{"id": "gen9randombattle-2127951768", "format": "[Gen 9] Random Battle", "players": ["RollBean", "egakecleons"], "log": "|j|\u2606RollBean\n|j|\u2606egakecleons\n|t:|1716351622\n|gametype|singles\n|player|p1|RollBean|swimmerf-gen4|2245\n|player|p2|egakecleons|101|2261\n|teamsize|p1|6\n|teamsize|p2|6\n|gen|9\n|tier|[Gen 9] Random Battle\n|rated|\n|rule|Species Clause: Limit one of each Pok\u00e9mon\n|rule|HP Percentage Mod: HP is shown in percentages\n|rule|Sleep Clause Mod: Limit one foe put to sleep\n|rule|Illusion Level Mod: Illusion disguises the Pok\u00e9mon's true level\n|\n|t:|1716351622\n|start\n|switch|p1a: Scream Tail|Scream Tail, L84|330/330\n|switch|p2a: Azelf|Azelf, L82|257/257\n|turn|1\n|inactive|Battle timer is ON: inactive players will automatically lose when time's up. (requested by RollBean)\n|j| MinionAirship\u2713\n|l| MinionAirship\u2713\n|\n|t:|1716351648\n|move|p2a: Azelf|Stealth Rock|p1a: Scream Tail\n|-sidestart|p1: RollBean|move: Stealth Rock\n|move|p1a: Scream Tail|Play Rough|p2a: Azelf\n|-damage|p2a: Azelf|169/257\n|\n|upkeep\n|turn|2\n|\n|t:|1716351661\n|switch|p2a: Oinkologne|Oinkologne-F, L93, F|365/365\n|move|p1a: Scream Tail|Encore||[still]\n|-fail|p1a: Scream Tail\n|\n|upkeep\n|turn|3\n|\n|t:|1716351674\n|move|p1a: Scream Tail|Play Rough|p2a: Oinkologne|[miss]\n|-miss|p1a: Scream Tail|p2a: Oinkologne\n|move|p2a: Oinkologne|Body Slam|p1a: Scream Tail\n|-damage|p1a: Scream Tail|240/330\n|-status|p1a: Scream Tail|par\n|\n|-heal|p1a: Scream Tail|260/330 par|[from] item: Leftovers\n|upkeep\n|turn|4\n|\n|t:|1716351693\n|-end|p1a: Scream Tail|Protosynthesis|[silent]\n|switch|p1a: Tauros|Tauros-Paldea-Combat, L83, M|260/260\n|-damage|p1a: Tauros|244/260|[from] Stealth Rock\n|-ability|p1a: Tauros|Intimidate|boost\n|-unboost|p2a: Oinkologne|atk|1\n|move|p2a: Oinkologne|Body Slam|p1a: Tauros\n|-damage|p1a: Tauros|183/260\n|\n|upkeep\n|turn|5\n|\n|t:|1716351713\n|switch|p2a: Azelf|Azelf, L82|169/257\n|move|p1a: Tauros|Throat Chop|p2a: Azelf\n|-supereffective|p2a: Azelf\n|-damage|p2a: Azelf|0 fnt\n|faint|p2a: Azelf\n|\n|upkeep\n|c|\u2606RollBean|Gone\n|inactive|egakecleons has 120 seconds left.\n|j| Loudthump\n|\n|t:|1716351736\n|switch|p2a: Shaymin|Shaymin-Sky, L73|266/266\n|turn|6\n|\n|t:|1716351748\n|switch|p1a: Thundurus|Thundurus, L80, M|258/258\n|-damage|p1a: Thundurus|194/258|[from] Stealth Rock\n|move|p2a: Shaymin|Seed Flare|p1a: Thundurus\n|-resisted|p1a: Thundurus\n|-damage|p1a: Thundurus|89/258\n|-unboost|p1a: Thundurus|spd|2\n|-ability|p1a: Thundurus|Defiant|boost\n|-boost|p1a: Thundurus|atk|2\n|\n|upkeep\n|turn|7\n|inactive|egakecleons has 120 seconds left.\n|c|\u2606RollBean|Spec\n|\n|t:|1716351773\n|switch|p2a: Oinkologne|Oinkologne-F, L93, F|365/365\n|move|p1a: Thundurus|Acrobatics|p2a: Oinkologne\n|-damage|p2a: Oinkologne|115/365\n|\n|-heal|p2a: Oinkologne|137/365|[from] item: Leftovers\n|upkeep\n|turn|8\n|\n|t:|1716351779\n|move|p1a: Thundurus|Acrobatics|p2a: Oinkologne\n|-damage|p2a: Oinkologne|0 fnt\n|faint|p2a: Oinkologne\n|\n|upkeep\n|\n|t:|1716351783\n|switch|p2a: Shaymin|Shaymin-Sky, L73|266/266\n|turn|9\n|\n|t:|1716351791\n|move|p2a: Shaymin|Seed Flare|p1a: Thundurus\n|-resisted|p1a: Thundurus\n|-damage|p1a: Thundurus|0 fnt\n|faint|p1a: Thundurus\n|\n|upkeep\n|\n|t:|1716351797\n|switch|p1a: Kyurem|Kyurem-Black, L71|295/295\n|-damage|p1a: Kyurem|222/295|[from] Stealth Rock\n|-ability|p1a: Kyurem|Teravolt\n|turn|10\n|inactive|egakecleons has 120 seconds left.\n|inactive|egakecleons has 90 seconds left.\n|\n|t:|1716351860\n|switch|p2a: Vigoroth|Vigoroth, L85, M|275/275\n|move|p1a: Kyurem|Dragon Dance|p1a: Kyurem\n|-boost|p1a: Kyurem|atk|1\n|-boost|p1a: Kyurem|spe|1\n|\n|upkeep\n|turn|11\n|inactive|egakecleons has 90 seconds left.\n|c|\u2606RollBean|Wish para?\n|\n|t:|1716351892\n|move|p1a: Kyurem|Icicle Spear|p2a: Vigoroth\n|-damage|p2a: Vigoroth|245/275\n|-damage|p2a: Vigoroth|212/275\n|-damage|p2a: Vigoroth|182/275\n|-damage|p2a: Vigoroth|152/275\n|-hitcount|p2a: Vigoroth|4\n|move|p2a: Vigoroth|Bulk Up|p2a: Vigoroth\n|-boost|p2a: Vigoroth|atk|1\n|-boost|p2a: Vigoroth|def|1\n|\n|upkeep\n|turn|12\n|\n|t:|1716351906\n|move|p1a: Kyurem|Dragon Dance|p1a: Kyurem\n|-boost|p1a: Kyurem|atk|1\n|-boost|p1a: Kyurem|spe|1\n|move|p2a: Vigoroth|Slack Off|p2a: Vigoroth\n|-heal|p2a: Vigoroth|275/275\n|\n|upkeep\n|turn|13\n|\n|t:|1716351924\n|move|p1a: Kyurem|Icicle Spear|p2a: Vigoroth\n|-damage|p2a: Vigoroth|244/275\n|-damage|p2a: Vigoroth|213/275\n|-damage|p2a: Vigoroth|180/275\n|-damage|p2a: Vigoroth|152/275\n|-hitcount|p2a: Vigoroth|4\n|move|p2a: Vigoroth|Bulk Up|p2a: Vigoroth\n|-boost|p2a: Vigoroth|atk|1\n|-boost|p2a: Vigoroth|def|1\n|\n|upkeep\n|turn|14\n|\n|t:|1716351938\n|move|p1a: Kyurem|Icicle Spear|p2a: Vigoroth\n|-damage|p2a: Vigoroth|130/275\n|-damage|p2a: Vigoroth|108/275\n|-damage|p2a: Vigoroth|86/275\n|-damage|p2a: Vigoroth|64/275\n|-damage|p2a: Vigoroth|40/275\n|-hitcount|p2a: Vigoroth|5\n|move|p2a: Vigoroth|Slack Off|p2a: Vigoroth\n|-heal|p2a: Vigoroth|178/275\n|\n|upkeep\n|turn|15\n|\n|t:|1716351948\n|move|p1a: Kyurem|Icicle Spear|p2a: Vigoroth\n|-damage|p2a: Vigoroth|153/275\n|-damage|p2a: Vigoroth|131/275\n|-damage|p2a: Vigoroth|109/275\n|-damage|p2a: Vigoroth|85/275\n|-hitcount|p2a: Vigoroth|4\n|move|p2a: Vigoroth|Slack Off|p2a: Vigoroth\n|-heal|p2a: Vigoroth|223/275\n|\n|upkeep\n|turn|16\n|\n|t:|1716351958\n|move|p1a: Kyurem|Icicle Spear|p2a: Vigoroth\n|-damage|p2a: Vigoroth|201/275\n|-damage|p2a: Vigoroth|179/275\n|-damage|p2a: Vigoroth|157/275\n|-damage|p2a: Vigoroth|135/275\n|-hitcount|p2a: Vigoroth|4\n|move|p2a: Vigoroth|Slack Off|p2a: Vigoroth\n|-heal|p2a: Vigoroth|273/275\n|\n|upkeep\n|turn|17\n|\n|t:|1716351968\n|move|p1a: Kyurem|Dragon Dance|p1a: Kyurem\n|-boost|p1a: Kyurem|atk|1\n|-boost|p1a: Kyurem|spe|1\n|move|p2a: Vigoroth|Body Slam|p1a: Kyurem\n|-damage|p1a: Kyurem|41/295\n|\n|upkeep\n|turn|18\n|\n|t:|1716351974\n|move|p1a: Kyurem|Icicle Spear|p2a: Vigoroth\n|-damage|p2a: Vigoroth|243/275\n|-damage|p2a: Vigoroth|213/275\n|-damage|p2a: Vigoroth|183/275\n|-damage|p2a: Vigoroth|155/275\n|-hitcount|p2a: Vigoroth|4\n|move|p2a: Vigoroth|Body Slam|p1a: Kyurem\n|-damage|p1a: Kyurem|0 fnt\n|faint|p1a: Kyurem\n|\n|upkeep\n|\n|t:|1716351983\n|switch|p1a: Tauros|Tauros-Paldea-Combat, L83, M|183/260\n|-damage|p1a: Tauros|167/260|[from] Stealth Rock\n|-ability|p1a: Tauros|Intimidate|boost\n|-unboost|p2a: Vigoroth|atk|1\n|turn|19\n|\n|t:|1716351995\n|-terastallize|p2a: Vigoroth|Ghost\n|move|p1a: Tauros|Close Combat|p2a: Vigoroth\n|-immune|p2a: Vigoroth\n|move|p2a: Vigoroth|Slack Off|p2a: Vigoroth\n|-heal|p2a: Vigoroth|275/275\n|\n|upkeep\n|turn|20\n|\n|t:|1716352004\n|switch|p1a: Scream Tail|Scream Tail, L84|260/330 par\n|-damage|p1a: Scream Tail|219/330 par|[from] Stealth Rock\n|move|p2a: Vigoroth|Body Slam|p1a: Scream Tail\n|-damage|p1a: Scream Tail|105/330 par\n|\n|-heal|p1a: Scream Tail|125/330 par|[from] item: Leftovers\n|upkeep\n|turn|21\n|inactive|egakecleons has 120 seconds left.\n|\n|t:|1716352011\n|move|p2a: Vigoroth|Body Slam|p1a: Scream Tail\n|-damage|p1a: Scream Tail|17/330 par\n|move|p1a: Scream Tail|Encore|p2a: Vigoroth\n|-start|p2a: Vigoroth|Encore\n|\n|-heal|p1a: Scream Tail|37/330 par|[from] item: Leftovers\n|upkeep\n|turn|22\n|\n|t:|1716352017\n|move|p2a: Vigoroth|Body Slam|p1a: Scream Tail\n|-damage|p1a: Scream Tail|0 fnt\n|faint|p1a: Scream Tail\n|-end|p1a: Scream Tail|Protosynthesis|[silent]\n|\n|upkeep\n|\n|t:|1716352020\n|switch|p1a: Tauros|Tauros-Paldea-Combat, L83, M|167/260\n|-damage|p1a: Tauros|151/260|[from] Stealth Rock\n|-ability|p1a: Tauros|Intimidate|boost\n|-unboost|p2a: Vigoroth|atk|1\n|turn|23\n|\n|t:|1716352025\n|-terastallize|p1a: Tauros|Dark\n|move|p1a: Tauros|Throat Chop|p2a: Vigoroth\n|-supereffective|p2a: Vigoroth\n|-damage|p2a: Vigoroth|167/275\n|-start|p2a: Vigoroth|Throat Chop|[silent]\n|move|p2a: Vigoroth|Body Slam|p1a: Tauros\n|-damage|p1a: Tauros|84/260\n|\n|upkeep\n|turn|24\n|\n|t:|1716352033\n|move|p1a: Tauros|Throat Chop|p2a: Vigoroth\n|-supereffective|p2a: Vigoroth\n|-damage|p2a: Vigoroth|69/275\n|move|p2a: Vigoroth|Body Slam|p1a: Tauros\n|-damage|p1a: Tauros|17/260\n|-status|p1a: Tauros|par\n|\n|-end|p2a: Vigoroth|Encore\n|-end|p2a: Vigoroth|Throat Chop|[silent]\n|upkeep\n|turn|25\n|\n|t:|1716352038\n|move|p2a: Vigoroth|Slack Off|p2a: Vigoroth\n|-heal|p2a: Vigoroth|207/275\n|move|p1a: Tauros|Throat Chop|p2a: Vigoroth\n|-supereffective|p2a: Vigoroth\n|-damage|p2a: Vigoroth|109/275\n|-start|p2a: Vigoroth|Throat Chop|[silent]\n|\n|upkeep\n|turn|26\n|\n|t:|1716352042\n|switch|p1a: Raichu|Raichu-Alola, L87, M|246/246\n|-damage|p1a: Raichu|216/246|[from] Stealth Rock\n|move|p2a: Vigoroth|Slack Off|p2a: Vigoroth\n|-heal|p2a: Vigoroth|247/275\n|\n|-end|p2a: Vigoroth|Throat Chop|[silent]\n|upkeep\n|turn|27\n|-message|RollBean forfeited.\n|\n|win|egakecleons\n|raw|RollBean's rating: 2245 &rarr; <strong>2226</strong><br />(-19 for losing)\n|raw|egakecleons's rating: 2261 &rarr; <strong>2280</strong><br />(+19 for winning)\n|l|\u2606RollBean\n|player|p1|\n", "inputlog": ">version 7158ead19aeac8750849df2840eabb6dbec77df6\n>start {\"formatid\":\"gen9randombattle\",\"seed\":[3337,696,33105,59626],\"rated\":\"Rated battle\"}\n>player p1 {\"name\":\"RollBean\",\"avatar\":\"swimmerf-gen4\",\"rating\":2245,\"seed\":[58207,60536,45717,48121]}\n>player p2 {\"name\":\"egakecleons\",\"avatar\":\"101\",\"rating\":2261,\"seed\":[60243,52165,23426,57852]}\n>p1 move playrough\n>p2 move stealthrock\n>p1 move encore\n>p2 switch 3\n>p1 move playrough\n>p2 move bodyslam\n>p1 switch 6\n>p2 move bodyslam\n>p1 move throatchop\n>p2 switch 3\n>chat \u2606RollBean|Gone\n>p2 switch 6\n>p1 switch 3\n>p2 move seedflare\n>chat \u2606RollBean|Spec\n>p1 move acrobatics\n>p2 switch 3\n>p1 move acrobatics\n>p2 move bodyslam\n>p2 switch 3\n>p1 move acrobatics\n>p2 move seedflare\n>p1 switch 4\n>p1 move dragondance\n>p2 switch 2\n>chat \u2606RollBean|Wish para? \n>p1 move iciclespear\n>p2 move bulkup\n>p1 move dragondance\n>p2 move slackoff\n>p1 move iciclespear\n>p2 move bulkup\n>p1 move iciclespear\n>p2 move slackoff\n>p1 move iciclespear\n>p2 move slackoff\n>p1 move iciclespear\n>p2 move slackoff\n>p1 move dragondance\n>p2 move bodyslam\n>p1 move iciclespear\n>p2 move bodyslam\n>p1 switch 3\n>p1 move closecombat\n>p2 move slackoff terastallize\n>p1 switch 6\n>p2 move bodyslam\n>p1 move encore\n>p2 move bodyslam\n>p1 move playrough\n>p2 move bodyslam\n>p1 switch 6\n>p1 move throatchop terastallize\n>p2 move bodyslam\n>p1 move throatchop\n>p2 move bodyslam\n>p1 move throatchop\n>p2 move slackoff\n>p1 switch 2\n>p2 move slackoff\n>forcelose p1", "uploadtime": 1716352052, "views": 204, "formatid": "gen9randombattle", "rating": 2226, "private": 0, "password": null}