{"id": "gen9randombattle-2164468334", "format": "[Gen 9] Random Battle", "players": ["Tsuykily", "Superpascal"], "log": "|j|\u2606Tsuykily\n|j|\u2606Superpascal\n|t:|1721510931\n|gametype|singles\n|player|p1|Tsuykily|worker|2233\n|player|p2|Superpascal|blue|2211\n|teamsize|p1|6\n|teamsize|p2|6\n|gen|9\n|tier|[Gen 9] Random Battle\n|rated|\n|rule|Species Clause: Limit one of each Pok\u00e9mon\n|rule|HP Percentage Mod: HP is shown in percentages\n|rule|Sleep Clause Mod: Limit one foe put to sleep\n|rule|Illusion Level Mod: Illusion disguises the Pok\u00e9mon's true level\n|\n|t:|1721510931\n|start\n|switch|p1a: Vespiquen|Vespiquen, L98, F|296/296\n|switch|p2a: Clodsire|Clodsire, L81, M|343/343\n|-ability|p1a: Vespiquen|Pressure\n|turn|1\n|inactive|Battle timer is ON: inactive players will automatically lose when time's up. (requested by Tsuykily)\n|\n|t:|1721510951\n|move|p1a: Vespiquen|U-turn|p2a: Clodsire\n|-resisted|p2a: Clodsire\n|-damage|p2a: Clodsire|283/343\n|\n|t:|1721510953\n|switch|p1a: Mamoswine|Mamoswine, L81, F|311/311|[from] U-turn\n|move|p2a: Clodsire|Toxic Spikes|p1a: Mamoswine\n|-sidestart|p1: Tsuykily|move: Toxic Spikes\n|\n|-heal|p2a: Clodsire|304/343|[from] item: Leftovers\n|upkeep\n|turn|2\n|\n|t:|1721510971\n|switch|p2a: Annihilape|Annihilape, L76, F|292/292\n|move|p1a: Mamoswine|Knock Off|p2a: Annihilape\n|-damage|p2a: Annihilape|145/292\n|-enditem|p2a: Annihilape|Leftovers|[from] move: Knock Off|[of] p1a: Mamoswine\n|\n|upkeep\n|turn|3\n|inactive|Superpascal has 120 seconds left.\n|\n|t:|1721511015\n|switch|p2a: Ampharos|Ampharos, L88, F|302/302\n|switch|p1a: Vespiquen|Vespiquen, L98, F|296/296\n|-ability|p1a: Vespiquen|Pressure\n|\n|upkeep\n|turn|4\n|inactive|Superpascal has 90 seconds left.\n|\n|t:|1721511051\n|switch|p1a: Mamoswine|Mamoswine, L81, F|311/311\n|-status|p1a: Mamoswine|psn\n|move|p2a: Ampharos|Volt Switch|p1a: Mamoswine\n|-immune|p1a: Mamoswine\n|\n|-damage|p1a: Mamoswine|273/311 psn|[from] psn\n|upkeep\n|turn|5\n|\n|t:|1721511061\n|switch|p2a: Dodrio|Dodrio, L86, F|243/243\n|move|p1a: Mamoswine|Earthquake|p2a: Dodrio\n|-immune|p2a: Dodrio\n|\n|-damage|p1a: Mamoswine|235/311 psn|[from] psn\n|upkeep\n|turn|6\n|inactive|Superpascal has 90 seconds left.\n|\n|t:|1721511072\n|switch|p1a: Duraludon|Duraludon, L82, F|249/249\n|move|p2a: Dodrio|Swords Dance|p2a: Dodrio\n|-boost|p2a: Dodrio|atk|2\n|\n|upkeep\n|turn|7\n|inactive|Superpascal has 90 seconds left.\n|inactive|Superpascal has 60 seconds left.\n|\n|t:|1721511126\n|move|p2a: Dodrio|Drill Run|p1a: Duraludon\n|-supereffective|p1a: Duraludon\n|-damage|p1a: Duraludon|107/249\n|move|p1a: Duraludon|Draco Meteor|p2a: Dodrio\n|-damage|p2a: Dodrio|62/243\n|-unboost|p1a: Duraludon|spa|2\n|\n|upkeep\n|turn|8\n|\n|t:|1721511144\n|switch|p1a: Lugia|Lugia, L72|272/272\n|move|p2a: Dodrio|Drill Run|p1a: Lugia\n|-immune|p1a: Lugia\n|\n|upkeep\n|turn|9\n|\n|t:|1721511151\n|move|p2a: Dodrio|Knock Off|p1a: Lugia\n|-supereffective|p1a: Lugia\n|-crit|p1a: Lugia\n|-damage|p1a: Lugia|52/272\n|-enditem|p1a: Lugia|Heavy-Duty Boots|[from] move: Knock Off|[of] p2a: Dodrio\n|move|p1a: Lugia|Aeroblast|p2a: Dodrio\n|-damage|p2a: Dodrio|0 fnt\n|faint|p2a: Dodrio\n|\n|upkeep\n|inactive|Superpascal has 30 seconds left.\n|inactive|Superpascal has 20 seconds left.\n|\n|t:|1721511195\n|switch|p2a: Revavroom|Revavroom, L79, M|256/256\n|turn|10\n|inactive|Superpascal has 30 seconds left this turn.\n|\n|t:|1721511202\n|-terastallize|p2a: Revavroom|Ground\n|move|p1a: Lugia|Earth Power|p2a: Revavroom\n|-damage|p2a: Revavroom|200/256\n|move|p2a: Revavroom|Shift Gear|p2a: Revavroom\n|-boost|p2a: Revavroom|spe|2\n|-boost|p2a: Revavroom|atk|1\n|\n|upkeep\n|turn|11\n|\n|t:|1721511212\n|move|p2a: Revavroom|Iron Head|p1a: Lugia\n|-damage|p1a: Lugia|0 fnt\n|faint|p1a: Lugia\n|-damage|p2a: Revavroom|175/256|[from] item: Life Orb\n|\n|upkeep\n|inactive|Tsuykily has 120 seconds left.\n|\n|t:|1721511239\n|switch|p1a: Vespiquen|Vespiquen, L98, F|296/296\n|-ability|p1a: Vespiquen|Pressure\n|turn|12\n|inactive|Tsuykily has 120 seconds left.\n|\n|t:|1721511249\n|move|p2a: Revavroom|Iron Head|p1a: Vespiquen\n|-damage|p1a: Vespiquen|170/296\n|-damage|p2a: Revavroom|150/256|[from] item: Life Orb\n|move|p1a: Vespiquen|Air Slash|p2a: Revavroom\n|-damage|p2a: Revavroom|30/256\n|\n|upkeep\n|turn|13\n|\n|t:|1721511255\n|move|p2a: Revavroom|Gunk Shot|p1a: Vespiquen|[miss]\n|-miss|p2a: Revavroom|p1a: Vespiquen\n|move|p1a: Vespiquen|Roost|p1a: Vespiquen\n|-heal|p1a: Vespiquen|296/296\n|-singleturn|p1a: Vespiquen|move: Roost\n|\n|upkeep\n|turn|14\n|\n|t:|1721511265\n|move|p2a: Revavroom|Gunk Shot|p1a: Vespiquen\n|-damage|p1a: Vespiquen|88/296\n|-damage|p2a: Revavroom|5/256|[from] item: Life Orb\n|move|p1a: Vespiquen|Roost|p1a: Vespiquen\n|-heal|p1a: Vespiquen|236/296\n|-singleturn|p1a: Vespiquen|move: Roost\n|\n|upkeep\n|turn|15\n|\n|t:|1721511274\n|move|p2a: Revavroom|Gunk Shot|p1a: Vespiquen|[miss]\n|-miss|p2a: Revavroom|p1a: Vespiquen\n|move|p1a: Vespiquen|Roost|p1a: Vespiquen\n|-heal|p1a: Vespiquen|296/296\n|-singleturn|p1a: Vespiquen|move: Roost\n|\n|upkeep\n|turn|16\n|\n|t:|1721511279\n|move|p2a: Revavroom|Gunk Shot|p1a: Vespiquen|[miss]\n|-miss|p2a: Revavroom|p1a: Vespiquen\n|move|p1a: Vespiquen|Roost||[still]\n|-fail|p1a: Vespiquen|heal\n|\n|upkeep\n|turn|17\n|c|\u2606Superpascal|well that's awkward....\n|c|\u2606Tsuykily|haha yea\n|\n|t:|1721511297\n|move|p2a: Revavroom|Shift Gear|p2a: Revavroom\n|-boost|p2a: Revavroom|spe|2\n|-boost|p2a: Revavroom|atk|1\n|move|p1a: Vespiquen|Air Slash|p2a: Revavroom\n|-damage|p2a: Revavroom|0 fnt\n|faint|p2a: Revavroom\n|\n|upkeep\n|\n|t:|1721511299\n|switch|p2a: Ampharos|Ampharos, L88, F|302/302\n|turn|18\n|\n|t:|1721511317\n|switch|p1a: Mamoswine|Mamoswine, L81, F|235/311 psn\n|move|p2a: Ampharos|Focus Blast|p1a: Mamoswine\n|-supereffective|p1a: Mamoswine\n|-damage|p1a: Mamoswine|0 fnt\n|faint|p1a: Mamoswine\n|\n|upkeep\n|\n|t:|1721511326\n|switch|p1a: Duraludon|Duraludon, L82, F|107/249\n|turn|19\n|\n|t:|1721511335\n|switch|p2a: Clodsire|Clodsire, L81, M|304/343\n|move|p1a: Duraludon|Draco Meteor|p2a: Clodsire\n|-damage|p2a: Clodsire|147/343\n|-unboost|p1a: Duraludon|spa|2\n|\n|-heal|p2a: Clodsire|168/343|[from] item: Leftovers\n|upkeep\n|turn|20\n|\n|t:|1721511342\n|move|p1a: Duraludon|Draco Meteor|p2a: Clodsire\n|-damage|p2a: Clodsire|92/343\n|-unboost|p1a: Duraludon|spa|2\n|move|p2a: Clodsire|Recover|p2a: Clodsire\n|-heal|p2a: Clodsire|264/343\n|\n|-heal|p2a: Clodsire|285/343|[from] item: Leftovers\n|upkeep\n|turn|21\n|\n|t:|1721511366\n|switch|p1a: Vespiquen|Vespiquen, L98, F|296/296\n|-ability|p1a: Vespiquen|Pressure\n|move|p2a: Clodsire|Poison Jab|p1a: Vespiquen\n|-damage|p1a: Vespiquen|247/296\n|\n|-heal|p2a: Clodsire|306/343|[from] item: Leftovers\n|upkeep\n|turn|22\n|\n|t:|1721511371\n|move|p1a: Vespiquen|Air Slash|p2a: Clodsire\n|-damage|p2a: Clodsire|213/343\n|move|p2a: Clodsire|Poison Jab|p1a: Vespiquen\n|-damage|p1a: Vespiquen|196/296\n|\n|-heal|p2a: Clodsire|234/343|[from] item: Leftovers\n|upkeep\n|turn|23\n|\n|t:|1721511377\n|move|p1a: Vespiquen|Air Slash|p2a: Clodsire\n|-damage|p2a: Clodsire|147/343\n|move|p2a: Clodsire|Recover|p2a: Clodsire\n|-heal|p2a: Clodsire|319/343\n|\n|-heal|p2a: Clodsire|340/343|[from] item: Leftovers\n|upkeep\n|turn|24\n|\n|t:|1721511379\n|switch|p2a: Ampharos|Ampharos, L88, F|302/302\n|move|p1a: Vespiquen|Air Slash|p2a: Ampharos\n|-resisted|p2a: Ampharos\n|-damage|p2a: Ampharos|260/302\n|\n|upkeep\n|turn|25\n|\n|t:|1721511393\n|switch|p1a: Duraludon|Duraludon, L82, F|107/249\n|move|p2a: Ampharos|Volt Switch|p1a: Duraludon\n|-resisted|p1a: Duraludon\n|-damage|p1a: Duraludon|35/249\n|\n|t:|1721511396\n|switch|p2a: Clodsire|Clodsire, L81, M|340/343|[from] Volt Switch\n|\n|-heal|p2a: Clodsire|343/343|[from] item: Leftovers\n|upkeep\n|turn|26\n|\n|t:|1721511403\n|move|p1a: Duraludon|Flash Cannon|p2a: Clodsire\n|-damage|p2a: Clodsire|255/343\n|-unboost|p2a: Clodsire|spd|1\n|move|p2a: Clodsire|Earthquake|p1a: Duraludon\n|-supereffective|p1a: Duraludon\n|-damage|p1a: Duraludon|0 fnt\n|faint|p1a: Duraludon\n|\n|-heal|p2a: Clodsire|276/343|[from] item: Leftovers\n|upkeep\n|\n|t:|1721511407\n|switch|p1a: Tinkaton|Tinkaton, L82, F|274/274\n|-ability|p1a: Tinkaton|Mold Breaker\n|turn|27\n|\n|t:|1721511416\n|move|p1a: Tinkaton|Swords Dance|p1a: Tinkaton\n|-boost|p1a: Tinkaton|atk|2\n|move|p2a: Clodsire|Earthquake|p1a: Tinkaton\n|-supereffective|p1a: Tinkaton\n|-damage|p1a: Tinkaton|76/274\n|\n|-heal|p2a: Clodsire|297/343|[from] item: Leftovers\n|upkeep\n|turn|28\n|\n|t:|1721511426\n|move|p1a: Tinkaton|Gigaton Hammer|p2a: Clodsire\n|-damage|p2a: Clodsire|0 fnt\n|faint|p2a: Clodsire\n|-damage|p1a: Tinkaton|49/274|[from] item: Life Orb\n|\n|upkeep\n|c|\u2606Superpascal|how did you know I was not unaware?\n|c|\u2606Tsuykily|daco did half\n|c|\u2606Tsuykily|duraludon's draco\n|inactive|Superpascal has 120 seconds left.\n|c|\u2606Superpascal|ahhhhhh\n|\n|t:|1721511463\n|switch|p2a: Ampharos|Ampharos, L88, F|260/302\n|turn|29\n|inactive|Superpascal has 120 seconds left.\n|c|\u2606Tsuykily|Thats why I clicked it the second time cause I figured you were\n|inactive|Tsuykily has 120 seconds left.\n|\n|t:|1721511498\n|switch|p2a: Annihilape|Annihilape, L76, F|145/292\n|move|p1a: Tinkaton|Play Rough|p2a: Annihilape\n|-supereffective|p2a: Annihilape\n|-damage|p2a: Annihilape|0 fnt\n|faint|p2a: Annihilape\n|-damage|p1a: Tinkaton|22/274|[from] item: Life Orb\n|\n|upkeep\n|inactive|Superpascal has 90 seconds left.\n|\n|t:|1721511517\n|switch|p2a: Ampharos|Ampharos, L88, F|260/302\n|turn|30\n|\n|t:|1721511522\n|switch|p2a: Exeggutor|Exeggutor-Alola, L89, F|314/314\n|-item|p1a: Tinkaton|Life Orb|[from] ability: Frisk|[of] p2a: Exeggutor|[identify]\n|move|p1a: Tinkaton|Play Rough|p2a: Exeggutor|[miss]\n|-miss|p1a: Tinkaton|p2a: Exeggutor\n|\n|upkeep\n|turn|31\n|\n|t:|1721511530\n|move|p1a: Tinkaton|Play Rough|p2a: Exeggutor\n|-supereffective|p2a: Exeggutor\n|-damage|p2a: Exeggutor|0 fnt\n|faint|p2a: Exeggutor\n|-damage|p1a: Tinkaton|0 fnt|[from] item: Life Orb\n|faint|p1a: Tinkaton\n|\n|upkeep\n|\n|t:|1721511550\n|switch|p1a: Diancie|Diancie, L82|216/216\n|switch|p2a: Ampharos|Ampharos, L88, F|260/302\n|-status|p1a: Diancie|psn\n|turn|32\n|\n|t:|1721511558\n|move|p2a: Ampharos|Thunderbolt|p1a: Diancie\n|-damage|p1a: Diancie|93/216 psn\n|move|p1a: Diancie|Diamond Storm|p2a: Ampharos\n|-damage|p2a: Ampharos|164/302\n|-boost|p1a: Diancie|def|2\n|\n|-heal|p1a: Diancie|106/216 psn|[from] item: Leftovers\n|-damage|p1a: Diancie|79/216 psn|[from] psn\n|upkeep\n|turn|33\n|\n|t:|1721511567\n|move|p2a: Ampharos|Thunderbolt|p1a: Diancie\n|-damage|p1a: Diancie|0 fnt\n|faint|p1a: Diancie\n|\n|upkeep\n|\n|t:|1721511569\n|switch|p1a: Vespiquen|Vespiquen, L98, F|196/296\n|-ability|p1a: Vespiquen|Pressure\n|turn|34\n|\n|t:|1721511573\n|-terastallize|p1a: Vespiquen|Steel\n|move|p2a: Ampharos|Thunderbolt|p1a: Vespiquen\n|-damage|p1a: Vespiquen|67/296\n|-status|p1a: Vespiquen|par\n|move|p1a: Vespiquen|Roost|p1a: Vespiquen\n|-heal|p1a: Vespiquen|215/296 par\n|\n|upkeep\n|turn|35\n|\n|t:|1721511582\n|move|p2a: Ampharos|Thunderbolt|p1a: Vespiquen\n|-damage|p1a: Vespiquen|73/296 par\n|move|p1a: Vespiquen|Roost|p1a: Vespiquen\n|-heal|p1a: Vespiquen|221/296 par\n|\n|upkeep\n|turn|36\n|\n|t:|1721511585\n|move|p2a: Ampharos|Thunderbolt|p1a: Vespiquen\n|-damage|p1a: Vespiquen|85/296 par\n|move|p1a: Vespiquen|Roost|p1a: Vespiquen\n|-heal|p1a: Vespiquen|233/296 par\n|\n|upkeep\n|turn|37\n|\n|t:|1721511587\n|move|p2a: Ampharos|Thunderbolt|p1a: Vespiquen\n|-damage|p1a: Vespiquen|104/296 par\n|cant|p1a: Vespiquen|par\n|\n|upkeep\n|turn|38\n|c|\u2606Superpascal|gg\n|\n|t:|1721511590\n|move|p2a: Ampharos|Thunderbolt|p1a: Vespiquen\n|-damage|p1a: Vespiquen|0 fnt\n|faint|p1a: Vespiquen\n|\n|win|Superpascal\n|raw|Tsuykily's rating: 2233 &rarr; <strong>2212</strong><br />(-21 for losing)\n|raw|Superpascal's rating: 2211 &rarr; <strong>2232</strong><br />(+21 for winning)\n|c|\u2606Tsuykily|gg\n", "inputlog": ">version 8f20eb19a59425721c3f378d0bfeb9145c1a01d7\n>start {\"formatid\":\"gen9randombattle\",\"seed\":[60610,33661,51935,43730],\"rated\":\"Rated battle\"}\n>player p1 {\"name\":\"Tsuykily\",\"avatar\":\"worker\",\"rating\":2233,\"seed\":[21533,10376,32111,3893]}\n>player p2 {\"name\":\"Superpascal\",\"avatar\":\"blue\",\"rating\":2211,\"seed\":[47075,55104,17741,7400]}\n>p1 move uturn\n>p2 move toxicspikes\n>p1 switch 4\n>p1 move knockoff\n>p2 switch 5\n>p1 switch 4\n>p2 switch 3\n>p1 switch 4\n>p2 move voltswitch\n>p1 move earthquake\n>p2 switch 4\n>p1 switch 3\n>p2 move swordsdance\n>p1 move dracometeor\n>p2 move drillrun\n>p1 switch 6\n>p2 move drillrun\n>p1 move aeroblast\n>p2 move knockoff\n>p2 switch 6\n>p1 move earthpower\n>p2 move shiftgear terastallize\n>p1 move aeroblast\n>p2 move ironhead\n>p1 switch 4\n>p1 move airslash\n>p2 move ironhead\n>p1 move roost\n>p2 move gunkshot\n>p1 move roost\n>p2 move gunkshot\n>p1 move roost\n>p2 move gunkshot\n>p1 move roost\n>p2 move gunkshot\n>chat \u2606Superpascal|well that's awkward....\n>chat \u2606Tsuykily|haha yea\n>p1 move airslash\n>p2 move shiftgear\n>p2 switch 4\n>p1 switch 3\n>p2 move focusblast\n>p1 switch 6\n>p1 move dracometeor\n>p2 switch 5\n>p1 move dracometeor\n>p2 move recover\n>p1 switch 3\n>p2 move poisonjab\n>p1 move airslash\n>p2 move poisonjab\n>p1 move airslash\n>p2 move recover\n>p1 move airslash\n>p2 switch 5\n>p1 switch 3\n>p2 move voltswitch\n>p2 switch 5\n>p1 move flashcannon\n>p2 move earthquake\n>p1 switch 5\n>p1 move swordsdance\n>p2 move earthquake\n>p1 move gigatonhammer\n>p2 move earthquake\n>chat \u2606Superpascal|how did you know I was not unaware?\n>chat \u2606Tsuykily|daco did half\n>chat \u2606Tsuykily|duraludon's draco\n>chat \u2606Superpascal|ahhhhhh\n>p2 switch 5\n>chat \u2606Tsuykily|Thats why I clicked it the second time cause I figured you were\n>p1 move playrough\n>p2 switch 3\n>p2 switch 3\n>p1 move playrough\n>p2 switch 2\n>p1 move playrough\n>p2 move flamethrower\n>p1 switch 2\n>p2 switch 2\n>p1 move diamondstorm\n>p2 move thunderbolt\n>p1 move diamondstorm\n>p2 move thunderbolt\n>p1 switch 3\n>p1 move roost terastallize\n>p2 move thunderbolt\n>p1 move roost\n>p2 move thunderbolt\n>p1 move roost\n>p2 move thunderbolt\n>p1 move roost\n>p2 move thunderbolt\n>chat \u2606Superpascal|gg\n>p1 move roost\n>p2 move thunderbolt", "uploadtime": 1721511597, "views": 149, "formatid": "gen9randombattle", "rating": 2212, "private": 0, "password": null}