{"id": "gen9randombattle-2216995699", "format": "[Gen 9] Random Battle", "players": ["Vitoran", "Sango North"], "log": "|badge|p1|bronze|gen9randombattle|100-3\n|uhtml|medal-msg|<div class=\"broadcast-blue\">Curious what those medals under the avatar are? PS now has Ladder Seasons! For more information, check out the <a href=\"https://www.smogon.com/forums/threads/3740067/\">thread on Smogon.</a></div>\n|j|\u2606Vitoran\n|j|\u2606Sango North\n|t:|1728204973\n|gametype|singles\n|player|p1|Vitoran|nemona-v|2286\n|player|p2|Sango North|ethan|2244\n|teamsize|p1|6\n|teamsize|p2|6\n|gen|9\n|tier|[Gen 9] Random Battle\n|rated|\n|rule|Species Clause: Limit one of each Pok\u00e9mon\n|rule|HP Percentage Mod: HP is shown in percentages\n|rule|Sleep Clause Mod: Limit one foe put to sleep\n|rule|Illusion Level Mod: Illusion disguises the Pok\u00e9mon's true level\n|\n|t:|1728204973\n|start\n|switch|p1a: Regirock|Regirock, L83|268/268\n|switch|p2a: Wyrdeer|Wyrdeer, L87, F|321/321\n|-ability|p2a: Wyrdeer|Intimidate|boost\n|-fail|p1a: Regirock|unboost|[from] ability: Clear Body|[of] p1a: Regirock\n|turn|1\n|inactive|Battle timer is ON: inactive players will automatically lose when time's up. (requested by Vitoran)\n|l|\u2606Sango North\n|inactive|Sango North disconnected and has a minute to reconnect!\n|player|p2|\n|j|\u2606Sango North\n|inactive|Sango North reconnected and has 140 seconds left.\n|player|p2|Sango North|ethan|\n|c|\u2606Vitoran|glhf\n|\n|t:|1728205003\n|move|p2a: Wyrdeer|Thunder Wave|p1a: Regirock\n|-status|p1a: Regirock|par\n|move|p1a: Regirock|Thunder Wave|p2a: Wyrdeer\n|-status|p2a: Wyrdeer|par\n|\n|upkeep\n|turn|2\n|\n|t:|1728205029\n|move|p2a: Wyrdeer|Earthquake|p1a: Regirock\n|-supereffective|p1a: Regirock\n|-damage|p1a: Regirock|180/268 par\n|move|p1a: Regirock|Iron Defense|p1a: Regirock\n|-boost|p1a: Regirock|def|2\n|\n|-heal|p1a: Regirock|196/268 par|[from] item: Leftovers\n|upkeep\n|turn|3\n|\n|t:|1728205035\n|move|p2a: Wyrdeer|Psychic Noise|p1a: Regirock\n|-damage|p1a: Regirock|109/268 par\n|-start|p1a: Regirock|move: Heal Block\n|move|p1a: Regirock|Body Press|p2a: Wyrdeer\n|-damage|p2a: Wyrdeer|108/321 par\n|\n|-heal|p2a: Wyrdeer|128/321 par|[from] item: Leftovers\n|upkeep\n|turn|4\n|\n|t:|1728205047\n|cant|p2a: Wyrdeer|par\n|move|p1a: Regirock|Body Press|p2a: Wyrdeer\n|-damage|p2a: Wyrdeer|0 fnt\n|faint|p2a: Wyrdeer\n|\n|-end|p1a: Regirock|move: Heal Block\n|upkeep\n|\n|t:|1728205057\n|switch|p2a: Shiftry|Shiftry, L89, M|305/305\n|turn|5\n|\n|t:|1728205070\n|move|p2a: Shiftry|Leaf Storm|p1a: Regirock\n|-supereffective|p1a: Regirock\n|-damage|p1a: Regirock|0 fnt\n|-unboost|p2a: Shiftry|spa|2\n|faint|p1a: Regirock\n|\n|upkeep\n|\n|t:|1728205079\n|switch|p1a: Yanmega|Yanmega, L82, M|275/275\n|turn|6\n|\n|t:|1728205086\n|switch|p2a: Kilowattrel|Kilowattrel, L83, M|252/252\n|move|p1a: Yanmega|Bug Buzz|p2a: Kilowattrel\n|-resisted|p2a: Kilowattrel\n|-damage|p2a: Kilowattrel|60/252\n|\n|upkeep\n|turn|7\n|\n|t:|1728205106\n|switch|p1a: Appletun|Appletun, L92, F|352/352\n|move|p2a: Kilowattrel|Hurricane|p1a: Appletun\n|-supereffective|p1a: Appletun\n|-damage|p1a: Appletun|112/352\n|-start|p1a: Appletun|confusion\n|\n|-heal|p1a: Appletun|134/352|[from] item: Leftovers\n|upkeep\n|turn|8\n|\n|t:|1728205115\n|move|p2a: Kilowattrel|Roost|p2a: Kilowattrel\n|-heal|p2a: Kilowattrel|186/252\n|-singleturn|p2a: Kilowattrel|move: Roost\n|-activate|p1a: Appletun|confusion\n|move|p1a: Appletun|Dragon Pulse|p2a: Kilowattrel\n|-damage|p2a: Kilowattrel|39/252\n|\n|-heal|p1a: Appletun|156/352|[from] item: Leftovers\n|upkeep\n|turn|9\n|\n|t:|1728205127\n|move|p2a: Kilowattrel|Hurricane|p1a: Appletun\n|-supereffective|p1a: Appletun\n|-damage|p1a: Appletun|0 fnt\n|faint|p1a: Appletun\n|\n|upkeep\n|\n|t:|1728205134\n|switch|p1a: Terapagos|Terapagos, L76, M|262/262\n|-activate|p1a: Terapagos|ability: Tera Shift\n|detailschange|p1a: Terapagos|Terapagos-Terastal, L76, M\n|-heal|p1a: Terapagos|269/269|[silent]\n|turn|10\n|\n|t:|1728205141\n|move|p2a: Kilowattrel|Thunder Wave|p1a: Terapagos\n|-status|p1a: Terapagos|par\n|cant|p1a: Terapagos|par\n|\n|upkeep\n|turn|11\n|\n|t:|1728205147\n|switch|p2a: Shiftry|Shiftry, L89, M|305/305\n|move|p1a: Terapagos|Calm Mind|p1a: Terapagos\n|-boost|p1a: Terapagos|spa|1\n|-boost|p1a: Terapagos|spd|1\n|\n|upkeep\n|turn|12\n|\n|t:|1728205169\n|move|p2a: Shiftry|Knock Off|p1a: Terapagos\n|-activate|p1a: Terapagos|ability: Tera Shell\n|-resisted|p1a: Terapagos\n|-damage|p1a: Terapagos|218/269 par\n|-enditem|p1a: Terapagos|Heavy-Duty Boots|[from] move: Knock Off|[of] p2a: Shiftry\n|cant|p1a: Terapagos|par\n|\n|upkeep\n|turn|13\n|\n|t:|1728205183\n|switch|p2a: Florges|Florges-Yellow, L85, F|271/271\n|move|p1a: Terapagos|Tera Starstorm|p2a: Florges\n|-damage|p2a: Florges|159/271\n|\n|-heal|p2a: Florges|175/271|[from] item: Leftovers\n|upkeep\n|turn|14\n|\n|t:|1728205188\n|switch|p1a: Salazzle|Salazzle, L83, F|249/249\n|move|p2a: Florges|Calm Mind|p2a: Florges\n|-boost|p2a: Florges|spa|1\n|-boost|p2a: Florges|spd|1\n|\n|-heal|p2a: Florges|191/271|[from] item: Leftovers\n|upkeep\n|turn|15\n|\n|t:|1728205207\n|move|p1a: Salazzle|Substitute|p1a: Salazzle\n|-start|p1a: Salazzle|Substitute\n|-damage|p1a: Salazzle|187/249\n|move|p2a: Florges|Moonblast|p1a: Salazzle\n|-resisted|p1a: Salazzle\n|-activate|p1a: Salazzle|move: Substitute|[damage]\n|\n|-heal|p1a: Salazzle|202/249|[from] item: Leftovers\n|-heal|p2a: Florges|207/271|[from] item: Leftovers\n|upkeep\n|turn|16\n|inactive|Sango North has 120 seconds left.\n|\n|t:|1728205240\n|switch|p2a: Tyranitar|Tyranitar, L79, F|288/288\n|-weather|Sandstorm|[from] ability: Sand Stream|[of] p2a: Tyranitar\n|move|p1a: Salazzle|Toxic|p2a: Tyranitar\n|-status|p2a: Tyranitar|tox\n|\n|-weather|Sandstorm|[upkeep]\n|-damage|p1a: Salazzle|187/249|[from] Sandstorm\n|-heal|p1a: Salazzle|202/249|[from] item: Leftovers\n|-damage|p2a: Tyranitar|270/288 tox|[from] psn\n|upkeep\n|turn|17\n|\n|t:|1728205248\n|move|p1a: Salazzle|Protect|p1a: Salazzle\n|-singleturn|p1a: Salazzle|Protect\n|move|p2a: Tyranitar|Dragon Dance|p2a: Tyranitar\n|-boost|p2a: Tyranitar|atk|1\n|-boost|p2a: Tyranitar|spe|1\n|\n|-weather|Sandstorm|[upkeep]\n|-damage|p1a: Salazzle|187/249|[from] Sandstorm\n|-heal|p1a: Salazzle|202/249|[from] item: Leftovers\n|-heal|p2a: Tyranitar|288/288 tox|[from] item: Leftovers\n|-damage|p2a: Tyranitar|252/288 tox|[from] psn\n|upkeep\n|turn|18\n|\n|t:|1728205257\n|move|p1a: Salazzle|Flamethrower|p2a: Tyranitar\n|-resisted|p2a: Tyranitar\n|-damage|p2a: Tyranitar|216/288 tox\n|move|p2a: Tyranitar|Earthquake|p1a: Salazzle\n|-supereffective|p1a: Salazzle\n|-end|p1a: Salazzle|Substitute\n|\n|-weather|Sandstorm|[upkeep]\n|-damage|p1a: Salazzle|187/249|[from] Sandstorm\n|-heal|p1a: Salazzle|202/249|[from] item: Leftovers\n|-heal|p2a: Tyranitar|234/288 tox|[from] item: Leftovers\n|-damage|p2a: Tyranitar|180/288 tox|[from] psn\n|upkeep\n|turn|19\n|\n|t:|1728205267\n|move|p1a: Salazzle|Substitute|p1a: Salazzle\n|-start|p1a: Salazzle|Substitute\n|-damage|p1a: Salazzle|140/249\n|move|p2a: Tyranitar|Earthquake|p1a: Salazzle\n|-supereffective|p1a: Salazzle\n|-crit|p1a: Salazzle\n|-end|p1a: Salazzle|Substitute\n|\n|-weather|Sandstorm|[upkeep]\n|-damage|p1a: Salazzle|125/249|[from] Sandstorm\n|-heal|p1a: Salazzle|140/249|[from] item: Leftovers\n|-heal|p2a: Tyranitar|198/288 tox|[from] item: Leftovers\n|-damage|p2a: Tyranitar|126/288 tox|[from] psn\n|upkeep\n|turn|20\n|\n|t:|1728205273\n|move|p1a: Salazzle|Substitute|p1a: Salazzle\n|-start|p1a: Salazzle|Substitute\n|-damage|p1a: Salazzle|78/249\n|move|p2a: Tyranitar|Dragon Dance|p2a: Tyranitar\n|-boost|p2a: Tyranitar|atk|1\n|-boost|p2a: Tyranitar|spe|1\n|\n|-weather|none\n|-heal|p2a: Tyranitar|144/288 tox|[from] item: Leftovers\n|-heal|p1a: Salazzle|93/249|[from] item: Leftovers\n|-damage|p2a: Tyranitar|54/288 tox|[from] psn\n|upkeep\n|turn|21\n|\n|t:|1728205295\n|switch|p2a: Primarina|Primarina, L83, F|268/268\n|move|p1a: Salazzle|Protect||[still]\n|-fail|p1a: Salazzle\n|\n|-heal|p1a: Salazzle|108/249|[from] item: Leftovers\n|upkeep\n|turn|22\n|\n|t:|1728205305\n|move|p1a: Salazzle|Toxic|p2a: Primarina\n|-status|p2a: Primarina|tox\n|move|p2a: Primarina|Psychic Noise|p1a: Salazzle\n|-supereffective|p1a: Salazzle\n|-damage|p1a: Salazzle|0 fnt\n|faint|p1a: Salazzle\n|\n|-damage|p2a: Primarina|252/268 tox|[from] psn\n|upkeep\n|\n|t:|1728205332\n|switch|p1a: Yanmega|Yanmega, L82, M|275/275\n|turn|23\n|\n|t:|1728205335\n|switch|p2a: Tyranitar|Tyranitar, L79, F|54/288 tox\n|-weather|Sandstorm|[from] ability: Sand Stream|[of] p2a: Tyranitar\n|move|p1a: Yanmega|U-turn|p2a: Tyranitar\n|-supereffective|p2a: Tyranitar\n|-damage|p2a: Tyranitar|0 fnt\n|faint|p2a: Tyranitar\n|\n|t:|1728205345\n|switch|p1a: Terapagos|Terapagos-Terastal, L76, M|218/269 par|[from] U-turn\n|\n|-weather|Sandstorm|[upkeep]\n|-damage|p1a: Terapagos|202/269 par|[from] Sandstorm\n|upkeep\n|\n|t:|1728205348\n|switch|p2a: Florges|Florges-Yellow, L85, F|207/271\n|turn|24\n|\n|t:|1728205352\n|switch|p1a: Armarouge|Armarouge, L80, F|267/267\n|move|p2a: Florges|Calm Mind|p2a: Florges\n|-boost|p2a: Florges|spa|1\n|-boost|p2a: Florges|spd|1\n|\n|-weather|Sandstorm|[upkeep]\n|-damage|p2a: Florges|191/271|[from] Sandstorm\n|-damage|p1a: Armarouge|251/267|[from] Sandstorm\n|-heal|p2a: Florges|207/271|[from] item: Leftovers\n|upkeep\n|turn|25\n|\n|t:|1728205360\n|move|p2a: Florges|Protect|p2a: Florges\n|-singleturn|p2a: Florges|Protect\n|move|p1a: Armarouge|Meteor Beam||[still]\n|-prepare|p1a: Armarouge|Meteor Beam\n|-boost|p1a: Armarouge|spa|1\n|-enditem|p1a: Armarouge|Power Herb\n|-anim|p1a: Armarouge|Meteor Beam|p2a: Florges\n|-activate|p2a: Florges|move: Protect\n|\n|-weather|Sandstorm|[upkeep]\n|-damage|p2a: Florges|191/271|[from] Sandstorm\n|-damage|p1a: Armarouge|235/267|[from] Sandstorm\n|-heal|p2a: Florges|207/271|[from] item: Leftovers\n|upkeep\n|turn|26\n|\n|t:|1728205375\n|-terastallize|p2a: Florges|Steel\n|move|p2a: Florges|Calm Mind|p2a: Florges\n|-boost|p2a: Florges|spa|1\n|-boost|p2a: Florges|spd|1\n|move|p1a: Armarouge|Psyshock|p2a: Florges\n|-resisted|p2a: Florges\n|-crit|p2a: Florges\n|-damage|p2a: Florges|87/271\n|\n|-weather|Sandstorm|[upkeep]\n|-damage|p1a: Armarouge|219/267|[from] Sandstorm\n|-heal|p2a: Florges|103/271|[from] item: Leftovers\n|upkeep\n|turn|27\n|\n|t:|1728205384\n|move|p2a: Florges|Protect|p2a: Florges\n|-singleturn|p2a: Florges|Protect\n|move|p1a: Armarouge|Armor Cannon|p2a: Florges\n|-activate|p2a: Florges|move: Protect\n|\n|-weather|none\n|-heal|p2a: Florges|119/271|[from] item: Leftovers\n|upkeep\n|turn|28\n|\n|t:|1728205391\n|move|p2a: Florges|Wish|p2a: Florges\n|move|p1a: Armarouge|Armor Cannon|p2a: Florges\n|-supereffective|p2a: Florges\n|-damage|p2a: Florges|0 fnt\n|-unboost|p1a: Armarouge|def|1\n|-unboost|p1a: Armarouge|spd|1\n|faint|p2a: Florges\n|\n|upkeep\n|\n|t:|1728205397\n|switch|p2a: Primarina|Primarina, L83, F|252/268 tox\n|turn|29\n|\n|t:|1728205421\n|switch|p1a: Terapagos|Terapagos-Terastal, L76, M|202/269 par\n|move|p2a: Primarina|Draining Kiss|p1a: Terapagos\n|-damage|p1a: Terapagos|142/269 par\n|-heal|p2a: Primarina|268/268 tox|[from] drain|[of] p1a: Terapagos\n|\n|-damage|p2a: Primarina|252/268 tox|[from] psn\n|upkeep\n|turn|30\n|\n|t:|1728205427\n|move|p2a: Primarina|Calm Mind|p2a: Primarina\n|-boost|p2a: Primarina|spa|1\n|-boost|p2a: Primarina|spd|1\n|move|p1a: Terapagos|Tera Starstorm|p2a: Primarina\n|-damage|p2a: Primarina|194/268 tox\n|\n|-heal|p2a: Primarina|210/268 tox|[from] item: Leftovers\n|-damage|p2a: Primarina|178/268 tox|[from] psn\n|upkeep\n|turn|31\n|\n|t:|1728205434\n|move|p2a: Primarina|Moonblast|p1a: Terapagos\n|-damage|p1a: Terapagos|0 fnt\n|faint|p1a: Terapagos\n|\n|-heal|p2a: Primarina|194/268 tox|[from] item: Leftovers\n|-damage|p2a: Primarina|146/268 tox|[from] psn\n|upkeep\n|\n|t:|1728205457\n|switch|p1a: Armarouge|Armarouge, L80, F|219/267\n|turn|32\n|\n|t:|1728205466\n|move|p1a: Armarouge|Psyshock|p2a: Primarina\n|-damage|p2a: Primarina|38/268 tox\n|move|p2a: Primarina|Psychic Noise|p1a: Armarouge\n|-supereffective|p1a: Armarouge\n|-damage|p1a: Armarouge|0 fnt\n|faint|p1a: Armarouge\n|\n|-heal|p2a: Primarina|54/268 tox|[from] item: Leftovers\n|-damage|p2a: Primarina|0 fnt|[from] psn\n|faint|p2a: Primarina\n|upkeep\n|\n|t:|1728205481\n|switch|p1a: Yanmega|Yanmega, L82, M|275/275\n|switch|p2a: Shiftry|Shiftry, L89, M|305/305\n|turn|33\n|\n|t:|1728205489\n|move|p2a: Shiftry|Sucker Punch|p1a: Yanmega\n|-damage|p1a: Yanmega|182/275\n|move|p1a: Yanmega|Bug Buzz|p2a: Shiftry\n|-supereffective|p2a: Shiftry\n|-damage|p2a: Shiftry|0 fnt\n|faint|p2a: Shiftry\n|\n|upkeep\n|\n|t:|1728205493\n|switch|p2a: Kilowattrel|Kilowattrel, L83, M|39/252\n|turn|34\n|c|\u2606Vitoran|gg\n|\n|t:|1728205497\n|-terastallize|p1a: Yanmega|Bug\n|move|p2a: Kilowattrel|Hurricane|p1a: Yanmega|[miss]\n|-miss|p2a: Kilowattrel|p1a: Yanmega\n|move|p1a: Yanmega|Bug Buzz|p2a: Kilowattrel\n|-resisted|p2a: Kilowattrel\n|-damage|p2a: Kilowattrel|0 fnt\n|faint|p2a: Kilowattrel\n|\n|win|Vitoran\n|raw|Vitoran's rating: 2268 &rarr; <strong>2287</strong><br />(+19 for winning)\n|raw|Sango North's rating: 2244 &rarr; <strong>2225</strong><br />(-19 for losing)\n", "inputlog": ">version 86ae7daf8e420bb3f6c82a6a988ddcc1b1aa7e58\n>start {\"formatid\":\"gen9randombattle\",\"seed\":[18093,11770,51209,31947],\"rated\":\"Rated battle\"}\n>player p1 {\"name\":\"Vitoran\",\"avatar\":\"nemona-v\",\"rating\":2286,\"seed\":[40282,65072,40671,26168]}\n>player p2 {\"name\":\"Sango North\",\"avatar\":\"ethan\",\"rating\":2244,\"seed\":[20077,46233,7209,56572]}\n>chat \u2606Vitoran|glhf\n>p1 move thunderwave\n>p2 move thunderwave\n>p1 move irondefense\n>p2 move earthquake\n>p1 move bodypress\n>p2 move psychicnoise\n>p1 move bodypress\n>p2 move psychicnoise\n>p2 switch 6\n>p1 move bodypress\n>p2 move leafstorm\n>p1 switch 2\n>p1 move bugbuzz\n>p2 switch 2\n>p1 switch 4\n>p2 move hurricane\n>p1 move dragonpulse\n>p2 move roost\n>p1 move appleacid\n>p2 move hurricane\n>p1 switch 3\n>p1 move rapidspin\n>p2 move thunderwave\n>p1 move calmmind\n>p2 switch 2\n>p1 move rapidspin\n>p2 move knockoff\n>p1 move terastarstorm\n>p2 switch 4\n>p1 switch 5\n>p2 move calmmind\n>p1 move substitute\n>p2 move moonblast\n>p1 move toxic\n>p2 switch 5\n>p1 move protect\n>p2 move dragondance\n>p1 move flamethrower\n>p2 move earthquake\n>p1 move substitute\n>p2 move earthquake\n>p1 move substitute\n>p2 move dragondance\n>p1 move protect\n>p2 switch 3\n>p1 move toxic\n>p2 move psychicnoise\n>p1 switch 4\n>p1 move uturn\n>p2 switch 3\n>p1 switch 5\n>p2 switch 5\n>p1 switch 6\n>p2 move calmmind\n>p1 move meteorbeam\n>p2 move protect\n>p1 move psyshock\n>p2 move calmmind terastallize\n>p1 move armorcannon\n>p2 move protect\n>p1 move armorcannon\n>p2 move wish\n>p2 switch 3\n>p1 switch 6\n>p2 move drainingkiss\n>p1 move terastarstorm\n>p2 move calmmind\n>p1 move terastarstorm\n>p2 move moonblast\n>p1 switch 6\n>p1 move psyshock\n>p2 move psychicnoise\n>p1 switch 5\n>p2 switch 4\n>p1 move bugbuzz\n>p2 move suckerpunch\n>p2 switch 2\n>chat \u2606Vitoran|gg\n>p1 move bugbuzz terastallize\n>p2 move hurricane", "uploadtime": 1728205501, "views": 77, "formatid": "gen9randombattle", "rating": 2225, "private": 0, "password": null}