{"id": "gen9randombattle-2260814441", "format": "[Gen 9] Random Battle", "players": ["afrohasfaith", "annya"], "log": "|j|\u2606afrohasfaith\n|j|\u2606annya\n|t:|1733896854\n|gametype|singles\n|player|p1|afrohasfaith|flint|1485\n|player|p2|annya|1|1514\n|teamsize|p1|6\n|teamsize|p2|6\n|gen|9\n|tier|[Gen 9] Random Battle\n|rated|\n|rule|Species Clause: Limit one of each Pok\u00e9mon\n|rule|HP Percentage Mod: HP is shown in percentages\n|rule|Sleep Clause Mod: Limit one foe put to sleep\n|rule|Illusion Level Mod: Illusion disguises the Pok\u00e9mon's true level\n|\n|t:|1733896854\n|start\n|switch|p1a: Mamoswine|Mamoswine, L81, F|311/311\n|switch|p2a: Bastiodon|Bastiodon, L89, F|252/252\n|turn|1\n|inactive|Battle timer is ON: inactive players will automatically lose when time's up. (requested by afrohasfaith)\n|\n|t:|1733896864\n|switch|p2a: Tauros|Tauros-Paldea-Aqua, L81, M|254/254\n|-ability|p2a: Tauros|Intimidate|boost\n|-unboost|p1a: Mamoswine|atk|1\n|move|p1a: Mamoswine|Earthquake|p2a: Tauros\n|-damage|p2a: Tauros|151/254\n|-damage|p1a: Mamoswine|280/311|[from] item: Life Orb\n|\n|upkeep\n|turn|2\n|\n|t:|1733896874\n|switch|p2a: Bastiodon|Bastiodon, L89, F|252/252\n|switch|p1a: Abomasnow|Abomasnow, L85, F|291/291\n|-weather|Snow|[from] ability: Snow Warning|[of] p1a: Abomasnow\n|\n|-weather|Snow|[upkeep]\n|upkeep\n|turn|3\n|\n|t:|1733896882\n|move|p1a: Abomasnow|Earthquake|p2a: Bastiodon\n|-supereffective|p2a: Bastiodon\n|-damage|p2a: Bastiodon|88/252\n|move|p2a: Bastiodon|Iron Defense|p2a: Bastiodon\n|-boost|p2a: Bastiodon|def|2\n|\n|-weather|Snow|[upkeep]\n|upkeep\n|turn|4\n|\n|t:|1733896885\n|move|p1a: Abomasnow|Earthquake|p2a: Bastiodon\n|-supereffective|p2a: Bastiodon\n|-damage|p2a: Bastiodon|8/252\n|move|p2a: Bastiodon|Rest|p2a: Bastiodon\n|-status|p2a: Bastiodon|slp|[from] move: Rest\n|-heal|p2a: Bastiodon|252/252 slp|[silent]\n|-enditem|p2a: Bastiodon|Chesto Berry|[eat]\n|-curestatus|p2a: Bastiodon|slp|[msg]\n|\n|-weather|Snow|[upkeep]\n|upkeep\n|turn|5\n|\n|t:|1733896891\n|move|p1a: Abomasnow|Aurora Veil|p1a: Abomasnow\n|-sidestart|p1: afrohasfaith|move: Aurora Veil\n|move|p2a: Bastiodon|Iron Defense|p2a: Bastiodon\n|-boost|p2a: Bastiodon|def|2\n|\n|-weather|Snow|[upkeep]\n|upkeep\n|turn|6\n|\n|t:|1733896897\n|move|p1a: Abomasnow|Blizzard|p2a: Bastiodon\n|-resisted|p2a: Bastiodon\n|-damage|p2a: Bastiodon|213/252\n|move|p2a: Bastiodon|Iron Defense|p2a: Bastiodon\n|-boost|p2a: Bastiodon|def|2\n|\n|-weather|none\n|upkeep\n|turn|7\n|\n|t:|1733896900\n|move|p1a: Abomasnow|Earthquake|p2a: Bastiodon\n|-supereffective|p2a: Bastiodon\n|-damage|p2a: Bastiodon|169/252\n|move|p2a: Bastiodon|Body Press|p1a: Abomasnow\n|-supereffective|p1a: Abomasnow\n|-damage|p1a: Abomasnow|0 fnt\n|faint|p1a: Abomasnow\n|\n|upkeep\n|\n|t:|1733896915\n|switch|p1a: Lunala|Lunala, L70|308/308\n|turn|8\n|\n|t:|1733896926\n|-terastallize|p1a: Lunala|Fairy\n|move|p1a: Lunala|Moongeist Beam|p2a: Bastiodon\n|-damage|p2a: Bastiodon|100/252\n|move|p2a: Bastiodon|Foul Play|p1a: Lunala\n|-resisted|p1a: Lunala\n|-damage|p1a: Lunala|300/308\n|\n|-heal|p1a: Lunala|308/308|[from] item: Leftovers\n|upkeep\n|turn|9\n|\n|t:|1733896937\n|move|p1a: Lunala|Moongeist Beam|p2a: Bastiodon\n|-damage|p2a: Bastiodon|27/252\n|move|p2a: Bastiodon|Rest|p2a: Bastiodon\n|-status|p2a: Bastiodon|slp|[from] move: Rest\n|-heal|p2a: Bastiodon|252/252 slp|[silent]\n|\n|upkeep\n|turn|10\n|\n|t:|1733896945\n|move|p1a: Lunala|Calm Mind|p1a: Lunala\n|-boost|p1a: Lunala|spa|1\n|-boost|p1a: Lunala|spd|1\n|cant|p2a: Bastiodon|slp\n|\n|upkeep\n|turn|11\n|\n|t:|1733896952\n|move|p1a: Lunala|Calm Mind|p1a: Lunala\n|-boost|p1a: Lunala|spa|1\n|-boost|p1a: Lunala|spd|1\n|cant|p2a: Bastiodon|slp\n|\n|upkeep\n|turn|12\n|\n|t:|1733896957\n|move|p1a: Lunala|Moongeist Beam|p2a: Bastiodon\n|-damage|p2a: Bastiodon|113/252 slp\n|-curestatus|p2a: Bastiodon|slp|[msg]\n|move|p2a: Bastiodon|Body Press|p1a: Lunala\n|-resisted|p1a: Lunala\n|-damage|p1a: Lunala|254/308\n|\n|-heal|p1a: Lunala|273/308|[from] item: Leftovers\n|-sideend|p1: afrohasfaith|move: Aurora Veil\n|upkeep\n|turn|13\n|\n|t:|1733896965\n|move|p1a: Lunala|Moongeist Beam|p2a: Bastiodon\n|-crit|p2a: Bastiodon\n|-damage|p2a: Bastiodon|0 fnt\n|faint|p2a: Bastiodon\n|\n|-heal|p1a: Lunala|292/308|[from] item: Leftovers\n|upkeep\n|\n|t:|1733896973\n|switch|p2a: Jirachi|Jirachi, L80|291/291\n|turn|14\n|\n|t:|1733896992\n|switch|p1a: Zapdos|Zapdos-Galar, L77|265/265\n|move|p2a: Jirachi|Iron Head|p1a: Zapdos\n|-damage|p1a: Zapdos|180/265\n|\n|upkeep\n|turn|15\n|\n|t:|1733897002\n|move|p1a: Zapdos|Knock Off|p2a: Jirachi\n|-supereffective|p2a: Jirachi\n|-damage|p2a: Jirachi|155/291\n|-enditem|p2a: Jirachi|Assault Vest|[from] move: Knock Off|[of] p1a: Zapdos\n|move|p2a: Jirachi|U-turn|p1a: Zapdos\n|-resisted|p1a: Zapdos\n|-damage|p1a: Zapdos|168/265\n|\n|t:|1733897010\n|switch|p2a: Luxray|Luxray, L88, F|284/284|[from] U-turn\n|-ability|p2a: Luxray|Intimidate|boost\n|-unboost|p1a: Zapdos|atk|1\n|-ability|p1a: Zapdos|Defiant|boost\n|-boost|p1a: Zapdos|atk|2\n|\n|upkeep\n|turn|16\n|inactive|afrohasfaith has 120 seconds left.\n|\n|t:|1733897046\n|switch|p1a: Mamoswine|Mamoswine, L81, F|280/311\n|move|p2a: Luxray|Play Rough|p1a: Mamoswine\n|-damage|p1a: Mamoswine|187/311\n|-unboost|p1a: Mamoswine|atk|1\n|\n|upkeep\n|turn|17\n|\n|t:|1733897053\n|switch|p2a: Tauros|Tauros-Paldea-Aqua, L81, M|151/254\n|-ability|p2a: Tauros|Intimidate|boost\n|-unboost|p1a: Mamoswine|atk|1\n|move|p1a: Mamoswine|Earthquake|p2a: Tauros\n|-damage|p2a: Tauros|76/254\n|-damage|p1a: Mamoswine|156/311|[from] item: Life Orb\n|\n|upkeep\n|turn|18\n|inactive|afrohasfaith has 120 seconds left.\n|inactive|afrohasfaith has 90 seconds left.\n|\n|t:|1733897101\n|switch|p1a: Zapdos|Zapdos-Galar, L77|168/265\n|move|p2a: Tauros|Liquidation|p1a: Zapdos\n|-damage|p1a: Zapdos|42/265\n|-damage|p2a: Tauros|51/254|[from] item: Life Orb\n|\n|upkeep\n|turn|19\n|\n|t:|1733897110\n|move|p2a: Tauros|Aqua Jet|p1a: Zapdos\n|-damage|p1a: Zapdos|0 fnt\n|faint|p1a: Zapdos\n|-damage|p2a: Tauros|26/254|[from] item: Life Orb\n|\n|upkeep\n|\n|t:|1733897116\n|switch|p1a: Mamoswine|Mamoswine, L81, F|156/311\n|turn|20\n|\n|t:|1733897124\n|switch|p2a: Luxray|Luxray, L88, F|284/284\n|-ability|p2a: Luxray|Intimidate|boost\n|-unboost|p1a: Mamoswine|atk|1\n|move|p1a: Mamoswine|Ice Shard|p2a: Luxray\n|-damage|p2a: Luxray|237/284\n|-damage|p1a: Mamoswine|125/311|[from] item: Life Orb\n|\n|upkeep\n|turn|21\n|\n|t:|1733897141\n|switch|p2a: Tauros|Tauros-Paldea-Aqua, L81, M|26/254\n|-ability|p2a: Tauros|Intimidate|boost\n|-unboost|p1a: Mamoswine|atk|1\n|move|p1a: Mamoswine|Earthquake|p2a: Tauros\n|-damage|p2a: Tauros|0 fnt\n|faint|p2a: Tauros\n|-damage|p1a: Mamoswine|94/311|[from] item: Life Orb\n|\n|upkeep\n|\n|t:|1733897149\n|switch|p2a: Jirachi|Jirachi, L80|155/291\n|turn|22\n|\n|t:|1733897156\n|move|p2a: Jirachi|Drain Punch|p1a: Mamoswine\n|-supereffective|p1a: Mamoswine\n|-damage|p1a: Mamoswine|0 fnt\n|-heal|p2a: Jirachi|202/291|[from] drain|[of] p1a: Mamoswine\n|faint|p1a: Mamoswine\n|\n|upkeep\n|\n|t:|1733897165\n|switch|p1a: Lokix|Lokix, L82, F|251/251\n|turn|23\n|\n|t:|1733897175\n|switch|p2a: Luxray|Luxray, L88, F|237/284\n|-ability|p2a: Luxray|Intimidate|boost\n|-unboost|p1a: Lokix|atk|1\n|move|p1a: Lokix|Sucker Punch||[still]\n|-fail|p1a: Lokix\n|\n|upkeep\n|turn|24\n|\n|t:|1733897184\n|switch|p1a: Lunala|Lunala, L70, tera:Fairy|292/308\n|move|p2a: Luxray|Play Rough|p1a: Lunala\n|-damage|p1a: Lunala|191/308\n|\n|-heal|p1a: Lunala|210/308|[from] item: Leftovers\n|upkeep\n|turn|25\n|\n|t:|1733897192\n|move|p1a: Lunala|Moonlight|p1a: Lunala\n|-heal|p1a: Lunala|308/308\n|move|p2a: Luxray|Wild Charge|p1a: Lunala\n|-damage|p1a: Lunala|240/308\n|-damage|p2a: Luxray|220/284|[from] Recoil\n|\n|-heal|p1a: Lunala|259/308|[from] item: Leftovers\n|upkeep\n|turn|26\n|\n|t:|1733897198\n|move|p1a: Lunala|Calm Mind|p1a: Lunala\n|-boost|p1a: Lunala|spa|1\n|-boost|p1a: Lunala|spd|1\n|move|p2a: Luxray|Volt Switch|p1a: Lunala\n|-damage|p1a: Lunala|199/308\n|\n|t:|1733897201\n|switch|p2a: Jirachi|Jirachi, L80|202/291|[from] Volt Switch\n|\n|-heal|p1a: Lunala|218/308|[from] item: Leftovers\n|upkeep\n|turn|27\n|\n|t:|1733897204\n|switch|p1a: Lokix|Lokix, L82, F|251/251\n|move|p2a: Jirachi|Iron Head|p1a: Lokix\n|-damage|p1a: Lokix|152/251\n|\n|upkeep\n|turn|28\n|\n|t:|1733897210\n|switch|p2a: Luxray|Luxray, L88, F|220/284\n|-ability|p2a: Luxray|Intimidate|boost\n|-unboost|p1a: Lokix|atk|1\n|move|p1a: Lokix|Knock Off|p2a: Luxray\n|-damage|p2a: Luxray|126/284\n|-enditem|p2a: Luxray|Assault Vest|[from] move: Knock Off|[of] p1a: Lokix\n|-damage|p1a: Lokix|127/251|[from] item: Life Orb\n|\n|upkeep\n|turn|29\n|\n|t:|1733897218\n|switch|p1a: Lunala|Lunala, L70, tera:Fairy|218/308\n|move|p2a: Luxray|Wild Charge|p1a: Lunala\n|-crit|p1a: Lunala\n|-damage|p1a: Lunala|0 fnt\n|faint|p1a: Lunala\n|-damage|p2a: Luxray|71/284|[from] Recoil\n|\n|upkeep\n|\n|t:|1733897227\n|switch|p1a: Goodra|Goodra, L85, M|292/292\n|turn|30\n|\n|t:|1733897231\n|move|p1a: Goodra|Earthquake|p2a: Luxray\n|-supereffective|p2a: Luxray\n|-damage|p2a: Luxray|0 fnt\n|faint|p2a: Luxray\n|\n|upkeep\n|\n|t:|1733897239\n|switch|p2a: Jirachi|Jirachi, L80|202/291\n|turn|31\n|\n|t:|1733897245\n|move|p2a: Jirachi|Iron Head|p1a: Goodra\n|-damage|p1a: Goodra|201/292\n|cant|p1a: Goodra|flinch\n|\n|upkeep\n|turn|32\n|\n|t:|1733897250\n|move|p2a: Jirachi|Iron Head|p1a: Goodra\n|-damage|p1a: Goodra|108/292\n|cant|p1a: Goodra|flinch\n|\n|upkeep\n|turn|33\n|\n|t:|1733897254\n|switch|p1a: Lokix|Lokix, L82, F|127/251\n|move|p2a: Jirachi|Iron Head|p1a: Lokix\n|-damage|p1a: Lokix|37/251\n|\n|upkeep\n|turn|34\n|\n|t:|1733897260\n|move|p1a: Lokix|Sucker Punch|p2a: Jirachi\n|-supereffective|p2a: Jirachi\n|-damage|p2a: Jirachi|30/291\n|-damage|p1a: Lokix|12/251|[from] item: Life Orb\n|move|p2a: Jirachi|Iron Head|p1a: Lokix\n|-damage|p1a: Lokix|0 fnt\n|faint|p1a: Lokix\n|\n|upkeep\n|\n|t:|1733897262\n|switch|p1a: Goodra|Goodra, L85, M|108/292\n|turn|35\n|\n|t:|1733897264\n|move|p2a: Jirachi|Iron Head|p1a: Goodra\n|-damage|p1a: Goodra|15/292\n|move|p1a: Goodra|Knock Off|p2a: Jirachi\n|-supereffective|p2a: Jirachi\n|-damage|p2a: Jirachi|0 fnt\n|faint|p2a: Jirachi\n|\n|upkeep\n|\n|t:|1733897267\n|switch|p2a: Mimikyu|Mimikyu, L79, M|216/216\n|turn|36\n|\n|t:|1733897270\n|move|p2a: Mimikyu|Shadow Sneak|p1a: Goodra\n|-damage|p1a: Goodra|0 fnt\n|faint|p1a: Goodra\n|-damage|p2a: Mimikyu|195/216|[from] item: Life Orb\n|\n|win|annya\n|raw|afrohasfaith's rating: 1485 &rarr; <strong>1467</strong><br />(-18 for losing)\n|raw|annya's rating: 1514 &rarr; <strong>1532</strong><br />(+18 for winning)\n|l|\u2606afrohasfaith\n|player|p1|\n", "inputlog": ">version bfd83cad13791eb5a5a409923076391caf6fb4d4\n>start {\"formatid\":\"gen9randombattle\",\"seed\":[41891,1530,27051,24777],\"rated\":\"Rated battle\"}\n>player p1 {\"name\":\"afrohasfaith\",\"avatar\":\"flint\",\"rating\":1485,\"seed\":[11535,56251,33774,59511]}\n>player p2 {\"name\":\"annya\",\"avatar\":\"1\",\"rating\":1514,\"seed\":[51485,34710,28828,59843]}\n>p1 move earthquake\n>p2 switch 4\n>p1 switch 5\n>p2 switch 4\n>p1 move earthquake\n>p2 move irondefense\n>p1 move earthquake\n>p2 move rest\n>p1 move auroraveil\n>p2 move irondefense\n>p1 move blizzard\n>p2 move irondefense\n>p1 move earthquake\n>p2 move bodypress\n>p1 switch 6\n>p1 move moongeistbeam terastallize\n>p2 move foulplay\n>p1 move moongeistbeam\n>p2 move rest\n>p1 move calmmind\n>p2 move bodypress\n>p1 move calmmind\n>p2 move bodypress\n>p1 move moongeistbeam\n>p2 move bodypress\n>p1 move moongeistbeam\n>p2 move bodypress\n>p2 switch 2\n>p1 switch 2\n>p2 move ironhead\n>p1 move knockoff\n>p2 move uturn\n>p2 switch 3\n>p1 switch 5\n>p2 move playrough\n>p1 move earthquake\n>p2 switch 4\n>p1 switch 5\n>p2 move liquidation\n>p1 move knockoff\n>p2 move aquajet\n>p1 switch 5\n>p1 move iceshard\n>p2 switch 4\n>p1 move earthquake\n>p2 switch 4\n>p2 switch 3\n>p1 move earthquake\n>p2 move drainpunch\n>p1 switch 4\n>p1 move suckerpunch\n>p2 switch 4\n>p1 switch 2\n>p2 move playrough\n>p1 move moonlight\n>p2 move wildcharge\n>p1 move calmmind\n>p2 move voltswitch\n>p2 switch 4\n>p1 switch 2\n>p2 move ironhead\n>p1 move knockoff\n>p2 switch 4\n>p1 switch 2\n>p2 move wildcharge\n>p1 switch 3\n>p1 move earthquake\n>p2 move playrough\n>p2 switch 4\n>p1 move earthquake\n>p2 move ironhead\n>p1 move earthquake\n>p2 move ironhead\n>p1 switch 2\n>p2 move ironhead\n>p1 move suckerpunch\n>p2 move ironhead\n>p1 switch 2\n>p1 move knockoff\n>p2 move ironhead\n>p2 switch 6\n>p1 move knockoff\n>p2 move shadowsneak", "uploadtime": 1733897273, "views": 2, "formatid": "gen9randombattle", "rating": 1467, "private": 0, "password": null}