{"id": "gen9randombattle-2259910292", "format": "[Gen 9] Random Battle", "players": ["thabchi", "MUMBLE RAP TRAP"], "log": "|j|\u2606thabchi\n|j|\u2606MUMBLE RAP TRAP\n|t:|1733779010\n|gametype|singles\n|player|p1|thabchi|102|1810\n|player|p2|MUMBLE RAP TRAP|volkner|1818\n|teamsize|p1|6\n|teamsize|p2|6\n|gen|9\n|tier|[Gen 9] Random Battle\n|rated|\n|rule|Species Clause: Limit one of each Pok\u00e9mon\n|rule|HP Percentage Mod: HP is shown in percentages\n|rule|Sleep Clause Mod: Limit one foe put to sleep\n|rule|Illusion Level Mod: Illusion disguises the Pok\u00e9mon's true level\n|\n|t:|1733779010\n|start\n|switch|p1a: Iron Bundle|Iron Bundle, L77|213/213\n|switch|p2a: Rhyperior|Rhyperior, L82, F|323/323\n|turn|1\n|\n|t:|1733779027\n|switch|p2a: Grafaiai|Grafaiai, L86, M|249/249\n|move|p1a: Iron Bundle|Substitute|p1a: Iron Bundle\n|-start|p1a: Iron Bundle|Substitute\n|-damage|p1a: Iron Bundle|160/213\n|\n|-heal|p1a: Iron Bundle|173/213|[from] item: Leftovers\n|upkeep\n|turn|2\n|\n|t:|1733779035\n|move|p1a: Iron Bundle|Hydro Pump|p2a: Grafaiai\n|-damage|p2a: Grafaiai|153/249\n|move|p2a: Grafaiai|Knock Off|p1a: Iron Bundle\n|-end|p1a: Iron Bundle|Substitute\n|\n|-heal|p1a: Iron Bundle|186/213|[from] item: Leftovers\n|upkeep\n|turn|3\n|\n|t:|1733779044\n|move|p1a: Iron Bundle|Freeze-Dry|p2a: Grafaiai\n|-damage|p2a: Grafaiai|95/249\n|-status|p2a: Grafaiai|frz\n|cant|p2a: Grafaiai|frz\n|\n|-heal|p1a: Iron Bundle|199/213|[from] item: Leftovers\n|upkeep\n|turn|4\n|n|!MUMBLE RAP TRAP|mumbleraptrap\n|\n|t:|1733779052\n|move|p1a: Iron Bundle|Substitute|p1a: Iron Bundle\n|-start|p1a: Iron Bundle|Substitute\n|-damage|p1a: Iron Bundle|146/213\n|cant|p2a: Grafaiai|frz\n|\n|-heal|p1a: Iron Bundle|159/213|[from] item: Leftovers\n|upkeep\n|turn|5\n|\n|t:|1733779058\n|move|p1a: Iron Bundle|Hydro Pump|p2a: Grafaiai|[miss]\n|-miss|p1a: Iron Bundle|p2a: Grafaiai\n|-curestatus|p2a: Grafaiai|frz|[msg]\n|move|p2a: Grafaiai|Knock Off|p1a: Iron Bundle\n|-end|p1a: Iron Bundle|Substitute\n|\n|-heal|p1a: Iron Bundle|172/213|[from] item: Leftovers\n|upkeep\n|turn|6\n|\n|t:|1733779066\n|move|p1a: Iron Bundle|Hydro Pump|p2a: Grafaiai\n|-damage|p2a: Grafaiai|2/249\n|move|p2a: Grafaiai|Knock Off|p1a: Iron Bundle\n|-damage|p1a: Iron Bundle|106/213\n|-enditem|p1a: Iron Bundle|Leftovers|[from] move: Knock Off|[of] p2a: Grafaiai\n|\n|upkeep\n|turn|7\n|\n|t:|1733779080\n|move|p1a: Iron Bundle|Freeze-Dry|p2a: Grafaiai\n|-damage|p2a: Grafaiai|0 fnt\n|faint|p2a: Grafaiai\n|\n|upkeep\n|\n|t:|1733779083\n|switch|p2a: Urshifu|Urshifu, L74, M|270/270\n|turn|8\n|\n|t:|1733779090\n|move|p2a: Urshifu|Wicked Blow|p1a: Iron Bundle\n|-crit|p1a: Iron Bundle\n|-damage|p1a: Iron Bundle|0 fnt\n|faint|p1a: Iron Bundle\n|-end|p1a: Iron Bundle|Quark Drive|[silent]\n|\n|upkeep\n|\n|t:|1733779097\n|switch|p1a: Avalugg|Avalugg-Hisui, L90, M|317/317\n|turn|9\n|\n|t:|1733779107\n|switch|p2a: Ceruledge|Ceruledge, L78, F|245/245\n|move|p1a: Avalugg|Body Press|p2a: Ceruledge\n|-immune|p2a: Ceruledge\n|\n|upkeep\n|turn|10\n|\n|t:|1733779117\n|move|p2a: Ceruledge|Close Combat|p1a: Avalugg\n|-supereffective|p1a: Avalugg\n|-damage|p1a: Avalugg|121/317\n|-unboost|p2a: Ceruledge|def|1\n|-unboost|p2a: Ceruledge|spd|1\n|move|p1a: Avalugg|Stone Edge|p2a: Ceruledge\n|-supereffective|p2a: Ceruledge\n|-damage|p2a: Ceruledge|0 fnt\n|faint|p2a: Ceruledge\n|\n|upkeep\n|\n|t:|1733779119\n|switch|p2a: Rhyperior|Rhyperior, L82, F|323/323\n|turn|11\n|\n|t:|1733779130\n|move|p1a: Avalugg|Recover|p1a: Avalugg\n|-heal|p1a: Avalugg|280/317\n|move|p2a: Rhyperior|Rock Polish|p2a: Rhyperior\n|-boost|p2a: Rhyperior|spe|2\n|\n|upkeep\n|turn|12\n|\n|t:|1733779140\n|move|p2a: Rhyperior|Earthquake|p1a: Avalugg\n|-supereffective|p1a: Avalugg\n|-damage|p1a: Avalugg|152/317\n|move|p1a: Avalugg|Recover|p1a: Avalugg\n|-heal|p1a: Avalugg|311/317\n|\n|upkeep\n|turn|13\n|\n|t:|1733779157\n|move|p2a: Rhyperior|Stone Edge|p1a: Avalugg\n|-supereffective|p1a: Avalugg\n|-damage|p1a: Avalugg|165/317\n|move|p1a: Avalugg|Avalanche|p2a: Rhyperior\n|-supereffective|p2a: Rhyperior\n|-damage|p2a: Rhyperior|130/323\n|-enditem|p2a: Rhyperior|Weakness Policy\n|-boost|p2a: Rhyperior|atk|2|[from] item: Weakness Policy\n|-boost|p2a: Rhyperior|spa|2|[from] item: Weakness Policy\n|\n|upkeep\n|turn|14\n|\n|t:|1733779168\n|move|p2a: Rhyperior|Earthquake|p1a: Avalugg\n|-supereffective|p1a: Avalugg\n|-damage|p1a: Avalugg|0 fnt\n|faint|p1a: Avalugg\n|\n|upkeep\n|\n|t:|1733779178\n|switch|p1a: Wugtrio|Wugtrio, L91, M|212/212\n|turn|15\n|\n|t:|1733779189\n|move|p1a: Wugtrio|Aqua Jet|p2a: Rhyperior\n|-supereffective|p2a: Rhyperior\n|-damage|p2a: Rhyperior|0 fnt\n|faint|p2a: Rhyperior\n|\n|upkeep\n|\n|t:|1733779204\n|switch|p2a: Urshifu|Urshifu, L74, M|270/270\n|turn|16\n|\n|t:|1733779210\n|switch|p1a: Gallade|Gallade, L81, M|243/243\n|move|p2a: Urshifu|Wicked Blow|p1a: Gallade\n|-crit|p1a: Gallade\n|-damage|p1a: Gallade|86/243\n|\n|upkeep\n|turn|17\n|\n|t:|1733779217\n|move|p2a: Urshifu|Wicked Blow|p1a: Gallade\n|-crit|p1a: Gallade\n|-damage|p1a: Gallade|0 fnt\n|faint|p1a: Gallade\n|\n|upkeep\n|\n|t:|1733779225\n|switch|p1a: Wugtrio|Wugtrio, L91, M|212/212\n|turn|18\n|\n|t:|1733779228\n|move|p2a: Urshifu|Wicked Blow|p1a: Wugtrio\n|-crit|p1a: Wugtrio\n|-damage|p1a: Wugtrio|52/212\n|-ability|p1a: Wugtrio|Gooey\n|-unboost|p2a: Urshifu|spe|1\n|move|p1a: Wugtrio|Liquidation|p2a: Urshifu\n|-damage|p2a: Urshifu|104/270\n|\n|upkeep\n|turn|19\n|\n|t:|1733779236\n|switch|p2a: Floatzel|Floatzel, L85, F|283/283\n|move|p1a: Wugtrio|Liquidation|p2a: Floatzel\n|-resisted|p2a: Floatzel\n|-damage|p2a: Floatzel|178/283\n|-unboost|p2a: Floatzel|def|1\n|\n|upkeep\n|turn|20\n|\n|t:|1733779242\n|move|p1a: Wugtrio|Liquidation|p2a: Floatzel\n|-resisted|p2a: Floatzel\n|-damage|p2a: Floatzel|24/283\n|move|p2a: Floatzel|Flip Turn|p1a: Wugtrio\n|-resisted|p1a: Wugtrio\n|-damage|p1a: Wugtrio|0 fnt\n|-ability|p1a: Wugtrio|Gooey\n|-unboost|p2a: Floatzel|spe|1\n|faint|p1a: Wugtrio\n|\n|t:|1733779245\n|switch|p2a: Urshifu|Urshifu, L74, M|104/270|[from] Flip Turn\n|\n|upkeep\n|\n|t:|1733779256\n|switch|p1a: Zangoose|Zangoose, L85, F|263/263\n|turn|21\n|\n|t:|1733779262\n|switch|p1a: Espathra|Espathra, L80, M|283/283\n|move|p2a: Urshifu|U-turn|p1a: Espathra\n|-supereffective|p1a: Espathra\n|-damage|p1a: Espathra|147/283\n|\n|t:|1733779265\n|switch|p2a: Wigglytuff|Wigglytuff, L96, F|424/424|[from] U-turn\n|\n|upkeep\n|turn|22\n|\n|t:|1733779273\n|move|p1a: Espathra|Dazzling Gleam|p2a: Wigglytuff\n|-damage|p2a: Wigglytuff|316/424\n|move|p2a: Wigglytuff|Knock Off|p1a: Espathra\n|-supereffective|p1a: Espathra\n|-damage|p1a: Espathra|0 fnt\n|-enditem|p1a: Espathra|Choice Specs|[from] move: Knock Off|[of] p2a: Wigglytuff\n|faint|p1a: Espathra\n|\n|-heal|p2a: Wigglytuff|342/424|[from] item: Leftovers\n|upkeep\n|\n|t:|1733779282\n|switch|p1a: Zangoose|Zangoose, L85, F|263/263\n|turn|23\n|\n|t:|1733779287\n|move|p1a: Zangoose|Knock Off|p2a: Wigglytuff\n|-resisted|p2a: Wigglytuff\n|-damage|p2a: Wigglytuff|283/424\n|-enditem|p2a: Wigglytuff|Leftovers|[from] move: Knock Off|[of] p1a: Zangoose\n|move|p2a: Wigglytuff|Knock Off|p1a: Zangoose\n|-damage|p1a: Zangoose|175/263\n|-enditem|p1a: Zangoose|Toxic Orb|[from] move: Knock Off|[of] p2a: Wigglytuff\n|\n|upkeep\n|turn|24\n|\n|t:|1733779299\n|-terastallize|p1a: Zangoose|Normal\n|move|p1a: Zangoose|Facade|p2a: Wigglytuff\n|-damage|p2a: Wigglytuff|113/424\n|move|p2a: Wigglytuff|Alluring Voice|p1a: Zangoose\n|-damage|p1a: Zangoose|52/263\n|\n|upkeep\n|turn|25\n|\n|t:|1733779306\n|move|p1a: Zangoose|Facade|p2a: Wigglytuff\n|-damage|p2a: Wigglytuff|0 fnt\n|faint|p2a: Wigglytuff\n|\n|upkeep\n|\n|t:|1733779310\n|switch|p2a: Floatzel|Floatzel, L85, F|24/283\n|turn|26\n|\n|t:|1733779313\n|move|p1a: Zangoose|Quick Attack|p2a: Floatzel\n|-damage|p2a: Floatzel|0 fnt\n|faint|p2a: Floatzel\n|\n|upkeep\n|\n|t:|1733779314\n|switch|p2a: Urshifu|Urshifu, L74, M|104/270\n|turn|27\n|\n|t:|1733779318\n|move|p1a: Zangoose|Quick Attack|p2a: Urshifu\n|-damage|p2a: Urshifu|30/270\n|move|p2a: Urshifu|Close Combat|p1a: Zangoose\n|-supereffective|p1a: Zangoose\n|-crit|p1a: Zangoose\n|-damage|p1a: Zangoose|0 fnt\n|-unboost|p2a: Urshifu|def|1\n|-unboost|p2a: Urshifu|spd|1\n|faint|p1a: Zangoose\n|\n|win|MUMBLE RAP TRAP\n", "inputlog": ">version bfd83cad13791eb5a5a409923076391caf6fb4d4\n>start {\"formatid\":\"gen9randombattle\",\"seed\":[2903,37940,55889,64195],\"rated\":\"Rated battle\"}\n>player p1 {\"name\":\"thabchi\",\"avatar\":\"102\",\"rating\":1810,\"seed\":[10154,36202,2032,22978]}\n>player p2 {\"name\":\"MUMBLE RAP TRAP\",\"avatar\":\"volkner\",\"rating\":1818,\"seed\":[48603,30820,37950,9278]}\n>p1 move substitute\n>p2 switch 4\n>p1 move hydropump\n>p2 move knockoff\n>p1 move freezedry\n>p2 move knockoff\n>chat \u2606MUMBLE RAP TRAP|fuck you\n>p1 move substitute\n>p2 move knockoff\n>p1 move hydropump\n>p2 move knockoff\n>p1 move hydropump\n>p2 move knockoff\n>p1 move freezedry\n>p2 move uturn\n>p2 switch 6\n>p1 move substitute\n>p2 move wickedblow\n>p1 switch 5\n>p1 move bodypress\n>p2 switch 5\n>p1 move stoneedge\n>p2 move closecombat\n>p2 switch 4\n>p1 move recover\n>p2 move rockpolish\n>p1 move recover\n>p2 move earthquake\n>p1 move avalanche\n>p2 move stoneedge\n>p1 move stoneedge\n>p2 move earthquake\n>p1 switch 2\n>p1 move aquajet\n>p2 move earthquake\n>p2 switch 5\n>p1 switch 4\n>p2 move wickedblow\n>p1 move sacredsword\n>p2 move wickedblow\n>p1 switch 4\n>p1 move liquidation\n>p2 move wickedblow\n>p1 move liquidation\n>p2 switch 2\n>p1 move liquidation\n>p2 move flipturn\n>p2 switch 2\n>p1 switch 6\n>p1 switch 3\n>p2 move uturn\n>p2 switch 3\n>p1 move dazzlinggleam\n>p2 move knockoff\n>p1 switch 3\n>p1 move knockoff\n>p2 move knockoff\n>p1 move facade terastallize\n>p2 move alluringvoice\n>p1 move facade\n>p2 move alluringvoice\n>p2 switch 2\n>p1 move quickattack\n>p2 move wavecrash\n>p2 switch 3\n>p1 move quickattack\n>p2 move closecombat", "uploadtime": 1733779050, "views": 1, "formatid": "gen9randombattle", "rating": null, "private": 0, "password": null}