{"id": "gen9randombattle-2247606381", "format": "[Gen 9] Random Battle", "players": ["xvzw", "bmence"], "log": "|badge|p1|bronze|gen9randombattle|100-3\n|uhtml|medal-msg|<div class=\"broadcast-blue\">Curious what those medals under the avatar are? PS now has Ladder Seasons! For more information, check out the <a href=\"https://www.smogon.com/forums/threads/3740067/\">thread on Smogon.</a></div>\n|j|\u2606xvzw\n|j|\u203dbmence\n|t:|1732114499\n|gametype|singles\n|player|p1|xvzw|brycenman|2229\n|player|p2|bmence|1|2278\n|teamsize|p1|6\n|teamsize|p2|6\n|gen|9\n|tier|[Gen 9] Random Battle\n|rated|\n|rule|Species Clause: Limit one of each Pok\u00e9mon\n|rule|HP Percentage Mod: HP is shown in percentages\n|rule|Sleep Clause Mod: Limit one foe put to sleep\n|rule|Illusion Level Mod: Illusion disguises the Pok\u00e9mon's true level\n|\n|t:|1732114499\n|start\n|switch|p1a: Venomoth|Venomoth, L84, F|255/255\n|switch|p2a: Rabsca|Rabsca, L91, F|284/284\n|turn|1\n|\n|t:|1732114517\n|move|p1a: Venomoth|Sleep Powder|p2a: Rabsca\n|-status|p2a: Rabsca|slp|[from] move: Sleep Powder\n|cant|p2a: Rabsca|slp\n|\n|upkeep\n|turn|2\n|\n|t:|1732114530\n|switch|p2a: Drifblim|Drifblim, L86, F|396/396\n|move|p1a: Venomoth|Quiver Dance|p1a: Venomoth\n|-boost|p1a: Venomoth|spa|1\n|-boost|p1a: Venomoth|spd|1\n|-boost|p1a: Venomoth|spe|1\n|\n|upkeep\n|turn|3\n|\n|t:|1732114535\n|move|p1a: Venomoth|Quiver Dance|p1a: Venomoth\n|-boost|p1a: Venomoth|spa|1\n|-boost|p1a: Venomoth|spd|1\n|-boost|p1a: Venomoth|spe|1\n|move|p2a: Drifblim|Calm Mind|p2a: Drifblim\n|-boost|p2a: Drifblim|spa|1\n|-boost|p2a: Drifblim|spd|1\n|\n|upkeep\n|turn|4\n|\n|t:|1732114539\n|move|p1a: Venomoth|Quiver Dance|p1a: Venomoth\n|-boost|p1a: Venomoth|spa|1\n|-boost|p1a: Venomoth|spd|1\n|-boost|p1a: Venomoth|spe|1\n|move|p2a: Drifblim|Calm Mind|p2a: Drifblim\n|-boost|p2a: Drifblim|spa|1\n|-boost|p2a: Drifblim|spd|1\n|\n|upkeep\n|turn|5\n|\n|t:|1732114542\n|move|p1a: Venomoth|Quiver Dance|p1a: Venomoth\n|-boost|p1a: Venomoth|spa|1\n|-boost|p1a: Venomoth|spd|1\n|-boost|p1a: Venomoth|spe|1\n|move|p2a: Drifblim|Calm Mind|p2a: Drifblim\n|-boost|p2a: Drifblim|spa|1\n|-boost|p2a: Drifblim|spd|1\n|\n|upkeep\n|turn|6\n|\n|t:|1732114544\n|move|p1a: Venomoth|Quiver Dance|p1a: Venomoth\n|-boost|p1a: Venomoth|spa|1\n|-boost|p1a: Venomoth|spd|1\n|-boost|p1a: Venomoth|spe|1\n|move|p2a: Drifblim|Calm Mind|p2a: Drifblim\n|-boost|p2a: Drifblim|spa|1\n|-boost|p2a: Drifblim|spd|1\n|\n|upkeep\n|turn|7\n|\n|t:|1732114548\n|move|p1a: Venomoth|Quiver Dance|p1a: Venomoth\n|-boost|p1a: Venomoth|spa|1\n|-boost|p1a: Venomoth|spd|1\n|-boost|p1a: Venomoth|spe|1\n|move|p2a: Drifblim|Calm Mind|p2a: Drifblim\n|-boost|p2a: Drifblim|spa|1\n|-boost|p2a: Drifblim|spd|1\n|\n|upkeep\n|turn|8\n|\n|t:|1732114552\n|-terastallize|p1a: Venomoth|Poison\n|move|p1a: Venomoth|Sludge Wave|p2a: Drifblim\n|-resisted|p2a: Drifblim\n|-damage|p2a: Drifblim|198/396\n|-status|p2a: Drifblim|psn\n|-enditem|p2a: Drifblim|Sitrus Berry|[eat]\n|-heal|p2a: Drifblim|297/396 psn|[from] item: Sitrus Berry\n|move|p2a: Drifblim|Air Slash|p1a: Venomoth\n|-damage|p1a: Venomoth|177/255\n|\n|-damage|p2a: Drifblim|248/396 psn|[from] psn\n|upkeep\n|turn|9\n|\n|t:|1732114569\n|move|p1a: Venomoth|Sludge Wave|p2a: Drifblim\n|-resisted|p2a: Drifblim\n|-damage|p2a: Drifblim|64/396 psn\n|move|p2a: Drifblim|Shadow Ball|p1a: Venomoth\n|-damage|p1a: Venomoth|89/255\n|\n|-damage|p2a: Drifblim|15/396 psn|[from] psn\n|upkeep\n|turn|10\n|\n|t:|1732114577\n|move|p1a: Venomoth|Bug Buzz|p2a: Drifblim\n|-resisted|p2a: Drifblim\n|-damage|p2a: Drifblim|0 fnt\n|faint|p2a: Drifblim\n|\n|upkeep\n|\n|t:|1732114596\n|switch|p2a: Meganium|Meganium, L90, F|290/290\n|turn|11\n|\n|t:|1732114607\n|-terastallize|p2a: Meganium|Steel\n|move|p1a: Venomoth|Sludge Wave|p2a: Meganium\n|-immune|p2a: Meganium\n|move|p2a: Meganium|Earthquake|p1a: Venomoth\n|-supereffective|p1a: Venomoth\n|-damage|p1a: Venomoth|0 fnt\n|faint|p1a: Venomoth\n|-damage|p2a: Meganium|261/290|[from] item: Life Orb\n|\n|upkeep\n|\n|t:|1732114616\n|switch|p1a: Calyrex|Calyrex, L93|337/337\n|-ability|p1a: Calyrex|Unnerve\n|turn|12\n|\n|t:|1732114622\n|move|p1a: Calyrex|Leech Seed|p2a: Meganium\n|-start|p2a: Meganium|move: Leech Seed\n|move|p2a: Meganium|Knock Off|p1a: Calyrex\n|-supereffective|p1a: Calyrex\n|-damage|p1a: Calyrex|145/337\n|-enditem|p1a: Calyrex|Leftovers|[from] move: Knock Off|[of] p2a: Meganium\n|-damage|p2a: Meganium|232/290|[from] item: Life Orb\n|\n|-damage|p2a: Meganium|196/290|[from] Leech Seed|[of] p1a: Calyrex\n|-heal|p1a: Calyrex|181/337|[silent]\n|upkeep\n|turn|13\n|\n|t:|1732114631\n|switch|p2a: Iron Bundle|Iron Bundle, L77|213/213\n|move|p1a: Calyrex|Psychic|p2a: Iron Bundle\n|-damage|p2a: Iron Bundle|69/213\n|\n|upkeep\n|turn|14\n|\n|t:|1732114638\n|move|p2a: Iron Bundle|Freeze-Dry|p1a: Calyrex\n|-supereffective|p1a: Calyrex\n|-damage|p1a: Calyrex|0 fnt\n|faint|p1a: Calyrex\n|\n|upkeep\n|\n|t:|1732114642\n|switch|p1a: Glalie|Glalie, L96, M|309/309\n|turn|15\n|\n|t:|1732114646\n|-end|p2a: Iron Bundle|Quark Drive|[silent]\n|switch|p2a: Meganium|Meganium, L90, F, tera:Steel|196/290\n|move|p1a: Glalie|Spikes|p2a: Meganium\n|-sidestart|p2: bmence|Spikes\n|\n|upkeep\n|turn|16\n|\n|t:|1732114651\n|move|p1a: Glalie|Spikes|p2a: Meganium\n|-sidestart|p2: bmence|Spikes\n|move|p2a: Meganium|Petal Blizzard|p1a: Glalie\n|-damage|p1a: Glalie|183/309\n|-damage|p2a: Meganium|167/290|[from] item: Life Orb\n|\n|upkeep\n|turn|17\n|\n|t:|1732114658\n|move|p1a: Glalie|Disable|p2a: Meganium\n|-start|p2a: Meganium|Disable|Petal Blizzard\n|cant|p2a: Meganium|Disable|Petal Blizzard\n|\n|upkeep\n|turn|18\n|\n|t:|1732114661\n|move|p1a: Glalie|Spikes|p2a: Meganium\n|-sidestart|p2: bmence|Spikes\n|move|p2a: Meganium|Knock Off|p1a: Glalie\n|-damage|p1a: Glalie|92/309\n|-enditem|p1a: Glalie|Heavy-Duty Boots|[from] move: Knock Off|[of] p2a: Meganium\n|-damage|p2a: Meganium|138/290|[from] item: Life Orb\n|\n|upkeep\n|turn|19\n|\n|t:|1732114667\n|move|p1a: Glalie|Earthquake|p2a: Meganium\n|-supereffective|p2a: Meganium\n|-damage|p2a: Meganium|0 fnt\n|faint|p2a: Meganium\n|\n|upkeep\n|\n|t:|1732114675\n|switch|p2a: Eternatus|Eternatus, L69|308/308\n|-damage|p2a: Eternatus|231/308|[from] Spikes\n|-ability|p2a: Eternatus|Pressure\n|turn|20\n|\n|t:|1732114685\n|move|p2a: Eternatus|Flamethrower|p1a: Glalie\n|-supereffective|p1a: Glalie\n|-damage|p1a: Glalie|0 fnt\n|faint|p1a: Glalie\n|\n|-heal|p2a: Eternatus|250/308|[from] item: Leftovers\n|upkeep\n|\n|t:|1732114690\n|switch|p1a: Dudunsparce|Dudunsparce-Three-Segment, L83, M|343/343\n|turn|21\n|\n|t:|1732114693\n|move|p2a: Eternatus|Toxic|p1a: Dudunsparce\n|-status|p1a: Dudunsparce|tox\n|move|p1a: Dudunsparce|Calm Mind|p1a: Dudunsparce\n|-boost|p1a: Dudunsparce|spa|1\n|-boost|p1a: Dudunsparce|spd|1\n|\n|-heal|p2a: Eternatus|269/308|[from] item: Leftovers\n|-damage|p1a: Dudunsparce|322/343 tox|[from] psn\n|upkeep\n|turn|22\n|\n|t:|1732114698\n|move|p2a: Eternatus|Dynamax Cannon|p1a: Dudunsparce\n|-damage|p1a: Dudunsparce|243/343 tox\n|move|p1a: Dudunsparce|Boomburst|p2a: Eternatus\n|-damage|p2a: Eternatus|52/308\n|\n|-heal|p2a: Eternatus|71/308|[from] item: Leftovers\n|-heal|p1a: Dudunsparce|264/343 tox|[from] item: Leftovers\n|-damage|p1a: Dudunsparce|222/343 tox|[from] psn\n|upkeep\n|turn|23\n|\n|t:|1732114707\n|move|p2a: Eternatus|Recover|p2a: Eternatus\n|-heal|p2a: Eternatus|225/308\n|move|p1a: Dudunsparce|Boomburst|p2a: Eternatus\n|-damage|p2a: Eternatus|0 fnt\n|faint|p2a: Eternatus\n|\n|-heal|p1a: Dudunsparce|243/343 tox|[from] item: Leftovers\n|-damage|p1a: Dudunsparce|180/343 tox|[from] psn\n|upkeep\n|\n|t:|1732114720\n|switch|p2a: Kingdra|Kingdra, L84, F|263/263\n|-damage|p2a: Kingdra|198/263|[from] Spikes\n|turn|24\n|\n|t:|1732114724\n|move|p2a: Kingdra|Wave Crash|p1a: Dudunsparce\n|-damage|p1a: Dudunsparce|11/343 tox\n|-damage|p2a: Kingdra|142/263|[from] Recoil\n|-damage|p2a: Kingdra|116/263|[from] item: Life Orb\n|move|p1a: Dudunsparce|Boomburst|p2a: Kingdra\n|-damage|p2a: Kingdra|0 fnt\n|faint|p2a: Kingdra\n|\n|-heal|p1a: Dudunsparce|32/343 tox|[from] item: Leftovers\n|-damage|p1a: Dudunsparce|0 fnt|[from] psn\n|faint|p1a: Dudunsparce\n|upkeep\n|\n|t:|1732114737\n|switch|p2a: Iron Bundle|Iron Bundle, L77|69/213\n|switch|p1a: Flutter Mane|Flutter Mane, L74|203/203\n|-damage|p2a: Iron Bundle|16/213|[from] Spikes\n|turn|25\n|\n|t:|1732114746\n|move|p2a: Iron Bundle|Hydro Pump|p1a: Flutter Mane|[miss]\n|-miss|p2a: Iron Bundle|p1a: Flutter Mane\n|move|p1a: Flutter Mane|Shadow Ball|p2a: Iron Bundle\n|-damage|p2a: Iron Bundle|0 fnt\n|faint|p2a: Iron Bundle\n|-end|p2a: Iron Bundle|Quark Drive|[silent]\n|-damage|p1a: Flutter Mane|183/203|[from] item: Life Orb\n|\n|upkeep\n|\n|t:|1732114752\n|switch|p2a: Rabsca|Rabsca, L91, F|284/284 slp\n|turn|26\n|\n|t:|1732114755\n|move|p1a: Flutter Mane|Shadow Ball|p2a: Rabsca\n|-supereffective|p2a: Rabsca\n|-damage|p2a: Rabsca|102/284 slp\n|-damage|p1a: Flutter Mane|163/203|[from] item: Life Orb\n|-curestatus|p2a: Rabsca|slp|[msg]\n|move|p2a: Rabsca|Trick Room|p2a: Rabsca\n|-fieldstart|move: Trick Room|[of] p2a: Rabsca\n|\n|upkeep\n|turn|27\n|\n|t:|1732114770\n|move|p2a: Rabsca|Revival Blessing|p2a: Rabsca\n|inactive|Battle timer is ON: inactive players will automatically lose when time's up. (requested by xvzw)\n|\n|t:|1732114840\n|-heal|p2: Meganium|145/290|[from] move: Revival Blessing\n|move|p1a: Flutter Mane|Shadow Ball|p2a: Rabsca\n|-supereffective|p2a: Rabsca\n|-damage|p2a: Rabsca|0 fnt\n|faint|p2a: Rabsca\n|-damage|p1a: Flutter Mane|143/203|[from] item: Life Orb\n|\n|upkeep\n|\n|t:|1732114841\n|switch|p2a: Meganium|Meganium, L90, F|145/290\n|-damage|p2a: Meganium|73/290|[from] Spikes\n|turn|28\n|\n|t:|1732114855\n|-end|p1a: Flutter Mane|Protosynthesis|[silent]\n|switch|p1a: Drednaw|Drednaw, L81, F|278/278\n|move|p2a: Meganium|Petal Blizzard|p1a: Drednaw\n|-supereffective|p1a: Drednaw\n|-damage|p1a: Drednaw|0 fnt\n|faint|p1a: Drednaw\n|-damage|p2a: Meganium|44/290|[from] item: Life Orb\n|\n|upkeep\n|\n|t:|1732114861\n|switch|p1a: Flutter Mane|Flutter Mane, L74|143/203\n|turn|29\n|\n|t:|1732114866\n|move|p2a: Meganium|Petal Blizzard|p1a: Flutter Mane\n|-damage|p1a: Flutter Mane|0 fnt\n|faint|p1a: Flutter Mane\n|-end|p1a: Flutter Mane|Protosynthesis|[silent]\n|-damage|p2a: Meganium|15/290|[from] item: Life Orb\n|\n|win|bmence\n|raw|xvzw's rating: 2229 &rarr; <strong>2212</strong><br />(-17 for losing)\n|raw|bmence's rating: 2278 &rarr; <strong>2295</strong><br />(+17 for winning)\n|l|\u2606xvzw\n|player|p1|\n", "inputlog": ">version baf9aa68cbe18cf25f290680a08c9ad9c5e3e828\n>start {\"formatid\":\"gen9randombattle\",\"seed\":[50681,48896,58334,62998],\"rated\":\"Rated battle\"}\n>player p1 {\"name\":\"xvzw\",\"avatar\":\"brycenman\",\"rating\":2229,\"seed\":[55708,3620,6999,48826]}\n>player p2 {\"name\":\"bmence\",\"avatar\":\"1\",\"rating\":2278,\"seed\":[36212,5798,51294,21421]}\n>p1 move sleeppowder\n>p2 move trickroom\n>p1 move quiverdance\n>p2 switch 2\n>p1 move quiverdance\n>p2 move calmmind\n>p1 move quiverdance\n>p2 move calmmind\n>p1 move quiverdance\n>p2 move calmmind\n>p1 move quiverdance\n>p2 move calmmind\n>p1 move quiverdance\n>p2 move calmmind\n>p1 move sludgewave terastallize\n>p2 move airslash\n>p1 move sludgewave\n>p2 move shadowball\n>p1 move bugbuzz\n>p2 move shadowball\n>p2 switch 3\n>p1 move sludgewave\n>p2 move earthquake terastallize\n>p1 switch 2\n>p1 move leechseed\n>p2 move knockoff\n>p1 move psychic\n>p2 switch 5\n>p1 move bodypress\n>p2 move freezedry\n>p1 switch 3\n>p1 move spikes\n>p2 switch 5\n>p1 move spikes\n>p2 move petalblizzard\n>p1 move disable\n>p2 move petalblizzard\n>p1 move spikes\n>p2 move knockoff\n>p1 move earthquake\n>p2 move earthquake\n>p2 switch 4\n>p1 move freezedry\n>p2 move flamethrower\n>p1 switch 5\n>p1 move calmmind\n>p2 move toxic\n>p1 move boomburst\n>p2 move dynamaxcannon\n>p1 move boomburst\n>p2 move recover\n>p2 switch 6\n>p1 move boomburst\n>p2 move wavecrash\n>p1 switch 6\n>p2 switch 5\n>p1 move shadowball\n>p2 move hydropump\n>p2 switch 2\n>p1 move shadowball\n>p2 move trickroom\n>p1 move shadowball\n>p2 move revivalblessing\n>p2 switch 4\n>p2 switch 4\n>p1 switch 4\n>p2 move petalblizzard\n>p1 switch 4\n>p1 move moonblast\n>p2 move petalblizzard", "uploadtime": 1732114874, "views": 22, "formatid": "gen9randombattle", "rating": 2212, "private": 0, "password": null}