{"id": "gen9randombattle-2260892796", "format": "[Gen 9] Random Battle", "players": ["2028330279JUS", "crisbreon98"], "log": "|j|\u26062028330279JUS\n|j|\u2606crisbreon98\n|t:|1733912123\n|gametype|singles\n|player|p1|2028330279JUS|266|1432\n|player|p2|crisbreon98|red|1378\n|teamsize|p1|6\n|teamsize|p2|6\n|gen|9\n|tier|[Gen 9] Random Battle\n|rated|\n|rule|Species Clause: Limit one of each Pok\u00e9mon\n|rule|HP Percentage Mod: HP is shown in percentages\n|rule|Sleep Clause Mod: Limit one foe put to sleep\n|rule|Illusion Level Mod: Illusion disguises the Pok\u00e9mon's true level\n|\n|t:|1733912123\n|start\n|switch|p1a: Lanturn|Lanturn, L89, F|367/367\n|switch|p2a: Toxapex|Toxapex, L82, M|216/216\n|turn|1\n|inactive|Battle timer is ON: inactive players will automatically lose when time's up. (requested by crisbreon98)\n|\n|t:|1733912149\n|move|p1a: Lanturn|Volt Switch|p2a: Toxapex\n|-supereffective|p2a: Toxapex\n|-damage|p2a: Toxapex|114/216\n|\n|t:|1733912161\n|switch|p1a: Clefable|Clefable, L83, F|293/293|[from] Volt Switch\n|move|p2a: Toxapex|Toxic|p1a: Clefable\n|-status|p1a: Clefable|tox\n|\n|upkeep\n|turn|2\n|\n|t:|1733912175\n|move|p1a: Clefable|Calm Mind|p1a: Clefable\n|-boost|p1a: Clefable|spa|1\n|-boost|p1a: Clefable|spd|1\n|move|p2a: Toxapex|Recover|p2a: Toxapex\n|-heal|p2a: Toxapex|216/216\n|\n|upkeep\n|turn|3\n|\n|t:|1733912188\n|move|p1a: Clefable|Calm Mind|p1a: Clefable\n|-boost|p1a: Clefable|spa|1\n|-boost|p1a: Clefable|spd|1\n|move|p2a: Toxapex|Haze|p2a: Toxapex\n|-clearallboost\n|\n|upkeep\n|turn|4\n|\n|t:|1733912207\n|switch|p1a: Lanturn|Lanturn, L89, F|367/367\n|switch|p2a: Cloyster|Cloyster, L80, M|211/211\n|\n|upkeep\n|turn|5\n|\n|t:|1733912217\n|switch|p2a: Donphan|Donphan, L84, M|288/288\n|move|p1a: Lanturn|Thunder Wave|p2a: Donphan\n|-immune|p2a: Donphan\n|\n|upkeep\n|turn|6\n|\n|t:|1733912233\n|switch|p1a: Swanna|Swanna, L88, F|275/275\n|move|p2a: Donphan|Rapid Spin|p1a: Swanna\n|-damage|p1a: Swanna|222/275\n|-boost|p2a: Donphan|spe|1\n|\n|upkeep\n|turn|7\n|inactive|crisbreon98 has 120 seconds left.\n|\n|t:|1733912268\n|switch|p1a: Registeel|Registeel, L81|262/262\n|switch|p2a: Cloyster|Cloyster, L80, M|211/211\n|\n|upkeep\n|turn|8\n|\n|t:|1733912279\n|move|p2a: Cloyster|Shell Smash|p2a: Cloyster\n|-unboost|p2a: Cloyster|def|1\n|-unboost|p2a: Cloyster|spd|1\n|-boost|p2a: Cloyster|atk|2\n|-boost|p2a: Cloyster|spa|2\n|-boost|p2a: Cloyster|spe|2\n|-enditem|p2a: Cloyster|White Herb\n|-clearnegativeboost|p2a: Cloyster|[silent]\n|move|p1a: Registeel|Iron Defense|p1a: Registeel\n|-boost|p1a: Registeel|def|2\n|\n|upkeep\n|turn|9\n|\n|t:|1733912288\n|move|p2a: Cloyster|Hydro Pump|p1a: Registeel\n|-damage|p1a: Registeel|136/262\n|move|p1a: Registeel|Body Press|p2a: Cloyster\n|-supereffective|p2a: Cloyster\n|-damage|p2a: Cloyster|19/211\n|\n|upkeep\n|turn|10\n|\n|t:|1733912301\n|move|p2a: Cloyster|Hydro Pump|p1a: Registeel|[miss]\n|-miss|p2a: Cloyster|p1a: Registeel\n|move|p1a: Registeel|Body Press|p2a: Cloyster\n|-supereffective|p2a: Cloyster\n|-damage|p2a: Cloyster|0 fnt\n|faint|p2a: Cloyster\n|\n|upkeep\n|\n|t:|1733912317\n|switch|p2a: Eiscue|Eiscue, L88, M|274/274\n|turn|11\n|\n|t:|1733912332\n|move|p2a: Eiscue|Belly Drum|p2a: Eiscue\n|-damage|p2a: Eiscue|137/274\n|-setboost|p2a: Eiscue|atk|6|[from] move: Belly Drum\n|-enditem|p2a: Eiscue|Sitrus Berry|[eat]\n|-heal|p2a: Eiscue|205/274|[from] item: Sitrus Berry\n|move|p1a: Registeel|Iron Defense|p1a: Registeel\n|-boost|p1a: Registeel|def|2\n|\n|upkeep\n|turn|12\n|\n|t:|1733912344\n|-terastallize|p2a: Eiscue|Water\n|move|p2a: Eiscue|Liquidation|p1a: Registeel\n|-damage|p1a: Registeel|61/262\n|move|p1a: Registeel|Iron Defense|p1a: Registeel\n|-boost|p1a: Registeel|def|2\n|\n|upkeep\n|turn|13\n|\n|t:|1733912352\n|move|p2a: Eiscue|Liquidation|p1a: Registeel\n|-damage|p1a: Registeel|4/262\n|move|p1a: Registeel|Rest|p1a: Registeel\n|-status|p1a: Registeel|slp|[from] move: Rest\n|-heal|p1a: Registeel|262/262 slp|[silent]\n|-enditem|p1a: Registeel|Chesto Berry|[eat]\n|-curestatus|p1a: Registeel|slp|[msg]\n|\n|upkeep\n|turn|14\n|inactive|crisbreon98 has 120 seconds left.\n|\n|t:|1733912363\n|move|p2a: Eiscue|Liquidation|p1a: Registeel\n|-damage|p1a: Registeel|205/262\n|move|p1a: Registeel|Body Press|p2a: Eiscue\n|-activate|p2a: Eiscue|ability: Ice Face\n|-damage|p2a: Eiscue|205/274\n|detailschange|p2a: Eiscue|Eiscue-Noice, L88, M, tera:Water\n|\n|upkeep\n|turn|15\n|inactive|crisbreon98 has 120 seconds left.\n|\n|t:|1733912375\n|move|p2a: Eiscue|Liquidation|p1a: Registeel\n|-damage|p1a: Registeel|144/262\n|move|p1a: Registeel|Body Press|p2a: Eiscue\n|-damage|p2a: Eiscue|0 fnt\n|faint|p2a: Eiscue\n|\n|upkeep\n|\n|t:|1733912390\n|switch|p2a: Hydrapple|Hydrapple, L83, M|312/312\n|turn|16\n|\n|t:|1733912403\n|switch|p1a: Swanna|Swanna, L88, F|222/275\n|move|p2a: Hydrapple|Earth Power|p1a: Swanna\n|-immune|p1a: Swanna\n|\n|upkeep\n|turn|17\n|inactive|crisbreon98 has 120 seconds left.\n|\n|t:|1733912416\n|move|p1a: Swanna|Brave Bird|p2a: Hydrapple\n|-supereffective|p2a: Hydrapple\n|-crit|p2a: Hydrapple\n|-damage|p2a: Hydrapple|0 fnt\n|faint|p2a: Hydrapple\n|-damage|p1a: Swanna|119/275|[from] Recoil\n|\n|upkeep\n|-message|crisbreon98 forfeited.\n|\n|win|2028330279JUS\n|raw|2028330279JUS's rating: 1410 &rarr; <strong>1428</strong><br />(+18 for winning)\n|raw|crisbreon98's rating: 1378 &rarr; <strong>1360</strong><br />(-18 for losing)\n|l|\u2606crisbreon98\n|player|p2|\n", "inputlog": ">version bfd83cad13791eb5a5a409923076391caf6fb4d4\n>start {\"formatid\":\"gen9randombattle\",\"seed\":[62296,18101,5730,23825],\"rated\":\"Rated battle\"}\n>player p1 {\"name\":\"2028330279JUS\",\"avatar\":\"266\",\"rating\":1432,\"seed\":[8586,12520,21183,33120]}\n>player p2 {\"name\":\"crisbreon98\",\"avatar\":\"red\",\"rating\":1378,\"seed\":[18319,19345,4064,13006]}\n>p1 move voltswitch\n>p2 move toxic\n>p1 switch 3\n>p1 move calmmind\n>p2 move recover\n>p1 move calmmind\n>p2 move haze\n>p1 switch 3\n>p2 switch 5\n>p1 move thunderwave\n>p2 switch 3\n>p1 switch 6\n>p2 move rapidspin\n>p1 switch 4\n>p2 switch 3\n>p1 move irondefense\n>p2 move shellsmash\n>p1 move bodypress\n>p2 move hydropump\n>p1 move bodypress\n>p2 move hydropump\n>p2 switch 2\n>p1 move irondefense\n>p2 move bellydrum\n>p1 move irondefense\n>p2 move liquidation terastallize\n>p1 move rest\n>p2 move liquidation\n>p1 move bodypress\n>p2 move liquidation\n>p1 move bodypress\n>p2 move liquidation\n>p2 switch 4\n>p1 switch 4\n>p2 move earthpower\n>p1 move bravebird\n>p2 move ficklebeam\n>forcelose p2", "uploadtime": 1733912432, "views": 1, "formatid": "gen9randombattle", "rating": 1360, "private": 0, "password": null}