{"id": "gen9randombattle-2260035074", "format": "[Gen 9] Random Battle", "players": ["Hyper Betlog", "Nesquilz"], "log": "|j|\u2606Hyper Betlog\n|j|\u2606Nesquilz\n|t:|1733793838\n|gametype|singles\n|player|p1|Hyper Betlog|linebacker|1314\n|player|p2|Nesquilz|101|1316\n|teamsize|p1|6\n|teamsize|p2|6\n|gen|9\n|tier|[Gen 9] Random Battle\n|rated|\n|rule|Species Clause: Limit one of each Pok\u00e9mon\n|rule|HP Percentage Mod: HP is shown in percentages\n|rule|Sleep Clause Mod: Limit one foe put to sleep\n|rule|Illusion Level Mod: Illusion disguises the Pok\u00e9mon's true level\n|\n|t:|1733793838\n|start\n|switch|p1a: Whimsicott|Whimsicott, L85, M|241/241\n|switch|p2a: Arceus|Arceus-Fairy, L69|280/280\n|turn|1\n|inactive|Battle timer is ON: inactive players will automatically lose when time's up. (requested by Hyper Betlog)\n|\n|t:|1733793851\n|switch|p2a: Venusaur|Venusaur, L84, M|272/272\n|move|p1a: Whimsicott|Stun Spore|p2a: Venusaur\n|-immune|p2a: Venusaur\n|\n|upkeep\n|turn|2\n|\n|t:|1733793879\n|switch|p1a: Munkidori|Munkidori, L79, M|269/269\n|move|p2a: Venusaur|Substitute|p2a: Venusaur\n|-start|p2a: Venusaur|Substitute\n|-damage|p2a: Venusaur|204/272\n|\n|-heal|p2a: Venusaur|221/272|[from] item: Leftovers\n|upkeep\n|turn|3\n|\n|t:|1733793889\n|move|p1a: Munkidori|Psyshock|p2a: Venusaur\n|-supereffective|p2a: Venusaur\n|-end|p2a: Venusaur|Substitute\n|move|p2a: Venusaur|Sleep Powder|p1a: Munkidori|[miss]\n|-miss|p2a: Venusaur|p1a: Munkidori\n|\n|-heal|p2a: Venusaur|238/272|[from] item: Leftovers\n|upkeep\n|turn|4\n|\n|t:|1733793902\n|switch|p2a: Komala|Komala, L89, M|260/260\n|-ability|p2a: Komala|Comatose\n|move|p1a: Munkidori|Psyshock|p2a: Komala\n|-damage|p2a: Komala|83/260\n|\n|upkeep\n|turn|5\n|\n|t:|1733793911\n|move|p1a: Munkidori|Psyshock|p2a: Komala\n|-damage|p2a: Komala|0 fnt\n|faint|p2a: Komala\n|\n|upkeep\n|\n|t:|1733793917\n|switch|p2a: Arceus|Arceus-Fairy, L69|280/280\n|turn|6\n|\n|t:|1733793946\n|switch|p1a: Torkoal|Torkoal, L88, M|266/266\n|-weather|SunnyDay|[from] ability: Drought|[of] p1a: Torkoal\n|move|p2a: Arceus|Earth Power|p1a: Torkoal\n|-supereffective|p1a: Torkoal\n|-damage|p1a: Torkoal|146/266\n|-unboost|p1a: Torkoal|spd|1\n|\n|-weather|SunnyDay|[upkeep]\n|upkeep\n|turn|7\n|\n|t:|1733793955\n|move|p2a: Arceus|Earth Power|p1a: Torkoal\n|-supereffective|p1a: Torkoal\n|-damage|p1a: Torkoal|0 fnt\n|faint|p1a: Torkoal\n|\n|-weather|SunnyDay|[upkeep]\n|upkeep\n|inactive|Hyper Betlog has 120 seconds left.\n|\n|t:|1733793981\n|switch|p1a: Munkidori|Munkidori, L79, M|269/269\n|turn|8\n|\n|t:|1733793985\n|-terastallize|p2a: Arceus|Ground\n|move|p1a: Munkidori|Sludge Wave|p2a: Arceus\n|-resisted|p2a: Arceus\n|-damage|p2a: Arceus|198/280\n|-status|p2a: Arceus|tox|[from] ability: Toxic Chain|[of] p1a: Munkidori\n|move|p2a: Arceus|Earth Power|p1a: Munkidori\n|-supereffective|p1a: Munkidori\n|-damage|p1a: Munkidori|107/269\n|\n|-weather|SunnyDay|[upkeep]\n|-damage|p2a: Arceus|181/280 tox|[from] psn\n|upkeep\n|turn|9\n|inactive|Hyper Betlog has 120 seconds left.\n|\n|t:|1733794009\n|switch|p1a: Palossand|Palossand, L89, F|296/296\n|move|p2a: Arceus|Earth Power|p1a: Palossand\n|-damage|p1a: Palossand|214/296\n|\n|-weather|SunnyDay|[upkeep]\n|-heal|p1a: Palossand|232/296|[from] item: Leftovers\n|-damage|p2a: Arceus|147/280 tox|[from] psn\n|upkeep\n|turn|10\n|inactive|Hyper Betlog has 120 seconds left.\n|\n|t:|1733794017\n|switch|p2a: Venusaur|Venusaur, L84, M|238/272\n|move|p1a: Palossand|Stealth Rock|p2a: Venusaur\n|-sidestart|p2: Nesquilz|move: Stealth Rock\n|\n|-weather|none\n|-heal|p2a: Venusaur|255/272|[from] item: Leftovers\n|-heal|p1a: Palossand|250/296|[from] item: Leftovers\n|upkeep\n|turn|11\n|inactive|Hyper Betlog has 120 seconds left.\n|\n|t:|1733794044\n|move|p2a: Venusaur|Substitute|p2a: Venusaur\n|-start|p2a: Venusaur|Substitute\n|-damage|p2a: Venusaur|187/272\n|move|p1a: Palossand|Shadow Ball|p2a: Venusaur\n|-end|p2a: Venusaur|Substitute\n|\n|-heal|p2a: Venusaur|204/272|[from] item: Leftovers\n|-heal|p1a: Palossand|268/296|[from] item: Leftovers\n|upkeep\n|turn|12\n|\n|t:|1733794055\n|move|p2a: Venusaur|Leech Seed|p1a: Palossand\n|-start|p1a: Palossand|move: Leech Seed\n|move|p1a: Palossand|Earth Power|p2a: Venusaur\n|-damage|p2a: Venusaur|108/272\n|\n|-heal|p2a: Venusaur|125/272|[from] item: Leftovers\n|-heal|p1a: Palossand|286/296|[from] item: Leftovers\n|-damage|p1a: Palossand|249/296|[from] Leech Seed|[of] p2a: Venusaur\n|-heal|p2a: Venusaur|162/272|[silent]\n|upkeep\n|turn|13\n|inactive|Hyper Betlog has 120 seconds left.\n|\n|t:|1733794064\n|switch|p1a: Munkidori|Munkidori, L79, M|107/269\n|move|p2a: Venusaur|Substitute|p2a: Venusaur\n|-start|p2a: Venusaur|Substitute\n|-damage|p2a: Venusaur|94/272\n|\n|-heal|p2a: Venusaur|111/272|[from] item: Leftovers\n|upkeep\n|turn|14\n|\n|t:|1733794070\n|move|p1a: Munkidori|Psyshock|p2a: Venusaur\n|-supereffective|p2a: Venusaur\n|-end|p2a: Venusaur|Substitute\n|move|p2a: Venusaur|Sleep Powder|p1a: Munkidori|[miss]\n|-miss|p2a: Venusaur|p1a: Munkidori\n|\n|-heal|p2a: Venusaur|128/272|[from] item: Leftovers\n|upkeep\n|turn|15\n|\n|t:|1733794079\n|switch|p2a: Bastiodon|Bastiodon, L89, F|252/252\n|-damage|p2a: Bastiodon|237/252|[from] Stealth Rock\n|move|p1a: Munkidori|Psyshock|p2a: Bastiodon\n|-resisted|p2a: Bastiodon\n|-damage|p2a: Bastiodon|199/252\n|\n|upkeep\n|turn|16\n|\n|t:|1733794088\n|switch|p1a: Palossand|Palossand, L89, F|249/296\n|move|p2a: Bastiodon|Foul Play|p1a: Palossand\n|-supereffective|p1a: Palossand\n|-damage|p1a: Palossand|173/296\n|\n|-heal|p1a: Palossand|191/296|[from] item: Leftovers\n|upkeep\n|turn|17\n|\n|t:|1733794107\n|switch|p2a: Venusaur|Venusaur, L84, M|128/272\n|-damage|p2a: Venusaur|94/272|[from] Stealth Rock\n|move|p1a: Palossand|Earth Power|p2a: Venusaur\n|-damage|p2a: Venusaur|0 fnt\n|faint|p2a: Venusaur\n|\n|-heal|p1a: Palossand|209/296|[from] item: Leftovers\n|upkeep\n|\n|t:|1733794115\n|switch|p2a: Zapdos|Zapdos-Galar, L77|265/265\n|-damage|p2a: Zapdos|232/265|[from] Stealth Rock\n|turn|18\n|\n|t:|1733794122\n|move|p2a: Zapdos|Knock Off|p1a: Palossand\n|-supereffective|p1a: Palossand\n|-damage|p1a: Palossand|56/296\n|-enditem|p1a: Palossand|Leftovers|[from] move: Knock Off|[of] p2a: Zapdos\n|-damage|p2a: Zapdos|206/265|[from] item: Life Orb\n|move|p1a: Palossand|Shore Up|p1a: Palossand\n|-heal|p1a: Palossand|204/296\n|\n|upkeep\n|turn|19\n|\n|t:|1733794131\n|move|p2a: Zapdos|Bulk Up|p2a: Zapdos\n|-boost|p2a: Zapdos|atk|1\n|-boost|p2a: Zapdos|def|1\n|move|p1a: Palossand|Shore Up|p1a: Palossand\n|-heal|p1a: Palossand|296/296\n|\n|upkeep\n|turn|20\n|\n|t:|1733794137\n|move|p2a: Zapdos|Knock Off|p1a: Palossand\n|-supereffective|p1a: Palossand\n|-damage|p1a: Palossand|161/296\n|-damage|p2a: Zapdos|180/265|[from] item: Life Orb\n|move|p1a: Palossand|Shadow Ball|p2a: Zapdos\n|-damage|p2a: Zapdos|78/265\n|\n|upkeep\n|turn|21\n|\n|t:|1733794156\n|move|p2a: Zapdos|Brave Bird|p1a: Palossand\n|-damage|p1a: Palossand|0 fnt\n|faint|p1a: Palossand\n|-damage|p2a: Zapdos|25/265|[from] Recoil\n|-damage|p2a: Zapdos|0 fnt|[from] item: Life Orb\n|faint|p2a: Zapdos\n|\n|upkeep\n|\n|t:|1733794162\n|switch|p2a: Arceus|Arceus-Fairy, L69, tera:Ground|147/280 tox\n|switch|p1a: Whimsicott|Whimsicott, L85, M|241/241\n|-damage|p2a: Arceus|130/280 tox|[from] Stealth Rock\n|turn|22\n|\n|t:|1733794169\n|move|p1a: Whimsicott|Giga Drain|p2a: Arceus\n|-supereffective|p2a: Arceus\n|-damage|p2a: Arceus|8/280 tox\n|move|p2a: Arceus|Recover|p2a: Arceus\n|-heal|p2a: Arceus|148/280 tox\n|\n|-damage|p2a: Arceus|131/280 tox|[from] psn\n|upkeep\n|turn|23\n|\n|t:|1733794176\n|switch|p2a: Bastiodon|Bastiodon, L89, F|199/252\n|-damage|p2a: Bastiodon|184/252|[from] Stealth Rock\n|move|p1a: Whimsicott|Giga Drain|p2a: Bastiodon\n|-damage|p2a: Bastiodon|136/252\n|\n|upkeep\n|turn|24\n|\n|t:|1733794189\n|move|p1a: Whimsicott|Stun Spore|p2a: Bastiodon\n|-status|p2a: Bastiodon|par\n|move|p2a: Bastiodon|Iron Defense|p2a: Bastiodon\n|-boost|p2a: Bastiodon|def|2\n|\n|upkeep\n|turn|25\n|\n|t:|1733794195\n|move|p1a: Whimsicott|Encore|p2a: Bastiodon\n|-start|p2a: Bastiodon|Encore\n|cant|p2a: Bastiodon|par\n|\n|upkeep\n|turn|26\n|\n|t:|1733794199\n|move|p1a: Whimsicott|Giga Drain|p2a: Bastiodon\n|-damage|p2a: Bastiodon|93/252 par\n|cant|p2a: Bastiodon|par\n|\n|upkeep\n|turn|27\n|\n|t:|1733794204\n|move|p1a: Whimsicott|Giga Drain|p2a: Bastiodon\n|-damage|p2a: Bastiodon|51/252 par\n|move|p2a: Bastiodon|Iron Defense|p2a: Bastiodon\n|-boost|p2a: Bastiodon|def|2\n|\n|-end|p2a: Bastiodon|Encore\n|upkeep\n|turn|28\n|\n|t:|1733794210\n|move|p1a: Whimsicott|Encore|p2a: Bastiodon\n|-start|p2a: Bastiodon|Encore\n|move|p2a: Bastiodon|Iron Defense|p2a: Bastiodon\n|-boost|p2a: Bastiodon|def|2\n|\n|upkeep\n|turn|29\n|\n|t:|1733794216\n|switch|p2a: Terapagos|Terapagos, L76, F|262/262\n|-activate|p2a: Terapagos|ability: Tera Shift\n|detailschange|p2a: Terapagos|Terapagos-Terastal, L76, F\n|-heal|p2a: Terapagos|269/269|[silent]\n|-damage|p2a: Terapagos|236/269|[from] Stealth Rock\n|move|p1a: Whimsicott|Giga Drain|p2a: Terapagos\n|-damage|p2a: Terapagos|166/269\n|\n|upkeep\n|turn|30\n|\n|t:|1733794227\n|switch|p2a: Bastiodon|Bastiodon, L89, F|51/252 par\n|-damage|p2a: Bastiodon|36/252 par|[from] Stealth Rock\n|move|p1a: Whimsicott|Stun Spore|p2a: Bastiodon\n|-fail|p2a: Bastiodon|par\n|\n|upkeep\n|turn|31\n|\n|t:|1733794233\n|move|p1a: Whimsicott|Giga Drain|p2a: Bastiodon\n|-damage|p2a: Bastiodon|0 fnt\n|faint|p2a: Bastiodon\n|\n|upkeep\n|-message|Nesquilz forfeited.\n|\n|win|Hyper Betlog\n|raw|Hyper Betlog's rating: 1351 &rarr; <strong>1369</strong><br />(+18 for winning)\n|raw|Nesquilz's rating: 1316 &rarr; <strong>1298</strong><br />(-18 for losing)\n|l|\u2606Nesquilz\n|player|p2|\n", "inputlog": ">version bfd83cad13791eb5a5a409923076391caf6fb4d4\n>start {\"formatid\":\"gen9randombattle\",\"seed\":[43409,27416,7516,7146],\"rated\":\"Rated battle\"}\n>player p1 {\"name\":\"Hyper Betlog\",\"avatar\":\"linebacker\",\"rating\":1314,\"seed\":[49497,62559,24816,49586]}\n>player p2 {\"name\":\"Nesquilz\",\"avatar\":\"101\",\"rating\":1316,\"seed\":[29783,65446,95,47234]}\n>p1 move stunspore\n>p2 switch 6\n>p1 switch 6\n>p2 move substitute\n>p1 move psyshock\n>p2 move sleeppowder\n>p1 move psyshock\n>p2 switch 3\n>p1 move psyshock\n>p2 move knockoff\n>p2 switch 6\n>p1 switch 5\n>p2 move earthpower\n>p1 move yawn\n>p2 move earthpower\n>p1 switch 5\n>p1 move sludgewave\n>p2 move earthpower terastallize\n>p1 switch 2\n>p2 move earthpower\n>p1 move stealthrock\n>p2 switch 3\n>p1 move shadowball\n>p2 move substitute\n>p1 move earthpower\n>p2 move leechseed\n>p1 switch 2\n>p2 move substitute\n>p1 move psyshock\n>p2 move sleeppowder\n>p1 move psyshock\n>p2 switch 4\n>p1 switch 2\n>p2 move foulplay\n>p1 move earthpower\n>p2 switch 4\n>p2 switch 2\n>p1 move shoreup\n>p2 move knockoff\n>p1 move shoreup\n>p2 move bulkup\n>p1 move shadowball\n>p2 move knockoff\n>p1 move shoreup\n>p2 move bravebird\n>p1 switch 6\n>p2 switch 3\n>p1 move gigadrain\n>p2 move recover\n>p1 move gigadrain\n>p2 switch 4\n>p1 move stunspore\n>p2 move irondefense\n>p1 move encore\n>p2 move irondefense\n>p1 move gigadrain\n>p2 move irondefense\n>p1 move gigadrain\n>p2 move irondefense\n>p1 move encore\n>p2 move rest\n>p1 move gigadrain\n>p2 switch 5\n>p1 move stunspore\n>p2 switch 5\n>p1 move gigadrain\n>p2 move rest\n>forcelose p2", "uploadtime": 1733794239, "views": 3, "formatid": "gen9randombattle", "rating": 1298, "private": 0, "password": null}