{"id": "gen9randombattle-2072365922", "format": "[Gen 9] Random Battle", "players": ["PokemonCestDur", "BlitzBurn1992"], "log": "|j|\u2606PokemonCestDur\n|j|\u2606BlitzBurn1992\n|t:|1709461283\n|gametype|singles\n|player|p1|PokemonCestDur|#ruplixsleekslushrushers|2305\n|player|p2|BlitzBurn1992|tate|2212\n|teamsize|p1|6\n|teamsize|p2|6\n|gen|9\n|tier|[Gen 9] Random Battle\n|rated|\n|rule|Species Clause: Limit one of each Pok\u00e9mon\n|rule|HP Percentage Mod: HP is shown in percentages\n|rule|Sleep Clause Mod: Limit one foe put to sleep\n|rule|Illusion Level Mod: Illusion disguises the Pok\u00e9mon's true level\n|\n|t:|1709461283\n|start\n|switch|p1a: Swanna|Swanna, L88, M|275/275\n|switch|p2a: Alcremie|Alcremie-Lemon-Cream, L90, F|263/263\n|turn|1\n|\n|t:|1709461307\n|switch|p1a: Pikachu|Pikachu-Unova, L93, M|216/216\n|move|p2a: Alcremie|Alluring Voice|p1a: Pikachu\n|-damage|p1a: Pikachu|59/216\n|\n|upkeep\n|turn|2\n|\n|t:|1709461317\n|move|p1a: Pikachu|Volt Switch|p2a: Alcremie\n|-damage|p2a: Alcremie|175/263\n|\n|t:|1709461320\n|switch|p1a: Glalie|Glalie, L96, F|309/309|[from] Volt Switch\n|move|p2a: Alcremie|Recover|p2a: Alcremie\n|-heal|p2a: Alcremie|263/263\n|\n|upkeep\n|turn|3\n|\n|t:|1709461337\n|switch|p2a: Delphox|Delphox, L84, M|263/263\n|move|p1a: Glalie|Spikes|p2a: Delphox\n|-sidestart|p2: BlitzBurn1992|Spikes\n|\n|upkeep\n|turn|4\n|\n|t:|1709461349\n|switch|p1a: Swanna|Swanna, L88, M|275/275\n|move|p2a: Delphox|Psyshock|p1a: Swanna\n|-damage|p1a: Swanna|167/275\n|\n|upkeep\n|turn|5\n|\n|t:|1709461365\n|move|p1a: Swanna|Roost|p1a: Swanna\n|-heal|p1a: Swanna|275/275\n|-singleturn|p1a: Swanna|move: Roost\n|move|p2a: Delphox|Psyshock|p1a: Swanna\n|-damage|p1a: Swanna|157/275\n|\n|upkeep\n|turn|6\n|j| Ritualfurry95\n|\n|t:|1709461375\n|move|p1a: Swanna|Roost|p1a: Swanna\n|-heal|p1a: Swanna|275/275\n|-singleturn|p1a: Swanna|move: Roost\n|move|p2a: Delphox|Nasty Plot|p2a: Delphox\n|-boost|p2a: Delphox|spa|2\n|\n|upkeep\n|turn|7\n|c| Ritualfurry95|nice unique sprite\n|\n|t:|1709461388\n|move|p1a: Swanna|Brave Bird|p2a: Delphox\n|-damage|p2a: Delphox|110/263\n|-damage|p1a: Swanna|225/275|[from] Recoil\n|move|p2a: Delphox|Psyshock|p1a: Swanna\n|-damage|p1a: Swanna|0 fnt\n|faint|p1a: Swanna\n|\n|upkeep\n|c| Ritualfurry95|I love seeing players of thsese levels duking it out\n|\n|t:|1709461396\n|switch|p1a: Pikachu|Pikachu-Unova, L93, M|59/216\n|turn|8\n|\n|t:|1709461402\n|move|p1a: Pikachu|Fake Out|p2a: Delphox\n|-damage|p2a: Delphox|60/263\n|cant|p2a: Delphox|flinch\n|\n|upkeep\n|turn|9\n|\n|t:|1709461479\n|switch|p1a: Sylveon|Sylveon, L84, F|297/297\n|move|p2a: Delphox|Psyshock|p1a: Sylveon\n|-damage|p1a: Sylveon|59/297\n|\n|-heal|p1a: Sylveon|77/297|[from] item: Leftovers\n|upkeep\n|turn|10\n|\n|t:|1709461487\n|move|p2a: Delphox|Psyshock|p1a: Sylveon\n|-damage|p1a: Sylveon|0 fnt\n|faint|p1a: Sylveon\n|\n|upkeep\n|\n|t:|1709461490\n|switch|p1a: Arceus|Arceus-Ground, L70|284/284\n|turn|11\n|\n|t:|1709461512\n|switch|p2a: Squawkabilly|Squawkabilly-Yellow, L89, M|291/291\n|-terastallize|p1a: Arceus|Normal\n|move|p1a: Arceus|Extreme Speed|p2a: Squawkabilly\n|-damage|p2a: Squawkabilly|189/291\n|\n|upkeep\n|turn|12\n|l| Ritualfurry95\n|\n|t:|1709461532\n|switch|p1a: Glalie|Glalie, L96, F|309/309\n|move|p2a: Squawkabilly|Double-Edge|p1a: Glalie|[miss]\n|-miss|p2a: Squawkabilly|p1a: Glalie\n|\n|upkeep\n|turn|13\n|\n|t:|1709461554\n|move|p2a: Squawkabilly|Double-Edge|p1a: Glalie|[miss]\n|-miss|p2a: Squawkabilly|p1a: Glalie\n|move|p1a: Glalie|Freeze-Dry|p2a: Squawkabilly\n|-supereffective|p2a: Squawkabilly\n|-damage|p2a: Squawkabilly|0 fnt\n|faint|p2a: Squawkabilly\n|\n|upkeep\n|c|\u2606BlitzBurn1992|hustle things\n|\n|t:|1709461563\n|switch|p2a: Alcremie|Alcremie-Lemon-Cream, L90, F|263/263\n|-damage|p2a: Alcremie|231/263|[from] Spikes\n|turn|14\n|\n|t:|1709461616\n|move|p1a: Glalie|Freeze-Dry|p2a: Alcremie\n|-damage|p2a: Alcremie|174/263\n|move|p2a: Alcremie|Calm Mind|p2a: Alcremie\n|-boost|p2a: Alcremie|spa|1\n|-boost|p2a: Alcremie|spd|1\n|\n|-heal|p2a: Alcremie|190/263|[from] item: Leftovers\n|upkeep\n|turn|15\n|\n|t:|1709461621\n|switch|p1a: Pikachu|Pikachu-Unova, L93, M|59/216\n|move|p2a: Alcremie|Alluring Voice|p1a: Pikachu\n|-damage|p1a: Pikachu|0 fnt\n|faint|p1a: Pikachu\n|\n|-heal|p2a: Alcremie|206/263|[from] item: Leftovers\n|upkeep\n|j| zapngoose\n|\n|t:|1709461637\n|switch|p1a: Tauros|Tauros-Paldea-Aqua, L81, M|254/254\n|-ability|p1a: Tauros|Intimidate|boost\n|-unboost|p2a: Alcremie|atk|1\n|turn|16\n|\n|t:|1709461648\n|move|p1a: Tauros|Liquidation|p2a: Alcremie\n|-damage|p2a: Alcremie|88/263\n|-damage|p1a: Tauros|229/254|[from] item: Life Orb\n|move|p2a: Alcremie|Alluring Voice|p1a: Tauros\n|-supereffective|p1a: Tauros\n|-damage|p1a: Tauros|0 fnt\n|faint|p1a: Tauros\n|\n|-heal|p2a: Alcremie|104/263|[from] item: Leftovers\n|upkeep\n|\n|t:|1709461652\n|switch|p1a: Arceus|Arceus-Ground, L70, tera:Normal|284/284\n|turn|17\n|\n|t:|1709461656\n|move|p1a: Arceus|Swords Dance|p1a: Arceus\n|-boost|p1a: Arceus|atk|2\n|move|p2a: Alcremie|Alluring Voice|p1a: Arceus\n|-damage|p1a: Arceus|127/284\n|-start|p1a: Arceus|confusion\n|\n|-heal|p2a: Alcremie|120/263|[from] item: Leftovers\n|upkeep\n|turn|18\n|\n|t:|1709461665\n|-activate|p1a: Arceus|confusion\n|move|p1a: Arceus|Earthquake|p2a: Alcremie\n|-crit|p2a: Alcremie\n|-damage|p2a: Alcremie|0 fnt\n|faint|p2a: Alcremie\n|\n|upkeep\n|\n|t:|1709461669\n|switch|p2a: Brambleghast|Brambleghast, L88, M|240/240\n|turn|19\n|\n|t:|1709461674\n|switch|p1a: Glalie|Glalie, L96, F|309/309\n|move|p2a: Brambleghast|Power Whip|p1a: Glalie\n|-damage|p1a: Glalie|150/309\n|\n|upkeep\n|turn|20\n|\n|t:|1709461682\n|switch|p2a: Venomoth|Venomoth, L85, M|258/258\n|-damage|p2a: Venomoth|226/258|[from] Spikes\n|move|p1a: Glalie|Freeze-Dry|p2a: Venomoth\n|-damage|p2a: Venomoth|129/258\n|-status|p2a: Venomoth|frz\n|\n|-heal|p2a: Venomoth|145/258 frz|[from] item: Leftovers\n|upkeep\n|turn|21\n|\n|t:|1709461706\n|switch|p1a: Arceus|Arceus-Ground, L70, tera:Normal|127/284\n|cant|p2a: Venomoth|frz\n|\n|-heal|p2a: Venomoth|161/258 frz|[from] item: Leftovers\n|upkeep\n|turn|22\n|\n|t:|1709461712\n|switch|p2a: Brambleghast|Brambleghast, L88, M|240/240\n|move|p1a: Arceus|Swords Dance|p1a: Arceus\n|-boost|p1a: Arceus|atk|2\n|\n|upkeep\n|turn|23\n|\n|t:|1709461717\n|move|p2a: Brambleghast|Power Whip|p1a: Arceus\n|-damage|p1a: Arceus|0 fnt\n|faint|p1a: Arceus\n|\n|upkeep\n|\n|t:|1709461720\n|switch|p1a: Glalie|Glalie, L96, F|150/309\n|turn|24\n|\n|t:|1709461724\n|switch|p2a: Venomoth|Venomoth, L85, M|161/258 frz\n|-damage|p2a: Venomoth|129/258 frz|[from] Spikes\n|move|p1a: Glalie|Freeze-Dry|p2a: Venomoth\n|-damage|p2a: Venomoth|39/258 frz\n|\n|-heal|p2a: Venomoth|55/258 frz|[from] item: Leftovers\n|upkeep\n|turn|25\n|\n|t:|1709461730\n|move|p1a: Glalie|Freeze-Dry|p2a: Venomoth\n|-damage|p2a: Venomoth|0 fnt\n|faint|p2a: Venomoth\n|\n|upkeep\n|\n|t:|1709461732\n|switch|p2a: Delphox|Delphox, L84, M|60/263\n|turn|26\n|\n|t:|1709461738\n|move|p2a: Delphox|Psyshock|p1a: Glalie\n|-damage|p1a: Glalie|54/309\n|move|p1a: Glalie|Earthquake|p2a: Delphox\n|-supereffective|p2a: Delphox\n|-damage|p2a: Delphox|0 fnt\n|faint|p2a: Delphox\n|\n|upkeep\n|\n|t:|1709461741\n|switch|p2a: Latias|Latias, L79, F|256/256\n|turn|27\n|\n|t:|1709461744\n|-terastallize|p2a: Latias|Steel\n|move|p2a: Latias|Aura Sphere|p1a: Glalie\n|-supereffective|p1a: Glalie\n|-damage|p1a: Glalie|0 fnt\n|faint|p1a: Glalie\n|\n|win|BlitzBurn1992\n|raw|PokemonCestDur's rating: 2305 &rarr; <strong>2280</strong><br />(-25 for losing)\n|raw|BlitzBurn1992's rating: 2212 &rarr; <strong>2237</strong><br />(+25 for winning)\n|c|\u2606PokemonCestDur|gg\n|c|\u2606BlitzBurn1992|gg\n|l|\u2606PokemonCestDur\n|player|p1|\n", "inputlog": ">version c4ae0cf9f41f905e887269426d9f7fc3e478d0c6\n>start {\"formatid\":\"gen9randombattle\",\"seed\":[30676,54712,42322,29846],\"rated\":\"Rated battle\"}\n>player p1 {\"name\":\"PokemonCestDur\",\"avatar\":\"#ruplixsleekslushrushers\",\"rating\":2305,\"seed\":[21368,33425,59398,3245]}\n>player p2 {\"name\":\"BlitzBurn1992\",\"avatar\":\"tate\",\"rating\":2212,\"seed\":[47478,14493,53648,23289]}\n>p1 switch 5\n>p2 move alluringvoice\n>p1 move voltswitch\n>p2 move recover\n>p1 switch 3\n>p1 move spikes\n>p2 switch 2\n>p1 switch 5\n>p2 move psyshock\n>p1 move roost\n>p2 move psyshock\n>p1 move roost\n>p2 move nastyplot\n>chat  Ritualfurry95|nice unique sprite\n>p1 move bravebird\n>p2 move psyshock\n>chat  Ritualfurry95|I love seeing players of thsese levels duking it out\n>p1 switch 3\n>p1 move fakeout\n>p2 move psyshock\n>p1 switch 4\n>p2 move psyshock\n>p1 move wish\n>p2 move psyshock\n>p1 switch 6\n>p1 move extremespeed terastallize\n>p2 switch 4\n>p1 switch 5\n>p2 move doubleedge\n>p1 move freezedry\n>p2 move doubleedge\n>chat \u2606BlitzBurn1992|hustle things\n>p2 switch 2\n>p1 move freezedry\n>p2 move calmmind\n>p1 switch 4\n>p2 move alluringvoice\n>p1 switch 2\n>p1 move liquidation\n>p2 move alluringvoice\n>p1 switch 5\n>p1 move swordsdance\n>p2 move alluringvoice\n>p1 move earthquake\n>p2 move alluringvoice\n>p2 switch 6\n>p1 switch 4\n>p2 move powerwhip\n>p1 move freezedry\n>p2 switch 5\n>p1 switch 4\n>p2 move quiverdance\n>p1 move swordsdance\n>p2 switch 5\n>p1 move stoneedge\n>p2 move powerwhip\n>p1 switch 4\n>p1 move freezedry\n>p2 switch 5\n>p1 move freezedry\n>p2 move quiverdance\n>p2 switch 4\n>p1 move earthquake\n>p2 move psyshock\n>p2 switch 3\n>p1 move freezedry\n>p2 move aurasphere terastallize", "uploadtime": 1709461753, "views": 259, "formatid": "gen9randombattle", "rating": 2237, "private": 0, "password": null}