{"id": "gen9randombattle-2194394929", "format": "[Gen 9] Random Battle", "players": ["Gloriousplays", "Star Wheel"], "log": "|badge|p1|bronze|gen9ubers|100-2\n|uhtml|medal-msg|<div class=\"broadcast-blue\">Curious what those medals under the avatar are? PS now has Ladder Seasons! For more information, check out the <a href=\"https://www.smogon.com/forums/threads/3740067/\">thread on Smogon.</a></div>\n|j|\u2606Gloriousplays\n|j|\u2606Star Wheel\n|t:|1725459049\n|gametype|singles\n|player|p1|Gloriousplays|ash|2196\n|player|p2|Star Wheel|darach-caitlin|2241\n|teamsize|p1|6\n|teamsize|p2|6\n|gen|9\n|tier|[Gen 9] Random Battle\n|rated|\n|rule|Species Clause: Limit one of each Pok\u00e9mon\n|rule|HP Percentage Mod: HP is shown in percentages\n|rule|Sleep Clause Mod: Limit one foe put to sleep\n|rule|Illusion Level Mod: Illusion disguises the Pok\u00e9mon's true level\n|\n|t:|1725459049\n|start\n|switch|p1a: Spidops|Spidops, L96, M|271/271\n|switch|p2a: Salamence|Salamence, L77, M|273/273\n|-ability|p2a: Salamence|Intimidate|boost\n|-unboost|p1a: Spidops|atk|1\n|turn|1\n|inactive|Battle timer is ON: inactive players will automatically lose when time's up. (requested by Star Wheel)\n|inactive|Gloriousplays has 120 seconds left.\n|\n|t:|1725459093\n|switch|p1a: Mesprit|Mesprit, L85|275/275\n|move|p2a: Salamence|Dual Wingbeat|p1a: Mesprit\n|-damage|p1a: Mesprit|233/275\n|-damage|p1a: Mesprit|193/275\n|-hitcount|p1a: Mesprit|2\n|\n|-heal|p1a: Mesprit|210/275|[from] item: Leftovers\n|upkeep\n|turn|2\n|\n|t:|1725459105\n|switch|p2a: Bombirdier|Bombirdier, L85, M|258/258\n|move|p1a: Mesprit|Thunder Wave|p2a: Bombirdier|[miss]\n|-miss|p1a: Mesprit|p2a: Bombirdier\n|\n|-heal|p1a: Mesprit|227/275|[from] item: Leftovers\n|upkeep\n|turn|3\n|\n|t:|1725459118\n|move|p2a: Bombirdier|Knock Off|p1a: Mesprit\n|-supereffective|p1a: Mesprit\n|-damage|p1a: Mesprit|35/275\n|-enditem|p1a: Mesprit|Leftovers|[from] move: Knock Off|[of] p2a: Bombirdier\n|move|p1a: Mesprit|Thunder Wave|p2a: Bombirdier\n|-status|p2a: Bombirdier|par\n|\n|upkeep\n|turn|4\n|\n|t:|1725459121\n|move|p1a: Mesprit|U-turn|p2a: Bombirdier\n|-damage|p2a: Bombirdier|200/258 par\n|\n|t:|1725459127\n|switch|p1a: Araquanid|Araquanid, L82, M|246/246|[from] U-turn\n|move|p2a: Bombirdier|U-turn|p1a: Araquanid\n|-damage|p1a: Araquanid|190/246\n|\n|t:|1725459136\n|switch|p2a: Salamence|Salamence, L77, M|273/273|[from] U-turn\n|-ability|p2a: Salamence|Intimidate|boost\n|-unboost|p1a: Araquanid|atk|1\n|\n|upkeep\n|turn|5\n|inactive|Gloriousplays has 120 seconds left.\n|\n|t:|1725459173\n|switch|p1a: Banette|Banette, L93, M|270/270\n|move|p2a: Salamence|Dragon Dance|p2a: Salamence\n|-boost|p2a: Salamence|atk|1\n|-boost|p2a: Salamence|spe|1\n|\n|upkeep\n|turn|6\n|\n|t:|1725459183\n|move|p2a: Salamence|Dragon Dance|p2a: Salamence\n|-boost|p2a: Salamence|atk|1\n|-boost|p2a: Salamence|spe|1\n|move|p1a: Banette|Poltergeist|p2a: Salamence\n|-activate|p2a: Salamence|move: Poltergeist|Heavy-Duty Boots\n|-damage|p2a: Salamence|43/273\n|-damage|p1a: Banette|243/270|[from] item: Life Orb\n|\n|upkeep\n|turn|7\n|\n|t:|1725459195\n|switch|p2a: Vigoroth|Vigoroth, L85, M|275/275\n|move|p1a: Banette|Shadow Sneak|p2a: Vigoroth\n|-immune|p2a: Vigoroth\n|\n|upkeep\n|turn|8\n|j| pokemon tax agency\n|\n|t:|1725459206\n|switch|p1a: Mesprit|Mesprit, L85|35/275\n|move|p2a: Vigoroth|Bulk Up|p2a: Vigoroth\n|-boost|p2a: Vigoroth|atk|1\n|-boost|p2a: Vigoroth|def|1\n|\n|upkeep\n|turn|9\n|\n|t:|1725459209\n|move|p2a: Vigoroth|Body Slam|p1a: Mesprit\n|-damage|p1a: Mesprit|0 fnt\n|faint|p1a: Mesprit\n|\n|upkeep\n|l| pokemon tax agency\n|\n|t:|1725459220\n|switch|p1a: Grumpig|Grumpig, L92, F|297/297\n|turn|10\n|\n|t:|1725459233\n|switch|p2a: Bombirdier|Bombirdier, L85, M|200/258 par\n|move|p1a: Grumpig|Trick|p2a: Bombirdier\n|-activate|p1a: Grumpig|move: Trick|[of] p2a: Bombirdier\n|-item|p2a: Bombirdier|Choice Scarf|[from] move: Trick\n|-item|p1a: Grumpig|Heavy-Duty Boots|[from] move: Trick\n|\n|upkeep\n|turn|11\n|\n|t:|1725459245\n|move|p1a: Grumpig|Trick|p2a: Bombirdier\n|-activate|p1a: Grumpig|move: Trick|[of] p2a: Bombirdier\n|-item|p2a: Bombirdier|Heavy-Duty Boots|[from] move: Trick\n|-item|p1a: Grumpig|Choice Scarf|[from] move: Trick\n|move|p2a: Bombirdier|U-turn|p1a: Grumpig\n|-supereffective|p1a: Grumpig\n|-damage|p1a: Grumpig|173/297\n|\n|t:|1725459255\n|switch|p2a: Froslass|Froslass, L87, F|263/263|[from] U-turn\n|\n|upkeep\n|turn|12\n|\n|t:|1725459258\n|move|p1a: Grumpig|Shadow Ball|p2a: Froslass\n|-supereffective|p2a: Froslass\n|-damage|p2a: Froslass|123/263\n|move|p2a: Froslass|Spikes|p1a: Grumpig\n|-sidestart|p1: Gloriousplays|Spikes\n|\n|upkeep\n|turn|13\n|\n|t:|1725459263\n|move|p1a: Grumpig|Shadow Ball|p2a: Froslass\n|-supereffective|p2a: Froslass\n|-damage|p2a: Froslass|0 fnt\n|-start|p1a: Grumpig|Disable|Shadow Ball|[from] ability: Cursed Body|[of] p2a: Froslass\n|faint|p2a: Froslass\n|\n|upkeep\n|\n|t:|1725459267\n|switch|p2a: Floatzel|Floatzel, L85, M|283/283\n|turn|14\n|\n|t:|1725459296\n|switch|p1a: Hydrapple|Hydrapple, L83, F|312/312\n|-damage|p1a: Hydrapple|273/312|[from] Spikes\n|move|p2a: Floatzel|Bulk Up|p2a: Floatzel\n|-boost|p2a: Floatzel|atk|1\n|-boost|p2a: Floatzel|def|1\n|\n|upkeep\n|turn|15\n|\n|t:|1725459304\n|switch|p2a: Bombirdier|Bombirdier, L85, M|200/258 par\n|-terastallize|p1a: Hydrapple|Steel\n|move|p1a: Hydrapple|Dragon Tail|p2a: Bombirdier\n|-damage|p2a: Bombirdier|146/258 par\n|drag|p2a: Empoleon|Empoleon, L84, F|278/278\n|\n|upkeep\n|turn|16\n|\n|t:|1725459314\n|move|p2a: Empoleon|Yawn|p1a: Hydrapple\n|-start|p1a: Hydrapple|move: Yawn|[of] p2a: Empoleon\n|move|p1a: Hydrapple|Earth Power|p2a: Empoleon\n|-supereffective|p2a: Empoleon\n|-damage|p2a: Empoleon|142/278\n|\n|-heal|p2a: Empoleon|159/278|[from] item: Leftovers\n|upkeep\n|turn|17\n|\n|t:|1725459325\n|switch|p2a: Salamence|Salamence, L77, M|43/273\n|-ability|p2a: Salamence|Intimidate|boost\n|-unboost|p1a: Hydrapple|atk|1\n|switch|p1a: Spidops|Spidops, L96, M|271/271\n|-damage|p1a: Spidops|238/271|[from] Spikes\n|\n|upkeep\n|turn|18\n|\n|t:|1725459331\n|move|p2a: Salamence|Dual Wingbeat|p1a: Spidops\n|-supereffective|p1a: Spidops\n|-damage|p1a: Spidops|166/271\n|-supereffective|p1a: Spidops\n|-damage|p1a: Spidops|88/271\n|-hitcount|p1a: Spidops|2\n|move|p1a: Spidops|Knock Off|p2a: Salamence\n|-damage|p2a: Salamence|0 fnt\n|-enditem|p2a: Salamence|Heavy-Duty Boots|[from] move: Knock Off|[of] p1a: Spidops\n|faint|p2a: Salamence\n|\n|upkeep\n|\n|t:|1725459344\n|switch|p2a: Floatzel|Floatzel, L85, M|283/283\n|turn|19\n|\n|t:|1725459348\n|move|p2a: Floatzel|Wave Crash|p1a: Spidops\n|-damage|p1a: Spidops|0 fnt\n|faint|p1a: Spidops\n|-damage|p2a: Floatzel|254/283|[from] Recoil\n|\n|-heal|p2a: Floatzel|271/283|[from] item: Leftovers\n|upkeep\n|\n|t:|1725459353\n|switch|p1a: Hydrapple|Hydrapple, L83, F, tera:Steel|312/312\n|-damage|p1a: Hydrapple|273/312|[from] Spikes\n|turn|20\n|\n|t:|1725459376\n|switch|p2a: Empoleon|Empoleon, L84, F|159/278\n|move|p1a: Hydrapple|Dragon Tail|p2a: Empoleon\n|-resisted|p2a: Empoleon\n|-damage|p2a: Empoleon|132/278\n|drag|p2a: Floatzel|Floatzel, L85, M|271/283\n|\n|-heal|p2a: Floatzel|283/283|[from] item: Leftovers\n|upkeep\n|turn|21\n|\n|t:|1725459391\n|switch|p2a: Empoleon|Empoleon, L84, F|132/278\n|move|p1a: Hydrapple|Giga Drain|p2a: Empoleon\n|-damage|p2a: Empoleon|47/278\n|-heal|p1a: Hydrapple|312/312|[from] drain|[of] p2a: Empoleon\n|\n|-heal|p2a: Empoleon|64/278|[from] item: Leftovers\n|upkeep\n|turn|22\n|\n|t:|1725459401\n|move|p2a: Empoleon|Yawn|p1a: Hydrapple\n|-start|p1a: Hydrapple|move: Yawn|[of] p2a: Empoleon\n|move|p1a: Hydrapple|Dragon Tail|p2a: Empoleon\n|-resisted|p2a: Empoleon\n|-damage|p2a: Empoleon|34/278\n|drag|p2a: Vigoroth|Vigoroth, L85, M|275/275\n|\n|upkeep\n|turn|23\n|\n|t:|1725459412\n|switch|p1a: Grumpig|Grumpig, L92, F|173/297\n|-damage|p1a: Grumpig|136/297|[from] Spikes\n|move|p2a: Vigoroth|Body Slam|p1a: Grumpig\n|-damage|p1a: Grumpig|45/297\n|\n|upkeep\n|turn|24\n|\n|t:|1725459417\n|switch|p2a: Bombirdier|Bombirdier, L85, M|146/258 par\n|move|p1a: Grumpig|Focus Blast|p2a: Bombirdier\n|-damage|p2a: Bombirdier|43/258 par\n|\n|upkeep\n|turn|25\n|\n|t:|1725459422\n|move|p1a: Grumpig|Focus Blast|p2a: Bombirdier\n|-damage|p2a: Bombirdier|0 fnt\n|faint|p2a: Bombirdier\n|\n|upkeep\n|\n|t:|1725459428\n|switch|p2a: Vigoroth|Vigoroth, L85, M|275/275\n|turn|26\n|\n|t:|1725459438\n|switch|p1a: Banette|Banette, L93, M|243/270\n|-damage|p1a: Banette|210/270|[from] Spikes\n|move|p2a: Vigoroth|Earthquake|p1a: Banette\n|-damage|p1a: Banette|137/270\n|\n|upkeep\n|turn|27\n|inactive|Star Wheel has 120 seconds left.\n|\n|t:|1725459482\n|switch|p1a: Grumpig|Grumpig, L92, F|45/297\n|-damage|p1a: Grumpig|8/297|[from] Spikes\n|-terastallize|p2a: Vigoroth|Ground\n|move|p2a: Vigoroth|Bulk Up|p2a: Vigoroth\n|-boost|p2a: Vigoroth|atk|1\n|-boost|p2a: Vigoroth|def|1\n|\n|upkeep\n|turn|28\n|\n|t:|1725459497\n|switch|p2a: Empoleon|Empoleon, L84, F|34/278\n|move|p1a: Grumpig|Trick|p2a: Empoleon\n|-activate|p1a: Grumpig|move: Trick|[of] p2a: Empoleon\n|-item|p2a: Empoleon|Choice Scarf|[from] move: Trick\n|-item|p1a: Grumpig|Leftovers|[from] move: Trick\n|\n|-heal|p1a: Grumpig|26/297|[from] item: Leftovers\n|upkeep\n|turn|29\n|inactive|Star Wheel has 120 seconds left.\n|\n|t:|1725459524\n|move|p2a: Empoleon|Surf|p1a: Grumpig\n|-damage|p1a: Grumpig|0 fnt\n|faint|p1a: Grumpig\n|\n|upkeep\n|\n|t:|1725459533\n|switch|p1a: Banette|Banette, L93, M|137/270\n|-damage|p1a: Banette|104/270|[from] Spikes\n|turn|30\n|\n|t:|1725459547\n|move|p1a: Banette|Shadow Sneak|p2a: Empoleon\n|-damage|p2a: Empoleon|0 fnt\n|faint|p2a: Empoleon\n|-damage|p1a: Banette|77/270|[from] item: Life Orb\n|\n|upkeep\n|\n|t:|1725459549\n|switch|p2a: Vigoroth|Vigoroth, L85, M, tera:Ground|275/275\n|turn|31\n|\n|t:|1725459552\n|switch|p1a: Araquanid|Araquanid, L82, M|190/246\n|-damage|p1a: Araquanid|160/246|[from] Spikes\n|move|p2a: Vigoroth|Bulk Up|p2a: Vigoroth\n|-boost|p2a: Vigoroth|atk|1\n|-boost|p2a: Vigoroth|def|1\n|\n|upkeep\n|turn|32\n|\n|t:|1725459556\n|move|p2a: Vigoroth|Bulk Up|p2a: Vigoroth\n|-boost|p2a: Vigoroth|atk|1\n|-boost|p2a: Vigoroth|def|1\n|move|p1a: Araquanid|Hydro Pump|p2a: Vigoroth\n|-supereffective|p2a: Vigoroth\n|-damage|p2a: Vigoroth|21/275\n|\n|upkeep\n|turn|33\n|\n|t:|1725459560\n|move|p2a: Vigoroth|Body Slam|p1a: Araquanid\n|-damage|p1a: Araquanid|0 fnt\n|faint|p1a: Araquanid\n|\n|upkeep\n|\n|t:|1725459564\n|switch|p1a: Banette|Banette, L93, M|77/270\n|-damage|p1a: Banette|44/270|[from] Spikes\n|turn|34\n|\n|t:|1725459571\n|switch|p2a: Floatzel|Floatzel, L85, M|283/283\n|move|p1a: Banette|Shadow Sneak|p2a: Floatzel\n|-damage|p2a: Floatzel|184/283\n|-damage|p1a: Banette|17/270|[from] item: Life Orb\n|\n|-heal|p2a: Floatzel|201/283|[from] item: Leftovers\n|upkeep\n|turn|35\n|\n|t:|1725459578\n|move|p1a: Banette|Shadow Sneak|p2a: Floatzel\n|-damage|p2a: Floatzel|88/283\n|-damage|p1a: Banette|0 fnt|[from] item: Life Orb\n|faint|p1a: Banette\n|move|p2a: Floatzel|Crunch|p1: Banette|[notarget]\n|-fail|p2a: Floatzel\n|\n|-heal|p2a: Floatzel|105/283|[from] item: Leftovers\n|upkeep\n|\n|t:|1725459580\n|switch|p1a: Hydrapple|Hydrapple, L83, F, tera:Steel|312/312\n|-damage|p1a: Hydrapple|273/312|[from] Spikes\n|turn|36\n|\n|t:|1725459584\n|move|p2a: Floatzel|Crunch|p1a: Hydrapple\n|-damage|p1a: Hydrapple|223/312\n|move|p1a: Hydrapple|Giga Drain|p2a: Floatzel\n|-supereffective|p2a: Floatzel\n|-damage|p2a: Floatzel|0 fnt\n|-heal|p1a: Hydrapple|276/312|[from] drain|[of] p2a: Floatzel\n|faint|p2a: Floatzel\n|\n|upkeep\n|\n|t:|1725459585\n|switch|p2a: Vigoroth|Vigoroth, L85, M, tera:Ground|21/275\n|turn|37\n|\n|t:|1725459586\n|move|p2a: Vigoroth|Earthquake|p1a: Hydrapple\n|-supereffective|p1a: Hydrapple\n|-damage|p1a: Hydrapple|124/312\n|move|p1a: Hydrapple|Giga Drain|p2a: Vigoroth\n|-supereffective|p2a: Vigoroth\n|-damage|p2a: Vigoroth|0 fnt\n|-heal|p1a: Hydrapple|135/312|[from] drain|[of] p2a: Vigoroth\n|faint|p2a: Vigoroth\n|\n|win|Gloriousplays\n|raw|Gloriousplays's rating: 2196 &rarr; <strong>2219</strong><br />(+23 for winning)\n|raw|Star Wheel's rating: 2241 &rarr; <strong>2218</strong><br />(-23 for losing)\n", "inputlog": ">version fb38517c27254f3634e2780c496b6b56e66c1790\n>start {\"formatid\":\"gen9randombattle\",\"seed\":[62209,14925,28723,39485],\"rated\":\"Rated battle\"}\n>player p1 {\"name\":\"Gloriousplays\",\"avatar\":\"ash\",\"rating\":2196,\"seed\":[13734,2716,17274,9384]}\n>player p2 {\"name\":\"Star Wheel\",\"avatar\":\"darach-caitlin\",\"rating\":2241,\"seed\":[3563,23869,20136,2002]}\n>p1 switch 2\n>p2 move dualwingbeat\n>p1 move thunderwave\n>p2 switch 3\n>p1 move thunderwave\n>p2 move knockoff\n>p1 move uturn\n>p2 move uturn\n>p1 switch 5\n>p2 switch 3\n>p1 switch 3\n>p2 move dragondance\n>p1 move poltergeist\n>p2 move dragondance\n>p1 move shadowsneak\n>p2 switch 4\n>p1 switch 5\n>p2 move bulkup\n>p1 move encore\n>p2 move bodyslam\n>p1 switch 6\n>p1 move trick\n>p2 switch 3\n>p1 move trick\n>p2 move uturn\n>p2 switch 2\n>p1 move shadowball\n>p2 move spikes\n>p1 move shadowball\n>p2 move spikes\n>p2 switch 5\n>p1 switch 4\n>p2 move bulkup\n>p1 move dragontail terastallize\n>p2 switch 2\n>p1 move earthpower\n>p2 move yawn\n>p1 switch 2\n>p2 switch 4\n>p1 move knockoff\n>p2 move dualwingbeat\n>p2 switch 2\n>p1 move stickyweb\n>p2 move wavecrash\n>p1 switch 2\n>p1 move dragontail\n>p2 switch 4\n>p1 move gigadrain\n>p2 switch 4\n>p1 move dragontail\n>p2 move yawn\n>p1 switch 4\n>p2 move bodyslam\n>p1 move focusblast\n>p2 switch 6\n>p1 move focusblast\n>p2 move uturn\n>p2 switch 6\n>p1 switch 5\n>p2 move earthquake\n>p1 switch 5\n>p2 move bulkup terastallize\n>p1 move trick\n>p2 switch 3\n>p1 move shadowball\n>p2 move surf\n>p1 switch 5\n>p1 move shadowsneak\n>p2 move surf\n>p2 switch 3\n>p1 switch 3\n>p2 move bulkup\n>p1 move hydropump\n>p2 move bulkup\n>p1 move liquidation\n>p2 move bodyslam\n>p1 switch 3\n>p1 move shadowsneak\n>p2 switch 4\n>p1 move shadowsneak\n>p2 move crunch\n>p1 switch 4\n>p1 move gigadrain\n>p2 move crunch\n>p2 switch 4\n>p1 move gigadrain\n>p2 move earthquake", "uploadtime": 1725459590, "views": 100, "formatid": "gen9randombattle", "rating": 2218, "private": 0, "password": null}