{"id": "gen9randombattle-2257838760", "format": "[Gen 9] Random Battle", "players": ["paysa", "wanted fame=got it"], "log": "|badge|p1|silver|gen9randombattle|30-3\n|uhtml|medal-msg|<div class=\"broadcast-blue\">Curious what those medals under the avatar are? PS now has Ladder Seasons! For more information, check out the <a href=\"https://www.smogon.com/forums/threads/3740067/\">thread on Smogon.</a></div>\n|badge|p2|silver|gen9randombattle|30-3\n|uhtml|medal-msg|<div class=\"broadcast-blue\">Curious what those medals under the avatar are? PS now has Ladder Seasons! For more information, check out the <a href=\"https://www.smogon.com/forums/threads/3740067/\">thread on Smogon.</a></div>\n|j|\u2606paysa\n|j|\u203dwanted fame=got it\n|t:|1733486857\n|gametype|singles\n|player|p1|paysa|265|2391\n|player|p2|wanted fame=got it|aromalady|2389\n|teamsize|p1|6\n|teamsize|p2|6\n|gen|9\n|tier|[Gen 9] Random Battle\n|rated|\n|rule|Species Clause: Limit one of each Pok\u00e9mon\n|rule|HP Percentage Mod: HP is shown in percentages\n|rule|Sleep Clause Mod: Limit one foe put to sleep\n|rule|Illusion Level Mod: Illusion disguises the Pok\u00e9mon's true level\n|\n|t:|1733486857\n|start\n|switch|p1a: Scyther|Scyther, L82, M|249/249\n|switch|p2a: Camerupt|Camerupt, L91, F|275/275\n|turn|1\n|inactive|Battle timer is ON: inactive players will automatically lose when time's up. (requested by wanted fame=got it)\n|\n|t:|1733486886\n|move|p1a: Scyther|U-turn|p2a: Camerupt\n|-resisted|p2a: Camerupt\n|-damage|p2a: Camerupt|233/275\n|\n|t:|1733486888\n|switch|p1a: Alomomola|Alomomola, L87, F|429/429|[from] U-turn\n|move|p2a: Camerupt|Overheat|p1a: Alomomola\n|-resisted|p1a: Alomomola\n|-damage|p1a: Alomomola|306/429\n|-unboost|p2a: Camerupt|spa|2\n|\n|-heal|p1a: Alomomola|332/429|[from] item: Leftovers\n|-heal|p2a: Camerupt|250/275|[from] item: Leftovers\n|upkeep\n|turn|2\n|\n|t:|1733486908\n|switch|p2a: Abomasnow|Abomasnow, L85, M|291/291\n|-weather|Snow|[from] ability: Snow Warning|[of] p2a: Abomasnow\n|move|p1a: Alomomola|Wish|p1a: Alomomola\n|\n|-weather|Snow|[upkeep]\n|-heal|p1a: Alomomola|358/429|[from] item: Leftovers\n|upkeep\n|turn|3\n|\n|t:|1733486922\n|move|p1a: Alomomola|Flip Turn|p2a: Abomasnow\n|-resisted|p2a: Abomasnow\n|-damage|p2a: Abomasnow|272/291\n|\n|t:|1733486947\n|switch|p1a: Dunsparce|Dunsparce, L86, F|312/312|[from] Flip Turn\n|move|p2a: Abomasnow|Aurora Veil|p2a: Abomasnow\n|-sidestart|p2: wanted fame=got it|move: Aurora Veil\n|\n|-weather|Snow|[upkeep]\n|upkeep\n|turn|4\n|\n|t:|1733486962\n|switch|p2a: Scrafty|Scrafty, L84, F|246/246\n|move|p1a: Dunsparce|Body Slam|p2a: Scrafty\n|-damage|p2a: Scrafty|214/246\n|-status|p2a: Scrafty|par\n|\n|-weather|Snow|[upkeep]\n|-heal|p2a: Scrafty|229/246 par|[from] item: Leftovers\n|upkeep\n|turn|5\n|inactive|paysa has 120 seconds left.\n|\n|t:|1733487011\n|switch|p1a: Magmortar|Magmortar, L88, F|275/275\n|cant|p2a: Scrafty|par\n|\n|-weather|Snow|[upkeep]\n|-heal|p2a: Scrafty|244/246 par|[from] item: Leftovers\n|upkeep\n|turn|6\n|\n|t:|1733487019\n|switch|p2a: Camerupt|Camerupt, L91, F|250/275\n|move|p1a: Magmortar|Knock Off|p2a: Camerupt\n|-damage|p2a: Camerupt|208/275\n|-enditem|p2a: Camerupt|Leftovers|[from] move: Knock Off|[of] p1a: Magmortar\n|\n|-weather|none\n|upkeep\n|turn|7\n|\n|t:|1733487025\n|switch|p1a: Alomomola|Alomomola, L87, F|429/429\n|move|p2a: Camerupt|Stealth Rock|p1a: Alomomola\n|-sidestart|p1: paysa|move: Stealth Rock\n|\n|upkeep\n|turn|8\n|inactive|paysa has 120 seconds left.\n|\n|t:|1733487039\n|switch|p2a: Abomasnow|Abomasnow, L85, M|272/291\n|-weather|Snow|[from] ability: Snow Warning|[of] p2a: Abomasnow\n|move|p1a: Alomomola|Scald|p2a: Abomasnow\n|-resisted|p2a: Abomasnow\n|-damage|p2a: Abomasnow|259/291\n|\n|-weather|Snow|[upkeep]\n|upkeep\n|turn|9\n|inactive|paysa has 120 seconds left.\n|\n|t:|1733487062\n|move|p1a: Alomomola|Wish|p1a: Alomomola\n|move|p2a: Abomasnow|Blizzard|p1a: Alomomola\n|-resisted|p1a: Alomomola\n|-damage|p1a: Alomomola|333/429\n|\n|-weather|Snow|[upkeep]\n|-heal|p1a: Alomomola|359/429|[from] item: Leftovers\n|upkeep\n|turn|10\n|\n|t:|1733487069\n|move|p1a: Alomomola|Flip Turn|p2a: Abomasnow\n|-resisted|p2a: Abomasnow\n|-damage|p2a: Abomasnow|248/291\n|\n|t:|1733487099\n|switch|p1a: Magmortar|Magmortar, L88, F|275/275|[from] Flip Turn\n|move|p2a: Abomasnow|Blizzard|p1a: Magmortar\n|-resisted|p1a: Magmortar\n|-damage|p1a: Magmortar|222/275\n|\n|-weather|Snow|[upkeep]\n|-heal|p1a: Magmortar|275/275|[from] move: Wish|[wisher] Alomomola\n|-sideend|p2: wanted fame=got it|move: Aurora Veil\n|upkeep\n|turn|11\n|\n|t:|1733487114\n|switch|p2a: Grumpig|Grumpig, L92, M|297/297\n|move|p1a: Magmortar|Focus Blast|p2a: Grumpig\n|-resisted|p2a: Grumpig\n|-damage|p2a: Grumpig|255/297\n|\n|-weather|Snow|[upkeep]\n|upkeep\n|turn|12\n|\n|t:|1733487126\n|move|p2a: Grumpig|Psychic|p1a: Magmortar\n|-damage|p1a: Magmortar|142/275\n|move|p1a: Magmortar|Knock Off|p2a: Grumpig\n|-supereffective|p2a: Grumpig\n|-damage|p2a: Grumpig|87/297\n|-enditem|p2a: Grumpig|Choice Specs|[from] move: Knock Off|[of] p1a: Magmortar\n|\n|-weather|none\n|upkeep\n|turn|13\n|inactive|paysa has 90 seconds left.\n|\n|t:|1733487160\n|switch|p1a: Scyther|Scyther, L82, M|249/249\n|move|p2a: Grumpig|Earth Power|p1a: Scyther\n|-immune|p1a: Scyther\n|\n|upkeep\n|turn|14\n|\n|t:|1733487166\n|move|p1a: Scyther|U-turn|p2a: Grumpig\n|-supereffective|p2a: Grumpig\n|-damage|p2a: Grumpig|0 fnt\n|faint|p2a: Grumpig\n|inactive|paysa has 60 seconds left.\n|\n|t:|1733487198\n|switch|p1a: Pyroar|Pyroar, L88, F|295/295|[from] U-turn\n|-ability|p1a: Pyroar|Unnerve\n|\n|upkeep\n|\n|t:|1733487215\n|switch|p2a: Camerupt|Camerupt, L91, F|208/275\n|turn|15\n|\n|t:|1733487220\n|move|p1a: Pyroar|Hyper Voice|p2a: Camerupt\n|-damage|p2a: Camerupt|84/275\n|move|p2a: Camerupt|Earthquake|p1a: Pyroar\n|-supereffective|p1a: Pyroar\n|-damage|p1a: Pyroar|13/295\n|\n|upkeep\n|turn|16\n|\n|t:|1733487231\n|move|p1a: Pyroar|Hyper Voice|p2a: Camerupt\n|-damage|p2a: Camerupt|0 fnt\n|faint|p2a: Camerupt\n|\n|upkeep\n|\n|t:|1733487233\n|switch|p2a: Abomasnow|Abomasnow, L85, M|248/291\n|-weather|Snow|[from] ability: Snow Warning|[of] p2a: Abomasnow\n|turn|17\n|inactive|paysa has 90 seconds left.\n|\n|t:|1733487254\n|switch|p1a: Alomomola|Alomomola, L87, F|429/429\n|-damage|p1a: Alomomola|376/429|[from] Stealth Rock\n|move|p2a: Abomasnow|Aurora Veil|p2a: Abomasnow\n|-sidestart|p2: wanted fame=got it|move: Aurora Veil\n|\n|-weather|Snow|[upkeep]\n|-heal|p1a: Alomomola|402/429|[from] item: Leftovers\n|upkeep\n|turn|18\n|\n|t:|1733487265\n|switch|p2a: Scrafty|Scrafty, L84, F|244/246 par\n|move|p1a: Alomomola|Wish|p1a: Alomomola\n|\n|-weather|Snow|[upkeep]\n|-heal|p1a: Alomomola|428/429|[from] item: Leftovers\n|-heal|p2a: Scrafty|246/246 par|[from] item: Leftovers\n|upkeep\n|turn|19\n|\n|t:|1733487277\n|move|p1a: Alomomola|Flip Turn|p2a: Scrafty\n|-damage|p2a: Scrafty|224/246 par\n|\n|t:|1733487284\n|switch|p1a: Magmortar|Magmortar, L88, F|142/275|[from] Flip Turn\n|move|p2a: Scrafty|Knock Off|p1a: Magmortar\n|-damage|p1a: Magmortar|33/275\n|-enditem|p1a: Magmortar|Heavy-Duty Boots|[from] move: Knock Off|[of] p2a: Scrafty\n|\n|-weather|Snow|[upkeep]\n|-heal|p1a: Magmortar|247/275|[from] move: Wish|[wisher] Alomomola\n|-activate|p2a: Scrafty|ability: Shed Skin\n|-curestatus|p2a: Scrafty|par|[msg]\n|-heal|p2a: Scrafty|239/246|[from] item: Leftovers\n|upkeep\n|turn|20\n|\n|t:|1733487299\n|move|p1a: Magmortar|Knock Off|p2a: Scrafty\n|-resisted|p2a: Scrafty\n|-damage|p2a: Scrafty|232/246\n|-enditem|p2a: Scrafty|Leftovers|[from] move: Knock Off|[of] p1a: Magmortar\n|move|p2a: Scrafty|Bulk Up|p2a: Scrafty\n|-boost|p2a: Scrafty|atk|1\n|-boost|p2a: Scrafty|def|1\n|\n|-weather|Snow|[upkeep]\n|upkeep\n|turn|21\n|\n|t:|1733487326\n|move|p1a: Magmortar|Focus Blast|p2a: Scrafty\n|-supereffective|p2a: Scrafty\n|-crit|p2a: Scrafty\n|-damage|p2a: Scrafty|0 fnt\n|faint|p2a: Scrafty\n|\n|-weather|none\n|upkeep\n|inactiveoff|Battle timer is now OFF.\n|inactive|Battle timer is ON: inactive players will automatically lose when time's up. (requested by paysa)\n|inactive|wanted fame=got it has 120 seconds left.\n|inactive|wanted fame=got it has 90 seconds left.\n|inactive|wanted fame=got it has 60 seconds left.\n|inactive|wanted fame=got it has 30 seconds left.\n|inactive|wanted fame=got it has 20 seconds left.\n|inactive|wanted fame=got it has 15 seconds left.\n|c|\u2606paysa|gg :)\n|inactive|wanted fame=got it has 10 seconds left.\n|inactive|wanted fame=got it has 5 seconds left.\n|-message|wanted fame=got it lost due to inactivity.\n|\n|win|paysa\n|raw|paysa's rating: 2391 &rarr; <strong>2411</strong><br />(+20 for winning)\n|raw|wanted fame=got it's rating: 2389 &rarr; <strong>2369</strong><br />(-20 for losing)\n", "inputlog": ">version f27bf860d389bcfdfe10192499dbd80f1998dac7\n>start {\"formatid\":\"gen9randombattle\",\"seed\":[17854,34117,7321,816],\"rated\":\"Rated battle\"}\n>player p1 {\"name\":\"paysa\",\"avatar\":\"265\",\"rating\":2391,\"seed\":[1085,7155,17342,15850]}\n>player p2 {\"name\":\"wanted fame=got it\",\"avatar\":\"aromalady\",\"rating\":2389,\"seed\":[56443,59359,45902,38288]}\n>p1 move uturn\n>p2 move overheat\n>p1 switch 6\n>p1 move wish\n>p2 switch 2\n>p1 move flipturn\n>p2 move auroraveil\n>p1 switch 5\n>p1 move bodyslam\n>p2 switch 5\n>p1 switch 4\n>p2 move knockoff\n>p1 move knockoff\n>p2 switch 2\n>p1 switch 5\n>p2 move stealthrock\n>p1 move scald\n>p2 switch 5\n>p1 move wish\n>p2 move blizzard\n>p1 move flipturn\n>p2 move blizzard\n>p1 switch 5\n>p1 move focusblast\n>p2 switch 3\n>p1 move knockoff\n>p2 move psychic\n>p1 switch 6\n>p2 move earthpower\n>p1 move uturn\n>p2 move psychic\n>p1 switch 3\n>p2 switch 5\n>p1 move hypervoice\n>p2 move earthquake\n>p1 move hypervoice\n>p2 move earthquake\n>p2 switch 3\n>p1 switch 5\n>p2 move auroraveil\n>p1 move wish\n>p2 switch 2\n>p1 move flipturn\n>p2 move knockoff\n>p1 switch 6\n>p1 move knockoff\n>p2 move bulkup\n>p1 move focusblast\n>p2 move drainpunch\n>chat \u2606paysa|gg :)\n>forcelose p2", "uploadtime": 1733487493, "views": 17, "formatid": "gen9randombattle", "rating": 2369, "private": 0, "password": null}