{"id": "gen9randombattle-2259928784", "format": "[Gen 9] Random Battle", "players": ["frankferris", "Marnies worth it"], "log": "|j|\u2606frankferris\n|j|\u2606Marnies worth it\n|t:|1733780987\n|gametype|singles\n|player|p1|frankferris|102|1085\n|player|p2|Marnies worth it|lucas|1058\n|teamsize|p1|6\n|teamsize|p2|6\n|gen|9\n|tier|[Gen 9] Random Battle\n|rated|\n|rule|Species Clause: Limit one of each Pok\u00e9mon\n|rule|HP Percentage Mod: HP is shown in percentages\n|rule|Sleep Clause Mod: Limit one foe put to sleep\n|rule|Illusion Level Mod: Illusion disguises the Pok\u00e9mon's true level\n|\n|t:|1733780987\n|start\n|switch|p1a: Appletun|Appletun, L92, M|352/352\n|switch|p2a: Tyranitar|Tyranitar, L79, M|288/288\n|-weather|Sandstorm|[from] ability: Sand Stream|[of] p2a: Tyranitar\n|turn|1\n|\n|t:|1733781025\n|move|p2a: Tyranitar|Ice Punch|p1a: Appletun\n|-supereffective|p1a: Appletun\n|-damage|p1a: Appletun|224/352\n|-status|p1a: Appletun|frz\n|cant|p1a: Appletun|frz\n|\n|-weather|Sandstorm|[upkeep]\n|-damage|p1a: Appletun|202/352 frz|[from] Sandstorm\n|-heal|p1a: Appletun|224/352 frz|[from] item: Leftovers\n|upkeep\n|turn|2\n|\n|t:|1733781040\n|switch|p1a: Frosmoth|Frosmoth, L82, F|249/249\n|move|p2a: Tyranitar|Dragon Dance|p2a: Tyranitar\n|-boost|p2a: Tyranitar|atk|1\n|-boost|p2a: Tyranitar|spe|1\n|\n|-weather|Sandstorm|[upkeep]\n|-damage|p1a: Frosmoth|234/249|[from] Sandstorm\n|upkeep\n|turn|3\n|\n|t:|1733781050\n|move|p2a: Tyranitar|Stone Edge|p1a: Frosmoth|[miss]\n|-miss|p2a: Tyranitar|p1a: Frosmoth\n|move|p1a: Frosmoth|Bug Buzz|p2a: Tyranitar\n|-supereffective|p2a: Tyranitar\n|-damage|p2a: Tyranitar|132/288\n|\n|-weather|Sandstorm|[upkeep]\n|-damage|p1a: Frosmoth|219/249|[from] Sandstorm\n|-heal|p2a: Tyranitar|150/288|[from] item: Leftovers\n|upkeep\n|turn|4\n|\n|t:|1733781068\n|move|p2a: Tyranitar|Stone Edge|p1a: Frosmoth\n|-supereffective|p1a: Frosmoth\n|-damage|p1a: Frosmoth|0 fnt\n|faint|p1a: Frosmoth\n|\n|-weather|Sandstorm|[upkeep]\n|-heal|p2a: Tyranitar|168/288|[from] item: Leftovers\n|upkeep\n|\n|t:|1733781076\n|switch|p1a: Lurantis|Lurantis, L87, M|264/264\n|turn|5\n|\n|t:|1733781082\n|move|p2a: Tyranitar|Ice Punch|p1a: Lurantis\n|-supereffective|p1a: Lurantis\n|-damage|p1a: Lurantis|92/264\n|-status|p1a: Lurantis|frz\n|cant|p1a: Lurantis|frz\n|\n|-weather|none\n|-heal|p2a: Tyranitar|186/288|[from] item: Leftovers\n|upkeep\n|turn|6\n|c|\u2606frankferris|bro\n|c|\u2606Marnies worth it|Im so sorry\n|\n|t:|1733781111\n|switch|p1a: Primarina|Primarina, L83, F|268/268\n|move|p2a: Tyranitar|Dragon Dance|p2a: Tyranitar\n|-boost|p2a: Tyranitar|atk|1\n|-boost|p2a: Tyranitar|spe|1\n|\n|-heal|p2a: Tyranitar|204/288|[from] item: Leftovers\n|upkeep\n|turn|7\n|\n|t:|1733781130\n|-terastallize|p2a: Tyranitar|Ghost\n|move|p2a: Tyranitar|Stone Edge|p1a: Primarina\n|-damage|p1a: Primarina|4/268\n|move|p1a: Primarina|Sparkling Aria|p2a: Tyranitar\n|-damage|p2a: Tyranitar|27/288\n|\n|-heal|p2a: Tyranitar|45/288|[from] item: Leftovers\n|-heal|p1a: Primarina|20/268|[from] item: Leftovers\n|upkeep\n|turn|8\n|\n|t:|1733781141\n|switch|p1a: Hypno|Hypno, L95, F|315/315\n|move|p2a: Tyranitar|Knock Off|p1a: Hypno\n|-supereffective|p1a: Hypno\n|-damage|p1a: Hypno|0 fnt\n|-enditem|p1a: Hypno|Leftovers|[from] move: Knock Off|[of] p2a: Tyranitar\n|faint|p1a: Hypno\n|\n|-heal|p2a: Tyranitar|63/288|[from] item: Leftovers\n|upkeep\n|\n|t:|1733781149\n|switch|p1a: Smeargle|Smeargle, L95, M|258/258\n|turn|9\n|\n|t:|1733781164\n|move|p2a: Tyranitar|Stone Edge|p1a: Smeargle\n|-damage|p1a: Smeargle|0 fnt\n|faint|p1a: Smeargle\n|\n|-heal|p2a: Tyranitar|81/288|[from] item: Leftovers\n|upkeep\n|\n|t:|1733781170\n|switch|p1a: Primarina|Primarina, L83, F|20/268\n|turn|10\n|\n|t:|1733781175\n|move|p2a: Tyranitar|Knock Off|p1a: Primarina\n|-resisted|p1a: Primarina\n|-damage|p1a: Primarina|0 fnt\n|-enditem|p1a: Primarina|Leftovers|[from] move: Knock Off|[of] p2a: Tyranitar\n|faint|p1a: Primarina\n|\n|-heal|p2a: Tyranitar|99/288|[from] item: Leftovers\n|upkeep\n|\n|t:|1733781181\n|switch|p1a: Appletun|Appletun, L92, M|224/352 frz\n|turn|11\n|\n|t:|1733781185\n|move|p2a: Tyranitar|Ice Punch|p1a: Appletun\n|-supereffective|p1a: Appletun\n|-damage|p1a: Appletun|0 fnt\n|faint|p1a: Appletun\n|\n|-heal|p2a: Tyranitar|117/288|[from] item: Leftovers\n|upkeep\n|c|\u2606frankferris|gg\n|\n|t:|1733781192\n|switch|p1a: Lurantis|Lurantis, L87, M|92/264 frz\n|turn|12\n|c|\u2606frankferris|actually gg\n|c|\u2606frankferris|wtf\n|c|\u2606frankferris|unfreeze\n|\n|t:|1733781206\n|move|p2a: Tyranitar|Ice Punch|p1a: Lurantis\n|-supereffective|p1a: Lurantis\n|-damage|p1a: Lurantis|0 fnt\n|faint|p1a: Lurantis\n|\n|win|Marnies worth it\n|raw|frankferris's rating: 1085 &rarr; <strong>1060</strong><br />(-25 for losing)\n|raw|Marnies worth it's rating: 1058 &rarr; <strong>1092</strong><br />(+34 for winning)\n|c|\u2606frankferris|nah\n|l|\u2606Marnies worth it\n|player|p2|\n", "inputlog": ">version bfd83cad13791eb5a5a409923076391caf6fb4d4\n>start {\"formatid\":\"gen9randombattle\",\"seed\":[58679,18770,22170,35413],\"rated\":\"Rated battle\"}\n>player p1 {\"name\":\"frankferris\",\"avatar\":\"102\",\"rating\":1085,\"seed\":[52837,4341,64328,49481]}\n>player p2 {\"name\":\"Marnies worth it\",\"avatar\":\"lucas\",\"rating\":1058,\"seed\":[56778,12381,14176,433]}\n>p1 move leechseed\n>p2 move icepunch\n>p1 switch 2\n>p2 move dragondance\n>p1 move bugbuzz\n>p2 move stoneedge\n>p1 move bugbuzz\n>p2 move stoneedge\n>p1 switch 4\n>p1 move superpower\n>p2 move icepunch\n>chat \u2606frankferris|bro\n>chat \u2606Marnies worth it|Im so sorry\n>p1 switch 5\n>p2 move dragondance\n>p1 move sparklingaria\n>p2 move stoneedge terastallize\n>p1 switch 6\n>p2 move knockoff\n>p1 switch 3\n>p1 move powertrip\n>p2 move stoneedge\n>p1 switch 6\n>p1 move drainingkiss\n>p2 move knockoff\n>p1 switch 2\n>p1 move dracometeor\n>p2 move icepunch\n>chat \u2606frankferris|gg\n>p1 switch 5\n>chat \u2606frankferris|actually gg\n>chat \u2606frankferris|wtf\n>chat \u2606frankferris|unfreeze\n>p1 move knockoff\n>p2 move icepunch", "uploadtime": 1733781216, "views": 2, "formatid": "gen9randombattle", "rating": 1060, "private": 0, "password": null}