{"id": "gen9randombattle-2113335013", "format": "[Gen 9] Random Battle", "players": ["MasterJ007", "CrustaceanCrusader"], "log": "|badge|p1|bronze|gen9randombattle|100-1\n|html|<div class=\"broadcast-red\"><strong>This battle is required to be public due to one or more player having a season medal.</strong><br />During the public phase, you can discuss the state of the ladder <a href=\"/seasondiscussion\">in a special chatroom.</a></div>\n|uhtml|medal-msg|<div class=\"broadcast-blue\">Curious what those medals under the avatar are? PS now has Ladder Seasons! For more information, check out the <a href=\"https://www.smogon.com/forums/threads/3740067/\">thread on Smogon.</a></div>\n|badge|p2|bronze|gen9randombattle|100-1\n|uhtml|medal-msg|<div class=\"broadcast-blue\">Curious what those medals under the avatar are? PS now has Ladder Seasons! For more information, check out the <a href=\"https://www.smogon.com/forums/threads/3740067/\">thread on Smogon.</a></div>\n|raw|<div class=\"broadcast-blue\"><strong>This battle is required to be public due to a player having a name starting with 'medal'.</div>\n|j|\u2606MasterJ007\n|j|\u2606CrustaceanCrusader\n|t:|1714312343\n|gametype|singles\n|player|p1|MasterJ007|#rbtt7teamsuicune|2279\n|player|p2|CrustaceanCrusader|rancher|2330\n|teamsize|p1|6\n|teamsize|p2|6\n|gen|9\n|tier|[Gen 9] Random Battle\n|rated|\n|rule|Species Clause: Limit one of each Pok\u00e9mon\n|rule|HP Percentage Mod: HP is shown in percentages\n|rule|Sleep Clause Mod: Limit one foe put to sleep\n|rule|Illusion Level Mod: Illusion disguises the Pok\u00e9mon's true level\n|\n|t:|1714312343\n|start\n|switch|p1a: Kleavor|Kleavor, L78, F|237/237\n|switch|p2a: Porygon-Z|Porygon-Z, L83|277/277\n|turn|1\n|inactive|Battle timer is ON: inactive players will automatically lose when time's up. (requested by MasterJ007)\n|\n|t:|1714312368\n|move|p2a: Porygon-Z|Shadow Ball|p1a: Kleavor\n|-damage|p1a: Kleavor|124/237\n|-unboost|p1a: Kleavor|spd|1\n|-damage|p2a: Porygon-Z|250/277|[from] item: Life Orb\n|move|p1a: Kleavor|Stone Axe|p2a: Porygon-Z\n|-damage|p2a: Porygon-Z|99/277\n|-sidestart|p2: CrustaceanCrusader|move: Stealth Rock\n|\n|upkeep\n|turn|2\n|\n|t:|1714312377\n|switch|p1a: Persian|Persian, L93, F|272/272\n|move|p2a: Porygon-Z|Shadow Ball|p1a: Persian\n|-immune|p1a: Persian\n|\n|upkeep\n|turn|3\n|\n|t:|1714312400\n|move|p1a: Persian|Double-Edge|p2a: Porygon-Z\n|-damage|p2a: Porygon-Z|0 fnt\n|faint|p2a: Porygon-Z\n|-damage|p1a: Persian|239/272|[from] Recoil\n|\n|upkeep\n|j| dinkdonk14\n|\n|t:|1714312412\n|switch|p2a: Arceus|Arceus-Water, L71|288/288\n|-damage|p2a: Arceus|252/288|[from] Stealth Rock\n|turn|4\n|\n|t:|1714312418\n|move|p1a: Persian|Double-Edge|p2a: Arceus\n|-damage|p2a: Arceus|128/288\n|-damage|p1a: Persian|198/272|[from] Recoil\n|move|p2a: Arceus|Will-O-Wisp|p1a: Persian\n|-status|p1a: Persian|brn\n|\n|-damage|p1a: Persian|181/272 brn|[from] brn\n|upkeep\n|turn|5\n|\n|t:|1714312433\n|move|p1a: Persian|U-turn|p2a: Arceus\n|-damage|p2a: Arceus|108/288\n|\n|t:|1714312436\n|switch|p1a: Enamorus|Enamorus-Therian, L83, F|259/259|[from] U-turn\n|move|p2a: Arceus|Recover|p2a: Arceus\n|-heal|p2a: Arceus|252/288\n|\n|upkeep\n|turn|6\n|\n|t:|1714312440\n|move|p2a: Arceus|Calm Mind|p2a: Arceus\n|-boost|p2a: Arceus|spa|1\n|-boost|p2a: Arceus|spd|1\n|move|p1a: Enamorus|Moonblast|p2a: Arceus\n|-damage|p2a: Arceus|138/288\n|\n|upkeep\n|turn|7\n|\n|t:|1714312445\n|move|p2a: Arceus|Calm Mind|p2a: Arceus\n|-boost|p2a: Arceus|spa|1\n|-boost|p2a: Arceus|spd|1\n|move|p1a: Enamorus|Moonblast|p2a: Arceus\n|-damage|p2a: Arceus|44/288\n|-unboost|p2a: Arceus|spa|1\n|\n|upkeep\n|turn|8\n|\n|t:|1714312467\n|move|p2a: Arceus|Recover|p2a: Arceus\n|-heal|p2a: Arceus|188/288\n|move|p1a: Enamorus|Moonblast|p2a: Arceus\n|-crit|p2a: Arceus\n|-damage|p2a: Arceus|0 fnt\n|faint|p2a: Arceus\n|\n|upkeep\n|\n|t:|1714312487\n|switch|p2a: Blaziken|Blaziken, L76, M|247/247\n|-damage|p2a: Blaziken|217/247|[from] Stealth Rock\n|turn|9\n|\n|t:|1714312491\n|-terastallize|p2a: Blaziken|Fire\n|move|p2a: Blaziken|Fire Blast|p1a: Enamorus\n|-damage|p1a: Enamorus|82/259\n|-damage|p2a: Blaziken|193/247|[from] item: Life Orb\n|move|p1a: Enamorus|Moonblast|p2a: Blaziken\n|-resisted|p2a: Blaziken\n|-damage|p2a: Blaziken|78/247\n|\n|-ability|p2a: Blaziken|Speed Boost|boost\n|-boost|p2a: Blaziken|spe|1\n|upkeep\n|turn|10\n|\n|t:|1714312499\n|move|p2a: Blaziken|Fire Blast|p1a: Enamorus\n|-crit|p1a: Enamorus\n|-damage|p1a: Enamorus|0 fnt\n|faint|p1a: Enamorus\n|-damage|p2a: Blaziken|54/247|[from] item: Life Orb\n|\n|-ability|p2a: Blaziken|Speed Boost|boost\n|-boost|p2a: Blaziken|spe|1\n|upkeep\n|\n|t:|1714312504\n|switch|p1a: Persian|Persian, L93, F|181/272 brn\n|turn|11\n|\n|t:|1714312513\n|move|p2a: Blaziken|Protect|p2a: Blaziken\n|-singleturn|p2a: Blaziken|Protect\n|move|p1a: Persian|Fake Out|p2a: Blaziken\n|-activate|p2a: Blaziken|move: Protect\n|\n|-damage|p1a: Persian|164/272 brn|[from] brn\n|-ability|p2a: Blaziken|Speed Boost|boost\n|-boost|p2a: Blaziken|spe|1\n|upkeep\n|turn|12\n|\n|t:|1714312517\n|switch|p1a: Ceruledge|Ceruledge, L78, M|245/245\n|move|p2a: Blaziken|Close Combat|p1a: Ceruledge\n|-immune|p1a: Ceruledge\n|\n|-ability|p2a: Blaziken|Speed Boost|boost\n|-boost|p2a: Blaziken|spe|1\n|upkeep\n|turn|13\n|\n|t:|1714312522\n|move|p2a: Blaziken|Knock Off|p1a: Ceruledge\n|-supereffective|p1a: Ceruledge\n|-damage|p1a: Ceruledge|29/245\n|-ability|p1a: Ceruledge|Weak Armor|boost\n|-unboost|p1a: Ceruledge|def|1\n|-boost|p1a: Ceruledge|spe|2\n|-enditem|p1a: Ceruledge|Heavy-Duty Boots|[from] move: Knock Off|[of] p2a: Blaziken\n|-damage|p2a: Blaziken|30/247|[from] item: Life Orb\n|move|p1a: Ceruledge|Bitter Blade|p2a: Blaziken\n|-resisted|p2a: Blaziken\n|-damage|p2a: Blaziken|0 fnt\n|-heal|p1a: Ceruledge|44/245|[from] drain|[of] p2a: Blaziken\n|faint|p2a: Blaziken\n|\n|upkeep\n|\n|t:|1714312537\n|switch|p2a: Baxcalibur|Baxcalibur, L75, M|295/295\n|-damage|p2a: Baxcalibur|222/295|[from] Stealth Rock\n|turn|14\n|\n|t:|1714312544\n|move|p1a: Ceruledge|Close Combat|p2a: Baxcalibur\n|-supereffective|p2a: Baxcalibur\n|-damage|p2a: Baxcalibur|16/295\n|-unboost|p1a: Ceruledge|def|1\n|-unboost|p1a: Ceruledge|spd|1\n|move|p2a: Baxcalibur|Icicle Crash|p1a: Ceruledge\n|-resisted|p1a: Ceruledge\n|-damage|p1a: Ceruledge|0 fnt\n|faint|p1a: Ceruledge\n|\n|upkeep\n|\n|t:|1714312551\n|switch|p1a: Persian|Persian, L93, F|164/272 brn\n|turn|15\n|\n|t:|1714312560\n|move|p1a: Persian|Double-Edge|p2a: Baxcalibur\n|-damage|p2a: Baxcalibur|0 fnt\n|faint|p2a: Baxcalibur\n|-damage|p1a: Persian|159/272 brn|[from] Recoil\n|\n|-damage|p1a: Persian|142/272 brn|[from] brn\n|upkeep\n|\n|t:|1714312561\n|switch|p2a: Scream Tail|Scream Tail, L84|330/330\n|-damage|p2a: Scream Tail|289/330|[from] Stealth Rock\n|turn|16\n|\n|t:|1714312564\n|move|p1a: Persian|Knock Off|p2a: Scream Tail\n|-damage|p2a: Scream Tail|257/330\n|-enditem|p2a: Scream Tail|Leftovers|[from] move: Knock Off|[of] p1a: Persian\n|move|p2a: Scream Tail|Dazzling Gleam|p1a: Persian\n|-damage|p1a: Persian|69/272 brn\n|\n|-damage|p1a: Persian|52/272 brn|[from] brn\n|upkeep\n|turn|17\n|\n|t:|1714312568\n|move|p1a: Persian|Double-Edge|p2a: Scream Tail\n|-damage|p2a: Scream Tail|194/330\n|-damage|p1a: Persian|31/272 brn|[from] Recoil\n|move|p2a: Scream Tail|Wish|p2a: Scream Tail\n|\n|-damage|p1a: Persian|14/272 brn|[from] brn\n|upkeep\n|turn|18\n|\n|t:|1714312590\n|move|p2a: Scream Tail|Protect|p2a: Scream Tail\n|-singleturn|p2a: Scream Tail|Protect\n|move|p1a: Persian|Double-Edge|p2a: Scream Tail\n|-activate|p2a: Scream Tail|move: Protect\n|\n|-heal|p2a: Scream Tail|330/330|[from] move: Wish|[wisher] Scream Tail\n|-damage|p1a: Persian|0 fnt|[from] brn\n|faint|p1a: Persian\n|upkeep\n|\n|t:|1714312598\n|switch|p1a: Iron Boulder|Iron Boulder, L77|265/265\n|-enditem|p1a: Iron Boulder|Booster Energy\n|-activate|p1a: Iron Boulder|ability: Quark Drive|[fromitem]\n|-start|p1a: Iron Boulder|quarkdrivespe\n|turn|19\n|\n|t:|1714312619\n|move|p1a: Iron Boulder|Swords Dance|p1a: Iron Boulder\n|-boost|p1a: Iron Boulder|atk|2\n|move|p2a: Scream Tail|Encore|p1a: Iron Boulder\n|-start|p1a: Iron Boulder|Encore\n|\n|upkeep\n|turn|20\n|\n|t:|1714312623\n|move|p1a: Iron Boulder|Swords Dance|p1a: Iron Boulder\n|-boost|p1a: Iron Boulder|atk|2\n|move|p2a: Scream Tail|Dazzling Gleam|p1a: Iron Boulder\n|-damage|p1a: Iron Boulder|210/265\n|\n|upkeep\n|turn|21\n|\n|t:|1714312630\n|-end|p2a: Scream Tail|Protosynthesis|[silent]\n|switch|p2a: Cacturne|Cacturne, L92, M|278/278\n|-damage|p2a: Cacturne|244/278|[from] Stealth Rock\n|move|p1a: Iron Boulder|Swords Dance|p1a: Iron Boulder\n|-boost|p1a: Iron Boulder|atk|2\n|\n|upkeep\n|turn|22\n|\n|t:|1714312642\n|-end|p1a: Iron Boulder|Quark Drive|[silent]\n|switch|p1a: Kleavor|Kleavor, L78, F|124/237\n|move|p2a: Cacturne|Seed Bomb|p1a: Kleavor\n|-damage|p1a: Kleavor|0 fnt\n|faint|p1a: Kleavor\n|-damage|p2a: Cacturne|217/278|[from] item: Life Orb\n|\n|upkeep\n|\n|t:|1714312645\n|switch|p1a: Iron Boulder|Iron Boulder, L77|210/265\n|turn|23\n|\n|t:|1714312657\n|switch|p2a: Scream Tail|Scream Tail, L84|330/330\n|-damage|p2a: Scream Tail|289/330|[from] Stealth Rock\n|-terastallize|p1a: Iron Boulder|Fighting\n|move|p1a: Iron Boulder|Swords Dance|p1a: Iron Boulder\n|-boost|p1a: Iron Boulder|atk|2\n|\n|upkeep\n|turn|24\n|\n|t:|1714312663\n|move|p1a: Iron Boulder|Mighty Cleave|p2a: Scream Tail\n|-damage|p2a: Scream Tail|93/330\n|move|p2a: Scream Tail|Dazzling Gleam|p1a: Iron Boulder\n|-supereffective|p1a: Iron Boulder\n|-damage|p1a: Iron Boulder|96/265\n|\n|upkeep\n|turn|25\n|-message|CrustaceanCrusader forfeited.\n|\n|win|MasterJ007\n|raw|MasterJ007's rating: 2279 &rarr; <strong>2303</strong><br />(+24 for winning)\n|raw|CrustaceanCrusader's rating: 2346 &rarr; <strong>2322</strong><br />(-24 for losing)\n|l|\u2606CrustaceanCrusader\n|player|p2|\n|l|\u2606MasterJ007\n|player|p1|\n|l| dinkdonk14\n", "inputlog": ">version b84337b8f7878220839aa0c41b4e8e9021e31424\n>start {\"formatid\":\"gen9randombattle\",\"seed\":[11939,63987,15344,20256],\"rated\":\"Rated battle\"}\n>player p1 {\"name\":\"MasterJ007\",\"avatar\":\"#rbtt7teamsuicune\",\"rating\":2279,\"seed\":[11892,62055,42988,51239]}\n>player p2 {\"name\":\"CrustaceanCrusader\",\"avatar\":\"rancher\",\"rating\":2330,\"seed\":[40417,47039,63045,9985]}\n>p1 move stoneaxe\n>p2 move shadowball\n>p1 switch 6\n>p2 move shadowball\n>p1 move doubleedge\n>p2 move agility\n>p2 switch 3\n>p1 move doubleedge\n>p2 move willowisp\n>p1 move uturn\n>p2 move recover\n>p1 switch 3\n>p1 move moonblast\n>p2 move calmmind\n>p1 move moonblast\n>p2 move calmmind\n>p1 move moonblast\n>p2 move recover\n>p2 switch 2\n>p1 move moonblast\n>p2 move fireblast terastallize\n>p1 move moonblast\n>p2 move fireblast\n>p1 switch 3\n>p1 move fakeout\n>p2 move protect\n>p1 switch 5\n>p2 move closecombat\n>p1 move bitterblade\n>p2 move knockoff\n>p2 switch 6\n>p1 move closecombat\n>p2 move iciclecrash\n>p1 switch 5\n>p1 move doubleedge\n>p2 move iciclecrash\n>p2 switch 5\n>p1 move knockoff\n>p2 move dazzlinggleam\n>p1 move doubleedge\n>p2 move wish\n>p1 move doubleedge\n>p2 move protect\n>p1 switch 2\n>p1 move swordsdance\n>p2 move encore\n>p1 move swordsdance\n>p2 move dazzlinggleam\n>p1 move swordsdance\n>p2 switch 4\n>p1 switch 6\n>p2 move seedbomb\n>p1 switch 6\n>p1 move swordsdance terastallize\n>p2 switch 4\n>p1 move mightycleave\n>p2 move dazzlinggleam\n>forcelose p2", "uploadtime": 1714312692, "views": 235, "formatid": "gen9randombattle", "rating": 2303, "private": 0, "password": null}