{"id": "gen9randombattle-2260803666", "format": "[Gen 9] Random Battle", "players": ["malsolo20j", "dejsejjde"], "log": "|j|\u2606malsolo20j\n|j|\u2606dejsejjde\n|t:|1733894857\n|gametype|singles\n|player|p1|malsolo20j|lucas-gen4pt|1053\n|player|p2|dejsejjde|1|1072\n|teamsize|p1|6\n|teamsize|p2|6\n|gen|9\n|tier|[Gen 9] Random Battle\n|rated|\n|rule|Species Clause: Limit one of each Pok\u00e9mon\n|rule|HP Percentage Mod: HP is shown in percentages\n|rule|Sleep Clause Mod: Limit one foe put to sleep\n|rule|Illusion Level Mod: Illusion disguises the Pok\u00e9mon's true level\n|\n|t:|1733894857\n|start\n|switch|p1a: Gardevoir|Gardevoir, L83, M|249/249\n|switch|p2a: Vigoroth|Vigoroth, L85, F|275/275\n|-ability|p1a: Gardevoir|Vital Spirit|[from] ability: Trace|[of] p2a: Vigoroth\n|turn|1\n|\n|t:|1733894873\n|move|p2a: Vigoroth|Knock Off|p1a: Gardevoir\n|-damage|p1a: Gardevoir|165/249\n|-enditem|p1a: Gardevoir|Life Orb|[from] move: Knock Off|[of] p2a: Vigoroth\n|move|p1a: Gardevoir|Calm Mind|p1a: Gardevoir\n|-boost|p1a: Gardevoir|spa|1\n|-boost|p1a: Gardevoir|spd|1\n|\n|upkeep\n|turn|2\n|\n|t:|1733894889\n|move|p2a: Vigoroth|Body Slam|p1a: Gardevoir\n|-damage|p1a: Gardevoir|54/249\n|-status|p1a: Gardevoir|par\n|move|p1a: Gardevoir|Moonblast|p2a: Vigoroth\n|-damage|p2a: Vigoroth|94/275\n|\n|upkeep\n|turn|3\n|\n|t:|1733894896\n|switch|p1a: Bastiodon|Bastiodon, L89, M|252/252\n|move|p2a: Vigoroth|Body Slam|p1a: Bastiodon\n|-resisted|p1a: Bastiodon\n|-damage|p1a: Bastiodon|240/252\n|-status|p1a: Bastiodon|par\n|\n|upkeep\n|turn|4\n|\n|t:|1733894908\n|switch|p2a: Lurantis|Lurantis, L87, F|264/264\n|move|p1a: Bastiodon|Foul Play|p2a: Lurantis\n|-crit|p2a: Lurantis\n|-damage|p2a: Lurantis|158/264\n|\n|upkeep\n|turn|5\n|\n|t:|1733894921\n|move|p2a: Lurantis|Superpower|p1a: Bastiodon\n|-supereffective|p1a: Bastiodon\n|-damage|p1a: Bastiodon|12/252 par\n|-boost|p2a: Lurantis|atk|1\n|-boost|p2a: Lurantis|def|1\n|move|p1a: Bastiodon|Body Press|p2a: Lurantis\n|-crit|p2a: Lurantis\n|-damage|p2a: Lurantis|7/264\n|\n|upkeep\n|turn|6\n|\n|t:|1733894934\n|move|p2a: Lurantis|Leaf Storm|p1a: Bastiodon\n|-damage|p1a: Bastiodon|0 fnt\n|-boost|p2a: Lurantis|spa|2\n|faint|p1a: Bastiodon\n|\n|upkeep\n|\n|t:|1733894949\n|switch|p1a: Thundurus|Thundurus, L80, M|258/258\n|turn|7\n|n|\u2606dejsejjde|dejsejjde\n|\n|t:|1733894957\n|move|p1a: Thundurus|Thunderbolt|p2a: Lurantis\n|-resisted|p2a: Lurantis\n|-damage|p2a: Lurantis|0 fnt\n|faint|p2a: Lurantis\n|\n|upkeep\n|c|\u2606dejsejjde|double crit bruh\n|\n|t:|1733894965\n|switch|p2a: Vikavolt|Vikavolt, L83, F|263/263\n|turn|8\n|\n|t:|1733894983\n|switch|p1a: Drifblim|Drifblim, L86, F|398/398\n|move|p2a: Vikavolt|Sticky Web|p1a: Drifblim\n|-sidestart|p1: malsolo20j|move: Sticky Web\n|\n|upkeep\n|turn|9\n|\n|t:|1733894999\n|move|p1a: Drifblim|Air Slash|p2a: Vikavolt\n|-damage|p2a: Vikavolt|178/263\n|cant|p2a: Vikavolt|flinch\n|\n|upkeep\n|turn|10\n|\n|t:|1733895007\n|move|p1a: Drifblim|Air Slash|p2a: Vikavolt|[miss]\n|-miss|p1a: Drifblim|p2a: Vikavolt\n|move|p2a: Vikavolt|Discharge|p1a: Drifblim\n|-supereffective|p1a: Drifblim\n|-damage|p1a: Drifblim|72/398\n|\n|upkeep\n|turn|11\n|\n|t:|1733895015\n|move|p1a: Drifblim|Shadow Ball|p2a: Vikavolt\n|-damage|p2a: Vikavolt|85/263\n|move|p2a: Vikavolt|Discharge|p1a: Drifblim\n|-supereffective|p1a: Drifblim\n|-damage|p1a: Drifblim|0 fnt\n|faint|p1a: Drifblim\n|\n|upkeep\n|\n|t:|1733895026\n|switch|p1a: Gardevoir|Gardevoir, L83, M|54/249 par\n|-activate|p1a: Gardevoir|move: Sticky Web\n|-unboost|p1a: Gardevoir|spe|1\n|-ability|p1a: Gardevoir|Levitate|[from] ability: Trace|[of] p2a: Vikavolt\n|turn|12\n|\n|t:|1733895043\n|move|p2a: Vikavolt|Bug Buzz|p1a: Gardevoir\n|-damage|p1a: Gardevoir|0 fnt\n|faint|p1a: Gardevoir\n|\n|upkeep\n|\n|t:|1733895048\n|switch|p1a: Farigiraf|Farigiraf, L91, F|366/366\n|-activate|p1a: Farigiraf|move: Sticky Web\n|-unboost|p1a: Farigiraf|spe|1\n|turn|13\n|\n|t:|1733895054\n|move|p2a: Vikavolt|Bug Buzz|p1a: Farigiraf\n|-supereffective|p1a: Farigiraf\n|-damage|p1a: Farigiraf|88/366\n|-unboost|p1a: Farigiraf|spd|1\n|move|p1a: Farigiraf|Hyper Voice|p2a: Vikavolt\n|-damage|p2a: Vikavolt|0 fnt\n|faint|p2a: Vikavolt\n|\n|-heal|p1a: Farigiraf|110/366|[from] item: Leftovers\n|upkeep\n|\n|t:|1733895067\n|switch|p2a: Vigoroth|Vigoroth, L85, F|94/275\n|turn|14\n|\n|t:|1733895073\n|move|p1a: Farigiraf|Protect|p1a: Farigiraf\n|-singleturn|p1a: Farigiraf|Protect\n|move|p2a: Vigoroth|Knock Off|p1a: Farigiraf\n|-activate|p1a: Farigiraf|move: Protect\n|\n|-heal|p1a: Farigiraf|132/366|[from] item: Leftovers\n|upkeep\n|turn|15\n|\n|t:|1733895080\n|move|p2a: Vigoroth|Knock Off|p1a: Farigiraf\n|-supereffective|p1a: Farigiraf\n|-crit|p1a: Farigiraf\n|-damage|p1a: Farigiraf|0 fnt\n|-enditem|p1a: Farigiraf|Leftovers|[from] move: Knock Off|[of] p2a: Vigoroth\n|faint|p1a: Farigiraf\n|\n|upkeep\n|\n|t:|1733895086\n|switch|p1a: Thundurus|Thundurus, L80, M|258/258\n|turn|16\n|\n|t:|1733895092\n|move|p1a: Thundurus|Thunderbolt|p2a: Vigoroth\n|-damage|p2a: Vigoroth|0 fnt\n|faint|p2a: Vigoroth\n|\n|upkeep\n|\n|t:|1733895107\n|switch|p2a: Baxcalibur|Baxcalibur, L75, M|295/295\n|turn|17\n|\n|t:|1733895112\n|move|p1a: Thundurus|Thunderbolt|p2a: Baxcalibur\n|-resisted|p2a: Baxcalibur\n|-damage|p2a: Baxcalibur|202/295\n|move|p2a: Baxcalibur|Icicle Crash|p1a: Thundurus\n|-supereffective|p1a: Thundurus\n|-damage|p1a: Thundurus|0 fnt\n|faint|p1a: Thundurus\n|\n|upkeep\n|\n|t:|1733895119\n|switch|p1a: Sawsbuck|Sawsbuck, L88, M|284/284\n|-activate|p1a: Sawsbuck|move: Sticky Web\n|-unboost|p1a: Sawsbuck|spe|1\n|turn|18\n|\n|t:|1733895128\n|move|p2a: Baxcalibur|Icicle Crash|p1a: Sawsbuck\n|-supereffective|p1a: Sawsbuck\n|-damage|p1a: Sawsbuck|0 fnt\n|faint|p1a: Sawsbuck\n|\n|win|dejsejjde\n|raw|malsolo20j's rating: 1053 &rarr; <strong>1037</strong><br />(-16 for losing)\n|raw|dejsejjde's rating: 1095 &rarr; <strong>1118</strong><br />(+23 for winning)\n|l|\u2606malsolo20j\n|player|p1|\n", "inputlog": ">version bfd83cad13791eb5a5a409923076391caf6fb4d4\n>start {\"formatid\":\"gen9randombattle\",\"seed\":[33225,31042,28612,65491],\"rated\":\"Rated battle\"}\n>player p1 {\"name\":\"malsolo20j\",\"avatar\":\"lucas-gen4pt\",\"rating\":1053,\"seed\":[64376,15901,55380,50880]}\n>player p2 {\"name\":\"dejsejjde\",\"avatar\":\"1\",\"rating\":1072,\"seed\":[29692,29362,33181,11785]}\n>p1 move calmmind\n>p2 move knockoff\n>p1 move moonblast\n>p2 move bodyslam\n>p1 switch 2\n>p2 move bodyslam\n>p1 move foulplay\n>p2 switch 6\n>p1 move bodypress\n>p2 move superpower\n>p1 move bodypress\n>p2 move leafstorm\n>p1 switch 4\n>p1 move thunderbolt\n>p2 move knockoff\n>chat \u2606dejsejjde|double crit bruh\n>p2 switch 2\n>p1 switch 6\n>p2 move stickyweb\n>p1 move airslash\n>p2 move discharge\n>p1 move airslash\n>p2 move discharge\n>p1 move shadowball\n>p2 move discharge\n>p1 switch 2\n>p1 move mysticalfire\n>p2 move bugbuzz\n>p1 switch 3\n>p1 move hypervoice\n>p2 move bugbuzz\n>p2 switch 6\n>p1 move protect\n>p2 move knockoff\n>p1 move wish\n>p2 move knockoff\n>p1 switch 6\n>p1 move thunderbolt\n>p2 move bodyslam\n>p2 switch 5\n>p1 move thunderbolt\n>p2 move iciclecrash\n>p1 switch 5\n>p1 move headbutt\n>p2 move iciclecrash", "uploadtime": 1733895143, "views": 1, "formatid": "gen9randombattle", "rating": 1037, "private": 0, "password": null}