{"id": "gen9randombattle-2260372379", "format": "[Gen 9] Random Battle", "players": ["Skullmonkey", "ub2se"], "log": "|j|\u2606Skullmonkey\n|j|\u2606ub2se\n|t:|1733845117\n|gametype|singles\n|player|p1|Skullmonkey|li|1502\n|player|p2|ub2se|roxie|1525\n|teamsize|p1|6\n|teamsize|p2|6\n|gen|9\n|tier|[Gen 9] Random Battle\n|rated|\n|rule|Species Clause: Limit one of each Pok\u00e9mon\n|rule|HP Percentage Mod: HP is shown in percentages\n|rule|Sleep Clause Mod: Limit one foe put to sleep\n|rule|Illusion Level Mod: Illusion disguises the Pok\u00e9mon's true level\n|\n|t:|1733845117\n|start\n|switch|p1a: Flutter Mane|Flutter Mane, L74|203/203\n|switch|p2a: Toedscruel|Toedscruel, L87, F|281/281\n|turn|1\n|\n|t:|1733845137\n|-end|p1a: Flutter Mane|Protosynthesis|[silent]\n|switch|p1a: Dodrio|Dodrio, L86, M|243/243\n|move|p2a: Toedscruel|Toxic|p1a: Dodrio\n|-status|p1a: Dodrio|tox\n|\n|-damage|p1a: Dodrio|228/243 tox|[from] psn\n|upkeep\n|turn|2\n|inactive|Battle timer is ON: inactive players will automatically lose when time's up. (requested by Skullmonkey)\n|\n|t:|1733845149\n|switch|p2a: Regice|Regice, L88|284/284\n|move|p1a: Dodrio|Knock Off|p2a: Regice\n|-damage|p2a: Regice|216/284\n|-enditem|p2a: Regice|Heavy-Duty Boots|[from] move: Knock Off|[of] p1a: Dodrio\n|\n|-damage|p1a: Dodrio|198/243 tox|[from] psn\n|upkeep\n|turn|3\n|\n|t:|1733845160\n|switch|p1a: Heatran|Heatran, L79, F|273/273\n|-item|p1a: Heatran|Air Balloon\n|move|p2a: Regice|Ice Beam|p1a: Heatran\n|-resisted|p1a: Heatran\n|-damage|p1a: Heatran|248/273\n|-enditem|p1a: Heatran|Air Balloon\n|\n|upkeep\n|turn|4\n|\n|t:|1733845170\n|switch|p2a: Cramorant|Cramorant, L86, F|261/261\n|move|p1a: Heatran|Magma Storm|p2a: Cramorant|[miss]\n|-miss|p1a: Heatran|p2a: Cramorant\n|\n|upkeep\n|turn|5\n|\n|t:|1733845182\n|switch|p1a: Lugia|Lugia, L72|272/272\n|move|p2a: Cramorant|Surf|p1a: Lugia\n|-formechange|p2a: Cramorant|Cramorant-Gulping|\n|-damage|p1a: Lugia|238/272\n|\n|upkeep\n|turn|6\n|\n|t:|1733845191\n|move|p1a: Lugia|Calm Mind|p1a: Lugia\n|-boost|p1a: Lugia|spa|1\n|-boost|p1a: Lugia|spd|1\n|move|p2a: Cramorant|Surf|p1a: Lugia\n|-damage|p1a: Lugia|192/272\n|\n|upkeep\n|turn|7\n|\n|t:|1733845196\n|move|p1a: Lugia|Calm Mind|p1a: Lugia\n|-boost|p1a: Lugia|spa|1\n|-boost|p1a: Lugia|spd|1\n|move|p2a: Cramorant|Brave Bird|p1a: Lugia\n|-damage|p1a: Lugia|86/272\n|-damage|p2a: Cramorant|226/261|[from] Recoil\n|\n|upkeep\n|turn|8\n|\n|t:|1733845205\n|move|p1a: Lugia|Recover|p1a: Lugia\n|-heal|p1a: Lugia|222/272\n|move|p2a: Cramorant|Brave Bird|p1a: Lugia\n|-crit|p1a: Lugia\n|-damage|p1a: Lugia|72/272\n|-damage|p2a: Cramorant|176/261|[from] Recoil\n|\n|upkeep\n|turn|9\n|\n|t:|1733845212\n|move|p1a: Lugia|Recover|p1a: Lugia\n|-heal|p1a: Lugia|208/272\n|move|p2a: Cramorant|Roost|p2a: Cramorant\n|-heal|p2a: Cramorant|261/261\n|-singleturn|p2a: Cramorant|move: Roost\n|\n|upkeep\n|turn|10\n|\n|t:|1733845220\n|move|p1a: Lugia|Recover|p1a: Lugia\n|-heal|p1a: Lugia|272/272\n|move|p2a: Cramorant|Brave Bird|p1a: Lugia\n|-damage|p1a: Lugia|223/272\n|-damage|p2a: Cramorant|245/261|[from] Recoil\n|\n|upkeep\n|turn|11\n|\n|t:|1733845228\n|move|p1a: Lugia|Aeroblast|p2a: Cramorant|[miss]\n|-miss|p1a: Lugia|p2a: Cramorant\n|move|p2a: Cramorant|Brave Bird|p1a: Lugia\n|-damage|p1a: Lugia|124/272\n|-damage|p2a: Cramorant|212/261|[from] Recoil\n|\n|upkeep\n|turn|12\n|\n|t:|1733845235\n|move|p1a: Lugia|Recover|p1a: Lugia\n|-heal|p1a: Lugia|260/272\n|move|p2a: Cramorant|Brave Bird|p1a: Lugia\n|-damage|p1a: Lugia|160/272\n|-damage|p2a: Cramorant|179/261|[from] Recoil\n|\n|upkeep\n|turn|13\n|\n|t:|1733845243\n|move|p1a: Lugia|Calm Mind|p1a: Lugia\n|-boost|p1a: Lugia|spa|1\n|-boost|p1a: Lugia|spd|1\n|move|p2a: Cramorant|Brave Bird|p1a: Lugia\n|-damage|p1a: Lugia|57/272\n|-damage|p2a: Cramorant|145/261|[from] Recoil\n|\n|upkeep\n|turn|14\n|\n|t:|1733845250\n|move|p1a: Lugia|Recover|p1a: Lugia\n|-heal|p1a: Lugia|193/272\n|move|p2a: Cramorant|Brave Bird|p1a: Lugia\n|-damage|p1a: Lugia|90/272\n|-damage|p2a: Cramorant|111/261|[from] Recoil\n|\n|upkeep\n|turn|15\n|\n|t:|1733845257\n|move|p1a: Lugia|Recover|p1a: Lugia\n|-heal|p1a: Lugia|226/272\n|move|p2a: Cramorant|Brave Bird|p1a: Lugia\n|-damage|p1a: Lugia|120/272\n|-damage|p2a: Cramorant|76/261|[from] Recoil\n|\n|upkeep\n|turn|16\n|\n|t:|1733845264\n|move|p1a: Lugia|Aeroblast|p2a: Cramorant|[miss]\n|-miss|p1a: Lugia|p2a: Cramorant\n|move|p2a: Cramorant|Brave Bird|p1a: Lugia\n|-damage|p1a: Lugia|17/272\n|-damage|p2a: Cramorant|42/261|[from] Recoil\n|\n|upkeep\n|turn|17\n|c|\u2606Skullmonkey|...\n|\n|t:|1733845271\n|move|p1a: Lugia|Recover|p1a: Lugia\n|-heal|p1a: Lugia|153/272\n|move|p2a: Cramorant|Roost|p2a: Cramorant\n|-heal|p2a: Cramorant|173/261\n|-singleturn|p2a: Cramorant|move: Roost\n|\n|upkeep\n|turn|18\n|\n|t:|1733845276\n|move|p1a: Lugia|Aeroblast|p2a: Cramorant\n|-damage|p2a: Cramorant|0 fnt\n|-damage|p1a: Lugia|85/272|[from] ability: Gulp Missile|[of] p2a: Cramorant\n|-unboost|p1a: Lugia|def|1\n|-formechange|p2a: Cramorant|Cramorant|\n|faint|p2a: Cramorant\n|\n|upkeep\n|\n|t:|1733845297\n|switch|p2a: Charizard|Charizard, L85, F|271/271\n|turn|19\n|\n|t:|1733845304\n|move|p2a: Charizard|Flare Blitz|p1a: Lugia\n|-damage|p1a: Lugia|0 fnt\n|faint|p1a: Lugia\n|-damage|p2a: Charizard|243/271|[from] Recoil\n|\n|upkeep\n|\n|t:|1733845311\n|switch|p1a: Heatran|Heatran, L79, F|248/273\n|turn|20\n|\n|t:|1733845315\n|move|p2a: Charizard|Earthquake|p1a: Heatran\n|-supereffective|p1a: Heatran\n|-damage|p1a: Heatran|16/273\n|move|p1a: Heatran|Stealth Rock|p2a: Charizard\n|-sidestart|p2: ub2se|move: Stealth Rock\n|\n|upkeep\n|turn|21\n|\n|t:|1733845322\n|switch|p1a: Dodrio|Dodrio, L86, M|198/243 tox\n|move|p2a: Charizard|Earthquake|p1a: Dodrio\n|-immune|p1a: Dodrio\n|\n|-damage|p1a: Dodrio|183/243 tox|[from] psn\n|upkeep\n|turn|22\n|\n|t:|1733845329\n|switch|p2a: Regice|Regice, L88|216/284\n|-damage|p2a: Regice|145/284|[from] Stealth Rock\n|move|p1a: Dodrio|Knock Off|p2a: Regice\n|-damage|p2a: Regice|94/284\n|\n|-damage|p1a: Dodrio|153/243 tox|[from] psn\n|upkeep\n|turn|23\n|\n|t:|1733845338\n|switch|p1a: Heatran|Heatran, L79, F|16/273\n|move|p2a: Regice|Thunderbolt|p1a: Heatran\n|-damage|p1a: Heatran|0 fnt\n|faint|p1a: Heatran\n|\n|upkeep\n|\n|t:|1733845346\n|switch|p1a: Victreebel|Victreebel, L90, F|290/290\n|turn|24\n|\n|t:|1733845352\n|move|p1a: Victreebel|Sunny Day|p1a: Victreebel\n|-weather|SunnyDay\n|move|p2a: Regice|Ice Beam|p1a: Victreebel\n|-supereffective|p1a: Victreebel\n|-damage|p1a: Victreebel|30/290\n|\n|-weather|SunnyDay|[upkeep]\n|upkeep\n|turn|25\n|\n|t:|1733845359\n|move|p1a: Victreebel|Weather Ball|p2a: Regice\n|-supereffective|p2a: Regice\n|-damage|p2a: Regice|0 fnt\n|faint|p2a: Regice\n|-damage|p1a: Victreebel|1/290|[from] item: Life Orb\n|\n|-weather|SunnyDay|[upkeep]\n|upkeep\n|\n|t:|1733845376\n|switch|p2a: Kingdra|Kingdra, L84, F|263/263\n|-damage|p2a: Kingdra|231/263|[from] Stealth Rock\n|turn|26\n|\n|t:|1733845383\n|-terastallize|p2a: Kingdra|Steel\n|move|p1a: Victreebel|Power Whip|p2a: Kingdra|[miss]\n|-miss|p1a: Victreebel|p2a: Kingdra\n|move|p2a: Kingdra|Dragon Dance|p2a: Kingdra\n|-boost|p2a: Kingdra|atk|1\n|-boost|p2a: Kingdra|spe|1\n|\n|-weather|SunnyDay|[upkeep]\n|upkeep\n|turn|27\n|\n|t:|1733845393\n|switch|p2a: Charizard|Charizard, L85, F|243/271\n|move|p1a: Victreebel|Weather Ball|p2a: Charizard\n|-resisted|p2a: Charizard\n|-damage|p2a: Charizard|160/271\n|-damage|p1a: Victreebel|0 fnt|[from] item: Life Orb\n|faint|p1a: Victreebel\n|\n|-weather|SunnyDay|[upkeep]\n|upkeep\n|\n|t:|1733845402\n|switch|p1a: Dodrio|Dodrio, L86, M|153/243 tox\n|turn|28\n|\n|t:|1733845409\n|move|p1a: Dodrio|Brave Bird|p2a: Charizard\n|-damage|p2a: Charizard|0 fnt\n|faint|p2a: Charizard\n|-damage|p1a: Dodrio|100/243 tox|[from] Recoil\n|\n|-weather|none\n|-damage|p1a: Dodrio|85/243 tox|[from] psn\n|upkeep\n|\n|t:|1733845433\n|switch|p2a: Kingdra|Kingdra, L84, F, tera:Steel|231/263\n|-damage|p2a: Kingdra|215/263|[from] Stealth Rock\n|turn|29\n|\n|t:|1733845440\n|move|p1a: Dodrio|Drill Run|p2a: Kingdra\n|-supereffective|p2a: Kingdra\n|-damage|p2a: Kingdra|93/263\n|move|p2a: Kingdra|Dragon Dance|p2a: Kingdra\n|-boost|p2a: Kingdra|atk|1\n|-boost|p2a: Kingdra|spe|1\n|\n|-damage|p1a: Dodrio|55/243 tox|[from] psn\n|upkeep\n|turn|30\n|\n|t:|1733845449\n|move|p2a: Kingdra|Iron Head|p1a: Dodrio\n|-damage|p1a: Dodrio|0 fnt\n|faint|p1a: Dodrio\n|\n|upkeep\n|\n|t:|1733845453\n|switch|p1a: Slaking|Slaking, L84, F|389/389\n|turn|31\n|\n|t:|1733845459\n|move|p2a: Kingdra|Wave Crash|p1a: Slaking\n|-damage|p1a: Slaking|220/389\n|-damage|p2a: Kingdra|37/263|[from] Recoil\n|move|p1a: Slaking|Earthquake|p2a: Kingdra\n|-supereffective|p2a: Kingdra\n|-damage|p2a: Kingdra|0 fnt\n|faint|p2a: Kingdra\n|\n|upkeep\n|\n|t:|1733845469\n|switch|p2a: Darkrai|Darkrai, L77|234/234\n|-damage|p2a: Darkrai|205/234|[from] Stealth Rock\n|turn|32\n|\n|t:|1733845478\n|-terastallize|p1a: Slaking|Ground\n|move|p2a: Darkrai|Nasty Plot|p2a: Darkrai\n|-boost|p2a: Darkrai|spa|2\n|cant|p1a: Slaking|ability: Truant\n|\n|upkeep\n|turn|33\n|\n|t:|1733845484\n|move|p2a: Darkrai|Dark Pulse|p1a: Slaking\n|-damage|p1a: Slaking|0 fnt\n|faint|p1a: Slaking\n|-damage|p2a: Darkrai|182/234|[from] item: Life Orb\n|\n|upkeep\n|\n|t:|1733845490\n|switch|p1a: Flutter Mane|Flutter Mane, L74|203/203\n|turn|34\n|\n|t:|1733845494\n|move|p1a: Flutter Mane|Moonblast|p2a: Darkrai\n|-supereffective|p2a: Darkrai\n|-damage|p2a: Darkrai|0 fnt\n|faint|p2a: Darkrai\n|-damage|p1a: Flutter Mane|183/203|[from] item: Life Orb\n|\n|upkeep\n|\n|t:|1733845496\n|switch|p2a: Toedscruel|Toedscruel, L87, F|281/281\n|-damage|p2a: Toedscruel|264/281|[from] Stealth Rock\n|turn|35\n|\n|t:|1733845504\n|move|p1a: Flutter Mane|Moonblast|p2a: Toedscruel\n|-damage|p2a: Toedscruel|154/281\n|-damage|p1a: Flutter Mane|163/203|[from] item: Life Orb\n|move|p2a: Toedscruel|Toxic|p1a: Flutter Mane\n|-status|p1a: Flutter Mane|tox\n|\n|-heal|p2a: Toedscruel|171/281|[from] item: Leftovers\n|-damage|p1a: Flutter Mane|151/203 tox|[from] psn\n|upkeep\n|turn|36\n|\n|t:|1733845512\n|move|p1a: Flutter Mane|Moonblast|p2a: Toedscruel\n|-damage|p2a: Toedscruel|76/281\n|-unboost|p2a: Toedscruel|spa|1\n|-damage|p1a: Flutter Mane|131/203 tox|[from] item: Life Orb\n|move|p2a: Toedscruel|Leaf Storm|p1a: Flutter Mane\n|-damage|p1a: Flutter Mane|64/203 tox\n|-unboost|p2a: Toedscruel|spa|2\n|\n|-heal|p2a: Toedscruel|93/281|[from] item: Leftovers\n|-damage|p1a: Flutter Mane|40/203 tox|[from] psn\n|upkeep\n|turn|37\n|\n|t:|1733845524\n|move|p1a: Flutter Mane|Moonblast|p2a: Toedscruel\n|-damage|p2a: Toedscruel|0 fnt\n|faint|p2a: Toedscruel\n|-damage|p1a: Flutter Mane|20/203 tox|[from] item: Life Orb\n|\n|win|Skullmonkey\n|raw|Skullmonkey's rating: 1502 &rarr; <strong>1523</strong><br />(+21 for winning)\n|raw|ub2se's rating: 1525 &rarr; <strong>1504</strong><br />(-21 for losing)\n|l|\u2606ub2se\n|player|p2|\n", "inputlog": ">version bfd83cad13791eb5a5a409923076391caf6fb4d4\n>start {\"formatid\":\"gen9randombattle\",\"seed\":[13895,26666,6390,39646],\"rated\":\"Rated battle\"}\n>player p1 {\"name\":\"Skullmonkey\",\"avatar\":\"li\",\"rating\":1502,\"seed\":[13025,20151,47580,34183]}\n>player p2 {\"name\":\"ub2se\",\"avatar\":\"roxie\",\"rating\":1525,\"seed\":[21844,8143,19722,32673]}\n>p1 switch 6\n>p2 move toxic\n>p1 move knockoff\n>p2 switch 4\n>p1 switch 3\n>p2 move icebeam\n>p1 move magmastorm\n>p2 switch 3\n>p1 switch 5\n>p2 move surf\n>p1 move calmmind\n>p2 move surf\n>p1 move calmmind\n>p2 move bravebird\n>p1 move recover\n>p2 move bravebird\n>p1 move recover\n>p2 move roost\n>p1 move recover\n>p2 move bravebird\n>p1 move aeroblast\n>p2 move bravebird\n>p1 move recover\n>p2 move bravebird\n>p1 move calmmind\n>p2 move bravebird\n>p1 move recover\n>p2 move bravebird\n>p1 move recover\n>p2 move bravebird\n>p1 move aeroblast\n>p2 move bravebird\n>chat \u2606Skullmonkey|...\n>p1 move recover\n>p2 move roost\n>p1 move aeroblast\n>p2 move bravebird\n>p2 switch 2\n>p1 move aeroblast\n>p2 move flareblitz\n>p1 switch 5\n>p1 move stealthrock\n>p2 move earthquake\n>p1 switch 3\n>p2 move earthquake\n>p1 move knockoff\n>p2 switch 3\n>p1 switch 3\n>p2 move thunderbolt\n>p1 switch 2\n>p1 move sunnyday\n>p2 move icebeam\n>p1 move weatherball\n>p2 move thunderwave\n>p2 switch 6\n>p1 move powerwhip\n>p2 move dragondance terastallize\n>p1 move weatherball\n>p2 switch 3\n>p1 switch 3\n>p1 move bravebird\n>p2 move flareblitz\n>p2 switch 3\n>p1 move drillrun\n>p2 move dragondance\n>p1 move drillrun\n>p2 move ironhead\n>p1 switch 4\n>p1 move earthquake\n>p2 move wavecrash\n>p2 switch 5\n>p1 move earthquake terastallize\n>p2 move nastyplot\n>p1 move earthquake\n>p2 move darkpulse\n>p1 switch 6\n>p1 move moonblast\n>p2 move darkpulse\n>p2 switch 4\n>p1 move moonblast\n>p2 move toxic\n>p1 move moonblast\n>p2 move leafstorm\n>p1 move moonblast\n>p2 move earthpower", "uploadtime": 1733845529, "views": 1, "formatid": "gen9randombattle", "rating": 1504, "private": 0, "password": null}