{"id": "gen9randombattle-2260444236", "format": "[Gen 9] Random Battle", "players": ["ilmotrce", "Shin Rocketeer"], "log": "|j|\u2606ilmotrce\n|j|\u2606Shin Rocketeer\n|t:|1733852205\n|gametype|singles\n|player|p1|ilmotrce|firebreather|1390\n|player|p2|Shin Rocketeer|proton|1419\n|teamsize|p1|6\n|teamsize|p2|6\n|gen|9\n|tier|[Gen 9] Random Battle\n|rated|\n|rule|Species Clause: Limit one of each Pok\u00e9mon\n|rule|HP Percentage Mod: HP is shown in percentages\n|rule|Sleep Clause Mod: Limit one foe put to sleep\n|rule|Illusion Level Mod: Illusion disguises the Pok\u00e9mon's true level\n|\n|t:|1733852205\n|start\n|switch|p1a: Pyroar|Pyroar, L88, F|295/295\n|switch|p2a: Raichu|Raichu, L88, F|249/249\n|-ability|p1a: Pyroar|Unnerve\n|turn|1\n|inactive|Battle timer is ON: inactive players will automatically lose when time's up. (requested by ilmotrce)\n|\n|t:|1733852214\n|move|p2a: Raichu|Nasty Plot|p2a: Raichu\n|-boost|p2a: Raichu|spa|2\n|move|p1a: Pyroar|Work Up|p1a: Pyroar\n|-boost|p1a: Pyroar|atk|1\n|-boost|p1a: Pyroar|spa|1\n|\n|upkeep\n|turn|2\n|\n|t:|1733852234\n|switch|p1a: Chandelure|Chandelure, L83, M|235/235\n|move|p2a: Raichu|Focus Blast|p1a: Chandelure\n|-immune|p1a: Chandelure\n|\n|upkeep\n|turn|3\n|\n|t:|1733852244\n|move|p1a: Chandelure|Fire Blast|p2a: Raichu|[miss]\n|-miss|p1a: Chandelure|p2a: Raichu\n|move|p2a: Raichu|Thunderbolt|p1a: Chandelure\n|-damage|p1a: Chandelure|0 fnt\n|faint|p1a: Chandelure\n|-damage|p2a: Raichu|225/249|[from] item: Life Orb\n|\n|upkeep\n|\n|t:|1733852257\n|switch|p1a: Luvdisc|Luvdisc, F|247/247\n|turn|4\n|c|\u2606Shin Rocketeer|Hey dude\n|c|\u2606ilmotrce|?\n|\n|t:|1733852267\n|move|p1a: Luvdisc|Substitute|p1a: Luvdisc\n|-start|p1a: Luvdisc|Substitute\n|-damage|p1a: Luvdisc|186/247\n|move|p2a: Raichu|Thunderbolt|p1a: Luvdisc\n|-supereffective|p1a: Luvdisc\n|-end|p1a: Luvdisc|Substitute\n|-damage|p2a: Raichu|201/249|[from] item: Life Orb\n|\n|upkeep\n|turn|5\n|\n|t:|1733852272\n|move|p1a: Luvdisc|Substitute|p1a: Luvdisc\n|-start|p1a: Luvdisc|Substitute\n|-damage|p1a: Luvdisc|125/247\n|move|p2a: Raichu|Thunderbolt|p1a: Luvdisc\n|-supereffective|p1a: Luvdisc\n|-end|p1a: Luvdisc|Substitute\n|-damage|p2a: Raichu|177/249|[from] item: Life Orb\n|\n|upkeep\n|turn|6\n|c|\u2606Shin Rocketeer|Sup\n|\n|t:|1733852280\n|move|p1a: Luvdisc|Substitute|p1a: Luvdisc\n|-start|p1a: Luvdisc|Substitute\n|-damage|p1a: Luvdisc|64/247\n|move|p2a: Raichu|Thunderbolt|p1a: Luvdisc\n|-supereffective|p1a: Luvdisc\n|-end|p1a: Luvdisc|Substitute\n|-damage|p2a: Raichu|153/249|[from] item: Life Orb\n|\n|upkeep\n|turn|7\n|\n|t:|1733852285\n|move|p1a: Luvdisc|Substitute|p1a: Luvdisc\n|-start|p1a: Luvdisc|Substitute\n|-damage|p1a: Luvdisc|3/247\n|move|p2a: Raichu|Thunderbolt|p1a: Luvdisc\n|-supereffective|p1a: Luvdisc\n|-end|p1a: Luvdisc|Substitute\n|-damage|p2a: Raichu|129/249|[from] item: Life Orb\n|\n|upkeep\n|turn|8\n|\n|t:|1733852289\n|switch|p2a: Sableye|Sableye, L89, M|234/234\n|move|p1a: Luvdisc|Endeavor|p2a: Sableye\n|-immune|p2a: Sableye\n|\n|upkeep\n|turn|9\n|\n|t:|1733852302\n|switch|p1a: Shiftry|Shiftry, L89, M|305/305\n|move|p2a: Sableye|Knock Off|p1a: Shiftry\n|-resisted|p1a: Shiftry\n|-damage|p1a: Shiftry|242/305\n|-enditem|p1a: Shiftry|Life Orb|[from] move: Knock Off|[of] p2a: Sableye\n|\n|upkeep\n|turn|10\n|\n|t:|1733852309\n|switch|p2a: Swalot|Swalot, L90, M|326/326\n|move|p1a: Shiftry|Tailwind|p1a: Shiftry\n|-sidestart|p1: ilmotrce|move: Tailwind\n|-ability|p1a: Shiftry|Wind Rider|boost\n|-boost|p1a: Shiftry|atk|1\n|\n|upkeep\n|turn|11\n|\n|t:|1733852323\n|move|p1a: Shiftry|Knock Off|p2a: Swalot\n|-damage|p2a: Swalot|143/326\n|-enditem|p2a: Swalot|Leftovers|[from] move: Knock Off|[of] p1a: Shiftry\n|move|p2a: Swalot|Toxic|p1a: Shiftry\n|-status|p1a: Shiftry|tox\n|\n|-damage|p1a: Shiftry|223/305 tox|[from] psn\n|upkeep\n|turn|12\n|\n|t:|1733852339\n|move|p1a: Shiftry|Low Kick|p2a: Swalot\n|-resisted|p2a: Swalot\n|-damage|p2a: Swalot|93/326\n|move|p2a: Swalot|Sludge Bomb|p1a: Shiftry\n|-supereffective|p1a: Shiftry\n|-damage|p1a: Shiftry|5/305 tox\n|\n|-damage|p1a: Shiftry|0 fnt|[from] psn\n|faint|p1a: Shiftry\n|upkeep\n|\n|t:|1733852349\n|switch|p1a: Seviper|Seviper, L93, F|287/287\n|turn|13\n|\n|t:|1733852354\n|move|p1a: Seviper|Earthquake|p2a: Swalot\n|-supereffective|p2a: Swalot\n|-damage|p2a: Swalot|0 fnt\n|faint|p2a: Swalot\n|-damage|p1a: Seviper|259/287|[from] item: Life Orb\n|\n|-sideend|p1: ilmotrce|move: Tailwind\n|upkeep\n|\n|t:|1733852366\n|switch|p2a: Braviary|Braviary-Hisui, L85, M|326/326\n|turn|14\n|\n|t:|1733852374\n|move|p1a: Seviper|Glare|p2a: Braviary\n|-status|p2a: Braviary|par\n|move|p2a: Braviary|Esper Wing|p1a: Seviper\n|-supereffective|p1a: Seviper\n|-damage|p1a: Seviper|5/287\n|-boost|p2a: Braviary|spe|1\n|\n|upkeep\n|turn|15\n|\n|t:|1733852382\n|move|p1a: Seviper|Gunk Shot|p2a: Braviary\n|-damage|p2a: Braviary|80/326 par\n|-damage|p1a: Seviper|0 fnt|[from] item: Life Orb\n|faint|p1a: Seviper\n|move|p2a: Braviary|Esper Wing|p1: Seviper|[notarget]\n|-fail|p2a: Braviary\n|\n|upkeep\n|\n|t:|1733852389\n|switch|p1a: Luvdisc|Luvdisc, F|3/247\n|turn|16\n|\n|t:|1733852393\n|move|p1a: Luvdisc|Surf|p2a: Braviary\n|-damage|p2a: Braviary|0 fnt\n|faint|p2a: Braviary\n|\n|upkeep\n|\n|t:|1733852399\n|switch|p2a: Regidrago|Regidrago, L77|435/435\n|turn|17\n|\n|t:|1733852404\n|move|p2a: Regidrago|Dragon Energy|p1a: Luvdisc\n|-damage|p1a: Luvdisc|0 fnt\n|faint|p1a: Luvdisc\n|\n|upkeep\n|\n|t:|1733852409\n|switch|p1a: Pyroar|Pyroar, L88, F|295/295\n|-ability|p1a: Pyroar|Unnerve\n|turn|18\n|\n|t:|1733852414\n|move|p2a: Regidrago|Dragon Energy|p1a: Pyroar\n|-damage|p1a: Pyroar|55/295\n|move|p1a: Pyroar|Work Up|p1a: Pyroar\n|-boost|p1a: Pyroar|atk|1\n|-boost|p1a: Pyroar|spa|1\n|\n|upkeep\n|turn|19\n|\n|t:|1733852419\n|move|p2a: Regidrago|Dragon Energy|p1a: Pyroar\n|-damage|p1a: Pyroar|0 fnt\n|faint|p1a: Pyroar\n|\n|upkeep\n|\n|t:|1733852421\n|switch|p1a: Keldeo|Keldeo-Resolute, L79|273/273\n|turn|20\n|c|\u2606Shin Rocketeer|Dude\n|\n|t:|1733852430\n|-terastallize|p1a: Keldeo|Steel\n|move|p2a: Regidrago|Dragon Energy|p1a: Keldeo\n|-resisted|p1a: Keldeo\n|-damage|p1a: Keldeo|163/273\n|move|p1a: Keldeo|Calm Mind|p1a: Keldeo\n|-boost|p1a: Keldeo|spa|1\n|-boost|p1a: Keldeo|spd|1\n|\n|-heal|p1a: Keldeo|180/273|[from] item: Leftovers\n|upkeep\n|turn|21\n|\n|t:|1733852437\n|move|p2a: Regidrago|Dragon Energy|p1a: Keldeo\n|-resisted|p1a: Keldeo\n|-damage|p1a: Keldeo|115/273\n|move|p1a: Keldeo|Calm Mind|p1a: Keldeo\n|-boost|p1a: Keldeo|spa|1\n|-boost|p1a: Keldeo|spd|1\n|\n|-heal|p1a: Keldeo|132/273|[from] item: Leftovers\n|upkeep\n|turn|22\n|\n|t:|1733852442\n|switch|p2a: Sableye|Sableye, L89, M|234/234\n|move|p1a: Keldeo|Secret Sword|p2a: Sableye\n|-immune|p2a: Sableye\n|\n|-heal|p1a: Keldeo|149/273|[from] item: Leftovers\n|upkeep\n|turn|23\n|\n|t:|1733852448\n|move|p2a: Sableye|Thunder Wave|p1a: Keldeo\n|-status|p1a: Keldeo|par\n|cant|p1a: Keldeo|par\n|\n|-heal|p1a: Keldeo|166/273 par|[from] item: Leftovers\n|upkeep\n|turn|24\n|\n|t:|1733852455\n|move|p2a: Sableye|Encore|p1a: Keldeo\n|-start|p1a: Keldeo|Encore\n|cant|p1a: Keldeo|par\n|\n|-heal|p1a: Keldeo|183/273 par|[from] item: Leftovers\n|upkeep\n|turn|25\n|l|\u2606ilmotrce\n|inactive|ilmotrce disconnected and has a minute to reconnect!\n|player|p1|\n|inactive|ilmotrce has 30 seconds to reconnect!\n|inactive|ilmotrce has 20 seconds to reconnect!\n|inactive|ilmotrce has 15 seconds to reconnect!\n|inactive|ilmotrce has 10 seconds to reconnect!\n|inactive|ilmotrce has 5 seconds to reconnect!\n|-message|ilmotrce lost due to inactivity.\n|\n|win|Shin Rocketeer\n|raw|ilmotrce's rating: 1390 &rarr; <strong>1372</strong><br />(-18 for losing)\n|raw|Shin Rocketeer's rating: 1419 &rarr; <strong>1437</strong><br />(+18 for winning)\n", "inputlog": ">version bfd83cad13791eb5a5a409923076391caf6fb4d4\n>start {\"formatid\":\"gen9randombattle\",\"seed\":[48787,36131,7387,22241],\"rated\":\"Rated battle\"}\n>player p1 {\"name\":\"ilmotrce\",\"avatar\":\"firebreather\",\"rating\":1390,\"seed\":[57972,56287,12545,50115]}\n>player p2 {\"name\":\"Shin Rocketeer\",\"avatar\":\"proton\",\"rating\":1419,\"seed\":[43664,59305,13270,22600]}\n>p1 move workup\n>p2 move nastyplot\n>p1 switch 3\n>p2 move focusblast\n>p1 move fireblast\n>p2 move thunderbolt\n>p1 switch 5\n>chat \u2606Shin Rocketeer|Hey dude\n>chat \u2606ilmotrce|?\n>p1 move substitute\n>p2 move thunderbolt\n>p1 move substitute\n>p2 move thunderbolt\n>chat \u2606Shin Rocketeer|Sup\n>p1 move substitute\n>p2 move thunderbolt\n>p1 move substitute\n>p2 move thunderbolt\n>p1 move endeavor\n>p2 switch 3\n>p1 switch 2\n>p2 move knockoff\n>p1 move tailwind\n>p2 switch 5\n>p1 move knockoff\n>p2 move toxic\n>p1 move lowkick\n>p2 move sludgebomb\n>p1 switch 6\n>p1 move earthquake\n>p2 move earthquake\n>p2 switch 2\n>p1 move glare\n>p2 move esperwing\n>p1 move gunkshot\n>p2 move esperwing\n>p1 switch 2\n>p1 move surf\n>p2 move roost\n>p2 switch 6\n>p1 move endeavor\n>p2 move dragonenergy\n>p1 switch 3\n>p1 move workup\n>p2 move dragonenergy\n>p1 move hypervoice\n>p2 move dragonenergy\n>p1 switch 4\n>chat \u2606Shin Rocketeer|Dude\n>p1 move calmmind terastallize\n>p2 move dragonenergy\n>p1 move calmmind\n>p2 move dragonenergy\n>p1 move secretsword\n>p2 switch 5\n>p1 move hydropump\n>p2 move thunderwave\n>p1 move hydropump\n>p2 move encore\n>forcelose p1", "uploadtime": 1733852520, "views": 2, "formatid": "gen9randombattle", "rating": 1372, "private": 0, "password": null}