{"id": "gen9randombattle-2152324498", "format": "[Gen 9] Random Battle", "players": ["true_shu", "Referrals"], "log": "|badge|p2|bronze|gen9randombattle|100-1\n|html|<div class=\"broadcast-red\"><strong>This battle is required to be public due to one or more player having a season medal.</strong><br />During the public phase, you can discuss the state of the ladder <a href=\"/seasondiscussion\">in a special chatroom.</a></div>\n|uhtml|medal-msg|<div class=\"broadcast-blue\">Curious what those medals under the avatar are? PS now has Ladder Seasons! For more information, check out the <a href=\"https://www.smogon.com/forums/threads/3740067/\">thread on Smogon.</a></div>\n|j|\u2606true_shu\n|j|\u2606Referrals\n|t:|1719693125\n|gametype|singles\n|player|p1|true_shu|101|2206\n|player|p2|Referrals|sabrina-frlg|2415\n|teamsize|p1|6\n|teamsize|p2|6\n|gen|9\n|tier|[Gen 9] Random Battle\n|rated|\n|rule|Species Clause: Limit one of each Pok\u00e9mon\n|rule|HP Percentage Mod: HP is shown in percentages\n|rule|Sleep Clause Mod: Limit one foe put to sleep\n|rule|Illusion Level Mod: Illusion disguises the Pok\u00e9mon's true level\n|\n|t:|1719693125\n|start\n|switch|p1a: Serperior|Serperior, L80, M|251/251\n|switch|p2a: Primarina|Primarina, L83, F|268/268\n|turn|1\n|inactive|Battle timer is ON: inactive players will automatically lose when time's up. (requested by true_shu)\n|inactive|Referrals has 120 seconds left.\n|\n|t:|1719693193\n|switch|p2a: Arbok|Arbok, L87, M|246/246\n|-ability|p2a: Arbok|Intimidate|boost\n|-boost|p1a: Serperior|atk|1\n|move|p1a: Serperior|Glare|p2a: Arbok\n|-status|p2a: Arbok|par\n|\n|upkeep\n|turn|2\n|\n|t:|1719693200\n|switch|p1a: Slowbro|Slowbro-Galar, L87, M|307/307\n|move|p2a: Arbok|Gunk Shot|p1a: Slowbro\n|-resisted|p1a: Slowbro\n|-damage|p1a: Slowbro|243/307\n|\n|upkeep\n|turn|3\n|\n|t:|1719693207\n|switch|p2a: Articuno|Articuno-Galar, L83|285/285\n|move|p1a: Slowbro|Psychic|p2a: Articuno\n|-resisted|p2a: Articuno\n|-damage|p2a: Articuno|223/285\n|-damage|p1a: Slowbro|213/307|[from] item: Life Orb\n|\n|upkeep\n|turn|4\n|\n|t:|1719693213\n|switch|p1a: Copperajah|Copperajah, L86, F|350/350\n|move|p2a: Articuno|Calm Mind|p2a: Articuno\n|-boost|p2a: Articuno|spa|1\n|-boost|p2a: Articuno|spd|1\n|\n|upkeep\n|turn|5\n|\n|t:|1719693239\n|move|p2a: Articuno|Freezing Glare|p1a: Copperajah\n|-resisted|p1a: Copperajah\n|-damage|p1a: Copperajah|257/350\n|move|p1a: Copperajah|Heavy Slam|p2a: Articuno\n|-damage|p2a: Articuno|0 fnt\n|faint|p2a: Articuno\n|\n|upkeep\n|\n|t:|1719693243\n|switch|p2a: Zekrom|Zekrom, L71|259/259\n|-ability|p2a: Zekrom|Teravolt\n|turn|6\n|\n|t:|1719693261\n|switch|p1a: Spidops|Spidops, L96, F|271/271\n|move|p2a: Zekrom|Dragon Dance|p2a: Zekrom\n|-boost|p2a: Zekrom|atk|1\n|-boost|p2a: Zekrom|spe|1\n|\n|upkeep\n|turn|7\n|\n|t:|1719693273\n|move|p2a: Zekrom|Bolt Strike|p1a: Spidops\n|-damage|p1a: Spidops|102/271\n|move|p1a: Spidops|Circle Throw|p2a: Zekrom\n|-damage|p2a: Zekrom|214/259\n|drag|p2a: Tatsugiri|Tatsugiri, L86, M|257/257\n|\n|upkeep\n|turn|8\n|\n|t:|1719693282\n|move|p2a: Tatsugiri|Nasty Plot|p2a: Tatsugiri\n|-boost|p2a: Tatsugiri|spa|2\n|move|p1a: Spidops|U-turn|p2a: Tatsugiri\n|-damage|p2a: Tatsugiri|152/257\n|\n|t:|1719693301\n|switch|p1a: Noivern|Noivern, L82, F|274/274|[from] U-turn\n|\n|upkeep\n|turn|9\n|j| teres bahji\n|\n|t:|1719693305\n|move|p1a: Noivern|Draco Meteor|p2a: Tatsugiri\n|-supereffective|p2a: Tatsugiri\n|-damage|p2a: Tatsugiri|0 fnt\n|-unboost|p1a: Noivern|spa|2\n|faint|p2a: Tatsugiri\n|\n|upkeep\n|\n|t:|1719693307\n|switch|p2a: Zekrom|Zekrom, L71|214/259\n|-ability|p2a: Zekrom|Teravolt\n|turn|10\n|\n|t:|1719693311\n|-terastallize|p2a: Zekrom|Steel\n|move|p1a: Noivern|Draco Meteor|p2a: Zekrom\n|-resisted|p2a: Zekrom\n|-damage|p2a: Zekrom|180/259\n|-unboost|p1a: Noivern|spa|2\n|move|p2a: Zekrom|Dragon Dance|p2a: Zekrom\n|-boost|p2a: Zekrom|atk|1\n|-boost|p2a: Zekrom|spe|1\n|\n|-heal|p2a: Zekrom|196/259|[from] item: Leftovers\n|upkeep\n|turn|11\n|\n|t:|1719693317\n|switch|p1a: Spidops|Spidops, L96, F|102/271\n|move|p2a: Zekrom|Dragon Dance|p2a: Zekrom\n|-boost|p2a: Zekrom|atk|1\n|-boost|p2a: Zekrom|spe|1\n|\n|-heal|p2a: Zekrom|212/259|[from] item: Leftovers\n|upkeep\n|turn|12\n|\n|t:|1719693322\n|move|p2a: Zekrom|Bolt Strike|p1a: Spidops\n|-damage|p1a: Spidops|0 fnt\n|faint|p1a: Spidops\n|\n|-heal|p2a: Zekrom|228/259|[from] item: Leftovers\n|upkeep\n|c| teres bahji|is that tera steel set new ?\n|\n|t:|1719693331\n|switch|p1a: Serperior|Serperior, L80, M|251/251\n|turn|13\n|\n|t:|1719693335\n|move|p2a: Zekrom|Substitute|p2a: Zekrom\n|-start|p2a: Zekrom|Substitute\n|-damage|p2a: Zekrom|164/259\n|move|p1a: Serperior|Leaf Storm|p2a: Zekrom\n|-resisted|p2a: Zekrom\n|-end|p2a: Zekrom|Substitute\n|-boost|p1a: Serperior|spa|2\n|-damage|p1a: Serperior|226/251|[from] item: Life Orb\n|\n|-heal|p2a: Zekrom|180/259|[from] item: Leftovers\n|upkeep\n|turn|14\n|c|\u2606Referrals|im not sure\n|c|\u2606Referrals|i mean its new but\n|inactive|Referrals has 120 seconds left.\n|c| teres bahji|i believe it was always electric\n|c|\u2606Referrals|i think it was added a few weeks ago\n|c|\u2606Referrals|ye it was\n|\n|t:|1719693379\n|move|p2a: Zekrom|Substitute|p2a: Zekrom\n|-start|p2a: Zekrom|Substitute\n|-damage|p2a: Zekrom|116/259\n|move|p1a: Serperior|Leaf Storm|p2a: Zekrom\n|-resisted|p2a: Zekrom\n|-end|p2a: Zekrom|Substitute\n|-boost|p1a: Serperior|spa|2\n|-damage|p1a: Serperior|201/251|[from] item: Life Orb\n|\n|-heal|p2a: Zekrom|132/259|[from] item: Leftovers\n|upkeep\n|turn|15\n|\n|t:|1719693387\n|move|p2a: Zekrom|Substitute|p2a: Zekrom\n|-start|p2a: Zekrom|Substitute\n|-damage|p2a: Zekrom|68/259\n|move|p1a: Serperior|Leaf Storm|p2a: Zekrom\n|-resisted|p2a: Zekrom\n|-end|p2a: Zekrom|Substitute\n|-boost|p1a: Serperior|spa|2\n|-damage|p1a: Serperior|176/251|[from] item: Life Orb\n|\n|-heal|p2a: Zekrom|84/259|[from] item: Leftovers\n|upkeep\n|turn|16\n|inactive|Referrals has 120 seconds left.\n|\n|t:|1719693395\n|move|p2a: Zekrom|Substitute|p2a: Zekrom\n|-start|p2a: Zekrom|Substitute\n|-damage|p2a: Zekrom|20/259\n|move|p1a: Serperior|Leaf Storm|p2a: Zekrom\n|-resisted|p2a: Zekrom\n|-end|p2a: Zekrom|Substitute\n|-damage|p1a: Serperior|151/251|[from] item: Life Orb\n|\n|-heal|p2a: Zekrom|36/259|[from] item: Leftovers\n|upkeep\n|turn|17\n|\n|t:|1719693401\n|move|p2a: Zekrom|Bolt Strike|p1a: Serperior\n|-resisted|p1a: Serperior\n|-damage|p1a: Serperior|11/251\n|move|p1a: Serperior|Tera Blast|p2a: Zekrom\n|-resisted|p2a: Zekrom\n|-damage|p2a: Zekrom|0 fnt\n|faint|p2a: Zekrom\n|-damage|p1a: Serperior|0 fnt|[from] item: Life Orb\n|faint|p1a: Serperior\n|\n|upkeep\n|c| teres bahji|rip\n|\n|t:|1719693416\n|switch|p1a: Slowbro|Slowbro-Galar, L87, M|307/307\n|switch|p2a: Primarina|Primarina, L83, F|268/268\n|turn|18\n|\n|t:|1719693421\n|move|p2a: Primarina|Calm Mind|p2a: Primarina\n|-boost|p2a: Primarina|spa|1\n|-boost|p2a: Primarina|spd|1\n|move|p1a: Slowbro|Shell Side Arm|p2a: Primarina|[anim] Shell Side Arm Physical\n|-supereffective|p2a: Primarina\n|-damage|p2a: Primarina|0 fnt\n|-hint|Physical Shell Side Arm\n|faint|p2a: Primarina\n|-damage|p1a: Slowbro|277/307|[from] item: Life Orb\n|\n|upkeep\n|\n|t:|1719693423\n|switch|p2a: Glimmora|Glimmora, L76, M|251/251\n|turn|19\n|\n|t:|1719693431\n|switch|p1a: Noivern|Noivern, L82, F|274/274\n|move|p2a: Glimmora|Earth Power|p1a: Noivern\n|-immune|p1a: Noivern\n|\n|upkeep\n|turn|20\n|\n|t:|1719693437\n|switch|p2a: Arbok|Arbok, L87, M|246/246 par\n|-ability|p2a: Arbok|Intimidate|boost\n|-unboost|p1a: Noivern|atk|1\n|move|p1a: Noivern|Draco Meteor|p2a: Arbok\n|-damage|p2a: Arbok|110/246 par\n|-unboost|p1a: Noivern|spa|2\n|\n|-heal|p2a: Arbok|125/246 par|[from] item: Leftovers\n|upkeep\n|turn|21\n|\n|t:|1719693442\n|switch|p1a: Slowbro|Slowbro-Galar, L87, M|307/307\n|move|p2a: Arbok|Coil|p2a: Arbok\n|-boost|p2a: Arbok|atk|1\n|-boost|p2a: Arbok|def|1\n|-boost|p2a: Arbok|accuracy|1\n|\n|-heal|p2a: Arbok|140/246 par|[from] item: Leftovers\n|upkeep\n|turn|22\n|\n|t:|1719693446\n|move|p2a: Arbok|Earthquake|p1a: Slowbro\n|-supereffective|p1a: Slowbro\n|-damage|p1a: Slowbro|105/307\n|move|p1a: Slowbro|Psychic|p2a: Arbok\n|-supereffective|p2a: Arbok\n|-damage|p2a: Arbok|0 fnt\n|faint|p2a: Arbok\n|-damage|p1a: Slowbro|75/307|[from] item: Life Orb\n|\n|upkeep\n|\n|t:|1719693449\n|switch|p2a: Glimmora|Glimmora, L76, M|251/251\n|turn|23\n|\n|t:|1719693456\n|switch|p1a: Noivern|Noivern, L82, F|274/274\n|move|p2a: Glimmora|Meteor Beam||[still]\n|-prepare|p2a: Glimmora|Meteor Beam\n|-boost|p2a: Glimmora|spa|1\n|-enditem|p2a: Glimmora|Power Herb\n|-anim|p2a: Glimmora|Meteor Beam|p1a: Noivern\n|-supereffective|p1a: Noivern\n|-damage|p1a: Noivern|0 fnt\n|faint|p1a: Noivern\n|\n|upkeep\n|\n|t:|1719693462\n|switch|p1a: Miraidon|Miraidon, L65|238/238\n|-fieldstart|move: Electric Terrain|[from] ability: Hadron Engine|[of] p1a: Miraidon\n|turn|24\n|\n|t:|1719693466\n|-terastallize|p1a: Miraidon|Electric\n|move|p1a: Miraidon|Volt Switch|p2a: Glimmora\n|-damage|p2a: Glimmora|0 fnt\n|faint|p2a: Glimmora\n|\n|win|true_shu\n|raw|true_shu's rating: 2206 &rarr; <strong>2237</strong><br />(+31 for winning)\n|raw|Referrals's rating: 2415 &rarr; <strong>2384</strong><br />(-31 for losing)\n|l|\u2606Referrals\n|player|p2|\n|l|\u2606true_shu\n|player|p1|\n|l| teres bahji\n", "inputlog": ">version 021bb6b4147d783a3aa9da22896c4e1e173f1b61\n>start {\"formatid\":\"gen9randombattle\",\"seed\":[20498,21303,16149,64202],\"rated\":\"Rated battle\"}\n>player p1 {\"name\":\"true_shu\",\"avatar\":\"101\",\"rating\":2206,\"seed\":[54730,9183,62912,45638]}\n>player p2 {\"name\":\"Referrals\",\"avatar\":\"sabrina-frlg\",\"rating\":2415,\"seed\":[2893,37432,15613,13943]}\n>p1 move glare\n>p2 switch 2\n>p1 switch 6\n>p2 move gunkshot\n>p1 move psychic\n>p2 switch 4\n>p1 switch 5\n>p2 move calmmind\n>p1 move heavyslam\n>p2 move freezingglare\n>p2 switch 3\n>p1 switch 2\n>p2 move dragondance\n>p1 move circlethrow\n>p2 move boltstrike\n>p1 move uturn\n>p2 move nastyplot\n>p1 switch 3\n>p1 move dracometeor\n>p2 move rapidspin\n>p2 switch 6\n>p1 move dracometeor\n>p2 move dragondance terastallize\n>p1 switch 3\n>p2 move dragondance\n>p1 move circlethrow\n>p2 move boltstrike\n>chat  teres bahji|is that tera steel set new ?\n>p1 switch 6\n>p1 move leafstorm\n>p2 move substitute\n>chat \u2606Referrals|im not sure\n>chat \u2606Referrals|i mean its new but\n>chat  teres bahji|i believe it was always electric\n>chat \u2606Referrals|i think it was added a few weeks ago\n>chat \u2606Referrals|ye it was\n>p1 move leafstorm\n>p2 move substitute\n>p1 move leafstorm\n>p2 move substitute\n>p1 move leafstorm\n>p2 move substitute\n>p1 move terablast\n>p2 move boltstrike\n>chat  teres bahji|rip\n>p1 switch 5\n>p2 switch 2\n>p1 move shellsidearm\n>p2 move calmmind\n>p2 switch 5\n>p1 switch 3\n>p2 move earthpower\n>p1 move dracometeor\n>p2 switch 4\n>p1 switch 3\n>p2 move coil\n>p1 move psychic\n>p2 move earthquake\n>p2 switch 4\n>p1 switch 3\n>p2 move meteorbeam\n>p1 switch 4\n>p1 move voltswitch terastallize\n>p2 move earthpower", "uploadtime": 1719693511, "views": 197, "formatid": "gen9randombattle", "rating": 2237, "private": 0, "password": null}