{"id": "gen9randombattle-2151176907", "format": "[Gen 9] Random Battle", "players": ["canyousparechange", "hammy358"], "log": "|j|\u2606canyousparechange\n|j|\u2606hammy358\n|t:|1719517953\n|gametype|singles\n|player|p1|canyousparechange|li|2218\n|player|p2|hammy358|266|2238\n|teamsize|p1|6\n|teamsize|p2|6\n|gen|9\n|tier|[Gen 9] Random Battle\n|rated|\n|rule|Species Clause: Limit one of each Pok\u00e9mon\n|rule|HP Percentage Mod: HP is shown in percentages\n|rule|Sleep Clause Mod: Limit one foe put to sleep\n|rule|Illusion Level Mod: Illusion disguises the Pok\u00e9mon's true level\n|\n|t:|1719517953\n|start\n|switch|p1a: Noctowl|Noctowl, L95, M|344/344\n|switch|p2a: Kleavor|Kleavor, L78, M|237/237\n|turn|1\n|inactive|Battle timer is ON: inactive players will automatically lose when time's up. (requested by hammy358)\n|\n|t:|1719517971\n|switch|p1a: Iron Crown|Iron Crown, L79|272/272\n|move|p2a: Kleavor|Stone Axe|p1a: Iron Crown\n|-resisted|p1a: Iron Crown\n|-crit|p1a: Iron Crown\n|-damage|p1a: Iron Crown|187/272\n|-sidestart|p1: canyousparechange|move: Stealth Rock\n|\n|upkeep\n|turn|2\n|\n|t:|1719517986\n|switch|p2a: Trevenant|Trevenant, L88, M|293/293\n|move|p1a: Iron Crown|Volt Switch|p2a: Trevenant\n|-resisted|p2a: Trevenant\n|-damage|p2a: Trevenant|254/293\n|inactive|canyousparechange has 120 seconds left.\n|\n|t:|1719518027\n|-end|p1a: Iron Crown|Quark Drive|[silent]\n|switch|p1a: Samurott|Samurott-Hisui, L77, F|265/265|[from] Volt Switch\n|-damage|p1a: Samurott|232/265|[from] Stealth Rock\n|\n|upkeep\n|turn|3\n|\n|t:|1719518056\n|move|p2a: Trevenant|Protect|p2a: Trevenant\n|-singleturn|p2a: Trevenant|Protect\n|move|p1a: Samurott|Ceaseless Edge|p2a: Trevenant\n|-activate|p2a: Trevenant|move: Protect\n|\n|upkeep\n|turn|4\n|inactive|canyousparechange has 120 seconds left.\n|\n|t:|1719518067\n|switch|p2a: Corviknight|Corviknight, L80, M|288/288\n|move|p1a: Samurott|Ceaseless Edge|p2a: Corviknight\n|-damage|p2a: Corviknight|150/288\n|-damage|p1a: Samurott|188/265|[from] item: Rocky Helmet|[of] p2a: Corviknight\n|-sidestart|p2: hammy358|Spikes\n|\n|upkeep\n|turn|5\n|inactive|canyousparechange has 120 seconds left.\n|\n|t:|1719518088\n|switch|p1a: Garganacl|Garganacl, L80, F|291/291\n|-damage|p1a: Garganacl|255/291|[from] Stealth Rock\n|move|p2a: Corviknight|U-turn|p1a: Garganacl\n|-damage|p1a: Garganacl|220/291\n|\n|t:|1719518098\n|switch|p2a: Serperior|Serperior, L80, M|251/251|[from] U-turn\n|-damage|p2a: Serperior|220/251|[from] Spikes\n|\n|-heal|p2a: Serperior|235/251|[from] item: Leftovers\n|-heal|p1a: Garganacl|238/291|[from] item: Leftovers\n|upkeep\n|turn|6\n|inactive|canyousparechange has 120 seconds left.\n|\n|t:|1719518108\n|move|p2a: Serperior|Leaf Storm|p1a: Garganacl\n|-supereffective|p1a: Garganacl\n|-damage|p1a: Garganacl|2/291\n|-boost|p2a: Serperior|spa|2\n|move|p1a: Garganacl|Salt Cure|p2a: Serperior\n|-damage|p2a: Serperior|193/251\n|-start|p2a: Serperior|Salt Cure\n|\n|-heal|p2a: Serperior|208/251|[from] item: Leftovers\n|-heal|p1a: Garganacl|20/291|[from] item: Leftovers\n|-damage|p2a: Serperior|177/251|[from] Salt Cure\n|upkeep\n|turn|7\n|\n|t:|1719518115\n|move|p1a: Garganacl|Protect|p1a: Garganacl\n|-singleturn|p1a: Garganacl|Protect\n|move|p2a: Serperior|Leaf Storm|p1a: Garganacl\n|-activate|p1a: Garganacl|move: Protect\n|\n|-heal|p2a: Serperior|192/251|[from] item: Leftovers\n|-heal|p1a: Garganacl|38/291|[from] item: Leftovers\n|-damage|p2a: Serperior|161/251|[from] Salt Cure\n|upkeep\n|turn|8\n|\n|t:|1719518127\n|move|p2a: Serperior|Leaf Storm|p1a: Garganacl\n|-supereffective|p1a: Garganacl\n|-damage|p1a: Garganacl|0 fnt\n|-boost|p2a: Serperior|spa|2\n|faint|p1a: Garganacl\n|\n|-heal|p2a: Serperior|176/251|[from] item: Leftovers\n|-damage|p2a: Serperior|145/251|[from] Salt Cure\n|upkeep\n|\n|t:|1719518133\n|switch|p1a: Serperior|Serperior, L80, M|251/251\n|-damage|p1a: Serperior|220/251|[from] Stealth Rock\n|turn|9\n|inactive|hammy358 has 120 seconds left.\n|\n|t:|1719518174\n|move|p2a: Serperior|Dragon Pulse|p1a: Serperior\n|-damage|p1a: Serperior|93/251\n|move|p1a: Serperior|Glare|p2a: Serperior\n|-status|p2a: Serperior|par\n|\n|-heal|p2a: Serperior|160/251 par|[from] item: Leftovers\n|-damage|p2a: Serperior|129/251 par|[from] Salt Cure\n|upkeep\n|turn|10\n|\n|t:|1719518179\n|move|p1a: Serperior|Synthesis|p1a: Serperior\n|-heal|p1a: Serperior|218/251\n|move|p2a: Serperior|Dragon Pulse|p1a: Serperior\n|-damage|p1a: Serperior|92/251\n|\n|-heal|p2a: Serperior|144/251 par|[from] item: Leftovers\n|-damage|p2a: Serperior|113/251 par|[from] Salt Cure\n|upkeep\n|turn|11\n|\n|t:|1719518184\n|switch|p2a: Trevenant|Trevenant, L88, M|254/293\n|-damage|p2a: Trevenant|218/293|[from] Spikes\n|move|p1a: Serperior|Synthesis|p1a: Serperior\n|-heal|p1a: Serperior|217/251\n|\n|upkeep\n|turn|12\n|\n|t:|1719518197\n|move|p1a: Serperior|Glare|p2a: Trevenant\n|-status|p2a: Trevenant|par\n|move|p2a: Trevenant|Toxic|p1a: Serperior\n|-status|p1a: Serperior|tox\n|\n|-damage|p1a: Serperior|202/251 tox|[from] psn\n|upkeep\n|turn|13\n|\n|t:|1719518204\n|switch|p1a: Samurott|Samurott-Hisui, L77, F|188/265\n|-damage|p1a: Samurott|155/265|[from] Stealth Rock\n|move|p2a: Trevenant|Poltergeist|p1a: Samurott\n|-activate|p1a: Samurott|move: Poltergeist|Choice Band\n|-resisted|p1a: Samurott\n|-damage|p1a: Samurott|68/265\n|\n|upkeep\n|turn|14\n|\n|t:|1719518208\n|move|p1a: Samurott|Ceaseless Edge|p2a: Trevenant\n|-supereffective|p2a: Trevenant\n|-damage|p2a: Trevenant|0 fnt\n|-sidestart|p2: hammy358|Spikes\n|faint|p2a: Trevenant\n|\n|upkeep\n|\n|t:|1719518218\n|switch|p2a: Kleavor|Kleavor, L78, M|237/237\n|turn|15\n|\n|t:|1719518230\n|move|p2a: Kleavor|X-Scissor|p1a: Samurott\n|-supereffective|p1a: Samurott\n|-crit|p1a: Samurott\n|-damage|p1a: Samurott|0 fnt\n|faint|p1a: Samurott\n|\n|upkeep\n|\n|t:|1719518233\n|switch|p1a: Iron Crown|Iron Crown, L79|187/272\n|-damage|p1a: Iron Crown|170/272|[from] Stealth Rock\n|turn|16\n|\n|t:|1719518239\n|switch|p2a: Corviknight|Corviknight, L80, M|150/288\n|move|p1a: Iron Crown|Tachyon Cutter|p2a: Corviknight\n|-resisted|p2a: Corviknight\n|-damage|p2a: Corviknight|108/288\n|-resisted|p2a: Corviknight\n|-damage|p2a: Corviknight|66/288\n|-hitcount|p2a: Corviknight|2\n|\n|upkeep\n|turn|17\n|\n|t:|1719518244\n|move|p1a: Iron Crown|Tachyon Cutter|p2a: Corviknight\n|-resisted|p2a: Corviknight\n|-damage|p2a: Corviknight|17/288\n|-resisted|p2a: Corviknight\n|-damage|p2a: Corviknight|0 fnt\n|faint|p2a: Corviknight\n|-hitcount|p2: Corviknight|2\n|\n|upkeep\n|\n|t:|1719518248\n|switch|p2a: Mewtwo|Mewtwo, L72|272/272\n|-ability|p2a: Mewtwo|Unnerve\n|-damage|p2a: Mewtwo|227/272|[from] Spikes\n|turn|18\n|\n|t:|1719518255\n|move|p2a: Mewtwo|Fire Blast|p1a: Iron Crown\n|-supereffective|p1a: Iron Crown\n|-damage|p1a: Iron Crown|0 fnt\n|faint|p1a: Iron Crown\n|-end|p1a: Iron Crown|Quark Drive|[silent]\n|\n|upkeep\n|\n|t:|1719518278\n|switch|p1a: Noctowl|Noctowl, L95, M|344/344\n|turn|19\n|\n|t:|1719518282\n|switch|p2a: Serperior|Serperior, L80, M|113/251 par\n|-damage|p2a: Serperior|72/251 par|[from] Spikes\n|move|p1a: Noctowl|Calm Mind|p1a: Noctowl\n|-boost|p1a: Noctowl|spa|1\n|-boost|p1a: Noctowl|spd|1\n|\n|-heal|p2a: Serperior|87/251 par|[from] item: Leftovers\n|upkeep\n|turn|20\n|\n|t:|1719518286\n|move|p1a: Noctowl|Hyper Voice|p2a: Serperior\n|-crit|p2a: Serperior\n|-damage|p2a: Serperior|0 fnt\n|faint|p2a: Serperior\n|\n|upkeep\n|\n|t:|1719518289\n|switch|p2a: Kleavor|Kleavor, L78, M|237/237\n|turn|21\n|\n|t:|1719518304\n|-terastallize|p1a: Noctowl|Ground\n|move|p1a: Noctowl|Hurricane|p2a: Kleavor\n|-damage|p2a: Kleavor|0 fnt\n|faint|p2a: Kleavor\n|\n|upkeep\n|\n|t:|1719518312\n|switch|p2a: Mewtwo|Mewtwo, L72|227/272\n|-ability|p2a: Mewtwo|Unnerve\n|-damage|p2a: Mewtwo|182/272|[from] Spikes\n|turn|22\n|\n|t:|1719518319\n|move|p2a: Mewtwo|Psystrike|p1a: Noctowl\n|-damage|p1a: Noctowl|110/344\n|move|p1a: Noctowl|Hyper Voice|p2a: Mewtwo\n|-damage|p2a: Mewtwo|0 fnt\n|faint|p2a: Mewtwo\n|\n|upkeep\n|-message|hammy358 forfeited.\n|\n|win|canyousparechange\n|raw|canyousparechange's rating: 2218 &rarr; <strong>2239</strong><br />(+21 for winning)\n|raw|hammy358's rating: 2238 &rarr; <strong>2217</strong><br />(-21 for losing)\n", "inputlog": ">version 021bb6b4147d783a3aa9da22896c4e1e173f1b61\n>start {\"formatid\":\"gen9randombattle\",\"seed\":[18728,20511,62145,37066],\"rated\":\"Rated battle\"}\n>player p1 {\"name\":\"canyousparechange\",\"avatar\":\"li\",\"rating\":2218,\"seed\":[12744,12486,64379,60507]}\n>player p2 {\"name\":\"hammy358\",\"avatar\":\"266\",\"rating\":2238,\"seed\":[48393,16809,25336,61603]}\n>p1 switch 6\n>p2 move stoneaxe\n>p1 move voltswitch\n>p2 switch 5\n>p1 switch 4\n>p1 move ceaselessedge\n>p2 move protect\n>p1 move ceaselessedge\n>p2 switch 3\n>p1 switch 2\n>p2 move uturn\n>p2 switch 2\n>p1 move saltcure\n>p2 move leafstorm\n>p1 move protect\n>p2 move leafstorm\n>p1 move recover\n>p2 move leafstorm\n>p1 switch 5\n>p1 move glare\n>p2 move dragonpulse\n>p1 move synthesis\n>p2 move dragonpulse\n>p1 move synthesis\n>p2 switch 3\n>p1 move glare\n>p2 move toxic\n>p1 switch 2\n>p2 move poltergeist\n>p1 move ceaselessedge\n>p2 move drainpunch\n>p2 switch 5\n>p1 move ceaselessedge\n>p2 move xscissor\n>p1 switch 4\n>p1 move tachyoncutter\n>p2 switch 2\n>p1 move tachyoncutter\n>p2 move roost\n>p2 switch 6\n>p1 move tachyoncutter\n>p2 move fireblast\n>p1 switch 6\n>p1 move calmmind\n>p2 switch 3\n>p1 move hypervoice\n>p2 move leafstorm\n>p2 switch 2\n>p1 move hurricane terastallize\n>p2 move stoneaxe\n>p2 switch 3\n>p1 move hypervoice\n>p2 move psystrike\n>forcelose p2", "uploadtime": 1719518327, "views": 172, "formatid": "gen9randombattle", "rating": 2217, "private": 0, "password": null}