{"id": "gen9randombattle-2259891680", "format": "[Gen 9] Random Battle", "players": ["BokGod", "7isl"], "log": "|j|\u2606BokGod\n|j|\u26067isl\n|t:|1733777051\n|gametype|singles\n|player|p1|BokGod|2|\n|player|p2|7isl|iris-gen5bw2|\n|teamsize|p1|6\n|teamsize|p2|6\n|gen|9\n|tier|[Gen 9] Random Battle\n|rule|Species Clause: Limit one of each Pok\u00e9mon\n|rule|HP Percentage Mod: HP is shown in percentages\n|rule|Sleep Clause Mod: Limit one foe put to sleep\n|rule|Illusion Level Mod: Illusion disguises the Pok\u00e9mon's true level\n|\n|t:|1733777051\n|start\n|switch|p1a: Glimmora|Glimmora, L75, M|248/248\n|switch|p2a: Oinkologne|Oinkologne, L92, M|352/352\n|turn|1\n|l|\u2606BokGod\n|player|p1|\n|j|\u2606BokGod\n|player|p1|BokGod|2|\n|\n|t:|1733777089\n|switch|p2a: Grumpig|Grumpig, L92, F|297/297\n|move|p1a: Glimmora|Meteor Beam||[still]\n|-prepare|p1a: Glimmora|Meteor Beam\n|-boost|p1a: Glimmora|spa|1\n|-enditem|p1a: Glimmora|Power Herb\n|-anim|p1a: Glimmora|Meteor Beam|p2a: Grumpig\n|-damage|p2a: Grumpig|150/297\n|\n|upkeep\n|turn|2\n|\n|t:|1733777113\n|move|p2a: Grumpig|Earth Power|p1a: Glimmora\n|-supereffective|p1a: Glimmora\n|-damage|p1a: Glimmora|0 fnt\n|faint|p1a: Glimmora\n|\n|upkeep\n|\n|t:|1733777137\n|switch|p1a: Clawitzer|Clawitzer, L87, M|265/265\n|turn|3\n|\n|t:|1733777156\n|switch|p2a: Meowscarada|Meowscarada, L78, M|247/247\n|move|p1a: Clawitzer|Water Pulse|p2a: Meowscarada\n|-resisted|p2a: Meowscarada\n|-damage|p2a: Meowscarada|138/247\n|-start|p2a: Meowscarada|confusion\n|\n|upkeep\n|turn|4\n|l|\u26067isl\n|player|p2|\n|j|\u26067isl\n|player|p2|7isl|iris-gen5bw2|\n|\n|t:|1733777212\n|switch|p1a: Charizard|Charizard, L85, M|271/271\n|-activate|p2a: Meowscarada|confusion\n|move|p2a: Meowscarada|Flower Trick|p1a: Charizard\n|-start|p2a: Meowscarada|typechange|Grass|[from] ability: Protean\n|-resisted|p1a: Charizard\n|-crit|p1a: Charizard\n|-damage|p1a: Charizard|227/271\n|\n|upkeep\n|turn|5\n|\n|t:|1733777231\n|switch|p2a: Oinkologne|Oinkologne, L92, M|352/352\n|move|p1a: Charizard|Flamethrower|p2a: Oinkologne\n|-damage|p2a: Oinkologne|303/352\n|\n|-heal|p2a: Oinkologne|325/352|[from] item: Leftovers\n|upkeep\n|turn|6\n|\n|t:|1733777308\n|switch|p1a: Dugtrio|Dugtrio-Alola, L84, F|196/196\n|move|p2a: Oinkologne|Body Slam|p1a: Dugtrio\n|-resisted|p1a: Dugtrio\n|-damage|p1a: Dugtrio|121/196\n|-ability|p1a: Dugtrio|Tangling Hair\n|-unboost|p2a: Oinkologne|spe|1\n|\n|-heal|p2a: Oinkologne|347/352|[from] item: Leftovers\n|upkeep\n|turn|7\n|\n|t:|1733777328\n|move|p1a: Dugtrio|Iron Head|p2a: Oinkologne\n|-damage|p2a: Oinkologne|225/352\n|-damage|p1a: Dugtrio|102/196|[from] item: Life Orb\n|move|p2a: Oinkologne|High Horsepower|p1a: Dugtrio\n|-supereffective|p1a: Dugtrio\n|-damage|p1a: Dugtrio|0 fnt\n|-ability|p1a: Dugtrio|Tangling Hair\n|-unboost|p2a: Oinkologne|spe|1\n|faint|p1a: Dugtrio\n|\n|-heal|p2a: Oinkologne|247/352|[from] item: Leftovers\n|upkeep\n|\n|t:|1733777347\n|switch|p1a: Clawitzer|Clawitzer, L87, M|265/265\n|turn|8\n|\n|t:|1733777370\n|move|p1a: Clawitzer|Aura Sphere|p2a: Oinkologne\n|-supereffective|p2a: Oinkologne\n|-damage|p2a: Oinkologne|0 fnt\n|faint|p2a: Oinkologne\n|\n|upkeep\n|\n|t:|1733777375\n|switch|p2a: Meowscarada|Meowscarada, L78, M|138/247\n|turn|9\n|\n|t:|1733777389\n|switch|p1a: Charizard|Charizard, L85, M|227/271\n|move|p2a: Meowscarada|Knock Off|p1a: Charizard\n|-start|p2a: Meowscarada|typechange|Dark|[from] ability: Protean\n|-damage|p1a: Charizard|62/271\n|-enditem|p1a: Charizard|Heavy-Duty Boots|[from] move: Knock Off|[of] p2a: Meowscarada\n|\n|upkeep\n|turn|10\n|\n|t:|1733777400\n|move|p2a: Meowscarada|Knock Off|p1a: Charizard\n|-damage|p1a: Charizard|0 fnt\n|faint|p1a: Charizard\n|\n|upkeep\n|\n|t:|1733777408\n|switch|p1a: Clawitzer|Clawitzer, L87, M|265/265\n|turn|11\n|l|\u2606BokGod\n|player|p1|\n|j|\u2606BokGod\n|player|p1|BokGod|2|\n|\n|t:|1733777493\n|switch|p2a: Lurantis|Lurantis, L87, F|264/264\n|-terastallize|p1a: Clawitzer|Fighting\n|move|p1a: Clawitzer|Aura Sphere|p2a: Lurantis\n|-damage|p2a: Lurantis|114/264\n|\n|upkeep\n|turn|12\n|\n|t:|1733777518\n|move|p1a: Clawitzer|Aura Sphere|p2a: Lurantis\n|-damage|p2a: Lurantis|0 fnt\n|faint|p2a: Lurantis\n|\n|upkeep\n|\n|t:|1733777523\n|switch|p2a: Grumpig|Grumpig, L92, F|150/297\n|turn|13\n|\n|t:|1733777545\n|-terastallize|p2a: Grumpig|Ghost\n|move|p2a: Grumpig|Psychic|p1a: Clawitzer\n|-supereffective|p1a: Clawitzer\n|-damage|p1a: Clawitzer|67/265\n|move|p1a: Clawitzer|Aura Sphere|p2a: Grumpig\n|-immune|p2a: Grumpig\n|\n|upkeep\n|turn|14\n|j| blastpotaeto\n|\n|t:|1733777556\n|switch|p1a: Reuniclus|Reuniclus, L88, F|337/337\n|move|p2a: Grumpig|Psychic|p1a: Reuniclus\n|-resisted|p1a: Reuniclus\n|-damage|p1a: Reuniclus|283/337\n|\n|upkeep\n|turn|15\n|\n|t:|1733777563\n|switch|p2a: Meowscarada|Meowscarada, L78, M|138/247\n|move|p1a: Reuniclus|Psyshock|p2a: Meowscarada\n|-immune|p2a: Meowscarada\n|\n|upkeep\n|turn|16\n|\n|t:|1733777574\n|move|p2a: Meowscarada|Knock Off|p1a: Reuniclus\n|-start|p2a: Meowscarada|typechange|Dark|[from] ability: Protean\n|-supereffective|p1a: Reuniclus\n|-crit|p1a: Reuniclus\n|-damage|p1a: Reuniclus|0 fnt\n|-enditem|p1a: Reuniclus|Life Orb|[from] move: Knock Off|[of] p2a: Meowscarada\n|faint|p1a: Reuniclus\n|\n|upkeep\n|\n|t:|1733777579\n|switch|p1a: Veluza|Veluza, L85, M|292/292\n|turn|17\n|\n|t:|1733777592\n|move|p2a: Meowscarada|Knock Off|p1a: Veluza\n|-supereffective|p1a: Veluza\n|-damage|p1a: Veluza|0 fnt\n|-enditem|p1a: Veluza|Sitrus Berry|[from] move: Knock Off|[of] p2a: Meowscarada\n|faint|p1a: Veluza\n|\n|upkeep\n|\n|t:|1733777596\n|switch|p1a: Clawitzer|Clawitzer, L87, M, tera:Fighting|67/265\n|turn|18\n|\n|t:|1733777601\n|move|p2a: Meowscarada|Knock Off|p1a: Clawitzer\n|-resisted|p1a: Clawitzer\n|-damage|p1a: Clawitzer|0 fnt\n|-enditem|p1a: Clawitzer|Choice Specs|[from] move: Knock Off|[of] p2a: Meowscarada\n|faint|p1a: Clawitzer\n|\n|win|7isl\n", "inputlog": ">version bfd83cad13791eb5a5a409923076391caf6fb4d4\n>start {\"formatid\":\"gen9randombattle\",\"seed\":[60217,56059,25856,33973]}\n>player p1 {\"name\":\"BokGod\",\"avatar\":\"2\",\"rating\":0,\"seed\":[48323,12776,39722,57509]}\n>player p2 {\"name\":\"7isl\",\"avatar\":\"iris-gen5bw2\",\"rating\":0,\"seed\":[17679,35449,29978,57781]}\n>p1 move meteorbeam\n>p2 switch 5\n>p1 move sludgewave\n>p2 move earthpower\n>p1 switch 3\n>p1 move waterpulse\n>p2 switch 2\n>p1 switch 4\n>p2 move flowertrick\n>p1 move flamethrower\n>p2 switch 5\n>p1 switch 2\n>p2 move bodyslam\n>p1 move ironhead\n>p2 move highhorsepower\n>p1 switch 4\n>p1 move aurasphere\n>p2 move bodyslam\n>p2 switch 5\n>p1 switch 2\n>p2 move knockoff\n>p1 move willowisp\n>p2 move knockoff\n>p1 switch 2\n>p1 move aurasphere terastallize\n>p2 switch 4\n>p1 move aurasphere\n>p2 move knockoff\n>p2 switch 2\n>p1 move aurasphere\n>p2 move psychic terastallize\n>p1 switch 6\n>p2 move psychic\n>p1 move psyshock\n>p2 switch 4\n>p1 move focusblast\n>p2 move knockoff\n>p1 switch 5\n>p1 move nightslash\n>p2 move knockoff\n>p1 switch 6\n>p1 move aurasphere\n>p2 move knockoff", "uploadtime": 1733777603, "views": 1, "formatid": "gen9randombattle", "rating": null, "private": 0, "password": null}