{"id": "gen9randombattle-2260293573", "format": "[Gen 9] Random Battle", "players": ["Gaaraks", "toxtricityindbmaj"], "log": "|j|\u2606Gaaraks\n|j|\u2606toxtricityindbmaj\n|t:|1733836246\n|gametype|singles\n|player|p1|Gaaraks|1|2083\n|player|p2|toxtricityindbmaj|265|2130\n|teamsize|p1|6\n|teamsize|p2|6\n|gen|9\n|tier|[Gen 9] Random Battle\n|rated|\n|rule|Species Clause: Limit one of each Pok\u00e9mon\n|rule|HP Percentage Mod: HP is shown in percentages\n|rule|Sleep Clause Mod: Limit one foe put to sleep\n|rule|Illusion Level Mod: Illusion disguises the Pok\u00e9mon's true level\n|\n|t:|1733836246\n|start\n|switch|p1a: Gogoat|Gogoat, L88, F|360/360\n|switch|p2a: Braviary|Braviary, L85, M|309/309\n|turn|1\n|inactive|Battle timer is ON: inactive players will automatically lose when time's up. (requested by toxtricityindbmaj)\n|\n|t:|1733836254\n|switch|p1a: Pincurchin|Pincurchin, F|258/258\n|-fieldstart|move: Electric Terrain|[from] ability: Electric Surge|[of] p1a: Pincurchin\n|move|p2a: Braviary|Brave Bird|p1a: Pincurchin\n|-resisted|p1a: Pincurchin\n|-damage|p1a: Pincurchin|196/258\n|-damage|p2a: Braviary|289/309|[from] Recoil\n|\n|-heal|p1a: Pincurchin|212/258|[from] item: Leftovers\n|upkeep\n|turn|2\n|inactive|toxtricityindbmaj has 120 seconds left.\n|inactive|toxtricityindbmaj has 90 seconds left.\n|\n|t:|1733836341\n|switch|p2a: Arbok|Arbok, L87, M|246/246\n|-ability|p2a: Arbok|Intimidate|boost\n|-unboost|p1a: Pincurchin|atk|1\n|move|p1a: Pincurchin|Zing Zap|p2a: Arbok\n|-damage|p2a: Arbok|113/246\n|\n|-heal|p2a: Arbok|128/246|[from] item: Leftovers\n|-heal|p1a: Pincurchin|228/258|[from] item: Leftovers\n|upkeep\n|turn|3\n|inactive|toxtricityindbmaj has 60 seconds left.\n|\n|t:|1733836358\n|switch|p1a: Farigiraf|Farigiraf, L91, M|366/366\n|move|p2a: Arbok|Gunk Shot|p1a: Farigiraf\n|-crit|p1a: Farigiraf\n|-damage|p1a: Farigiraf|143/366\n|-status|p1a: Farigiraf|psn\n|\n|-heal|p2a: Arbok|143/246|[from] item: Leftovers\n|-heal|p1a: Farigiraf|165/366 psn|[from] item: Leftovers\n|-damage|p1a: Farigiraf|120/366 psn|[from] psn\n|upkeep\n|turn|4\n|\n|t:|1733836368\n|move|p2a: Arbok|Gunk Shot|p1a: Farigiraf\n|-damage|p1a: Farigiraf|0 fnt\n|faint|p1a: Farigiraf\n|\n|-heal|p2a: Arbok|158/246|[from] item: Leftovers\n|upkeep\n|\n|t:|1733836376\n|switch|p1a: Pincurchin|Pincurchin, F|228/258\n|turn|5\n|\n|t:|1733836391\n|move|p2a: Arbok|Coil|p2a: Arbok\n|-boost|p2a: Arbok|atk|1\n|-boost|p2a: Arbok|def|1\n|-boost|p2a: Arbok|accuracy|1\n|move|p1a: Pincurchin|Zing Zap|p2a: Arbok\n|-damage|p2a: Arbok|31/246\n|\n|-heal|p2a: Arbok|46/246|[from] item: Leftovers\n|-heal|p1a: Pincurchin|244/258|[from] item: Leftovers\n|-fieldend|move: Electric Terrain\n|upkeep\n|turn|6\n|\n|t:|1733836400\n|move|p2a: Arbok|Earthquake|p1a: Pincurchin\n|-supereffective|p1a: Pincurchin\n|-damage|p1a: Pincurchin|60/258\n|move|p1a: Pincurchin|Zing Zap|p2a: Arbok\n|-damage|p2a: Arbok|0 fnt\n|faint|p2a: Arbok\n|\n|-heal|p1a: Pincurchin|76/258|[from] item: Leftovers\n|upkeep\n|inactive|toxtricityindbmaj has 60 seconds left.\n|\n|t:|1733836424\n|switch|p2a: Heracross|Heracross, L80, F|259/259\n|turn|7\n|\n|t:|1733836433\n|move|p2a: Heracross|Knock Off|p1a: Pincurchin\n|-damage|p1a: Pincurchin|0 fnt\n|-enditem|p1a: Pincurchin|Leftovers|[from] move: Knock Off|[of] p2a: Heracross\n|faint|p1a: Pincurchin\n|-ability|p2a: Heracross|Moxie|boost\n|-boost|p2a: Heracross|atk|1\n|\n|upkeep\n|\n|t:|1733836445\n|switch|p1a: Wugtrio|Wugtrio, L91, F|212/212\n|turn|8\n|\n|t:|1733836451\n|move|p1a: Wugtrio|Liquidation|p2a: Heracross\n|-damage|p2a: Heracross|78/259\n|move|p2a: Heracross|Knock Off|p1a: Wugtrio\n|-damage|p1a: Wugtrio|0 fnt\n|-ability|p1a: Wugtrio|Gooey\n|-unboost|p2a: Heracross|spe|1\n|-enditem|p1a: Wugtrio|Choice Band|[from] move: Knock Off|[of] p2a: Heracross\n|faint|p1a: Wugtrio\n|-ability|p2a: Heracross|Moxie|boost\n|-boost|p2a: Heracross|atk|1\n|\n|upkeep\n|\n|t:|1733836463\n|switch|p1a: Regice|Regice, L88|284/284\n|turn|9\n|inactive|toxtricityindbmaj has 90 seconds left.\n|\n|t:|1733836476\n|switch|p2a: Banette|Banette, L93, M|270/270\n|-item|p1a: Regice|Heavy-Duty Boots|[from] ability: Frisk|[of] p2a: Banette\n|move|p1a: Regice|Ice Beam|p2a: Banette\n|-crit|p2a: Banette\n|-damage|p2a: Banette|71/270\n|\n|upkeep\n|turn|10\n|inactive|toxtricityindbmaj has 90 seconds left.\n|\n|t:|1733836487\n|move|p2a: Banette|Gunk Shot|p1a: Regice\n|-damage|p1a: Regice|145/284\n|-damage|p2a: Banette|44/270|[from] item: Life Orb\n|move|p1a: Regice|Ice Beam|p2a: Banette\n|-damage|p2a: Banette|0 fnt\n|faint|p2a: Banette\n|\n|upkeep\n|\n|t:|1733836493\n|switch|p2a: Heracross|Heracross, L80, F|78/259\n|turn|11\n|\n|t:|1733836501\n|move|p2a: Heracross|Close Combat|p1a: Regice\n|-supereffective|p1a: Regice\n|-damage|p1a: Regice|0 fnt\n|-unboost|p2a: Heracross|def|1\n|-unboost|p2a: Heracross|spd|1\n|faint|p1a: Regice\n|-ability|p2a: Heracross|Moxie|boost\n|-boost|p2a: Heracross|atk|1\n|\n|upkeep\n|\n|t:|1733836507\n|switch|p1a: Tsareena|Tsareena, L87, F|267/267\n|turn|12\n|\n|t:|1733836511\n|move|p2a: Heracross|Close Combat|p1a: Tsareena\n|-damage|p1a: Tsareena|0 fnt\n|-unboost|p2a: Heracross|def|1\n|-unboost|p2a: Heracross|spd|1\n|faint|p1a: Tsareena\n|-ability|p2a: Heracross|Moxie|boost\n|-boost|p2a: Heracross|atk|1\n|\n|upkeep\n|\n|t:|1733836515\n|switch|p1a: Gogoat|Gogoat, L88, F|360/360\n|turn|13\n|\n|t:|1733836520\n|move|p2a: Heracross|Close Combat|p1a: Gogoat\n|-damage|p1a: Gogoat|0 fnt\n|-unboost|p2a: Heracross|def|1\n|-unboost|p2a: Heracross|spd|1\n|faint|p1a: Gogoat\n|\n|win|toxtricityindbmaj\n|raw|Gaaraks's rating: 2083 &rarr; <strong>2066</strong><br />(-17 for losing)\n|raw|toxtricityindbmaj's rating: 2130 &rarr; <strong>2147</strong><br />(+17 for winning)\n|l|\u2606Gaaraks\n|player|p1|\n", "inputlog": ">version bfd83cad13791eb5a5a409923076391caf6fb4d4\n>start {\"formatid\":\"gen9randombattle\",\"seed\":[33355,36860,64709,25320],\"rated\":\"Rated battle\"}\n>player p1 {\"name\":\"Gaaraks\",\"avatar\":\"1\",\"rating\":2083,\"seed\":[63892,39590,26615,25811]}\n>player p2 {\"name\":\"toxtricityindbmaj\",\"avatar\":\"265\",\"rating\":2130,\"seed\":[44746,6232,1771,55562]}\n>p1 switch 6\n>p2 move bravebird\n>p1 move zingzap\n>p2 switch 4\n>p1 switch 4\n>p2 move gunkshot\n>p1 move psychicnoise\n>p2 move gunkshot\n>p1 switch 4\n>p1 move zingzap\n>p2 move coil\n>p1 move zingzap\n>p2 move earthquake\n>p2 switch 5\n>p1 move recover\n>p2 move knockoff\n>p1 switch 3\n>p1 move liquidation\n>p2 move knockoff\n>p1 switch 2\n>p1 move icebeam\n>p2 switch 3\n>p1 move icebeam\n>p2 move gunkshot\n>p2 switch 3\n>p1 move icebeam\n>p2 move closecombat\n>p1 switch 5\n>p1 move powerwhip\n>p2 move closecombat\n>p1 switch 6\n>p1 move hornleech\n>p2 move closecombat", "uploadtime": 1733836568, "views": 1, "formatid": "gen9randombattle", "rating": 2066, "private": 0, "password": null}