{"id": "gen9randombattle-2260317607", "format": "[Gen 9] Random Battle", "players": ["brickoclarke", "rcxue"], "log": "|j|\u2606brickoclarke\n|j|\u2606rcxue\n|t:|1733839196\n|gametype|singles\n|player|p1|brickoclarke|2|1474\n|player|p2|rcxue|dawn|1494\n|teamsize|p1|6\n|teamsize|p2|6\n|gen|9\n|tier|[Gen 9] Random Battle\n|rated|\n|rule|Species Clause: Limit one of each Pok\u00e9mon\n|rule|HP Percentage Mod: HP is shown in percentages\n|rule|Sleep Clause Mod: Limit one foe put to sleep\n|rule|Illusion Level Mod: Illusion disguises the Pok\u00e9mon's true level\n|\n|t:|1733839196\n|start\n|switch|p1a: Vaporeon|Vaporeon, L86, M|364/364\n|switch|p2a: Cyclizar|Cyclizar, L83, M|252/252\n|turn|1\n|inactive|Battle timer is ON: inactive players will automatically lose when time's up. (requested by brickoclarke)\n|\n|t:|1733839204\n|move|p2a: Cyclizar|Knock Off|p1a: Vaporeon\n|-damage|p1a: Vaporeon|279/364\n|-enditem|p1a: Vaporeon|Leftovers|[from] move: Knock Off|[of] p2a: Cyclizar\n|move|p1a: Vaporeon|Wish|p1a: Vaporeon\n|\n|upkeep\n|turn|2\n|\n|t:|1733839209\n|move|p2a: Cyclizar|Shed Tail|p2a: Cyclizar\n|-start|p2a: Cyclizar|Substitute|[from] move: Shed Tail\n|-damage|p2a: Cyclizar|126/252\n|\n|t:|1733839215\n|switch|p2a: Flapple|Flapple, L88, F|266/266|[from] Shed Tail\n|move|p1a: Vaporeon|Scald|p2a: Flapple\n|-resisted|p2a: Flapple\n|-activate|p2a: Flapple|move: Substitute|[damage]\n|\n|-heal|p1a: Vaporeon|364/364|[from] move: Wish|[wisher] Vaporeon\n|upkeep\n|turn|3\n|\n|t:|1733839222\n|switch|p1a: Duraludon|Duraludon, L82, M|249/249\n|move|p2a: Flapple|Dragon Dance|p2a: Flapple\n|-boost|p2a: Flapple|atk|1\n|-boost|p2a: Flapple|spe|1\n|\n|upkeep\n|turn|4\n|\n|t:|1733839230\n|move|p2a: Flapple|Dragon Dance|p2a: Flapple\n|-boost|p2a: Flapple|atk|1\n|-boost|p2a: Flapple|spe|1\n|move|p1a: Duraludon|Iron Defense|p1a: Duraludon\n|-boost|p1a: Duraludon|def|2\n|\n|upkeep\n|turn|5\n|\n|t:|1733839234\n|move|p2a: Flapple|Outrage|p1a: Duraludon\n|-damage|p1a: Duraludon|117/249\n|move|p1a: Duraludon|Body Press|p2a: Flapple\n|-end|p2a: Flapple|Substitute\n|\n|upkeep\n|turn|6\n|\n|t:|1733839240\n|move|p2a: Flapple|Outrage|p1a: Duraludon|[from]lockedmove|[miss]\n|-miss|p2a: Flapple|p1a: Duraludon\n|move|p1a: Duraludon|Draco Meteor|p2a: Flapple\n|-supereffective|p2a: Flapple\n|-damage|p2a: Flapple|0 fnt\n|-unboost|p1a: Duraludon|spa|2\n|faint|p2a: Flapple\n|\n|upkeep\n|\n|t:|1733839251\n|switch|p2a: Weezing|Weezing, L88, F|258/258\n|turn|7\n|\n|t:|1733839257\n|move|p1a: Duraludon|Body Press|p2a: Weezing\n|-resisted|p2a: Weezing\n|-damage|p2a: Weezing|212/258\n|move|p2a: Weezing|Will-O-Wisp|p1a: Duraludon\n|-status|p1a: Duraludon|brn\n|\n|-heal|p2a: Weezing|228/258|[from] item: Leftovers\n|-damage|p1a: Duraludon|102/249 brn|[from] brn\n|upkeep\n|turn|8\n|\n|t:|1733839262\n|move|p1a: Duraludon|Flash Cannon|p2a: Weezing\n|-damage|p2a: Weezing|171/258\n|move|p2a: Weezing|Fire Blast|p1a: Duraludon\n|-damage|p1a: Duraludon|27/249 brn\n|\n|-heal|p2a: Weezing|187/258|[from] item: Leftovers\n|-damage|p1a: Duraludon|12/249 brn|[from] brn\n|upkeep\n|turn|9\n|\n|t:|1733839268\n|move|p1a: Duraludon|Draco Meteor|p2a: Weezing\n|-damage|p2a: Weezing|97/258\n|-unboost|p1a: Duraludon|spa|2\n|move|p2a: Weezing|Fire Blast|p1a: Duraludon|[miss]\n|-miss|p2a: Weezing|p1a: Duraludon\n|\n|-heal|p2a: Weezing|113/258|[from] item: Leftovers\n|-damage|p1a: Duraludon|0 fnt|[from] brn\n|faint|p1a: Duraludon\n|upkeep\n|\n|t:|1733839276\n|switch|p1a: Floatzel|Floatzel, L85, M|283/283\n|turn|10\n|\n|t:|1733839284\n|move|p1a: Floatzel|Bulk Up|p1a: Floatzel\n|-boost|p1a: Floatzel|atk|1\n|-boost|p1a: Floatzel|def|1\n|move|p2a: Weezing|Will-O-Wisp|p1a: Floatzel\n|-immune|p1a: Floatzel|[from] ability: Water Veil\n|\n|-heal|p2a: Weezing|129/258|[from] item: Leftovers\n|upkeep\n|turn|11\n|\n|t:|1733839292\n|move|p1a: Floatzel|Bulk Up|p1a: Floatzel\n|-boost|p1a: Floatzel|atk|1\n|-boost|p1a: Floatzel|def|1\n|move|p2a: Weezing|Pain Split|p1a: Floatzel\n|-sethp|p1a: Floatzel|206/283|[from] move: Pain Split|[silent]\n|-sethp|p2a: Weezing|206/258|[from] move: Pain Split\n|\n|-heal|p1a: Floatzel|223/283|[from] item: Leftovers\n|-heal|p2a: Weezing|222/258|[from] item: Leftovers\n|upkeep\n|turn|12\n|\n|t:|1733839296\n|move|p1a: Floatzel|Wave Crash|p2a: Weezing\n|-damage|p2a: Weezing|29/258\n|-damage|p1a: Floatzel|159/283|[from] Recoil\n|move|p2a: Weezing|Gunk Shot|p1a: Floatzel\n|-damage|p1a: Floatzel|69/283\n|\n|-heal|p1a: Floatzel|86/283|[from] item: Leftovers\n|-heal|p2a: Weezing|45/258|[from] item: Leftovers\n|upkeep\n|turn|13\n|\n|t:|1733839303\n|move|p1a: Floatzel|Ice Spinner|p2a: Weezing\n|-damage|p2a: Weezing|0 fnt\n|faint|p2a: Weezing\n|\n|-heal|p1a: Floatzel|103/283|[from] item: Leftovers\n|upkeep\n|\n|t:|1733839308\n|switch|p2a: Cyclizar|Cyclizar, L83, M|210/252\n|turn|14\n|\n|t:|1733839311\n|move|p2a: Cyclizar|Draco Meteor|p1a: Floatzel\n|-damage|p1a: Floatzel|0 fnt\n|-unboost|p2a: Cyclizar|spa|2\n|faint|p1a: Floatzel\n|\n|upkeep\n|\n|t:|1733839315\n|switch|p1a: Kingambit|Kingambit, L74, F|270/270\n|-activate|p1a: Kingambit|ability: Supreme Overlord\n|-start|p1a: Kingambit|fallen2|[silent]\n|turn|15\n|\n|t:|1733839318\n|move|p2a: Cyclizar|Knock Off|p1a: Kingambit\n|-resisted|p1a: Kingambit\n|-damage|p1a: Kingambit|243/270\n|-enditem|p1a: Kingambit|Leftovers|[from] move: Knock Off|[of] p2a: Cyclizar\n|move|p1a: Kingambit|Swords Dance|p1a: Kingambit\n|-boost|p1a: Kingambit|atk|2\n|\n|upkeep\n|turn|16\n|\n|t:|1733839322\n|move|p2a: Cyclizar|Shed Tail|p2a: Cyclizar\n|-start|p2a: Cyclizar|Substitute|[from] move: Shed Tail\n|-damage|p2a: Cyclizar|84/252\n|\n|t:|1733839324\n|switch|p2a: Pyroar|Pyroar, L88, F|295/295|[from] Shed Tail\n|-ability|p2a: Pyroar|Unnerve\n|move|p1a: Kingambit|Kowtow Cleave|p2a: Pyroar\n|-end|p2a: Pyroar|Substitute\n|\n|upkeep\n|turn|17\n|\n|t:|1733839329\n|move|p1a: Kingambit|Sucker Punch|p2a: Pyroar\n|-damage|p2a: Pyroar|108/295\n|move|p2a: Pyroar|Fire Blast|p1a: Kingambit\n|-supereffective|p1a: Kingambit\n|-crit|p1a: Kingambit\n|-damage|p1a: Kingambit|0 fnt\n|faint|p1a: Kingambit\n|-end|p1a: Kingambit|fallen2|[silent]\n|\n|upkeep\n|\n|t:|1733839332\n|switch|p1a: Vaporeon|Vaporeon, L86, M|364/364\n|turn|18\n|\n|t:|1733839337\n|switch|p2a: Sunflora|Sunflora, F|312/312\n|move|p1a: Vaporeon|Scald|p2a: Sunflora\n|-resisted|p2a: Sunflora\n|-damage|p2a: Sunflora|267/312\n|\n|upkeep\n|turn|19\n|\n|t:|1733839340\n|switch|p1a: Spidops|Spidops, L96, M|271/271\n|move|p2a: Sunflora|Sludge Bomb|p1a: Spidops\n|-damage|p1a: Spidops|146/271\n|\n|upkeep\n|turn|20\n|\n|t:|1733839346\n|switch|p2a: Cyclizar|Cyclizar, L83, M|168/252\n|move|p1a: Spidops|Sticky Web|p2a: Cyclizar\n|-sidestart|p2: rcxue|move: Sticky Web\n|\n|upkeep\n|turn|21\n|\n|t:|1733839350\n|move|p2a: Cyclizar|Rapid Spin|p1a: Spidops\n|-damage|p1a: Spidops|98/271\n|-boost|p2a: Cyclizar|spe|1\n|-sideend|p2: rcxue|Sticky Web|[from] move: Rapid Spin|[of] p2a: Cyclizar\n|move|p1a: Spidops|Circle Throw|p2a: Cyclizar\n|-supereffective|p2a: Cyclizar\n|-damage|p2a: Cyclizar|54/252\n|drag|p2a: Seviper|Seviper, L93, M|287/287\n|\n|upkeep\n|turn|22\n|\n|t:|1733839362\n|move|p2a: Seviper|Swords Dance|p2a: Seviper\n|-boost|p2a: Seviper|atk|2\n|move|p1a: Spidops|Sticky Web|p2a: Seviper\n|-sidestart|p2: rcxue|move: Sticky Web\n|\n|upkeep\n|turn|23\n|\n|t:|1733839369\n|move|p2a: Seviper|Gunk Shot|p1a: Spidops\n|-damage|p1a: Spidops|0 fnt\n|faint|p1a: Spidops\n|\n|upkeep\n|-message|brickoclarke forfeited.\n|\n|win|rcxue\n|raw|brickoclarke's rating: 1474 &rarr; <strong>1455</strong><br />(-19 for losing)\n|raw|rcxue's rating: 1494 &rarr; <strong>1513</strong><br />(+19 for winning)\n|l|\u2606brickoclarke\n|player|p1|\n", "inputlog": ">version bfd83cad13791eb5a5a409923076391caf6fb4d4\n>start {\"formatid\":\"gen9randombattle\",\"seed\":[52946,41970,54972,8488],\"rated\":\"Rated battle\"}\n>player p1 {\"name\":\"brickoclarke\",\"avatar\":\"2\",\"rating\":1474,\"seed\":[8997,39004,57428,53711]}\n>player p2 {\"name\":\"rcxue\",\"avatar\":\"dawn\",\"rating\":1494,\"seed\":[1935,20501,15401,34261]}\n>p1 move wish\n>p2 move knockoff\n>p1 move scald\n>p2 move shedtail\n>p2 switch 5\n>p1 switch 4\n>p2 move dragondance\n>p1 move irondefense\n>p2 move dragondance\n>p1 move bodypress\n>p2 move outrage\n>p1 move dracometeor\n>p2 move outrage\n>p2 switch 3\n>p1 move bodypress\n>p2 move willowisp\n>p1 move flashcannon\n>p2 move fireblast\n>p1 move dracometeor\n>p2 move fireblast\n>p1 switch 3\n>p1 move bulkup\n>p2 move willowisp\n>p1 move bulkup\n>p2 move painsplit\n>p1 move wavecrash\n>p2 move gunkshot\n>p1 move icespinner\n>p2 move gunkshot\n>p2 switch 5\n>p1 move icespinner\n>p2 move dracometeor\n>p1 switch 5\n>p1 move swordsdance\n>p2 move knockoff\n>p1 move kowtowcleave\n>p2 move shedtail\n>p2 switch 2\n>p1 move suckerpunch\n>p2 move fireblast\n>p1 switch 4\n>p1 move scald\n>p2 switch 6\n>p1 switch 2\n>p2 move sludgebomb\n>p1 move stickyweb\n>p2 switch 2\n>p1 move circlethrow\n>p2 move rapidspin\n>p1 move stickyweb\n>p2 move swordsdance\n>p1 move knockoff\n>p2 move gunkshot\n>forcelose p1", "uploadtime": 1733839378, "views": 1, "formatid": "gen9randombattle", "rating": 1455, "private": 0, "password": null}