{"id": "gen9randombattle-2260914597", "format": "[Gen 9] Random Battle", "players": ["dujia", "5miao"], "log": "|j|\u2606dujia\n|j|\u26065miao\n|t:|1733915950\n|gametype|singles\n|player|p1|dujia|101|1497\n|player|p2|5miao|265|1534\n|teamsize|p1|6\n|teamsize|p2|6\n|gen|9\n|tier|[Gen 9] Random Battle\n|rated|\n|rule|Species Clause: Limit one of each Pok\u00e9mon\n|rule|HP Percentage Mod: HP is shown in percentages\n|rule|Sleep Clause Mod: Limit one foe put to sleep\n|rule|Illusion Level Mod: Illusion disguises the Pok\u00e9mon's true level\n|\n|t:|1733915950\n|start\n|switch|p1a: Vivillon|Vivillon-Polar, L84, F|272/272\n|switch|p2a: Annihilape|Annihilape, L76, F|292/292\n|turn|1\n|inactive|Battle timer is ON: inactive players will automatically lose when time's up. (requested by dujia)\n|\n|t:|1733915958\n|switch|p2a: Hatterene|Hatterene, L85, F|236/236\n|move|p1a: Vivillon|Sleep Powder|p2a: Hatterene\n|move|p2a: Hatterene|Sleep Powder|p1a: Vivillon|[from]ability: Magic Bounce|[miss]\n|-miss|p2a: Hatterene|p1a: Vivillon\n|\n|upkeep\n|turn|2\n|\n|t:|1733915967\n|move|p1a: Vivillon|Bug Buzz|p2a: Hatterene\n|-damage|p2a: Hatterene|157/236\n|-unboost|p2a: Hatterene|spd|1\n|move|p2a: Hatterene|Calm Mind|p2a: Hatterene\n|-boost|p2a: Hatterene|spa|1\n|-boost|p2a: Hatterene|spd|1\n|\n|-heal|p2a: Hatterene|171/236|[from] item: Leftovers\n|upkeep\n|turn|3\n|\n|t:|1733915979\n|move|p1a: Vivillon|Quiver Dance|p1a: Vivillon\n|-boost|p1a: Vivillon|spa|1\n|-boost|p1a: Vivillon|spd|1\n|-boost|p1a: Vivillon|spe|1\n|move|p2a: Hatterene|Draining Kiss|p1a: Vivillon\n|-damage|p1a: Vivillon|167/272\n|-heal|p2a: Hatterene|236/236|[from] drain|[of] p1a: Vivillon\n|\n|upkeep\n|turn|4\n|\n|t:|1733915988\n|move|p1a: Vivillon|Quiver Dance|p1a: Vivillon\n|-boost|p1a: Vivillon|spa|1\n|-boost|p1a: Vivillon|spd|1\n|-boost|p1a: Vivillon|spe|1\n|move|p2a: Hatterene|Psyshock|p1a: Vivillon\n|-damage|p1a: Vivillon|0 fnt\n|faint|p1a: Vivillon\n|\n|upkeep\n|\n|t:|1733916007\n|switch|p1a: Bruxish|Bruxish, L85, M|254/254\n|turn|5\n|\n|t:|1733916011\n|switch|p2a: Lanturn|Lanturn, L89, F|367/367\n|move|p1a: Bruxish|Wave Crash|p2a: Lanturn\n|-resisted|p2a: Lanturn\n|-damage|p2a: Lanturn|241/367\n|-damage|p1a: Bruxish|212/254|[from] Recoil\n|\n|upkeep\n|turn|6\n|\n|t:|1733916021\n|switch|p1a: Tyranitar|Tyranitar, L79, F|288/288\n|-weather|Sandstorm|[from] ability: Sand Stream|[of] p1a: Tyranitar\n|move|p2a: Lanturn|Thunder Wave|p1a: Tyranitar\n|-status|p1a: Tyranitar|par\n|\n|-weather|Sandstorm|[upkeep]\n|-damage|p2a: Lanturn|219/367|[from] Sandstorm\n|upkeep\n|turn|7\n|\n|t:|1733916033\n|move|p2a: Lanturn|Volt Switch|p1a: Tyranitar\n|-damage|p1a: Tyranitar|240/288 par\n|\n|t:|1733916035\n|switch|p2a: Annihilape|Annihilape, L76, F|292/292|[from] Volt Switch\n|move|p1a: Tyranitar|Knock Off|p2a: Annihilape\n|-damage|p2a: Annihilape|162/292\n|-enditem|p2a: Annihilape|Leftovers|[from] move: Knock Off|[of] p1a: Tyranitar\n|\n|-weather|Sandstorm|[upkeep]\n|-damage|p2a: Annihilape|144/292|[from] Sandstorm\n|-heal|p1a: Tyranitar|258/288 par|[from] item: Leftovers\n|upkeep\n|turn|8\n|\n|t:|1733916049\n|-terastallize|p1a: Tyranitar|Ghost\n|move|p2a: Annihilape|Rage Fist|p1a: Tyranitar\n|-supereffective|p1a: Tyranitar\n|-damage|p1a: Tyranitar|90/288 par\n|move|p1a: Tyranitar|Thunder Wave|p2a: Annihilape\n|-status|p2a: Annihilape|par\n|\n|-weather|Sandstorm|[upkeep]\n|-damage|p2a: Annihilape|126/292 par|[from] Sandstorm\n|-damage|p1a: Tyranitar|72/288 par|[from] Sandstorm\n|-heal|p1a: Tyranitar|90/288 par|[from] item: Leftovers\n|upkeep\n|turn|9\n|\n|t:|1733916064\n|switch|p1a: Indeedee|Indeedee-F, L90, F|272/272\n|-fieldstart|move: Psychic Terrain|[from] ability: Psychic Surge|[of] p1a: Indeedee\n|move|p2a: Annihilape|Rage Fist|p1a: Indeedee\n|-immune|p1a: Indeedee\n|\n|-weather|Sandstorm|[upkeep]\n|-damage|p1a: Indeedee|255/272|[from] Sandstorm\n|-damage|p2a: Annihilape|108/292 par|[from] Sandstorm\n|upkeep\n|turn|10\n|\n|t:|1733916075\n|switch|p2a: Hatterene|Hatterene, L85, F|236/236\n|move|p1a: Indeedee|Shadow Ball|p2a: Hatterene\n|-supereffective|p2a: Hatterene\n|-damage|p2a: Hatterene|80/236\n|-damage|p1a: Indeedee|228/272|[from] item: Life Orb\n|\n|-weather|none\n|-heal|p2a: Hatterene|94/236|[from] item: Leftovers\n|upkeep\n|turn|11\n|\n|t:|1733916086\n|switch|p2a: Noctowl|Noctowl, L95, F|344/344\n|move|p1a: Indeedee|Shadow Ball|p2a: Noctowl\n|-immune|p2a: Noctowl\n|\n|upkeep\n|turn|12\n|\n|t:|1733916093\n|move|p1a: Indeedee|Psychic|p2a: Noctowl\n|-damage|p2a: Noctowl|180/344\n|-damage|p1a: Indeedee|201/272|[from] item: Life Orb\n|move|p2a: Noctowl|Hyper Voice|p1a: Indeedee\n|-damage|p1a: Indeedee|111/272\n|\n|upkeep\n|turn|13\n|\n|t:|1733916101\n|move|p1a: Indeedee|Psychic|p2a: Noctowl\n|-damage|p2a: Noctowl|15/344\n|-damage|p1a: Indeedee|84/272|[from] item: Life Orb\n|move|p2a: Noctowl|Roost|p2a: Noctowl\n|-heal|p2a: Noctowl|187/344\n|-singleturn|p2a: Noctowl|move: Roost\n|\n|-fieldend|move: Psychic Terrain\n|upkeep\n|turn|14\n|\n|t:|1733916112\n|switch|p1a: Tyranitar|Tyranitar, L79, F, tera:Ghost|90/288 par\n|-weather|Sandstorm|[from] ability: Sand Stream|[of] p1a: Tyranitar\n|move|p2a: Noctowl|Roost|p2a: Noctowl\n|-heal|p2a: Noctowl|344/344\n|-singleturn|p2a: Noctowl|move: Roost\n|\n|-weather|Sandstorm|[upkeep]\n|-damage|p2a: Noctowl|323/344|[from] Sandstorm\n|-damage|p1a: Tyranitar|72/288 par|[from] Sandstorm\n|-heal|p1a: Tyranitar|90/288 par|[from] item: Leftovers\n|upkeep\n|turn|15\n|\n|t:|1733916126\n|switch|p2a: Annihilape|Annihilape, L76, F|108/292 par\n|move|p1a: Tyranitar|Knock Off|p2a: Annihilape\n|-damage|p2a: Annihilape|17/292 par\n|\n|-weather|Sandstorm|[upkeep]\n|-damage|p2a: Annihilape|0 fnt|[from] Sandstorm\n|-damage|p1a: Tyranitar|72/288 par|[from] Sandstorm\n|faint|p2a: Annihilape\n|-heal|p1a: Tyranitar|90/288 par|[from] item: Leftovers\n|upkeep\n|\n|t:|1733916132\n|switch|p2a: Hatterene|Hatterene, L85, F|94/236\n|turn|16\n|\n|t:|1733916139\n|move|p2a: Hatterene|Psyshock|p1a: Tyranitar\n|-damage|p1a: Tyranitar|0 fnt\n|faint|p1a: Tyranitar\n|\n|-weather|Sandstorm|[upkeep]\n|-damage|p2a: Hatterene|80/236|[from] Sandstorm\n|-heal|p2a: Hatterene|94/236|[from] item: Leftovers\n|upkeep\n|\n|t:|1733916156\n|switch|p1a: Indeedee|Indeedee-F, L90, F|84/272\n|-fieldstart|move: Psychic Terrain|[from] ability: Psychic Surge|[of] p1a: Indeedee\n|turn|17\n|\n|t:|1733916161\n|move|p1a: Indeedee|Psychic|p2a: Hatterene\n|-resisted|p2a: Hatterene\n|-damage|p2a: Hatterene|12/236\n|-damage|p1a: Indeedee|57/272|[from] item: Life Orb\n|move|p2a: Hatterene|Draining Kiss|p1a: Indeedee\n|-damage|p1a: Indeedee|0 fnt\n|-heal|p2a: Hatterene|55/236|[from] drain|[of] p1a: Indeedee\n|faint|p1a: Indeedee\n|\n|-weather|Sandstorm|[upkeep]\n|-damage|p2a: Hatterene|41/236|[from] Sandstorm\n|-heal|p2a: Hatterene|55/236|[from] item: Leftovers\n|upkeep\n|\n|t:|1733916165\n|switch|p1a: Pincurchin|Pincurchin, F|258/258\n|-fieldstart|move: Electric Terrain|[from] ability: Electric Surge|[of] p1a: Pincurchin\n|turn|18\n|\n|t:|1733916169\n|move|p2a: Hatterene|Mystical Fire|p1a: Pincurchin\n|-damage|p1a: Pincurchin|199/258\n|-unboost|p1a: Pincurchin|spa|1\n|move|p1a: Pincurchin|Zing Zap|p2a: Hatterene\n|-damage|p2a: Hatterene|0 fnt\n|faint|p2a: Hatterene\n|\n|-weather|none\n|-heal|p1a: Pincurchin|215/258|[from] item: Leftovers\n|upkeep\n|\n|t:|1733916173\n|switch|p2a: Lanturn|Lanturn, L89, F|219/367\n|turn|19\n|\n|t:|1733916193\n|move|p2a: Lanturn|Scald|p1a: Pincurchin\n|-damage|p1a: Pincurchin|143/258\n|move|p1a: Pincurchin|Curse|p1a: Pincurchin\n|-unboost|p1a: Pincurchin|spe|1\n|-boost|p1a: Pincurchin|atk|1\n|-boost|p1a: Pincurchin|def|1\n|\n|-heal|p1a: Pincurchin|159/258|[from] item: Leftovers\n|upkeep\n|turn|20\n|\n|t:|1733916206\n|move|p2a: Lanturn|Scald|p1a: Pincurchin\n|-damage|p1a: Pincurchin|93/258\n|move|p1a: Pincurchin|Recover|p1a: Pincurchin\n|-heal|p1a: Pincurchin|222/258\n|\n|-heal|p1a: Pincurchin|238/258|[from] item: Leftovers\n|upkeep\n|turn|21\n|\n|t:|1733916218\n|move|p2a: Lanturn|Scald|p1a: Pincurchin\n|-damage|p1a: Pincurchin|174/258\n|move|p1a: Pincurchin|Curse|p1a: Pincurchin\n|-unboost|p1a: Pincurchin|spe|1\n|-boost|p1a: Pincurchin|atk|1\n|-boost|p1a: Pincurchin|def|1\n|\n|-heal|p1a: Pincurchin|190/258|[from] item: Leftovers\n|upkeep\n|turn|22\n|\n|t:|1733916228\n|move|p2a: Lanturn|Scald|p1a: Pincurchin\n|-damage|p1a: Pincurchin|121/258\n|move|p1a: Pincurchin|Liquidation|p2a: Lanturn\n|-resisted|p2a: Lanturn\n|-damage|p2a: Lanturn|105/367\n|\n|-heal|p1a: Pincurchin|137/258|[from] item: Leftovers\n|-fieldend|move: Electric Terrain\n|upkeep\n|turn|23\n|\n|t:|1733916240\n|move|p2a: Lanturn|Scald|p1a: Pincurchin\n|-damage|p1a: Pincurchin|73/258\n|move|p1a: Pincurchin|Recover|p1a: Pincurchin\n|-heal|p1a: Pincurchin|202/258\n|\n|-heal|p1a: Pincurchin|218/258|[from] item: Leftovers\n|upkeep\n|turn|24\n|\n|t:|1733916249\n|move|p2a: Lanturn|Scald|p1a: Pincurchin\n|-damage|p1a: Pincurchin|148/258\n|-status|p1a: Pincurchin|brn\n|move|p1a: Pincurchin|Liquidation|p2a: Lanturn\n|-resisted|p2a: Lanturn\n|-damage|p2a: Lanturn|50/367\n|\n|-heal|p1a: Pincurchin|164/258 brn|[from] item: Leftovers\n|-damage|p1a: Pincurchin|148/258 brn|[from] brn\n|upkeep\n|turn|25\n|\n|t:|1733916260\n|switch|p2a: Noctowl|Noctowl, L95, F|323/344\n|move|p1a: Pincurchin|Liquidation|p2a: Noctowl\n|-damage|p2a: Noctowl|212/344\n|\n|-heal|p1a: Pincurchin|164/258 brn|[from] item: Leftovers\n|-damage|p1a: Pincurchin|148/258 brn|[from] brn\n|upkeep\n|turn|26\n|\n|t:|1733916270\n|move|p2a: Noctowl|Hyper Voice|p1a: Pincurchin\n|-damage|p1a: Pincurchin|52/258 brn\n|move|p1a: Pincurchin|Liquidation|p2a: Noctowl\n|-damage|p2a: Noctowl|102/344\n|\n|-heal|p1a: Pincurchin|68/258 brn|[from] item: Leftovers\n|-damage|p1a: Pincurchin|52/258 brn|[from] brn\n|upkeep\n|turn|27\n|\n|t:|1733916280\n|move|p2a: Noctowl|Hyper Voice|p1a: Pincurchin\n|-damage|p1a: Pincurchin|0 fnt\n|faint|p1a: Pincurchin\n|\n|upkeep\n|\n|t:|1733916285\n|switch|p1a: Araquanid|Araquanid, L82, M|246/246\n|turn|28\n|\n|t:|1733916291\n|move|p2a: Noctowl|Hurricane|p1a: Araquanid|[miss]\n|-miss|p2a: Noctowl|p1a: Araquanid\n|move|p1a: Araquanid|Liquidation|p2a: Noctowl\n|-damage|p2a: Noctowl|0 fnt\n|faint|p2a: Noctowl\n|\n|upkeep\n|\n|t:|1733916297\n|switch|p2a: Ariados|Ariados, L95, M|287/287\n|turn|29\n|\n|t:|1733916303\n|move|p2a: Ariados|Sticky Web|p1a: Araquanid\n|-sidestart|p1: dujia|move: Sticky Web\n|move|p1a: Araquanid|Sticky Web|p2a: Ariados\n|-sidestart|p2: 5miao|move: Sticky Web\n|\n|upkeep\n|turn|30\n|\n|t:|1733916308\n|move|p2a: Ariados|Megahorn|p1a: Araquanid\n|-damage|p1a: Araquanid|104/246\n|move|p1a: Araquanid|Liquidation|p2a: Ariados\n|-damage|p2a: Ariados|140/287\n|-unboost|p2a: Ariados|def|1\n|\n|upkeep\n|turn|31\n|\n|t:|1733916317\n|move|p2a: Ariados|Megahorn|p1a: Araquanid|[miss]\n|-miss|p2a: Ariados|p1a: Araquanid\n|move|p1a: Araquanid|Mirror Coat||[still]\n|-fail|p1a: Araquanid\n|\n|upkeep\n|turn|32\n|\n|t:|1733916323\n|move|p2a: Ariados|Megahorn|p1a: Araquanid\n|-damage|p1a: Araquanid|0 fnt\n|faint|p1a: Araquanid\n|\n|upkeep\n|\n|t:|1733916328\n|switch|p1a: Bruxish|Bruxish, L85, M|212/254\n|-activate|p1a: Bruxish|move: Sticky Web\n|-unboost|p1a: Bruxish|spe|1\n|turn|33\n|\n|t:|1733916338\n|move|p1a: Bruxish|Psychic Fangs|p2a: Ariados\n|-supereffective|p2a: Ariados\n|-damage|p2a: Ariados|0 fnt\n|faint|p2a: Ariados\n|\n|upkeep\n|\n|t:|1733916346\n|switch|p2a: Lanturn|Lanturn, L89, F|50/367\n|turn|34\n|\n|t:|1733916352\n|move|p2a: Lanturn|Thunderbolt|p1a: Bruxish\n|-supereffective|p1a: Bruxish\n|-damage|p1a: Bruxish|18/254\n|move|p1a: Bruxish|Psychic Fangs|p2a: Lanturn\n|-damage|p2a: Lanturn|0 fnt\n|faint|p2a: Lanturn\n|\n|upkeep\n|\n|t:|1733916354\n|switch|p2a: Mamoswine|Mamoswine, L81, M|311/311\n|-activate|p2a: Mamoswine|move: Sticky Web\n|-unboost|p2a: Mamoswine|spe|1\n|turn|35\n|\n|t:|1733916363\n|-terastallize|p2a: Mamoswine|Ice\n|move|p1a: Bruxish|Psychic Fangs|p2a: Mamoswine\n|-damage|p2a: Mamoswine|74/311\n|move|p2a: Mamoswine|Knock Off|p1a: Bruxish\n|-supereffective|p1a: Bruxish\n|-damage|p1a: Bruxish|0 fnt\n|-enditem|p1a: Bruxish|Choice Band|[from] move: Knock Off|[of] p2a: Mamoswine\n|faint|p1a: Bruxish\n|\n|win|5miao\n|raw|dujia's rating: 1497 &rarr; <strong>1479</strong><br />(-18 for losing)\n|raw|5miao's rating: 1534 &rarr; <strong>1552</strong><br />(+18 for winning)\n", "inputlog": ">version bfd83cad13791eb5a5a409923076391caf6fb4d4\n>start {\"formatid\":\"gen9randombattle\",\"seed\":[64817,16649,17280,61439],\"rated\":\"Rated battle\"}\n>player p1 {\"name\":\"dujia\",\"avatar\":\"101\",\"rating\":1497,\"seed\":[9660,568,51243,54666]}\n>player p2 {\"name\":\"5miao\",\"avatar\":\"265\",\"rating\":1534,\"seed\":[1006,24220,20647,58465]}\n>p1 move sleeppowder\n>p2 switch 2\n>p1 move bugbuzz\n>p2 move calmmind\n>p1 move quiverdance\n>p2 move drainingkiss\n>p1 move quiverdance\n>p2 move psyshock\n>p1 switch 4\n>p1 move wavecrash\n>p2 switch 4\n>p1 switch 6\n>p2 move thunderwave\n>p1 move knockoff\n>p2 move voltswitch\n>p2 switch 2\n>p1 move thunderwave terastallize\n>p2 move ragefist\n>p1 switch 3\n>p2 move ragefist\n>p1 move shadowball\n>p2 switch 4\n>p1 move shadowball\n>p2 switch 6\n>p1 move psychic\n>p2 move hypervoice\n>p1 move psychic\n>p2 move roost\n>p1 switch 3\n>p2 move roost\n>p1 move knockoff\n>p2 switch 4\n>p2 switch 6\n>p1 move knockoff\n>p2 move psyshock\n>p1 switch 3\n>p1 move psychic\n>p2 move drainingkiss\n>p1 switch 5\n>p1 move zingzap\n>p2 move mysticalfire\n>p2 switch 2\n>p1 move curse\n>p2 move scald\n>p1 move recover\n>p2 move scald\n>p1 move curse\n>p2 move scald\n>p1 move liquidation\n>p2 move scald\n>p1 move recover\n>p2 move scald\n>p1 move liquidation\n>p2 move scald\n>p1 move liquidation\n>p2 switch 4\n>p1 move liquidation\n>p2 move hypervoice\n>p1 move recover\n>p2 move hypervoice\n>p1 switch 2\n>p1 move liquidation\n>p2 move hurricane\n>p2 switch 3\n>p1 move stickyweb\n>p2 move stickyweb\n>p1 move liquidation\n>p2 move megahorn\n>p1 move mirrorcoat\n>p2 move megahorn\n>p1 move liquidation\n>p2 move megahorn\n>p1 switch 6\n>p1 move psychicfangs\n>p2 move knockoff\n>p2 switch 4\n>p1 move psychicfangs\n>p2 move thunderbolt\n>p2 switch 5\n>p1 move psychicfangs\n>p2 move knockoff terastallize", "uploadtime": 1733916369, "views": 1, "formatid": "gen9randombattle", "rating": 1479, "private": 0, "password": null}