{"id": "gen9randombattle-2178890256", "format": "[Gen 9] Random Battle", "players": ["Soul Dew Latias", "FaZe Alec Baldwin"], "log": "|j|\u2606Soul Dew Latias\n|j|\u203dFaZe Alec Baldwin\n|t:|1723501269\n|gametype|singles\n|player|p1|Soul Dew Latias|#teamskymin|2269\n|player|p2|FaZe Alec Baldwin|drayden|2230\n|teamsize|p1|6\n|teamsize|p2|6\n|gen|9\n|tier|[Gen 9] Random Battle\n|rated|\n|rule|Species Clause: Limit one of each Pok\u00e9mon\n|rule|HP Percentage Mod: HP is shown in percentages\n|rule|Sleep Clause Mod: Limit one foe put to sleep\n|rule|Illusion Level Mod: Illusion disguises the Pok\u00e9mon's true level\n|\n|t:|1723501269\n|start\n|switch|p1a: Tatsugiri|Tatsugiri-Stretchy, L86, M|257/257\n|switch|p2a: Scovillain|Scovillain, L91, M|266/266\n|turn|1\n|\n|t:|1723501283\n|switch|p2a: Glalie|Glalie, L96, F|309/309\n|move|p1a: Tatsugiri|Nasty Plot|p1a: Tatsugiri\n|-boost|p1a: Tatsugiri|spa|2\n|\n|upkeep\n|turn|2\n|\n|t:|1723501289\n|switch|p1a: Oinkologne|Oinkologne, L92, M|352/352\n|move|p2a: Glalie|Freeze-Dry|p1a: Oinkologne\n|-damage|p1a: Oinkologne|312/352\n|\n|-heal|p1a: Oinkologne|334/352|[from] item: Leftovers\n|upkeep\n|turn|3\n|\n|t:|1723501301\n|switch|p2a: Scovillain|Scovillain, L91, M|266/266\n|move|p1a: Oinkologne|Curse|p1a: Oinkologne\n|-unboost|p1a: Oinkologne|spe|1\n|-boost|p1a: Oinkologne|atk|1\n|-boost|p1a: Oinkologne|def|1\n|\n|-heal|p1a: Oinkologne|352/352|[from] item: Leftovers\n|upkeep\n|turn|4\n|\n|t:|1723501306\n|move|p2a: Scovillain|Leech Seed|p1a: Oinkologne\n|-start|p1a: Oinkologne|move: Leech Seed\n|move|p1a: Oinkologne|Body Slam|p2a: Scovillain\n|-damage|p2a: Scovillain|65/266\n|\n|-heal|p2a: Scovillain|81/266|[from] item: Leftovers\n|-damage|p1a: Oinkologne|308/352|[from] Leech Seed|[of] p2a: Scovillain\n|-heal|p2a: Scovillain|125/266|[silent]\n|upkeep\n|turn|5\n|\n|t:|1723501314\n|switch|p1a: Dudunsparce|Dudunsparce, L82, F|339/339\n|move|p2a: Scovillain|Substitute|p2a: Scovillain\n|-start|p2a: Scovillain|Substitute\n|-damage|p2a: Scovillain|59/266\n|\n|-heal|p2a: Scovillain|75/266|[from] item: Leftovers\n|upkeep\n|turn|6\n|\n|t:|1723501321\n|move|p2a: Scovillain|Protect|p2a: Scovillain\n|-singleturn|p2a: Scovillain|Protect\n|move|p1a: Dudunsparce|Headbutt|p2a: Scovillain\n|-activate|p2a: Scovillain|move: Protect\n|\n|-heal|p2a: Scovillain|91/266|[from] item: Leftovers\n|upkeep\n|turn|7\n|\n|t:|1723501327\n|move|p2a: Scovillain|Leech Seed|p1a: Dudunsparce|[miss]\n|-miss|p2a: Scovillain|p1a: Dudunsparce\n|move|p1a: Dudunsparce|Headbutt|p2a: Scovillain\n|-end|p2a: Scovillain|Substitute\n|\n|-heal|p2a: Scovillain|107/266|[from] item: Leftovers\n|upkeep\n|turn|8\n|\n|t:|1723501329\n|move|p2a: Scovillain|Protect|p2a: Scovillain\n|-singleturn|p2a: Scovillain|Protect\n|move|p1a: Dudunsparce|Headbutt|p2a: Scovillain\n|-activate|p2a: Scovillain|move: Protect\n|\n|-heal|p2a: Scovillain|123/266|[from] item: Leftovers\n|upkeep\n|turn|9\n|\n|t:|1723501336\n|switch|p2a: Raikou|Raikou, L81|278/278\n|-ability|p2a: Raikou|Pressure\n|move|p1a: Dudunsparce|Glare|p2a: Raikou\n|-immune|p2a: Raikou\n|\n|upkeep\n|turn|10\n|\n|t:|1723501344\n|move|p2a: Raikou|Volt Switch|p1a: Dudunsparce\n|-damage|p1a: Dudunsparce|198/339\n|\n|t:|1723501370\n|switch|p2a: Minior|Minior, L79|223/223|[from] Volt Switch\n|-formechange|p2a: Minior|Minior-Meteor||[from] ability: Shields Down\n|move|p1a: Dudunsparce|Earthquake|p2a: Minior\n|-immune|p2a: Minior\n|\n|-heal|p1a: Dudunsparce|219/339|[from] item: Leftovers\n|upkeep\n|turn|11\n|\n|t:|1723501378\n|switch|p1a: Orthworm|Orthworm, L88, M|266/266\n|move|p2a: Minior|Shell Smash|p2a: Minior\n|-unboost|p2a: Minior|def|1\n|-unboost|p2a: Minior|spd|1\n|-boost|p2a: Minior|atk|2\n|-boost|p2a: Minior|spa|2\n|-boost|p2a: Minior|spe|2\n|-enditem|p2a: Minior|White Herb\n|-clearnegativeboost|p2a: Minior|[silent]\n|\n|upkeep\n|turn|12\n|\n|t:|1723501385\n|switch|p2a: Raikou|Raikou, L81|278/278\n|-ability|p2a: Raikou|Pressure\n|move|p1a: Orthworm|Heavy Slam|p2a: Raikou\n|-resisted|p2a: Raikou\n|-damage|p2a: Raikou|255/278\n|\n|upkeep\n|turn|13\n|\n|t:|1723501394\n|switch|p1a: Oinkologne|Oinkologne, L92, M|308/352\n|move|p2a: Raikou|Thunderbolt|p1a: Oinkologne\n|-damage|p1a: Oinkologne|149/352\n|\n|-heal|p1a: Oinkologne|171/352|[from] item: Leftovers\n|upkeep\n|turn|14\n|\n|t:|1723501399\n|switch|p2a: Glalie|Glalie, L96, F|309/309\n|move|p1a: Oinkologne|High Horsepower|p2a: Glalie\n|-damage|p2a: Glalie|235/309\n|\n|-heal|p1a: Oinkologne|193/352|[from] item: Leftovers\n|upkeep\n|turn|15\n|\n|t:|1723501405\n|move|p2a: Glalie|Spikes|p1a: Oinkologne\n|-sidestart|p1: Soul Dew Latias|Spikes\n|move|p1a: Oinkologne|Body Slam|p2a: Glalie\n|-damage|p2a: Glalie|127/309\n|-status|p2a: Glalie|par\n|\n|-heal|p1a: Oinkologne|215/352|[from] item: Leftovers\n|upkeep\n|turn|16\n|\n|t:|1723501417\n|switch|p2a: Minior|Minior, L79|223/223\n|-formechange|p2a: Minior|Minior-Meteor||[from] ability: Shields Down\n|move|p1a: Oinkologne|Body Slam|p2a: Minior\n|-resisted|p2a: Minior\n|-damage|p2a: Minior|174/223\n|\n|-heal|p1a: Oinkologne|237/352|[from] item: Leftovers\n|upkeep\n|turn|17\n|\n|t:|1723501425\n|move|p1a: Oinkologne|Curse|p1a: Oinkologne\n|-unboost|p1a: Oinkologne|spe|1\n|-boost|p1a: Oinkologne|atk|1\n|-boost|p1a: Oinkologne|def|1\n|move|p2a: Minior|Shell Smash|p2a: Minior\n|-unboost|p2a: Minior|def|1\n|-unboost|p2a: Minior|spd|1\n|-boost|p2a: Minior|atk|2\n|-boost|p2a: Minior|spa|2\n|-boost|p2a: Minior|spe|2\n|\n|-heal|p1a: Oinkologne|259/352|[from] item: Leftovers\n|upkeep\n|turn|18\n|\n|t:|1723501429\n|move|p2a: Minior|Power Gem|p1a: Oinkologne\n|-damage|p1a: Oinkologne|156/352\n|move|p1a: Oinkologne|Body Slam|p2a: Minior\n|-resisted|p2a: Minior\n|-damage|p2a: Minior|54/223\n|\n|-heal|p1a: Oinkologne|178/352|[from] item: Leftovers\n|-formechange|p2a: Minior|Minior||[from] ability: Shields Down\n|upkeep\n|turn|19\n|\n|t:|1723501436\n|move|p2a: Minior|Power Gem|p1a: Oinkologne\n|-damage|p1a: Oinkologne|33/352\n|move|p1a: Oinkologne|Body Slam|p2a: Minior\n|-resisted|p2a: Minior\n|-damage|p2a: Minior|0 fnt\n|faint|p2a: Minior\n|\n|-heal|p1a: Oinkologne|55/352|[from] item: Leftovers\n|upkeep\n|\n|t:|1723501443\n|switch|p2a: Raikou|Raikou, L81|255/278\n|-ability|p2a: Raikou|Pressure\n|turn|20\n|\n|t:|1723501448\n|move|p2a: Raikou|Scald|p1a: Oinkologne\n|-damage|p1a: Oinkologne|0 fnt\n|faint|p1a: Oinkologne\n|\n|upkeep\n|\n|t:|1723501450\n|switch|p1a: Tatsugiri|Tatsugiri-Stretchy, L86, M|257/257\n|turn|21\n|\n|t:|1723501456\n|switch|p2a: Chansey|Chansey, L85, F|564/564\n|move|p1a: Tatsugiri|Rapid Spin|p2a: Chansey\n|-damage|p2a: Chansey|505/564\n|-boost|p1a: Tatsugiri|spe|1\n|-sideend|p1: Soul Dew Latias|Spikes|[from] move: Rapid Spin|[of] p1a: Tatsugiri\n|\n|upkeep\n|turn|22\n|\n|t:|1723501463\n|switch|p1a: Spidops|Spidops, L96, M|271/271\n|move|p2a: Chansey|Thunder Wave|p1a: Spidops\n|-status|p1a: Spidops|par\n|\n|upkeep\n|turn|23\n|\n|t:|1723501484\n|switch|p2a: Raikou|Raikou, L81|255/278\n|-ability|p2a: Raikou|Pressure\n|move|p1a: Spidops|Sticky Web|p2a: Raikou\n|-sidestart|p2: FaZe Alec Baldwin|move: Sticky Web\n|\n|upkeep\n|turn|24\n|\n|t:|1723501491\n|move|p2a: Raikou|Thunderbolt|p1a: Spidops\n|-damage|p1a: Spidops|136/271 par\n|move|p1a: Spidops|Circle Throw|p2a: Raikou\n|-damage|p2a: Raikou|201/278\n|drag|p2a: Ogerpon|Ogerpon, L80, F|259/259\n|-activate|p2a: Ogerpon|move: Sticky Web\n|-unboost|p2a: Ogerpon|spe|1\n|-ability|p2a: Ogerpon|Defiant|boost\n|-boost|p2a: Ogerpon|atk|2\n|\n|upkeep\n|turn|25\n|\n|t:|1723501501\n|move|p2a: Ogerpon|Knock Off|p1a: Spidops\n|-damage|p1a: Spidops|0 fnt\n|-enditem|p1a: Spidops|Heavy-Duty Boots|[from] move: Knock Off|[of] p2a: Ogerpon\n|faint|p1a: Spidops\n|-damage|p2a: Ogerpon|234/259|[from] item: Life Orb\n|\n|upkeep\n|\n|t:|1723501505\n|switch|p1a: Dudunsparce|Dudunsparce, L82, F|219/339\n|turn|26\n|\n|t:|1723501513\n|move|p2a: Ogerpon|Ivy Cudgel|p1a: Dudunsparce\n|-damage|p1a: Dudunsparce|0 fnt\n|faint|p1a: Dudunsparce\n|-damage|p2a: Ogerpon|209/259|[from] item: Life Orb\n|\n|upkeep\n|\n|t:|1723501521\n|switch|p1a: Orthworm|Orthworm, L88, M|266/266\n|turn|27\n|\n|t:|1723501531\n|switch|p2a: Raikou|Raikou, L81|201/278\n|-activate|p2a: Raikou|move: Sticky Web\n|-unboost|p2a: Raikou|spe|1\n|-ability|p2a: Raikou|Pressure\n|-terastallize|p1a: Orthworm|Ghost\n|move|p1a: Orthworm|Shed Tail|p1a: Orthworm\n|-start|p1a: Orthworm|Substitute|[from] move: Shed Tail\n|-damage|p1a: Orthworm|133/266\n|\n|t:|1723501537\n|switch|p1a: Blastoise|Blastoise, L80, F|258/258|[from] Shed Tail\n|\n|upkeep\n|turn|28\n|\n|t:|1723501547\n|move|p1a: Blastoise|Shell Smash|p1a: Blastoise\n|-unboost|p1a: Blastoise|def|1\n|-unboost|p1a: Blastoise|spd|1\n|-boost|p1a: Blastoise|atk|2\n|-boost|p1a: Blastoise|spa|2\n|-boost|p1a: Blastoise|spe|2\n|-enditem|p1a: Blastoise|White Herb\n|-clearnegativeboost|p1a: Blastoise|[silent]\n|move|p2a: Raikou|Thunderbolt|p1a: Blastoise\n|-supereffective|p1a: Blastoise\n|-end|p1a: Blastoise|Substitute\n|\n|upkeep\n|turn|29\n|\n|t:|1723501552\n|switch|p2a: Glalie|Glalie, L96, F|127/309 par\n|move|p1a: Blastoise|Hydro Pump|p2a: Glalie\n|-damage|p2a: Glalie|0 fnt\n|faint|p2a: Glalie\n|\n|upkeep\n|\n|t:|1723501555\n|switch|p2a: Chansey|Chansey, L85, F|505/564\n|-activate|p2a: Chansey|move: Sticky Web\n|-unboost|p2a: Chansey|spe|1\n|turn|30\n|\n|t:|1723501559\n|move|p1a: Blastoise|Shell Smash|p1a: Blastoise\n|-unboost|p1a: Blastoise|def|1\n|-unboost|p1a: Blastoise|spd|1\n|-boost|p1a: Blastoise|atk|2\n|-boost|p1a: Blastoise|spa|2\n|-boost|p1a: Blastoise|spe|2\n|move|p2a: Chansey|Thunder Wave|p1a: Blastoise|[miss]\n|-miss|p2a: Chansey|p1a: Blastoise\n|\n|upkeep\n|turn|31\n|\n|t:|1723501564\n|move|p1a: Blastoise|Shell Smash|p1a: Blastoise\n|-unboost|p1a: Blastoise|def|1\n|-unboost|p1a: Blastoise|spd|1\n|-boost|p1a: Blastoise|atk|2\n|-boost|p1a: Blastoise|spa|2\n|-boost|p1a: Blastoise|spe|2\n|move|p2a: Chansey|Thunder Wave|p1a: Blastoise\n|-status|p1a: Blastoise|par\n|\n|upkeep\n|turn|32\n|\n|t:|1723501568\n|move|p1a: Blastoise|Hydro Pump|p2a: Chansey\n|-damage|p2a: Chansey|280/564\n|move|p2a: Chansey|Seismic Toss|p1a: Blastoise\n|-damage|p1a: Blastoise|173/258 par\n|\n|upkeep\n|turn|33\n|\n|t:|1723501572\n|move|p1a: Blastoise|Hydro Pump|p2a: Chansey\n|-damage|p2a: Chansey|72/564\n|move|p2a: Chansey|Soft-Boiled|p2a: Chansey\n|-heal|p2a: Chansey|354/564\n|\n|upkeep\n|turn|34\n|\n|t:|1723501576\n|move|p1a: Blastoise|Ice Beam|p2a: Chansey\n|-damage|p2a: Chansey|227/564\n|move|p2a: Chansey|Soft-Boiled|p2a: Chansey\n|-heal|p2a: Chansey|509/564\n|\n|upkeep\n|turn|35\n|\n|t:|1723501579\n|move|p1a: Blastoise|Ice Beam|p2a: Chansey\n|-damage|p2a: Chansey|394/564\n|move|p2a: Chansey|Seismic Toss|p1a: Blastoise\n|-damage|p1a: Blastoise|88/258 par\n|\n|upkeep\n|turn|36\n|\n|t:|1723501584\n|cant|p1a: Blastoise|par\n|move|p2a: Chansey|Soft-Boiled|p2a: Chansey\n|-heal|p2a: Chansey|564/564\n|\n|upkeep\n|turn|37\n|\n|t:|1723501592\n|move|p1a: Blastoise|Ice Beam|p2a: Chansey\n|-damage|p2a: Chansey|437/564\n|move|p2a: Chansey|Soft-Boiled|p2a: Chansey\n|-heal|p2a: Chansey|564/564\n|\n|upkeep\n|turn|38\n|\n|t:|1723501596\n|move|p1a: Blastoise|Ice Beam|p2a: Chansey\n|-damage|p2a: Chansey|435/564\n|move|p2a: Chansey|Soft-Boiled|p2a: Chansey\n|-heal|p2a: Chansey|564/564\n|\n|upkeep\n|turn|39\n|\n|t:|1723501600\n|move|p1a: Blastoise|Hydro Pump|p2a: Chansey\n|-damage|p2a: Chansey|356/564\n|move|p2a: Chansey|Soft-Boiled|p2a: Chansey\n|-heal|p2a: Chansey|564/564\n|\n|upkeep\n|turn|40\n|\n|t:|1723501604\n|move|p1a: Blastoise|Ice Beam|p2a: Chansey\n|-damage|p2a: Chansey|431/564\n|move|p2a: Chansey|Seismic Toss|p1a: Blastoise\n|-damage|p1a: Blastoise|3/258 par\n|\n|upkeep\n|turn|41\n|\n|t:|1723501607\n|move|p1a: Blastoise|Hydro Pump|p2a: Chansey\n|-damage|p2a: Chansey|83/564\n|move|p2a: Chansey|Seismic Toss|p1a: Blastoise\n|-damage|p1a: Blastoise|0 fnt\n|faint|p1a: Blastoise\n|\n|upkeep\n|\n|t:|1723501622\n|switch|p1a: Orthworm|Orthworm, L88, M, tera:Ghost|133/266\n|turn|42\n|\n|t:|1723501628\n|switch|p2a: Raikou|Raikou, L81|201/278\n|-activate|p2a: Raikou|move: Sticky Web\n|-unboost|p2a: Raikou|spe|1\n|-ability|p2a: Raikou|Pressure\n|move|p1a: Orthworm|Heavy Slam|p2a: Raikou\n|-resisted|p2a: Raikou\n|-damage|p2a: Raikou|177/278\n|\n|-heal|p1a: Orthworm|149/266|[from] item: Leftovers\n|upkeep\n|turn|43\n|\n|t:|1723501634\n|move|p1a: Orthworm|Shed Tail|p1a: Orthworm\n|-start|p1a: Orthworm|Substitute|[from] move: Shed Tail\n|-damage|p1a: Orthworm|16/266\n|\n|t:|1723501635\n|switch|p1a: Tatsugiri|Tatsugiri-Stretchy, L86, M|257/257|[from] Shed Tail\n|move|p2a: Raikou|Thunderbolt|p1a: Tatsugiri\n|-end|p1a: Tatsugiri|Substitute\n|\n|upkeep\n|turn|44\n|\n|t:|1723501638\n|move|p1a: Tatsugiri|Nasty Plot|p1a: Tatsugiri\n|-boost|p1a: Tatsugiri|spa|2\n|move|p2a: Raikou|Thunderbolt|p1a: Tatsugiri\n|-damage|p1a: Tatsugiri|124/257\n|\n|upkeep\n|turn|45\n|\n|t:|1723501648\n|move|p1a: Tatsugiri|Surf|p2a: Raikou\n|-damage|p2a: Raikou|0 fnt\n|faint|p2a: Raikou\n|\n|upkeep\n|\n|t:|1723501652\n|switch|p2a: Ogerpon|Ogerpon, L80, F|209/259\n|-activate|p2a: Ogerpon|move: Sticky Web\n|-unboost|p2a: Ogerpon|spe|1\n|-ability|p2a: Ogerpon|Defiant|boost\n|-boost|p2a: Ogerpon|atk|2\n|turn|46\n|\n|t:|1723501654\n|switch|p2a: Scovillain|Scovillain, L91, M|123/266\n|-activate|p2a: Scovillain|move: Sticky Web\n|-unboost|p2a: Scovillain|spe|1\n|move|p1a: Tatsugiri|Draco Meteor|p2a: Scovillain\n|-damage|p2a: Scovillain|0 fnt\n|-unboost|p1a: Tatsugiri|spa|2\n|faint|p2a: Scovillain\n|\n|upkeep\n|\n|t:|1723501658\n|switch|p2a: Ogerpon|Ogerpon, L80, F|209/259\n|-activate|p2a: Ogerpon|move: Sticky Web\n|-unboost|p2a: Ogerpon|spe|1\n|-ability|p2a: Ogerpon|Defiant|boost\n|-boost|p2a: Ogerpon|atk|2\n|turn|47\n|\n|t:|1723501664\n|-terastallize|p2a: Ogerpon|Grass\n|detailschange|p2a: Ogerpon|Ogerpon-Teal-Tera, L80, F, tera:Grass\n|-ability|p2a: Ogerpon|Embody Aspect (Teal)|boost\n|-boost|p2a: Ogerpon|spe|1\n|move|p2a: Ogerpon|Ivy Cudgel|p1a: Tatsugiri\n|-damage|p1a: Tatsugiri|0 fnt\n|faint|p1a: Tatsugiri\n|-damage|p2a: Ogerpon|184/259|[from] item: Life Orb\n|\n|upkeep\n|-message|Soul Dew Latias forfeited.\n|\n|win|FaZe Alec Baldwin\n|raw|Soul Dew Latias's rating: 2269 &rarr; <strong>2245</strong><br />(-24 for losing)\n|raw|FaZe Alec Baldwin's rating: 2205 &rarr; <strong>2229</strong><br />(+24 for winning)\n|l|\u2606Soul Dew Latias\n|player|p1|\n", "inputlog": ">version 0ec0e55f1850a834666cebe688662fdc67f44d3b\n>start {\"formatid\":\"gen9randombattle\",\"seed\":[59730,50311,35857,52532],\"rated\":\"Rated battle\"}\n>player p1 {\"name\":\"Soul Dew Latias\",\"avatar\":\"#teamskymin\",\"rating\":2269,\"seed\":[24703,3744,52782,15177]}\n>player p2 {\"name\":\"FaZe Alec Baldwin\",\"avatar\":\"drayden\",\"rating\":2230,\"seed\":[16280,12415,57270,51627]}\n>p1 move nastyplot\n>p2 switch 3\n>p1 switch 3\n>p2 move freezedry\n>p1 move curse\n>p2 switch 3\n>p1 move bodyslam\n>p2 move leechseed\n>p1 switch 2\n>p2 move substitute\n>p1 move headbutt\n>p2 move protect\n>p1 move headbutt\n>p2 move leechseed\n>p1 move headbutt\n>p2 move protect\n>p1 move glare\n>p2 switch 4\n>p1 move earthquake\n>p2 move voltswitch\n>p2 switch 5\n>p1 switch 6\n>p2 move shellsmash\n>p1 move heavyslam\n>p2 switch 5\n>p1 switch 2\n>p2 move thunderbolt\n>p1 move highhorsepower\n>p2 switch 3\n>p1 move bodyslam\n>p2 move spikes\n>p1 move bodyslam\n>p2 switch 5\n>p1 move curse\n>p2 move shellsmash\n>p1 move bodyslam\n>p2 move powergem\n>p1 move bodyslam\n>p2 move powergem\n>p2 switch 3\n>p1 move bodyslam\n>p2 move scald\n>p1 switch 3\n>p1 move rapidspin\n>p2 switch 6\n>p1 switch 4\n>p2 move thunderwave\n>p1 move stickyweb\n>p2 switch 6\n>p1 move circlethrow\n>p2 move thunderbolt\n>p1 move circlethrow\n>p2 move knockoff\n>p1 switch 6\n>p1 move glare\n>p2 move ivycudgel\n>p1 switch 2\n>p1 move shedtail terastallize\n>p2 switch 2\n>p1 switch 5\n>p1 move shellsmash\n>p2 move thunderbolt\n>p1 move hydropump\n>p2 switch 5\n>p2 switch 6\n>p1 move shellsmash\n>p2 move thunderwave\n>p1 move shellsmash\n>p2 move thunderwave\n>p1 move hydropump\n>p2 move seismictoss\n>p1 move hydropump\n>p2 move softboiled\n>p1 move icebeam\n>p2 move softboiled\n>p1 move icebeam\n>p2 move seismictoss\n>p1 move icebeam\n>p2 move softboiled\n>p1 move icebeam\n>p2 move softboiled\n>p1 move icebeam\n>p2 move softboiled\n>p1 move hydropump\n>p2 move softboiled\n>p1 move icebeam\n>p2 move seismictoss\n>p1 move hydropump\n>p2 move seismictoss\n>p1 switch 5\n>p1 move heavyslam\n>p2 switch 5\n>p1 move shedtail\n>p2 move thunderbolt\n>p1 switch 4\n>p1 move nastyplot\n>p2 move thunderbolt\n>p1 move surf\n>p2 move thunderbolt\n>p2 switch 2\n>p1 move dracometeor\n>p2 switch 4\n>p2 switch 4\n>p1 move dracometeor\n>p2 move ivycudgel terastallize\n>forcelose p1", "uploadtime": 1723501688, "views": 153, "formatid": "gen9randombattle", "rating": 2229, "private": 0, "password": null}