{"id": "gen9randombattle-2260859810", "format": "[Gen 9] Random Battle", "players": ["Gntgfrfrgrfd", "Artezy2pac"], "log": "|j|\u2606Gntgfrfrgrfd\n|j|\u2606Artezy2pac\n|t:|1733905862\n|gametype|singles\n|player|p1|Gntgfrfrgrfd|2|1142\n|player|p2|Artezy2pac|iris-gen5bw2|1168\n|teamsize|p1|6\n|teamsize|p2|6\n|gen|9\n|tier|[Gen 9] Random Battle\n|rated|\n|rule|Species Clause: Limit one of each Pok\u00e9mon\n|rule|HP Percentage Mod: HP is shown in percentages\n|rule|Sleep Clause Mod: Limit one foe put to sleep\n|rule|Illusion Level Mod: Illusion disguises the Pok\u00e9mon's true level\n|\n|t:|1733905862\n|start\n|switch|p1a: Blaziken|Blaziken, L76, F|247/247\n|switch|p2a: Cresselia|Cresselia, L80, F|323/323\n|turn|1\n|inactive|Battle timer is ON: inactive players will automatically lose when time's up. (requested by Artezy2pac)\n|\n|t:|1733905871\n|move|p2a: Cresselia|Moonblast|p1a: Blaziken\n|-damage|p1a: Blaziken|181/247\n|move|p1a: Blaziken|Swords Dance|p1a: Blaziken\n|-boost|p1a: Blaziken|atk|2\n|\n|-ability|p1a: Blaziken|Speed Boost|boost\n|-boost|p1a: Blaziken|spe|1\n|upkeep\n|turn|2\n|\n|t:|1733905875\n|move|p1a: Blaziken|Knock Off|p2a: Cresselia\n|-supereffective|p2a: Cresselia\n|-damage|p2a: Cresselia|37/323\n|-enditem|p2a: Cresselia|Leftovers|[from] move: Knock Off|[of] p1a: Blaziken\n|-damage|p1a: Blaziken|157/247|[from] item: Life Orb\n|move|p2a: Cresselia|Psyshock|p1a: Blaziken\n|-supereffective|p1a: Blaziken\n|-damage|p1a: Blaziken|0 fnt\n|faint|p1a: Blaziken\n|\n|upkeep\n|\n|t:|1733905880\n|switch|p1a: Cinccino|Cinccino, L83, F|260/260\n|turn|3\n|\n|t:|1733905884\n|move|p1a: Cinccino|U-turn|p2a: Cresselia\n|-supereffective|p2a: Cresselia\n|-damage|p2a: Cresselia|0 fnt\n|faint|p2a: Cresselia\n|\n|t:|1733905889\n|switch|p1a: Emboar|Emboar, L84, M|322/322|[from] U-turn\n|\n|upkeep\n|\n|t:|1733905901\n|switch|p2a: Hatterene|Hatterene, L85, F|236/236\n|turn|4\n|\n|t:|1733905905\n|move|p1a: Emboar|Knock Off|p2a: Hatterene\n|-damage|p2a: Hatterene|165/236\n|-enditem|p2a: Hatterene|Assault Vest|[from] move: Knock Off|[of] p1a: Emboar\n|move|p2a: Hatterene|Nuzzle|p1a: Emboar\n|-damage|p1a: Emboar|304/322\n|-status|p1a: Emboar|par\n|\n|upkeep\n|turn|5\n|\n|t:|1733905913\n|move|p2a: Hatterene|Psychic|p1a: Emboar\n|-supereffective|p1a: Emboar\n|-damage|p1a: Emboar|98/322 par\n|move|p1a: Emboar|Flare Blitz|p2a: Hatterene\n|-damage|p2a: Hatterene|0 fnt\n|faint|p2a: Hatterene\n|-damage|p1a: Emboar|44/322 par|[from] Recoil\n|\n|upkeep\n|\n|t:|1733905919\n|switch|p2a: Groudon|Groudon, L72|263/263\n|-weather|SunnyDay|[from] ability: Drought|[of] p2a: Groudon\n|turn|6\n|\n|t:|1733905927\n|move|p2a: Groudon|Heat Crash|p1a: Emboar\n|-resisted|p1a: Emboar\n|-damage|p1a: Emboar|0 fnt\n|faint|p1a: Emboar\n|\n|-weather|SunnyDay|[upkeep]\n|upkeep\n|\n|t:|1733905930\n|switch|p1a: Cinccino|Cinccino, L83, F|260/260\n|turn|7\n|\n|t:|1733905934\n|move|p1a: Cinccino|Bullet Seed|p2a: Groudon\n|-supereffective|p2a: Groudon\n|-damage|p2a: Groudon|219/263\n|-supereffective|p2a: Groudon\n|-damage|p2a: Groudon|179/263\n|-supereffective|p2a: Groudon\n|-damage|p2a: Groudon|137/263\n|-supereffective|p2a: Groudon\n|-damage|p2a: Groudon|95/263\n|-supereffective|p2a: Groudon\n|-damage|p2a: Groudon|55/263\n|-hitcount|p2a: Groudon|5\n|move|p2a: Groudon|Heat Crash|p1a: Cinccino\n|-damage|p1a: Cinccino|84/260\n|\n|-weather|SunnyDay|[upkeep]\n|-heal|p2a: Groudon|71/263|[from] item: Leftovers\n|upkeep\n|turn|8\n|\n|t:|1733905942\n|switch|p2a: Trevenant|Trevenant, L88, M|293/293\n|move|p1a: Cinccino|Bullet Seed|p2a: Trevenant\n|-resisted|p2a: Trevenant\n|-damage|p2a: Trevenant|279/293\n|-resisted|p2a: Trevenant\n|-crit|p2a: Trevenant\n|-damage|p2a: Trevenant|257/293\n|-resisted|p2a: Trevenant\n|-damage|p2a: Trevenant|245/293\n|-resisted|p2a: Trevenant\n|-damage|p2a: Trevenant|232/293\n|-hitcount|p2a: Trevenant|4\n|\n|-weather|SunnyDay|[upkeep]\n|upkeep\n|turn|9\n|\n|t:|1733905948\n|move|p1a: Cinccino|Triple Axel|p2a: Trevenant\n|-supereffective|p2a: Trevenant\n|-damage|p2a: Trevenant|184/293\n|-supereffective|p2a: Trevenant\n|-damage|p2a: Trevenant|98/293\n|-enditem|p2a: Trevenant|Sitrus Berry|[eat]\n|-heal|p2a: Trevenant|171/293|[from] item: Sitrus Berry\n|-supereffective|p2a: Trevenant\n|-damage|p2a: Trevenant|37/293\n|-hitcount|p2a: Trevenant|3\n|move|p2a: Trevenant|Drain Punch|p1a: Cinccino\n|-supereffective|p1a: Cinccino\n|-damage|p1a: Cinccino|0 fnt\n|-heal|p2a: Trevenant|79/293|[from] drain|[of] p1a: Cinccino\n|faint|p1a: Cinccino\n|\n|-weather|SunnyDay|[upkeep]\n|-item|p2a: Trevenant|Sitrus Berry|[from] ability: Harvest\n|upkeep\n|-enditem|p2a: Trevenant|Sitrus Berry|[eat]\n|-heal|p2a: Trevenant|152/293|[from] item: Sitrus Berry\n|\n|t:|1733905955\n|switch|p1a: Palkia|Palkia-Origin, L72|249/249\n|-ability|p1a: Palkia|Pressure\n|turn|10\n|\n|t:|1733905960\n|move|p1a: Palkia|Fire Blast|p2a: Trevenant|[miss]\n|-miss|p1a: Palkia|p2a: Trevenant\n|move|p2a: Trevenant|Toxic|p1a: Palkia\n|-status|p1a: Palkia|tox\n|\n|-weather|none\n|-damage|p1a: Palkia|234/249 tox|[from] psn\n|upkeep\n|turn|11\n|\n|t:|1733905968\n|switch|p1a: Giratina|Giratina-Origin, L72|335/335\n|move|p2a: Trevenant|Protect||[still]\n|-fail|p2a: Trevenant\n|\n|upkeep\n|turn|12\n|\n|t:|1733905973\n|move|p1a: Giratina|Draco Meteor|p2a: Trevenant\n|-damage|p2a: Trevenant|19/293\n|-unboost|p1a: Giratina|spa|2\n|move|p2a: Trevenant|Toxic|p1a: Giratina\n|-status|p1a: Giratina|tox\n|\n|-damage|p1a: Giratina|315/335 tox|[from] psn\n|upkeep\n|turn|13\n|\n|t:|1733905979\n|move|p1a: Giratina|Draco Meteor|p2a: Trevenant\n|-damage|p2a: Trevenant|0 fnt\n|-unboost|p1a: Giratina|spa|2\n|faint|p2a: Trevenant\n|\n|-damage|p1a: Giratina|275/335 tox|[from] psn\n|upkeep\n|\n|t:|1733905989\n|switch|p2a: Magnezone|Magnezone, L85|258/258\n|turn|14\n|\n|t:|1733905992\n|move|p2a: Magnezone|Volt Switch|p1a: Giratina\n|-resisted|p1a: Giratina\n|-damage|p1a: Giratina|220/335 tox\n|\n|t:|1733905995\n|switch|p2a: Amoonguss|Amoonguss, L82, F|321/321|[from] Volt Switch\n|move|p1a: Giratina|Poltergeist|p2a: Amoonguss\n|-activate|p2a: Amoonguss|move: Poltergeist|Leftovers\n|-damage|p2a: Amoonguss|171/321\n|\n|-heal|p2a: Amoonguss|191/321|[from] item: Leftovers\n|-damage|p1a: Giratina|160/335 tox|[from] psn\n|upkeep\n|turn|15\n|\n|t:|1733906000\n|move|p1a: Giratina|Poltergeist|p2a: Amoonguss\n|-activate|p2a: Amoonguss|move: Poltergeist|Leftovers\n|-crit|p2a: Amoonguss\n|-damage|p2a: Amoonguss|0 fnt\n|faint|p2a: Amoonguss\n|\n|-damage|p1a: Giratina|80/335 tox|[from] psn\n|upkeep\n|\n|t:|1733906006\n|switch|p2a: Magnezone|Magnezone, L85|258/258\n|turn|16\n|\n|t:|1733906012\n|move|p2a: Magnezone|Flash Cannon|p1a: Giratina\n|-damage|p1a: Giratina|0 fnt\n|faint|p1a: Giratina\n|\n|upkeep\n|\n|t:|1733906015\n|switch|p1a: Wyrdeer|Wyrdeer, L87, F|321/321\n|-ability|p1a: Wyrdeer|Intimidate|boost\n|-unboost|p2a: Magnezone|atk|1\n|turn|17\n|\n|t:|1733906017\n|move|p2a: Magnezone|Flash Cannon|p1a: Wyrdeer\n|-damage|p1a: Wyrdeer|189/321\n|move|p1a: Wyrdeer|Earthquake|p2a: Magnezone\n|-supereffective|p2a: Magnezone\n|-damage|p2a: Magnezone|0 fnt\n|faint|p2a: Magnezone\n|\n|-heal|p1a: Wyrdeer|209/321|[from] item: Leftovers\n|upkeep\n|\n|t:|1733906019\n|switch|p2a: Groudon|Groudon, L72|71/263\n|-weather|SunnyDay|[from] ability: Drought|[of] p2a: Groudon\n|turn|18\n|\n|t:|1733906022\n|move|p2a: Groudon|Heat Crash|p1a: Wyrdeer\n|-damage|p1a: Wyrdeer|52/321\n|move|p1a: Wyrdeer|Body Slam|p2a: Groudon\n|-damage|p2a: Groudon|0 fnt\n|faint|p2a: Groudon\n|\n|win|Gntgfrfrgrfd\n|raw|Gntgfrfrgrfd's rating: 1142 &rarr; <strong>1169</strong><br />(+27 for winning)\n|raw|Artezy2pac's rating: 1168 &rarr; <strong>1141</strong><br />(-27 for losing)\n|l|\u2606Artezy2pac\n|player|p2|\n", "inputlog": ">version bfd83cad13791eb5a5a409923076391caf6fb4d4\n>start {\"formatid\":\"gen9randombattle\",\"seed\":[61005,47031,31029,5395],\"rated\":\"Rated battle\"}\n>player p1 {\"name\":\"Gntgfrfrgrfd\",\"avatar\":\"2\",\"rating\":1142,\"seed\":[20518,12974,25313,46187]}\n>player p2 {\"name\":\"Artezy2pac\",\"avatar\":\"iris-gen5bw2\",\"rating\":1168,\"seed\":[42990,26626,31312,4569]}\n>p1 move swordsdance\n>p2 move moonblast\n>p1 move knockoff\n>p2 move psyshock\n>p1 switch 5\n>p1 move uturn\n>p2 move moonblast\n>p1 switch 4\n>p2 switch 2\n>p1 move knockoff\n>p2 move nuzzle\n>p1 move flareblitz\n>p2 move psychic\n>p2 switch 6\n>p1 move flareblitz\n>p2 move heatcrash\n>p1 switch 4\n>p1 move bulletseed\n>p2 move heatcrash\n>p1 move bulletseed\n>p2 switch 4\n>p1 move tripleaxel\n>p2 move drainpunch\n>p1 switch 3\n>p1 move fireblast\n>p2 move toxic\n>p1 switch 2\n>p2 move protect\n>p1 move dracometeor\n>p2 move toxic\n>p1 move dracometeor\n>p2 move poltergeist\n>p2 switch 5\n>p1 move poltergeist\n>p2 move voltswitch\n>p2 switch 3\n>p1 move poltergeist\n>p2 move sludgebomb\n>p2 switch 3\n>p1 move poltergeist\n>p2 move flashcannon\n>p1 switch 6\n>p1 move earthquake\n>p2 move flashcannon\n>p2 switch 4\n>p1 move bodyslam\n>p2 move heatcrash", "uploadtime": 1733906024, "views": 1, "formatid": "gen9randombattle", "rating": 1141, "private": 0, "password": null}