{"id": "gen9randombattle-2260491262", "format": "[Gen 9] Random Battle", "players": ["ratbrg83", "Technorad"], "log": "|j|\u2606ratbrg83\n|j|\u2606Technorad\n|t:|1733856718\n|gametype|singles\n|player|p1|ratbrg83|lucas|1103\n|player|p2|Technorad|riley|1147\n|teamsize|p1|6\n|teamsize|p2|6\n|gen|9\n|tier|[Gen 9] Random Battle\n|rated|\n|rule|Species Clause: Limit one of each Pok\u00e9mon\n|rule|HP Percentage Mod: HP is shown in percentages\n|rule|Sleep Clause Mod: Limit one foe put to sleep\n|rule|Illusion Level Mod: Illusion disguises the Pok\u00e9mon's true level\n|\n|t:|1733856718\n|start\n|switch|p1a: Regidrago|Regidrago, L77|435/435\n|switch|p2a: Chi-Yu|Chi-Yu, L77|211/211\n|-ability|p2a: Chi-Yu|Beads of Ruin\n|turn|1\n|inactive|Battle timer is ON: inactive players will automatically lose when time's up. (requested by ratbrg83)\n|inactive|ratbrg83 has 120 seconds left.\n|\n|t:|1733856749\n|move|p2a: Chi-Yu|Will-O-Wisp|p1a: Regidrago\n|-status|p1a: Regidrago|brn\n|-enditem|p1a: Regidrago|Lum Berry|[eat]\n|-curestatus|p1a: Regidrago|brn|[msg]\n|move|p1a: Regidrago|Dragon Dance|p1a: Regidrago\n|-boost|p1a: Regidrago|atk|1\n|-boost|p1a: Regidrago|spe|1\n|\n|upkeep\n|turn|2\n|\n|t:|1733856757\n|move|p1a: Regidrago|Earthquake|p2a: Chi-Yu\n|-supereffective|p2a: Chi-Yu\n|-crit|p2a: Chi-Yu\n|-damage|p2a: Chi-Yu|0 fnt\n|faint|p2a: Chi-Yu\n|\n|upkeep\n|\n|t:|1733856770\n|switch|p2a: Amoonguss|Amoonguss, L82, M|321/321\n|turn|3\n|\n|t:|1733856780\n|-terastallize|p1a: Regidrago|Dragon\n|move|p1a: Regidrago|Outrage|p2a: Amoonguss\n|-damage|p2a: Amoonguss|0 fnt\n|faint|p2a: Amoonguss\n|\n|upkeep\n|\n|t:|1733856788\n|switch|p2a: Araquanid|Araquanid, L82, M|246/246\n|turn|4\n|\n|t:|1733856792\n|move|p1a: Regidrago|Outrage|p2a: Araquanid|[from]lockedmove\n|-damage|p2a: Araquanid|0 fnt\n|faint|p2a: Araquanid\n|-start|p1a: Regidrago|confusion|[fatigue]\n|\n|upkeep\n|\n|t:|1733856798\n|switch|p2a: Rhydon|Rhydon, L85, F|317/317\n|turn|5\n|\n|t:|1733856803\n|-activate|p1a: Regidrago|confusion\n|-damage|p1a: Regidrago|379/435|[from] confusion\n|move|p2a: Rhydon|Earthquake|p1a: Regidrago\n|-damage|p1a: Regidrago|169/435\n|\n|upkeep\n|turn|6\n|\n|t:|1733856808\n|-activate|p1a: Regidrago|confusion\n|-damage|p1a: Regidrago|108/435|[from] confusion\n|move|p2a: Rhydon|Earthquake|p1a: Regidrago\n|-damage|p1a: Regidrago|0 fnt\n|faint|p1a: Regidrago\n|\n|upkeep\n|\n|t:|1733856812\n|switch|p1a: Serperior|Serperior, L79, F|248/248\n|turn|7\n|\n|t:|1733856818\n|move|p1a: Serperior|Substitute|p1a: Serperior\n|-start|p1a: Serperior|Substitute\n|-damage|p1a: Serperior|186/248\n|move|p2a: Rhydon|Megahorn|p1a: Serperior\n|-supereffective|p1a: Serperior\n|-end|p1a: Serperior|Substitute\n|\n|-heal|p1a: Serperior|201/248|[from] item: Leftovers\n|upkeep\n|turn|8\n|\n|t:|1733856825\n|move|p1a: Serperior|Leaf Storm|p2a: Rhydon\n|-supereffective|p2a: Rhydon\n|-damage|p2a: Rhydon|0 fnt\n|-boost|p1a: Serperior|spa|2\n|faint|p2a: Rhydon\n|\n|-heal|p1a: Serperior|216/248|[from] item: Leftovers\n|upkeep\n|\n|t:|1733856833\n|switch|p2a: Pachirisu|Pachirisu, L96, F|271/271\n|turn|9\n|\n|t:|1733856838\n|move|p2a: Pachirisu|Super Fang|p1a: Serperior\n|-damage|p1a: Serperior|108/248\n|move|p1a: Serperior|Leaf Storm|p2a: Pachirisu\n|-damage|p2a: Pachirisu|154/271\n|-boost|p1a: Serperior|spa|2\n|\n|-heal|p1a: Serperior|123/248|[from] item: Leftovers\n|upkeep\n|turn|10\n|\n|t:|1733856845\n|move|p2a: Pachirisu|Nuzzle|p1a: Serperior\n|-resisted|p1a: Serperior\n|-damage|p1a: Serperior|115/248\n|-status|p1a: Serperior|par\n|cant|p1a: Serperior|par\n|\n|-heal|p1a: Serperior|130/248 par|[from] item: Leftovers\n|upkeep\n|turn|11\n|\n|t:|1733856857\n|move|p2a: Pachirisu|U-turn|p1a: Serperior\n|-supereffective|p1a: Serperior\n|-damage|p1a: Serperior|52/248 par\n|\n|t:|1733856860\n|switch|p2a: Hypno|Hypno, L95, F|315/315|[from] U-turn\n|move|p1a: Serperior|Leaf Storm|p2a: Hypno\n|-damage|p2a: Hypno|95/315\n|-boost|p1a: Serperior|spa|2\n|\n|-heal|p2a: Hypno|114/315|[from] item: Leftovers\n|-heal|p1a: Serperior|67/248 par|[from] item: Leftovers\n|upkeep\n|turn|12\n|\n|t:|1733856872\n|move|p2a: Hypno|Protect|p2a: Hypno\n|-singleturn|p2a: Hypno|Protect\n|move|p1a: Serperior|Leaf Storm|p2a: Hypno\n|-activate|p2a: Hypno|move: Protect\n|\n|-heal|p2a: Hypno|133/315|[from] item: Leftovers\n|-heal|p1a: Serperior|82/248 par|[from] item: Leftovers\n|upkeep\n|turn|13\n|\n|t:|1733856882\n|move|p2a: Hypno|Psychic Noise|p1a: Serperior\n|-damage|p1a: Serperior|3/248 par\n|-start|p1a: Serperior|move: Heal Block\n|move|p1a: Serperior|Leaf Storm|p2a: Hypno\n|-damage|p2a: Hypno|0 fnt\n|faint|p2a: Hypno\n|\n|upkeep\n|\n|t:|1733856890\n|switch|p2a: Pachirisu|Pachirisu, L96, F|154/271\n|turn|14\n|\n|t:|1733856896\n|move|p2a: Pachirisu|Nuzzle|p1a: Serperior\n|-resisted|p1a: Serperior\n|-damage|p1a: Serperior|0 fnt\n|faint|p1a: Serperior\n|\n|upkeep\n|\n|t:|1733856911\n|switch|p1a: Dugtrio|Dugtrio, L84, M|196/196\n|turn|15\n|\n|t:|1733856920\n|-terastallize|p2a: Pachirisu|Flying\n|move|p1a: Dugtrio|Earthquake|p2a: Pachirisu\n|-immune|p2a: Pachirisu\n|move|p2a: Pachirisu|Super Fang|p1a: Dugtrio\n|-damage|p1a: Dugtrio|98/196\n|\n|upkeep\n|turn|16\n|\n|t:|1733856932\n|switch|p1a: Kleavor|Kleavor, L78, M|237/237\n|move|p2a: Pachirisu|Super Fang|p1a: Kleavor\n|-damage|p1a: Kleavor|119/237\n|\n|upkeep\n|turn|17\n|\n|t:|1733856939\n|move|p2a: Pachirisu|Nuzzle|p1a: Kleavor\n|-crit|p1a: Kleavor\n|-damage|p1a: Kleavor|92/237\n|-status|p1a: Kleavor|par\n|move|p1a: Kleavor|Stone Axe|p2a: Pachirisu\n|-supereffective|p2a: Pachirisu\n|-damage|p2a: Pachirisu|0 fnt\n|-sidestart|p2: Technorad|move: Stealth Rock\n|faint|p2a: Pachirisu\n|\n|win|ratbrg83\n|raw|ratbrg83's rating: 1103 &rarr; <strong>1131</strong><br />(+28 for winning)\n|raw|Technorad's rating: 1147 &rarr; <strong>1119</strong><br />(-28 for losing)\n", "inputlog": ">version bfd83cad13791eb5a5a409923076391caf6fb4d4\n>start {\"formatid\":\"gen9randombattle\",\"seed\":[59896,18423,60159,62638],\"rated\":\"Rated battle\"}\n>player p1 {\"name\":\"ratbrg83\",\"avatar\":\"lucas\",\"rating\":1103,\"seed\":[12309,60116,47358,17604]}\n>player p2 {\"name\":\"Technorad\",\"avatar\":\"riley\",\"rating\":1147,\"seed\":[47890,29866,2375,29038]}\n>p1 move dragondance\n>p2 move willowisp\n>p1 move earthquake\n>p2 move willowisp\n>p2 switch 2\n>p1 move outrage terastallize\n>p2 move spore\n>p2 switch 6\n>p1 move outrage\n>p2 move leechlife\n>p2 switch 5\n>p1 move dracometeor\n>p2 move earthquake\n>p1 move dracometeor\n>p2 move earthquake\n>p1 switch 3\n>p1 move substitute\n>p2 move megahorn\n>p1 move leafstorm\n>p2 move megahorn\n>p2 switch 3\n>p1 move leafstorm\n>p2 move superfang\n>p1 move leafstorm\n>p2 move nuzzle\n>p1 move leafstorm\n>p2 move uturn\n>p2 switch 4\n>p1 move leafstorm\n>p2 move protect\n>p1 move leafstorm\n>p2 move psychicnoise\n>p2 switch 4\n>p1 move leafstorm\n>p2 move nuzzle\n>p1 switch 4\n>p1 move earthquake\n>p2 move superfang terastallize\n>p1 switch 5\n>p2 move superfang\n>p1 move stoneaxe\n>p2 move nuzzle", "uploadtime": 1733856951, "views": 2, "formatid": "gen9randombattle", "rating": 1119, "private": 0, "password": null}