{"id": "gen9randombattle-2260315149", "format": "[Gen 9] Random Battle", "players": ["king edgy", "aad520"], "log": "|j|\u2606king edgy\n|j|\u2606aad520\n|t:|1733838911\n|gametype|singles\n|player|p1|king edgy|#wcor2024usnortheast|2014\n|player|p2|aad520|1|1981\n|teamsize|p1|6\n|teamsize|p2|6\n|gen|9\n|tier|[Gen 9] Random Battle\n|rated|\n|rule|Species Clause: Limit one of each Pok\u00e9mon\n|rule|HP Percentage Mod: HP is shown in percentages\n|rule|Sleep Clause Mod: Limit one foe put to sleep\n|rule|Illusion Level Mod: Illusion disguises the Pok\u00e9mon's true level\n|\n|t:|1733838911\n|start\n|switch|p1a: Iron Crown|Iron Crown, L78|268/268\n|switch|p2a: Moltres|Moltres, L81|278/278\n|turn|1\n|\n|t:|1733838934\n|-end|p1a: Iron Crown|Quark Drive|[silent]\n|switch|p1a: Cresselia|Cresselia, L80, F|323/323\n|move|p2a: Moltres|Fire Blast|p1a: Cresselia\n|-damage|p1a: Cresselia|220/323\n|\n|-heal|p1a: Cresselia|240/323|[from] item: Leftovers\n|upkeep\n|turn|2\n|\n|t:|1733838972\n|move|p2a: Moltres|U-turn|p1a: Cresselia\n|-supereffective|p1a: Cresselia\n|-damage|p1a: Cresselia|158/323\n|\n|t:|1733838981\n|switch|p2a: Greninja|Greninja, L80, M|246/246|[from] U-turn\n|move|p1a: Cresselia|Thunderbolt|p2a: Greninja\n|-supereffective|p2a: Greninja\n|-damage|p2a: Greninja|120/246\n|\n|-heal|p1a: Cresselia|178/323|[from] item: Leftovers\n|upkeep\n|turn|3\n|\n|t:|1733839021\n|switch|p1a: Fezandipiti|Fezandipiti, L82, M|278/278\n|move|p2a: Greninja|Gunk Shot|p1a: Fezandipiti\n|-damage|p1a: Fezandipiti|166/278\n|-damage|p2a: Greninja|96/246|[from] item: Life Orb\n|\n|upkeep\n|turn|4\n|\n|t:|1733839043\n|move|p2a: Greninja|Hydro Pump|p1a: Fezandipiti|[miss]\n|-miss|p2a: Greninja|p1a: Fezandipiti\n|move|p1a: Fezandipiti|Gunk Shot|p2a: Greninja\n|-damage|p2a: Greninja|0 fnt\n|faint|p2a: Greninja\n|\n|upkeep\n|\n|t:|1733839060\n|switch|p2a: Garganacl|Garganacl, L80, M|291/291\n|turn|5\n|\n|t:|1733839093\n|move|p1a: Fezandipiti|U-turn|p2a: Garganacl\n|-damage|p2a: Garganacl|255/291\n|\n|t:|1733839103\n|switch|p1a: Cresselia|Cresselia, L80, F|178/323|[from] U-turn\n|move|p2a: Garganacl|Salt Cure|p1a: Cresselia\n|-damage|p1a: Cresselia|145/323\n|-start|p1a: Cresselia|Salt Cure\n|\n|-heal|p1a: Cresselia|165/323|[from] item: Leftovers\n|-heal|p2a: Garganacl|273/291|[from] item: Leftovers\n|-damage|p1a: Cresselia|125/323|[from] Salt Cure\n|upkeep\n|turn|6\n|\n|t:|1733839112\n|move|p1a: Cresselia|Moonlight|p1a: Cresselia\n|-heal|p1a: Cresselia|286/323\n|move|p2a: Garganacl|Stealth Rock|p1a: Cresselia\n|-sidestart|p1: king edgy|move: Stealth Rock\n|\n|-heal|p1a: Cresselia|306/323|[from] item: Leftovers\n|-heal|p2a: Garganacl|291/291|[from] item: Leftovers\n|-damage|p1a: Cresselia|266/323|[from] Salt Cure\n|upkeep\n|turn|7\n|\n|t:|1733839133\n|switch|p2a: Moltres|Moltres, L81|278/278\n|move|p1a: Cresselia|Calm Mind|p1a: Cresselia\n|-boost|p1a: Cresselia|spa|1\n|-boost|p1a: Cresselia|spd|1\n|\n|-heal|p1a: Cresselia|286/323|[from] item: Leftovers\n|-damage|p1a: Cresselia|246/323|[from] Salt Cure\n|upkeep\n|turn|8\n|\n|t:|1733839146\n|move|p2a: Moltres|U-turn|p1a: Cresselia\n|-supereffective|p1a: Cresselia\n|-damage|p1a: Cresselia|168/323\n|\n|t:|1733839151\n|switch|p2a: Volbeat|Volbeat, L90, M|263/263|[from] U-turn\n|move|p1a: Cresselia|Moonlight|p1a: Cresselia\n|-heal|p1a: Cresselia|323/323\n|\n|-damage|p1a: Cresselia|283/323|[from] Salt Cure\n|upkeep\n|turn|9\n|\n|t:|1733839171\n|switch|p1a: Mamoswine|Mamoswine, L81, M|311/311\n|-damage|p1a: Mamoswine|273/311|[from] Stealth Rock\n|move|p2a: Volbeat|Encore||[still]\n|-fail|p2a: Volbeat\n|\n|upkeep\n|turn|10\n|\n|t:|1733839181\n|move|p2a: Volbeat|U-turn|p1a: Mamoswine\n|-damage|p1a: Mamoswine|198/311\n|\n|t:|1733839186\n|switch|p2a: Moltres|Moltres, L81|278/278|[from] U-turn\n|move|p1a: Mamoswine|Icicle Crash|p2a: Moltres\n|-damage|p2a: Moltres|103/278\n|\n|upkeep\n|turn|11\n|\n|t:|1733839208\n|move|p2a: Moltres|Fire Blast|p1a: Mamoswine|[miss]\n|-miss|p2a: Moltres|p1a: Mamoswine\n|move|p1a: Mamoswine|Icicle Crash|p2a: Moltres\n|-crit|p2a: Moltres\n|-damage|p2a: Moltres|0 fnt\n|faint|p2a: Moltres\n|\n|upkeep\n|\n|t:|1733839224\n|switch|p2a: Garganacl|Garganacl, L80, M|291/291\n|turn|12\n|\n|t:|1733839240\n|switch|p1a: Cresselia|Cresselia, L80, F|283/323\n|-damage|p1a: Cresselia|243/323|[from] Stealth Rock\n|move|p2a: Garganacl|Salt Cure|p1a: Cresselia\n|-damage|p1a: Cresselia|207/323\n|-start|p1a: Cresselia|Salt Cure\n|\n|-heal|p1a: Cresselia|227/323|[from] item: Leftovers\n|-damage|p1a: Cresselia|187/323|[from] Salt Cure\n|upkeep\n|turn|13\n|\n|t:|1733839247\n|switch|p2a: Volbeat|Volbeat, L90, M|263/263\n|move|p1a: Cresselia|Moonlight|p1a: Cresselia\n|-heal|p1a: Cresselia|323/323\n|\n|-damage|p1a: Cresselia|283/323|[from] Salt Cure\n|upkeep\n|turn|14\n|\n|t:|1733839278\n|switch|p1a: Zapdos|Zapdos, L78|268/268\n|move|p2a: Volbeat|U-turn|p1a: Zapdos\n|-resisted|p1a: Zapdos\n|-damage|p1a: Zapdos|232/268\n|-status|p2a: Volbeat|par|[from] ability: Static|[of] p1a: Zapdos\n|\n|t:|1733839289\n|switch|p2a: Garganacl|Garganacl, L80, M|291/291|[from] U-turn\n|\n|upkeep\n|turn|15\n|\n|t:|1733839322\n|move|p1a: Zapdos|Discharge|p2a: Garganacl\n|-damage|p2a: Garganacl|189/291\n|move|p2a: Garganacl|Salt Cure|p1a: Zapdos\n|-supereffective|p1a: Zapdos\n|-damage|p1a: Zapdos|142/268\n|-start|p1a: Zapdos|Salt Cure\n|\n|-heal|p2a: Garganacl|207/291|[from] item: Leftovers\n|-damage|p1a: Zapdos|109/268|[from] Salt Cure\n|upkeep\n|turn|16\n|\n|t:|1733839335\n|switch|p1a: Mamoswine|Mamoswine, L81, M|198/311\n|-damage|p1a: Mamoswine|160/311|[from] Stealth Rock\n|move|p2a: Garganacl|Salt Cure|p1a: Mamoswine\n|-damage|p1a: Mamoswine|111/311\n|-start|p1a: Mamoswine|Salt Cure\n|\n|-heal|p2a: Garganacl|225/291|[from] item: Leftovers\n|-damage|p1a: Mamoswine|73/311|[from] Salt Cure\n|upkeep\n|turn|17\n|\n|t:|1733839348\n|move|p1a: Mamoswine|Earthquake|p2a: Garganacl\n|-supereffective|p2a: Garganacl\n|-damage|p2a: Garganacl|0 fnt\n|faint|p2a: Garganacl\n|\n|-damage|p1a: Mamoswine|35/311|[from] Salt Cure\n|upkeep\n|\n|t:|1733839356\n|switch|p2a: Sunflora|Sunflora, M|312/312\n|turn|18\n|\n|t:|1733839393\n|move|p1a: Mamoswine|Earthquake|p2a: Sunflora\n|-resisted|p2a: Sunflora\n|-damage|p2a: Sunflora|211/312\n|move|p2a: Sunflora|Sunny Day|p2a: Sunflora\n|-weather|SunnyDay\n|\n|-weather|SunnyDay|[upkeep]\n|-damage|p1a: Mamoswine|0 fnt|[from] Salt Cure\n|faint|p1a: Mamoswine\n|upkeep\n|\n|t:|1733839401\n|switch|p1a: Fezandipiti|Fezandipiti, L82, M|166/278\n|-damage|p1a: Fezandipiti|132/278|[from] Stealth Rock\n|turn|19\n|\n|t:|1733839415\n|-terastallize|p2a: Sunflora|Fire\n|move|p2a: Sunflora|Weather Ball|p1a: Fezandipiti\n|-damage|p1a: Fezandipiti|0 fnt\n|faint|p1a: Fezandipiti\n|-damage|p2a: Sunflora|180/312|[from] item: Life Orb\n|\n|-weather|SunnyDay|[upkeep]\n|upkeep\n|\n|t:|1733839432\n|switch|p1a: Zapdos|Zapdos, L78|109/268\n|turn|20\n|\n|t:|1733839435\n|move|p2a: Sunflora|Weather Ball|p1a: Zapdos\n|-damage|p1a: Zapdos|0 fnt\n|faint|p1a: Zapdos\n|-damage|p2a: Sunflora|149/312|[from] item: Life Orb\n|\n|-weather|SunnyDay|[upkeep]\n|upkeep\n|\n|t:|1733839447\n|switch|p1a: Cresselia|Cresselia, L80, F|283/323\n|-damage|p1a: Cresselia|243/323|[from] Stealth Rock\n|turn|21\n|\n|t:|1733839451\n|move|p2a: Sunflora|Weather Ball|p1a: Cresselia\n|-damage|p1a: Cresselia|0 fnt\n|faint|p1a: Cresselia\n|-damage|p2a: Sunflora|118/312|[from] item: Life Orb\n|\n|-weather|SunnyDay|[upkeep]\n|upkeep\n|\n|t:|1733839476\n|switch|p1a: Toucannon|Toucannon, L88, F|284/284\n|turn|22\n|\n|t:|1733839480\n|-singleturn|p1a: Toucannon|move: Beak Blast\n|move|p2a: Sunflora|Weather Ball|p1a: Toucannon\n|-damage|p1a: Toucannon|0 fnt\n|faint|p1a: Toucannon\n|-damage|p2a: Sunflora|87/312|[from] item: Life Orb\n|\n|-weather|none\n|upkeep\n|\n|t:|1733839482\n|switch|p1a: Iron Crown|Iron Crown, L78|268/268\n|-damage|p1a: Iron Crown|252/268|[from] Stealth Rock\n|turn|23\n|\n|t:|1733839487\n|move|p1a: Iron Crown|Tachyon Cutter|p2a: Sunflora\n|-resisted|p2a: Sunflora\n|-damage|p2a: Sunflora|62/312\n|-resisted|p2a: Sunflora\n|-damage|p2a: Sunflora|39/312\n|-hitcount|p2a: Sunflora|2\n|move|p2a: Sunflora|Sunny Day|p2a: Sunflora\n|-weather|SunnyDay\n|\n|-weather|SunnyDay|[upkeep]\n|-heal|p1a: Iron Crown|268/268|[from] item: Leftovers\n|upkeep\n|turn|24\n|-message|king edgy forfeited.\n|\n|win|aad520\n|raw|king edgy's rating: 2020 &rarr; <strong>1998</strong><br />(-22 for losing)\n|raw|aad520's rating: 1981 &rarr; <strong>2003</strong><br />(+22 for winning)\n|l|\u2606king edgy\n|player|p1|\n", "inputlog": ">version bfd83cad13791eb5a5a409923076391caf6fb4d4\n>start {\"formatid\":\"gen9randombattle\",\"seed\":[18743,8117,47296,59028],\"rated\":\"Rated battle\"}\n>player p1 {\"name\":\"king edgy\",\"avatar\":\"#wcor2024usnortheast\",\"rating\":2014,\"seed\":[29087,62536,63179,19944]}\n>player p2 {\"name\":\"aad520\",\"avatar\":\"1\",\"rating\":1981,\"seed\":[48027,39815,60808,60883]}\n>p1 switch 6\n>p2 move fireblast\n>p1 move thunderbolt\n>p2 move uturn\n>p2 switch 4\n>p1 switch 2\n>p2 move gunkshot\n>p1 move gunkshot\n>p2 move hydropump\n>p2 switch 6\n>p1 move uturn\n>p2 move saltcure\n>p1 switch 2\n>p1 move moonlight\n>p2 move stealthrock\n>p1 move calmmind\n>p2 switch 4\n>p1 move moonlight\n>p2 move uturn\n>p2 switch 3\n>p1 switch 4\n>p2 move encore\n>p1 move iciclecrash\n>p2 move uturn\n>p2 switch 3\n>p1 move iciclecrash\n>p2 move fireblast\n>p2 switch 4\n>p1 switch 4\n>p2 move saltcure\n>p1 move moonlight\n>p2 switch 3\n>p1 switch 5\n>p2 move uturn\n>p2 switch 3\n>p1 move discharge\n>p2 move saltcure\n>p1 switch 4\n>p2 move saltcure\n>p1 move earthquake\n>p2 move recover\n>p2 switch 5\n>p1 move earthquake\n>p2 move sunnyday\n>p1 switch 2\n>p1 move beatup\n>p2 move weatherball terastallize\n>p1 switch 4\n>p1 move discharge\n>p2 move weatherball\n>p1 switch 5\n>p1 move psyshock\n>p2 move weatherball\n>p1 switch 3\n>p1 move beakblast\n>p2 move weatherball\n>p1 switch 6\n>p1 move tachyoncutter\n>p2 move sunnyday\n>forcelose p1", "uploadtime": 1733839498, "views": 7, "formatid": "gen9randombattle", "rating": 1998, "private": 0, "password": null}