{"id": "gen9randombattle-2260102532", "format": "[Gen 9] Random Battle", "players": ["SadBoy22", "sungshaun"], "log": "|j|\u2606SadBoy22\n|j|\u2606sungshaun\n|t:|1733802758\n|gametype|singles\n|player|p1|SadBoy22|101|1382\n|player|p2|sungshaun|1|1394\n|teamsize|p1|6\n|teamsize|p2|6\n|gen|9\n|tier|[Gen 9] Random Battle\n|rated|\n|rule|Species Clause: Limit one of each Pok\u00e9mon\n|rule|HP Percentage Mod: HP is shown in percentages\n|rule|Sleep Clause Mod: Limit one foe put to sleep\n|rule|Illusion Level Mod: Illusion disguises the Pok\u00e9mon's true level\n|\n|t:|1733802758\n|start\n|switch|p1a: Houndoom|Houndoom, L87, M|272/272\n|switch|p2a: Dragonite|Dragonite, L74, F|257/257\n|turn|1\n|inactive|Battle timer is ON: inactive players will automatically lose when time's up. (requested by SadBoy22)\n|\n|t:|1733802776\n|move|p1a: Houndoom|Dark Pulse|p2a: Dragonite\n|-damage|p2a: Dragonite|209/257\n|move|p2a: Dragonite|Dragon Dance|p2a: Dragonite\n|-boost|p2a: Dragonite|atk|1\n|-boost|p2a: Dragonite|spe|1\n|\n|upkeep\n|turn|2\n|\n|t:|1733802783\n|move|p2a: Dragonite|Earthquake|p1a: Houndoom\n|-supereffective|p1a: Houndoom\n|-damage|p1a: Houndoom|0 fnt\n|faint|p1a: Houndoom\n|\n|upkeep\n|\n|t:|1733802797\n|switch|p1a: Golurk|Golurk, L87|297/297\n|turn|3\n|\n|t:|1733802813\n|switch|p2a: Glimmora|Glimmora, L75, F|248/248\n|-item|p2a: Glimmora|Air Balloon\n|move|p1a: Golurk|Stone Edge|p2a: Glimmora\n|-crit|p2a: Glimmora\n|-damage|p2a: Glimmora|27/248\n|-activate|p2a: Glimmora|ability: Toxic Debris\n|-sidestart|p1: SadBoy22|move: Toxic Spikes\n|-enditem|p2a: Glimmora|Air Balloon\n|\n|upkeep\n|turn|4\n|\n|t:|1733802832\n|switch|p1a: Ariados|Ariados, L95, M|287/287\n|-sideend|p1: SadBoy22|move: Toxic Spikes|[of] p1a: Ariados\n|move|p2a: Glimmora|Spikes|p1a: Ariados\n|-sidestart|p1: SadBoy22|Spikes\n|\n|upkeep\n|turn|5\n|\n|t:|1733802851\n|switch|p2a: Dragonite|Dragonite, L74, F|209/257\n|move|p1a: Ariados|Sticky Web|p2a: Dragonite\n|-sidestart|p2: sungshaun|move: Sticky Web\n|\n|upkeep\n|turn|6\n|\n|t:|1733802863\n|move|p2a: Dragonite|Dragon Dance|p2a: Dragonite\n|-boost|p2a: Dragonite|atk|1\n|-boost|p2a: Dragonite|spe|1\n|move|p1a: Ariados|Poison Jab|p2a: Dragonite\n|-damage|p2a: Dragonite|98/257\n|\n|upkeep\n|turn|7\n|\n|t:|1733802878\n|switch|p1a: Hitmonlee|Hitmonlee, L85, M|224/224\n|-damage|p1a: Hitmonlee|196/224|[from] Spikes\n|-terastallize|p2a: Dragonite|Steel\n|move|p2a: Dragonite|Dragon Dance|p2a: Dragonite\n|-boost|p2a: Dragonite|atk|1\n|-boost|p2a: Dragonite|spe|1\n|\n|upkeep\n|turn|8\n|\n|t:|1733802887\n|move|p2a: Dragonite|Outrage|p1a: Hitmonlee\n|-damage|p1a: Hitmonlee|0 fnt\n|faint|p1a: Hitmonlee\n|\n|upkeep\n|\n|t:|1733802891\n|switch|p1a: Golurk|Golurk, L87|297/297\n|-damage|p1a: Golurk|260/297|[from] Spikes\n|turn|9\n|\n|t:|1733802895\n|move|p2a: Dragonite|Outrage|p1a: Golurk|[from]lockedmove\n|-damage|p1a: Golurk|14/297\n|-start|p2a: Dragonite|confusion|[fatigue]\n|move|p1a: Golurk|Stone Edge|p2a: Dragonite\n|-resisted|p2a: Dragonite\n|-damage|p2a: Dragonite|23/257\n|\n|upkeep\n|turn|10\n|\n|t:|1733802903\n|-activate|p2a: Dragonite|confusion\n|move|p2a: Dragonite|Iron Head|p1a: Golurk\n|-damage|p1a: Golurk|0 fnt\n|faint|p1a: Golurk\n|\n|upkeep\n|\n|t:|1733802908\n|switch|p1a: Bombirdier|Bombirdier, L85, F|258/258\n|turn|11\n|\n|t:|1733802912\n|-end|p2a: Dragonite|confusion\n|move|p2a: Dragonite|Outrage|p1a: Bombirdier\n|-damage|p1a: Bombirdier|12/258\n|move|p1a: Bombirdier|Knock Off|p2a: Dragonite\n|-damage|p2a: Dragonite|0 fnt\n|-enditem|p2a: Dragonite|Heavy-Duty Boots|[from] move: Knock Off|[of] p1a: Bombirdier\n|faint|p2a: Dragonite\n|\n|upkeep\n|inactive|sungshaun has 120 seconds left.\n|\n|t:|1733802945\n|switch|p2a: Glimmora|Glimmora, L75, F|27/248\n|-activate|p2a: Glimmora|move: Sticky Web\n|-unboost|p2a: Glimmora|spe|1\n|turn|12\n|\n|t:|1733802954\n|move|p1a: Bombirdier|Knock Off|p2a: Glimmora\n|-damage|p2a: Glimmora|0 fnt\n|-activate|p2a: Glimmora|ability: Toxic Debris\n|-sidestart|p1: SadBoy22|move: Toxic Spikes\n|faint|p2a: Glimmora\n|\n|upkeep\n|\n|t:|1733802961\n|switch|p2a: Milotic|Milotic, L83, M|293/293\n|-activate|p2a: Milotic|move: Sticky Web\n|-unboost|p2a: Milotic|spe|1\n|-ability|p2a: Milotic|Competitive|boost\n|-boost|p2a: Milotic|spa|2\n|turn|13\n|\n|t:|1733802969\n|move|p1a: Bombirdier|Roost|p1a: Bombirdier\n|-heal|p1a: Bombirdier|141/258\n|-singleturn|p1a: Bombirdier|move: Roost\n|move|p2a: Milotic|Scald|p1a: Bombirdier\n|-damage|p1a: Bombirdier|0 fnt\n|faint|p1a: Bombirdier\n|\n|upkeep\n|\n|t:|1733802976\n|switch|p1a: Ariados|Ariados, L95, M|287/287\n|-sideend|p1: SadBoy22|move: Toxic Spikes|[of] p1a: Ariados\n|turn|14\n|\n|t:|1733802982\n|switch|p2a: Duraludon|Duraludon, L82, F|249/249\n|-activate|p2a: Duraludon|move: Sticky Web\n|-unboost|p2a: Duraludon|spe|1\n|move|p1a: Ariados|Poison Jab|p2a: Duraludon\n|-immune|p2a: Duraludon\n|\n|upkeep\n|turn|15\n|\n|t:|1733802990\n|move|p1a: Ariados|Megahorn|p2a: Duraludon\n|-resisted|p2a: Duraludon\n|-damage|p2a: Duraludon|210/249\n|move|p2a: Duraludon|Iron Defense|p2a: Duraludon\n|-boost|p2a: Duraludon|def|2\n|\n|upkeep\n|turn|16\n|\n|t:|1733802997\n|move|p1a: Ariados|Sucker Punch|p2a: Duraludon\n|-damage|p2a: Duraludon|192/249\n|move|p2a: Duraludon|Flash Cannon|p1a: Ariados\n|-damage|p1a: Ariados|188/287\n|\n|upkeep\n|turn|17\n|c|\u2606sungshaun|gg\n|\n|t:|1733803008\n|move|p1a: Ariados|Megahorn|p2a: Duraludon\n|-resisted|p2a: Duraludon\n|-damage|p2a: Duraludon|171/249\n|move|p2a: Duraludon|Iron Defense|p2a: Duraludon\n|-boost|p2a: Duraludon|def|2\n|\n|upkeep\n|turn|18\n|c|\u2606SadBoy22|gg\n|\n|t:|1733803020\n|move|p1a: Ariados|Megahorn|p2a: Duraludon\n|-resisted|p2a: Duraludon\n|-damage|p2a: Duraludon|156/249\n|move|p2a: Duraludon|Body Press|p1a: Ariados\n|-resisted|p1a: Ariados\n|-damage|p1a: Ariados|140/287\n|\n|upkeep\n|turn|19\n|\n|t:|1733803027\n|move|p1a: Ariados|Megahorn|p2a: Duraludon\n|-resisted|p2a: Duraludon\n|-damage|p2a: Duraludon|143/249\n|move|p2a: Duraludon|Flash Cannon|p1a: Ariados\n|-damage|p1a: Ariados|37/287\n|\n|upkeep\n|turn|20\n|\n|t:|1733803032\n|move|p1a: Ariados|Megahorn|p2a: Duraludon\n|-resisted|p2a: Duraludon\n|-damage|p2a: Duraludon|130/249\n|move|p2a: Duraludon|Flash Cannon|p1a: Ariados\n|-damage|p1a: Ariados|0 fnt\n|faint|p1a: Ariados\n|\n|upkeep\n|\n|t:|1733803034\n|switch|p1a: Regigigas|Regigigas, L84|322/322\n|-damage|p1a: Regigigas|282/322|[from] Spikes\n|-start|p1a: Regigigas|ability: Slow Start\n|turn|21\n|\n|t:|1733803042\n|move|p1a: Regigigas|Protect|p1a: Regigigas\n|-singleturn|p1a: Regigigas|Protect\n|move|p2a: Duraludon|Body Press|p1a: Regigigas\n|-activate|p1a: Regigigas|move: Protect\n|\n|-heal|p1a: Regigigas|302/322|[from] item: Leftovers\n|upkeep\n|turn|22\n|\n|t:|1733803053\n|-terastallize|p1a: Regigigas|Ghost\n|move|p2a: Duraludon|Body Press|p1a: Regigigas\n|-immune|p1a: Regigigas\n|move|p1a: Regigigas|Substitute|p1a: Regigigas\n|-start|p1a: Regigigas|Substitute\n|-damage|p1a: Regigigas|222/322\n|\n|-heal|p1a: Regigigas|242/322|[from] item: Leftovers\n|upkeep\n|turn|23\n|\n|t:|1733803064\n|switch|p2a: Milotic|Milotic, L83, M|293/293\n|-activate|p2a: Milotic|move: Sticky Web\n|-unboost|p2a: Milotic|spe|1\n|-ability|p2a: Milotic|Competitive|boost\n|-boost|p2a: Milotic|spa|2\n|move|p1a: Regigigas|Protect||[still]\n|-fail|p1a: Regigigas\n|\n|-heal|p1a: Regigigas|262/322|[from] item: Leftovers\n|upkeep\n|turn|24\n|\n|t:|1733803076\n|move|p1a: Regigigas|Protect|p1a: Regigigas\n|-singleturn|p1a: Regigigas|Protect\n|move|p2a: Milotic|Scald|p1a: Regigigas\n|-activate|p1a: Regigigas|move: Protect\n|\n|-heal|p1a: Regigigas|282/322|[from] item: Leftovers\n|upkeep\n|turn|25\n|\n|t:|1733803083\n|move|p2a: Milotic|Scald|p1a: Regigigas\n|-end|p1a: Regigigas|Substitute\n|move|p1a: Regigigas|Body Slam|p2a: Milotic\n|-damage|p2a: Milotic|218/293\n|-status|p2a: Milotic|par\n|\n|-heal|p1a: Regigigas|302/322|[from] item: Leftovers\n|-heal|p2a: Milotic|236/293 par|[from] item: Leftovers\n|-end|p1a: Regigigas|Slow Start\n|upkeep\n|turn|26\n|\n|t:|1733803098\n|move|p1a: Regigigas|Substitute|p1a: Regigigas\n|-start|p1a: Regigigas|Substitute\n|-damage|p1a: Regigigas|222/322\n|cant|p2a: Milotic|par\n|\n|-heal|p1a: Regigigas|242/322|[from] item: Leftovers\n|-heal|p2a: Milotic|254/293 par|[from] item: Leftovers\n|upkeep\n|turn|27\n|\n|t:|1733803106\n|move|p1a: Regigigas|Body Slam|p2a: Milotic\n|-damage|p2a: Milotic|110/293 par\n|move|p2a: Milotic|Scald|p1a: Regigigas\n|-end|p1a: Regigigas|Substitute\n|\n|-heal|p1a: Regigigas|262/322|[from] item: Leftovers\n|-heal|p2a: Milotic|128/293 par|[from] item: Leftovers\n|upkeep\n|turn|28\n|\n|t:|1733803119\n|move|p1a: Regigigas|Protect|p1a: Regigigas\n|-singleturn|p1a: Regigigas|Protect\n|cant|p2a: Milotic|par\n|\n|-heal|p1a: Regigigas|282/322|[from] item: Leftovers\n|-heal|p2a: Milotic|146/293 par|[from] item: Leftovers\n|upkeep\n|turn|29\n|\n|t:|1733803125\n|move|p1a: Regigigas|Substitute|p1a: Regigigas\n|-start|p1a: Regigigas|Substitute\n|-damage|p1a: Regigigas|202/322\n|move|p2a: Milotic|Scald|p1a: Regigigas\n|-end|p1a: Regigigas|Substitute\n|\n|-heal|p1a: Regigigas|222/322|[from] item: Leftovers\n|-heal|p2a: Milotic|164/293 par|[from] item: Leftovers\n|upkeep\n|turn|30\n|\n|t:|1733803134\n|move|p1a: Regigigas|Substitute|p1a: Regigigas\n|-start|p1a: Regigigas|Substitute\n|-damage|p1a: Regigigas|142/322\n|cant|p2a: Milotic|par\n|\n|-heal|p1a: Regigigas|162/322|[from] item: Leftovers\n|-heal|p2a: Milotic|182/293 par|[from] item: Leftovers\n|upkeep\n|turn|31\n|\n|t:|1733803142\n|move|p1a: Regigigas|Body Slam|p2a: Milotic\n|-damage|p2a: Milotic|41/293 par\n|move|p2a: Milotic|Recover|p2a: Milotic\n|-heal|p2a: Milotic|188/293 par\n|\n|-heal|p1a: Regigigas|182/322|[from] item: Leftovers\n|-heal|p2a: Milotic|206/293 par|[from] item: Leftovers\n|upkeep\n|turn|32\n|\n|t:|1733803150\n|move|p1a: Regigigas|Body Slam|p2a: Milotic\n|-damage|p2a: Milotic|67/293 par\n|move|p2a: Milotic|Scald|p1a: Regigigas\n|-end|p1a: Regigigas|Substitute\n|\n|-heal|p1a: Regigigas|202/322|[from] item: Leftovers\n|-heal|p2a: Milotic|85/293 par|[from] item: Leftovers\n|upkeep\n|turn|33\n|\n|t:|1733803158\n|move|p1a: Regigigas|Body Slam|p2a: Milotic\n|-damage|p2a: Milotic|0 fnt\n|faint|p2a: Milotic\n|\n|-heal|p1a: Regigigas|222/322|[from] item: Leftovers\n|upkeep\n|\n|t:|1733803165\n|switch|p2a: Slowbro|Slowbro, L85, F|300/300\n|-activate|p2a: Slowbro|move: Sticky Web\n|-unboost|p2a: Slowbro|spe|1\n|turn|34\n|\n|t:|1733803176\n|move|p1a: Regigigas|Substitute|p1a: Regigigas\n|-start|p1a: Regigigas|Substitute\n|-damage|p1a: Regigigas|142/322\n|move|p2a: Slowbro|Thunder Wave||[still]\n|-fail|p2a: Slowbro\n|\n|-heal|p1a: Regigigas|162/322|[from] item: Leftovers\n|upkeep\n|turn|35\n|\n|t:|1733803183\n|move|p1a: Regigigas|Knock Off|p2a: Slowbro\n|-supereffective|p2a: Slowbro\n|-damage|p2a: Slowbro|142/300\n|-enditem|p2a: Slowbro|Leftovers|[from] move: Knock Off|[of] p1a: Regigigas\n|move|p2a: Slowbro|Scald|p1a: Regigigas\n|-activate|p1a: Regigigas|move: Substitute|[damage]\n|\n|-heal|p1a: Regigigas|182/322|[from] item: Leftovers\n|upkeep\n|turn|36\n|\n|t:|1733803192\n|move|p1a: Regigigas|Body Slam|p2a: Slowbro\n|-damage|p2a: Slowbro|36/300\n|move|p2a: Slowbro|Psychic Noise|p1a: Regigigas\n|-damage|p1a: Regigigas|107/322\n|-start|p1a: Regigigas|move: Heal Block\n|\n|upkeep\n|turn|37\n|\n|t:|1733803202\n|move|p1a: Regigigas|Body Slam|p2a: Slowbro\n|-damage|p2a: Slowbro|0 fnt\n|faint|p2a: Slowbro\n|\n|-end|p1a: Regigigas|move: Heal Block\n|upkeep\n|\n|t:|1733803209\n|switch|p2a: Duraludon|Duraludon, L82, F|130/249\n|-activate|p2a: Duraludon|move: Sticky Web\n|-unboost|p2a: Duraludon|spe|1\n|turn|38\n|\n|t:|1733803214\n|move|p1a: Regigigas|Body Slam|p2a: Duraludon\n|-resisted|p2a: Duraludon\n|-crit|p2a: Duraludon\n|-damage|p2a: Duraludon|76/249\n|-status|p2a: Duraludon|par\n|cant|p2a: Duraludon|par\n|\n|-heal|p1a: Regigigas|127/322|[from] item: Leftovers\n|upkeep\n|turn|39\n|\n|t:|1733803227\n|move|p1a: Regigigas|Knock Off|p2a: Duraludon\n|-damage|p2a: Duraludon|19/249 par\n|-enditem|p2a: Duraludon|Eviolite|[from] move: Knock Off|[of] p1a: Regigigas\n|move|p2a: Duraludon|Flash Cannon|p1a: Regigigas\n|-crit|p1a: Regigigas\n|-end|p1a: Regigigas|Substitute\n|\n|-heal|p1a: Regigigas|147/322|[from] item: Leftovers\n|upkeep\n|turn|40\n|\n|t:|1733803237\n|move|p1a: Regigigas|Protect|p1a: Regigigas\n|-singleturn|p1a: Regigigas|Protect\n|move|p2a: Duraludon|Draco Meteor|p1a: Regigigas\n|-activate|p1a: Regigigas|move: Protect\n|\n|-heal|p1a: Regigigas|167/322|[from] item: Leftovers\n|upkeep\n|turn|41\n|\n|t:|1733803244\n|move|p1a: Regigigas|Substitute|p1a: Regigigas\n|-start|p1a: Regigigas|Substitute\n|-damage|p1a: Regigigas|87/322\n|cant|p2a: Duraludon|par\n|\n|-heal|p1a: Regigigas|107/322|[from] item: Leftovers\n|upkeep\n|turn|42\n|\n|t:|1733803251\n|move|p1a: Regigigas|Protect|p1a: Regigigas\n|-singleturn|p1a: Regigigas|Protect\n|move|p2a: Duraludon|Flash Cannon|p1a: Regigigas\n|-activate|p1a: Regigigas|move: Protect\n|\n|-heal|p1a: Regigigas|127/322|[from] item: Leftovers\n|upkeep\n|turn|43\n|\n|t:|1733803258\n|move|p1a: Regigigas|Body Slam|p2a: Duraludon\n|-resisted|p2a: Duraludon\n|-damage|p2a: Duraludon|0 fnt\n|faint|p2a: Duraludon\n|\n|-heal|p1a: Regigigas|147/322|[from] item: Leftovers\n|upkeep\n|\n|t:|1733803264\n|switch|p2a: Calyrex|Calyrex-Ice, L72|263/263\n|-ability|p2a: Calyrex|As One\n|-ability|p2a: Calyrex|Unnerve\n|-activate|p2a: Calyrex|move: Sticky Web\n|-unboost|p2a: Calyrex|spe|1\n|turn|44\n|\n|t:|1733803277\n|move|p1a: Regigigas|Body Slam|p2a: Calyrex\n|-damage|p2a: Calyrex|166/263\n|-status|p2a: Calyrex|par\n|cant|p2a: Calyrex|par\n|\n|-heal|p1a: Regigigas|167/322|[from] item: Leftovers\n|upkeep\n|turn|45\n|-message|sungshaun forfeited.\n|\n|win|SadBoy22\n|raw|SadBoy22's rating: 1382 &rarr; <strong>1403</strong><br />(+21 for winning)\n|raw|sungshaun's rating: 1394 &rarr; <strong>1373</strong><br />(-21 for losing)\n|l|\u2606sungshaun\n|player|p2|\n|c|\u2606SadBoy22|GG XDX\n", "inputlog": ">version bfd83cad13791eb5a5a409923076391caf6fb4d4\n>start {\"formatid\":\"gen9randombattle\",\"seed\":[48178,62444,51460,6438],\"rated\":\"Rated battle\"}\n>player p1 {\"name\":\"SadBoy22\",\"avatar\":\"101\",\"rating\":1382,\"seed\":[6572,45351,3756,53771]}\n>player p2 {\"name\":\"sungshaun\",\"avatar\":\"1\",\"rating\":1394,\"seed\":[42314,39205,59531,21938]}\n>p1 move darkpulse\n>p2 move dragondance\n>p1 move darkpulse\n>p2 move earthquake\n>p1 switch 5\n>p1 move stoneedge\n>p2 switch 2\n>p1 switch 2\n>p2 move spikes\n>p1 move stickyweb\n>p2 switch 2\n>p1 move poisonjab\n>p2 move dragondance\n>p1 switch 6\n>p2 move dragondance terastallize\n>p1 move knockoff\n>p2 move outrage\n>p1 switch 2\n>p1 move stoneedge\n>p2 move outrage\n>p1 move stoneedge\n>p2 move ironhead\n>p1 switch 4\n>p1 move knockoff\n>p2 move outrage\n>p2 switch 2\n>p1 move knockoff\n>p2 move powergem\n>p2 switch 3\n>p1 move roost\n>p2 move scald\n>p1 switch 6\n>p1 move poisonjab\n>p2 switch 5\n>p1 move megahorn\n>p2 move irondefense\n>p1 move suckerpunch\n>p2 move flashcannon\n>chat \u2606sungshaun|gg\n>p1 move megahorn\n>p2 move irondefense\n>chat \u2606SadBoy22|gg\n>p1 move megahorn\n>p2 move bodypress\n>p1 move megahorn\n>p2 move flashcannon\n>p1 move megahorn\n>p2 move flashcannon\n>p1 switch 3\n>p1 move protect\n>p2 move bodypress\n>p1 move substitute terastallize\n>p2 move bodypress\n>p1 move protect\n>p2 switch 5\n>p1 move protect\n>p2 move scald\n>p1 move bodyslam\n>p2 move scald\n>p1 move substitute\n>p2 move scald\n>p1 move bodyslam\n>p2 move scald\n>p1 move protect\n>p2 move scald\n>p1 move substitute\n>p2 move scald\n>p1 move substitute\n>p2 move recover\n>p1 move bodyslam\n>p2 move recover\n>p1 move bodyslam\n>p2 move scald\n>p1 move bodyslam\n>p2 move recover\n>p2 switch 4\n>p1 move substitute\n>p2 move thunderwave\n>p1 move knockoff\n>p2 move scald\n>p1 move bodyslam\n>p2 move psychicnoise\n>p1 move bodyslam\n>p2 move slackoff\n>p2 switch 5\n>p1 move bodyslam\n>p2 move flashcannon\n>p1 move knockoff\n>p2 move flashcannon\n>p1 move protect\n>p2 move dracometeor\n>p1 move substitute\n>p2 move flashcannon\n>p1 move protect\n>p2 move flashcannon\n>p1 move bodyslam\n>p2 move flashcannon\n>p2 switch 6\n>p1 move bodyslam\n>p2 move agility\n>forcelose p2", "uploadtime": 1733803298, "views": 19, "formatid": "gen9randombattle", "rating": 1373, "private": 0, "password": null}