{"id": "gen9randombattle-2186917440", "format": "[Gen 9] Random Battle", "players": ["impeetee", "Diamonds_realm"], "log": "|badge|p2|silver|gen9randombattle|30-2\n|uhtml|medal-msg|<div class=\"broadcast-blue\">Curious what those medals under the avatar are? PS now has Ladder Seasons! For more information, check out the <a href=\"https://www.smogon.com/forums/threads/3740067/\">thread on Smogon.</a></div>\n|j|\u203dimpeetee\n|j|\u2606Diamonds_realm\n|t:|1724520169\n|gametype|singles\n|player|p1|impeetee|blaine|2205\n|player|p2|Diamonds_realm|hilbert|2419\n|teamsize|p1|6\n|teamsize|p2|6\n|gen|9\n|tier|[Gen 9] Random Battle\n|rated|\n|rule|Species Clause: Limit one of each Pok\u00e9mon\n|rule|HP Percentage Mod: HP is shown in percentages\n|rule|Sleep Clause Mod: Limit one foe put to sleep\n|rule|Illusion Level Mod: Illusion disguises the Pok\u00e9mon's true level\n|\n|t:|1724520169\n|start\n|switch|p1a: Dusknoir|Dusknoir, L89, M|225/225\n|switch|p2a: Virizion|Virizion, L82|283/283\n|-item|p2a: Virizion|Life Orb|[from] ability: Frisk|[of] p1a: Dusknoir\n|turn|1\n|inactive|Battle timer is ON: inactive players will automatically lose when time's up. (requested by Diamonds_realm)\n|\n|t:|1724520198\n|switch|p2a: Arboliva|Arboliva, L91, M|288/288\n|move|p1a: Dusknoir|Substitute|p1a: Dusknoir\n|-start|p1a: Dusknoir|Substitute\n|-damage|p1a: Dusknoir|169/225\n|\n|-heal|p1a: Dusknoir|183/225|[from] item: Leftovers\n|upkeep\n|turn|2\n|\n|t:|1724520218\n|switch|p2a: Dondozo|Dondozo, L78, M|362/362\n|-singleturn|p1a: Dusknoir|move: Focus Punch\n|move|p1a: Dusknoir|Focus Punch|p2a: Dondozo\n|-damage|p2a: Dondozo|252/362\n|\n|-heal|p1a: Dusknoir|197/225|[from] item: Leftovers\n|-heal|p2a: Dondozo|274/362|[from] item: Leftovers\n|upkeep\n|turn|3\n|\n|t:|1724520234\n|switch|p1a: Whimsicott|Whimsicott, L85, M|241/241\n|move|p2a: Dondozo|Curse|p2a: Dondozo\n|-unboost|p2a: Dondozo|spe|1\n|-boost|p2a: Dondozo|atk|1\n|-boost|p2a: Dondozo|def|1\n|\n|-heal|p2a: Dondozo|296/362|[from] item: Leftovers\n|upkeep\n|turn|4\n|\n|t:|1724520242\n|switch|p2a: Gholdengo|Gholdengo, L77|261/261\n|move|p1a: Whimsicott|Moonblast|p2a: Gholdengo\n|-resisted|p2a: Gholdengo\n|-damage|p2a: Gholdengo|210/261\n|\n|-heal|p2a: Gholdengo|226/261|[from] item: Leftovers\n|upkeep\n|turn|5\n|\n|t:|1724520254\n|switch|p1a: Alomomola|Alomomola, L87, F|429/429\n|move|p2a: Gholdengo|Shadow Ball|p1a: Alomomola\n|-damage|p1a: Alomomola|284/429\n|\n|-heal|p2a: Gholdengo|242/261|[from] item: Leftovers\n|upkeep\n|turn|6\n|\n|t:|1724520266\n|move|p2a: Gholdengo|Nasty Plot|p2a: Gholdengo\n|-boost|p2a: Gholdengo|spa|2\n|move|p1a: Alomomola|Flip Turn|p2a: Gholdengo\n|-damage|p2a: Gholdengo|188/261\n|\n|t:|1724520271\n|switch|p1a: Flutter Mane|Flutter Mane, L74|203/203|[from] Flip Turn\n|\n|-heal|p2a: Gholdengo|204/261|[from] item: Leftovers\n|upkeep\n|turn|7\n|\n|t:|1724520288\n|switch|p2a: Gastrodon|Gastrodon, L86, M|331/331\n|move|p1a: Flutter Mane|Shadow Ball|p2a: Gastrodon\n|-damage|p2a: Gastrodon|204/331\n|-unboost|p2a: Gastrodon|spd|1\n|\n|-heal|p2a: Gastrodon|224/331|[from] item: Leftovers\n|upkeep\n|turn|8\n|\n|t:|1724520298\n|-end|p1a: Flutter Mane|Protosynthesis|[silent]\n|switch|p1a: Emboar|Emboar, L84, M|322/322\n|switch|p2a: Arboliva|Arboliva, L91, M|288/288\n|\n|upkeep\n|turn|9\n|\n|t:|1724520308\n|move|p2a: Arboliva|Protect|p2a: Arboliva\n|-singleturn|p2a: Arboliva|Protect\n|move|p1a: Emboar|Knock Off|p2a: Arboliva\n|-activate|p2a: Arboliva|move: Protect\n|\n|upkeep\n|turn|10\n|\n|t:|1724520314\n|switch|p2a: Virizion|Virizion, L82|283/283\n|move|p1a: Emboar|Knock Off|p2a: Virizion\n|-resisted|p2a: Virizion\n|-damage|p2a: Virizion|205/283\n|-ability|p2a: Virizion|Justified|boost\n|-boost|p2a: Virizion|atk|1\n|-enditem|p2a: Virizion|Life Orb|[from] move: Knock Off|[of] p1a: Emboar\n|\n|upkeep\n|turn|11\n|\n|t:|1724520332\n|switch|p1a: Whimsicott|Whimsicott, L85, M|241/241\n|move|p2a: Virizion|Stone Edge|p1a: Whimsicott\n|-damage|p1a: Whimsicott|147/241\n|\n|-heal|p1a: Whimsicott|162/241|[from] item: Leftovers\n|upkeep\n|turn|12\n|\n|t:|1724520354\n|switch|p1a: Alomomola|Alomomola, L87, F|427/429\n|switch|p2a: Gholdengo|Gholdengo, L77|204/261\n|\n|-heal|p2a: Gholdengo|220/261|[from] item: Leftovers\n|upkeep\n|turn|13\n|\n|t:|1724520372\n|switch|p2a: Gastrodon|Gastrodon, L86, M|224/331\n|move|p1a: Alomomola|Scald|p2a: Gastrodon\n|-ability|p2a: Gastrodon|Storm Drain|boost\n|-boost|p2a: Gastrodon|spa|1\n|\n|-heal|p2a: Gastrodon|244/331|[from] item: Leftovers\n|upkeep\n|turn|14\n|\n|t:|1724520386\n|move|p1a: Alomomola|Wish|p1a: Alomomola\n|move|p2a: Gastrodon|Ice Beam|p1a: Alomomola\n|-resisted|p1a: Alomomola\n|-crit|p1a: Alomomola\n|-damage|p1a: Alomomola|322/429\n|\n|-heal|p2a: Gastrodon|264/331|[from] item: Leftovers\n|upkeep\n|turn|15\n|\n|t:|1724520397\n|switch|p1a: Dusknoir|Dusknoir, L89, M|197/225\n|-item|p2a: Gastrodon|Leftovers|[from] ability: Frisk|[of] p1a: Dusknoir\n|move|p2a: Gastrodon|Surf|p1a: Dusknoir\n|-damage|p1a: Dusknoir|106/225\n|\n|-heal|p1a: Dusknoir|225/225|[from] move: Wish|[wisher] Alomomola\n|-heal|p2a: Gastrodon|284/331|[from] item: Leftovers\n|upkeep\n|turn|16\n|\n|t:|1724520407\n|move|p1a: Dusknoir|Substitute|p1a: Dusknoir\n|-start|p1a: Dusknoir|Substitute\n|-damage|p1a: Dusknoir|169/225\n|move|p2a: Gastrodon|Surf|p1a: Dusknoir\n|-end|p1a: Dusknoir|Substitute\n|\n|-heal|p1a: Dusknoir|183/225|[from] item: Leftovers\n|-heal|p2a: Gastrodon|304/331|[from] item: Leftovers\n|upkeep\n|turn|17\n|\n|t:|1724520410\n|move|p1a: Dusknoir|Poltergeist|p2a: Gastrodon\n|-activate|p2a: Gastrodon|move: Poltergeist|Leftovers\n|-crit|p2a: Gastrodon\n|-damage|p2a: Gastrodon|69/331\n|move|p2a: Gastrodon|Surf|p1a: Dusknoir\n|-damage|p1a: Dusknoir|81/225\n|\n|-heal|p1a: Dusknoir|95/225|[from] item: Leftovers\n|-heal|p2a: Gastrodon|89/331|[from] item: Leftovers\n|upkeep\n|turn|18\n|\n|t:|1724520436\n|-singleturn|p1a: Dusknoir|move: Focus Punch\n|move|p2a: Gastrodon|Recover|p2a: Gastrodon\n|-heal|p2a: Gastrodon|255/331\n|move|p1a: Dusknoir|Focus Punch|p2a: Gastrodon\n|-damage|p2a: Gastrodon|100/331\n|\n|-heal|p1a: Dusknoir|109/225|[from] item: Leftovers\n|-heal|p2a: Gastrodon|120/331|[from] item: Leftovers\n|upkeep\n|turn|19\n|\n|t:|1724520465\n|switch|p2a: Dondozo|Dondozo, L78, M|296/362\n|move|p1a: Dusknoir|Poltergeist|p2a: Dondozo\n|-activate|p2a: Dondozo|move: Poltergeist|Leftovers\n|-damage|p2a: Dondozo|178/362\n|\n|-heal|p1a: Dusknoir|123/225|[from] item: Leftovers\n|-heal|p2a: Dondozo|200/362|[from] item: Leftovers\n|upkeep\n|turn|20\n|\n|t:|1724520477\n|switch|p1a: Alomomola|Alomomola, L87, F|429/429\n|move|p2a: Dondozo|Curse|p2a: Dondozo\n|-unboost|p2a: Dondozo|spe|1\n|-boost|p2a: Dondozo|atk|1\n|-boost|p2a: Dondozo|def|1\n|\n|-heal|p2a: Dondozo|222/362|[from] item: Leftovers\n|upkeep\n|turn|21\n|inactive|Diamonds_realm has 120 seconds left.\n|inactive|Diamonds_realm has 90 seconds left.\n|\n|t:|1724520529\n|move|p1a: Alomomola|Wish|p1a: Alomomola\n|move|p2a: Dondozo|Curse|p2a: Dondozo\n|-unboost|p2a: Dondozo|spe|1\n|-boost|p2a: Dondozo|atk|1\n|-boost|p2a: Dondozo|def|1\n|\n|-heal|p2a: Dondozo|244/362|[from] item: Leftovers\n|upkeep\n|turn|22\n|inactive|Diamonds_realm has 90 seconds left.\n|\n|t:|1724520544\n|switch|p1a: Whimsicott|Whimsicott, L85, M|162/241\n|move|p2a: Dondozo|Wave Crash|p1a: Whimsicott\n|-resisted|p1a: Whimsicott\n|-damage|p1a: Whimsicott|39/241\n|-damage|p2a: Dondozo|203/362|[from] Recoil\n|\n|-heal|p1a: Whimsicott|241/241|[from] move: Wish|[wisher] Alomomola\n|-heal|p2a: Dondozo|225/362|[from] item: Leftovers\n|upkeep\n|turn|23\n|inactive|Diamonds_realm has 90 seconds left.\n|\n|t:|1724520558\n|switch|p1a: Volcanion|Volcanion, L79|256/256\n|switch|p2a: Azelf|Azelf, L82|257/257\n|\n|upkeep\n|turn|24\n|inactive|Diamonds_realm has 90 seconds left.\n|\n|t:|1724520575\n|move|p2a: Azelf|Stealth Rock|p1a: Volcanion\n|-sidestart|p1: impeetee|move: Stealth Rock\n|move|p1a: Volcanion|Steam Eruption|p2a: Azelf\n|-damage|p2a: Azelf|106/257\n|-status|p2a: Azelf|brn\n|\n|-heal|p2a: Azelf|122/257 brn|[from] item: Leftovers\n|-damage|p2a: Azelf|106/257 brn|[from] brn\n|upkeep\n|turn|25\n|\n|t:|1724520585\n|move|p2a: Azelf|Knock Off|p1a: Volcanion\n|-damage|p1a: Volcanion|221/256\n|-enditem|p1a: Volcanion|Heavy-Duty Boots|[from] move: Knock Off|[of] p2a: Azelf\n|move|p1a: Volcanion|Flamethrower|p2a: Azelf\n|-damage|p2a: Azelf|0 fnt\n|faint|p2a: Azelf\n|\n|upkeep\n|inactive|Diamonds_realm has 90 seconds left.\n|\n|t:|1724520603\n|switch|p2a: Gastrodon|Gastrodon, L86, M|120/331\n|turn|26\n|\n|t:|1724520620\n|switch|p1a: Alomomola|Alomomola, L87, F|429/429\n|-damage|p1a: Alomomola|376/429|[from] Stealth Rock\n|move|p2a: Gastrodon|Recover|p2a: Gastrodon\n|-heal|p2a: Gastrodon|286/331\n|\n|-heal|p2a: Gastrodon|306/331|[from] item: Leftovers\n|upkeep\n|turn|27\n|inactive|Diamonds_realm has 90 seconds left.\n|\n|t:|1724520635\n|move|p1a: Alomomola|Wish|p1a: Alomomola\n|move|p2a: Gastrodon|Surf|p1a: Alomomola\n|-resisted|p1a: Alomomola\n|-damage|p1a: Alomomola|297/429\n|\n|-heal|p2a: Gastrodon|326/331|[from] item: Leftovers\n|upkeep\n|turn|28\n|\n|t:|1724520643\n|switch|p1a: Dusknoir|Dusknoir, L89, M|123/225\n|-damage|p1a: Dusknoir|95/225|[from] Stealth Rock\n|-item|p2a: Gastrodon|Leftovers|[from] ability: Frisk|[of] p1a: Dusknoir\n|move|p2a: Gastrodon|Surf|p1a: Dusknoir\n|-damage|p1a: Dusknoir|25/225\n|\n|-heal|p1a: Dusknoir|225/225|[from] move: Wish|[wisher] Alomomola\n|-heal|p2a: Gastrodon|331/331|[from] item: Leftovers\n|upkeep\n|turn|29\n|\n|t:|1724520656\n|move|p1a: Dusknoir|Substitute|p1a: Dusknoir\n|-start|p1a: Dusknoir|Substitute\n|-damage|p1a: Dusknoir|169/225\n|move|p2a: Gastrodon|Surf|p1a: Dusknoir\n|-end|p1a: Dusknoir|Substitute\n|\n|-heal|p1a: Dusknoir|183/225|[from] item: Leftovers\n|upkeep\n|turn|30\n|\n|t:|1724520664\n|move|p1a: Dusknoir|Substitute|p1a: Dusknoir\n|-start|p1a: Dusknoir|Substitute\n|-damage|p1a: Dusknoir|127/225\n|move|p2a: Gastrodon|Surf|p1a: Dusknoir\n|-end|p1a: Dusknoir|Substitute\n|\n|-heal|p1a: Dusknoir|141/225|[from] item: Leftovers\n|upkeep\n|turn|31\n|\n|t:|1724520676\n|move|p1a: Dusknoir|Substitute|p1a: Dusknoir\n|-start|p1a: Dusknoir|Substitute\n|-damage|p1a: Dusknoir|85/225\n|move|p2a: Gastrodon|Surf|p1a: Dusknoir\n|-end|p1a: Dusknoir|Substitute\n|\n|-heal|p1a: Dusknoir|99/225|[from] item: Leftovers\n|upkeep\n|turn|32\n|\n|t:|1724520685\n|move|p1a: Dusknoir|Substitute|p1a: Dusknoir\n|-start|p1a: Dusknoir|Substitute\n|-damage|p1a: Dusknoir|43/225\n|move|p2a: Gastrodon|Earthquake|p1a: Dusknoir\n|-end|p1a: Dusknoir|Substitute\n|\n|-heal|p1a: Dusknoir|57/225|[from] item: Leftovers\n|upkeep\n|turn|33\n|\n|t:|1724520693\n|move|p1a: Dusknoir|Pain Split|p2a: Gastrodon\n|-sethp|p2a: Gastrodon|194/331|[from] move: Pain Split|[silent]\n|-sethp|p1a: Dusknoir|194/225|[from] move: Pain Split\n|move|p2a: Gastrodon|Earthquake|p1a: Dusknoir\n|-damage|p1a: Dusknoir|125/225\n|\n|-heal|p1a: Dusknoir|139/225|[from] item: Leftovers\n|-heal|p2a: Gastrodon|214/331|[from] item: Leftovers\n|upkeep\n|turn|34\n|\n|t:|1724520698\n|move|p1a: Dusknoir|Poltergeist|p2a: Gastrodon\n|-activate|p2a: Gastrodon|move: Poltergeist|Leftovers\n|-damage|p2a: Gastrodon|54/331\n|move|p2a: Gastrodon|Recover|p2a: Gastrodon\n|-heal|p2a: Gastrodon|220/331\n|\n|-heal|p1a: Dusknoir|153/225|[from] item: Leftovers\n|-heal|p2a: Gastrodon|240/331|[from] item: Leftovers\n|upkeep\n|turn|35\n|\n|t:|1724520707\n|move|p1a: Dusknoir|Poltergeist|p2a: Gastrodon\n|-activate|p2a: Gastrodon|move: Poltergeist|Leftovers\n|-damage|p2a: Gastrodon|84/331\n|move|p2a: Gastrodon|Surf|p1a: Dusknoir\n|-crit|p1a: Dusknoir\n|-damage|p1a: Dusknoir|54/225\n|\n|-heal|p1a: Dusknoir|68/225|[from] item: Leftovers\n|-heal|p2a: Gastrodon|104/331|[from] item: Leftovers\n|upkeep\n|turn|36\n|inactive|Diamonds_realm has 120 seconds left.\n|\n|t:|1724520727\n|switch|p2a: Dondozo|Dondozo, L78, M|225/362\n|-singleturn|p1a: Dusknoir|move: Focus Punch\n|move|p1a: Dusknoir|Focus Punch|p2a: Dondozo\n|-damage|p2a: Dondozo|120/362\n|\n|-heal|p1a: Dusknoir|82/225|[from] item: Leftovers\n|-heal|p2a: Dondozo|142/362|[from] item: Leftovers\n|upkeep\n|turn|37\n|\n|t:|1724520736\n|switch|p1a: Alomomola|Alomomola, L87, F|429/429\n|-damage|p1a: Alomomola|376/429|[from] Stealth Rock\n|move|p2a: Dondozo|Rest|p2a: Dondozo\n|-status|p2a: Dondozo|slp|[from] move: Rest\n|-heal|p2a: Dondozo|362/362 slp|[silent]\n|\n|upkeep\n|turn|38\n|\n|t:|1724520744\n|switch|p2a: Gholdengo|Gholdengo, L77|220/261\n|move|p1a: Alomomola|Wish|p1a: Alomomola\n|\n|-heal|p2a: Gholdengo|236/261|[from] item: Leftovers\n|upkeep\n|turn|39\n|\n|t:|1724520749\n|switch|p2a: Gastrodon|Gastrodon, L86, M|104/331\n|switch|p1a: Volcanion|Volcanion, L79|221/256\n|-damage|p1a: Volcanion|157/256|[from] Stealth Rock\n|\n|-heal|p1a: Volcanion|256/256|[from] move: Wish|[wisher] Alomomola\n|-heal|p2a: Gastrodon|124/331|[from] item: Leftovers\n|upkeep\n|turn|40\n|\n|t:|1724520760\n|switch|p1a: Alomomola|Alomomola, L87, F|429/429\n|-damage|p1a: Alomomola|376/429|[from] Stealth Rock\n|move|p2a: Gastrodon|Recover|p2a: Gastrodon\n|-heal|p2a: Gastrodon|290/331\n|\n|-heal|p2a: Gastrodon|310/331|[from] item: Leftovers\n|upkeep\n|turn|41\n|\n|t:|1724520775\n|switch|p2a: Arboliva|Arboliva, L91, M|288/288\n|move|p1a: Alomomola|Wish|p1a: Alomomola\n|\n|upkeep\n|turn|42\n|\n|t:|1724520781\n|switch|p1a: Dusknoir|Dusknoir, L89, M|82/225\n|-damage|p1a: Dusknoir|54/225|[from] Stealth Rock\n|-item|p2a: Arboliva|Sitrus Berry|[from] ability: Frisk|[of] p1a: Dusknoir\n|move|p2a: Arboliva|Substitute|p2a: Arboliva\n|-start|p2a: Arboliva|Substitute\n|-damage|p2a: Arboliva|216/288\n|\n|-heal|p1a: Dusknoir|225/225|[from] move: Wish|[wisher] Alomomola\n|upkeep\n|turn|43\n|\n|t:|1724520796\n|move|p1a: Dusknoir|Substitute|p1a: Dusknoir\n|-start|p1a: Dusknoir|Substitute\n|-damage|p1a: Dusknoir|169/225\n|move|p2a: Arboliva|Leech Seed||[still]\n|-fail|p2a: Arboliva\n|\n|-heal|p1a: Dusknoir|183/225|[from] item: Leftovers\n|upkeep\n|turn|44\n|\n|t:|1724520803\n|-singleturn|p1a: Dusknoir|move: Focus Punch\n|move|p2a: Arboliva|Protect|p2a: Arboliva\n|-singleturn|p2a: Arboliva|Protect\n|move|p1a: Dusknoir|Focus Punch|p2a: Arboliva\n|-activate|p2a: Arboliva|move: Protect\n|\n|-heal|p1a: Dusknoir|197/225|[from] item: Leftovers\n|upkeep\n|turn|45\n|\n|t:|1724520826\n|-singleturn|p1a: Dusknoir|move: Focus Punch\n|move|p2a: Arboliva|Hyper Voice|p1a: Dusknoir\n|-immune|p1a: Dusknoir\n|move|p1a: Dusknoir|Focus Punch|p2a: Arboliva\n|-supereffective|p2a: Arboliva\n|-end|p2a: Arboliva|Substitute\n|\n|-heal|p1a: Dusknoir|211/225|[from] item: Leftovers\n|upkeep\n|turn|46\n|\n|t:|1724520836\n|switch|p2a: Dondozo|Dondozo, L78, M|362/362 slp\n|-singleturn|p1a: Dusknoir|move: Focus Punch\n|move|p1a: Dusknoir|Focus Punch|p2a: Dondozo\n|-damage|p2a: Dondozo|258/362 slp\n|\n|-heal|p1a: Dusknoir|225/225|[from] item: Leftovers\n|-heal|p2a: Dondozo|280/362 slp|[from] item: Leftovers\n|upkeep\n|turn|47\n|\n|t:|1724520855\n|switch|p1a: Alomomola|Alomomola, L87, F|429/429\n|-damage|p1a: Alomomola|376/429|[from] Stealth Rock\n|cant|p2a: Dondozo|slp\n|move|p2a: Dondozo|Sleep Talk|p2a: Dondozo\n|move|p2a: Dondozo|Wave Crash|p1a: Alomomola|[from]move: Sleep Talk\n|-resisted|p1a: Alomomola\n|-damage|p1a: Alomomola|316/429\n|-damage|p2a: Dondozo|220/362 slp|[from] item: Rocky Helmet|[of] p1a: Alomomola\n|-damage|p2a: Dondozo|200/362 slp|[from] Recoil\n|\n|-heal|p2a: Dondozo|222/362 slp|[from] item: Leftovers\n|upkeep\n|turn|48\n|\n|t:|1724520863\n|switch|p2a: Arboliva|Arboliva, L91, M|216/288\n|move|p1a: Alomomola|Wish|p1a: Alomomola\n|\n|upkeep\n|turn|49\n|\n|t:|1724520870\n|switch|p1a: Dusknoir|Dusknoir, L89, M|225/225\n|-damage|p1a: Dusknoir|197/225|[from] Stealth Rock\n|-item|p2a: Arboliva|Sitrus Berry|[from] ability: Frisk|[of] p1a: Dusknoir\n|move|p2a: Arboliva|Leech Seed|p1a: Dusknoir\n|-start|p1a: Dusknoir|move: Leech Seed\n|\n|-heal|p1a: Dusknoir|225/225|[from] move: Wish|[wisher] Alomomola\n|-damage|p1a: Dusknoir|197/225|[from] Leech Seed|[of] p2a: Arboliva\n|-heal|p2a: Arboliva|244/288|[silent]\n|upkeep\n|turn|50\n|\n|t:|1724520884\n|switch|p1a: Alomomola|Alomomola, L87, F|429/429\n|-damage|p1a: Alomomola|376/429|[from] Stealth Rock\n|move|p2a: Arboliva|Substitute|p2a: Arboliva\n|-start|p2a: Arboliva|Substitute\n|-damage|p2a: Arboliva|172/288\n|\n|upkeep\n|turn|51\n|\n|t:|1724520889\n|move|p1a: Alomomola|Protect|p1a: Alomomola\n|-singleturn|p1a: Alomomola|Protect\n|move|p2a: Arboliva|Hyper Voice|p1a: Alomomola\n|-activate|p1a: Alomomola|move: Protect\n|\n|upkeep\n|turn|52\n|\n|t:|1724520895\n|switch|p1a: Dusknoir|Dusknoir, L89, M|197/225\n|-damage|p1a: Dusknoir|169/225|[from] Stealth Rock\n|-item|p2a: Arboliva|Sitrus Berry|[from] ability: Frisk|[of] p1a: Dusknoir\n|move|p2a: Arboliva|Leech Seed|p1a: Dusknoir\n|-start|p1a: Dusknoir|move: Leech Seed\n|\n|-heal|p1a: Dusknoir|183/225|[from] item: Leftovers\n|-damage|p1a: Dusknoir|155/225|[from] Leech Seed|[of] p2a: Arboliva\n|-heal|p2a: Arboliva|200/288|[silent]\n|upkeep\n|turn|53\n|\n|t:|1724520900\n|switch|p1a: Alomomola|Alomomola, L87, F|429/429\n|-damage|p1a: Alomomola|376/429|[from] Stealth Rock\n|move|p2a: Arboliva|Hyper Voice|p1a: Alomomola\n|-damage|p1a: Alomomola|157/429\n|\n|upkeep\n|turn|54\n|\n|t:|1724520915\n|move|p1a: Alomomola|Protect|p1a: Alomomola\n|-singleturn|p1a: Alomomola|Protect\n|move|p2a: Arboliva|Leech Seed|p1a: Alomomola\n|-activate|p1a: Alomomola|move: Protect\n|\n|upkeep\n|turn|55\n|\n|t:|1724520926\n|move|p1a: Alomomola|Wish|p1a: Alomomola\n|move|p2a: Arboliva|Leech Seed|p1a: Alomomola|[miss]\n|-miss|p2a: Arboliva|p1a: Alomomola\n|\n|upkeep\n|turn|56\n|\n|t:|1724520930\n|move|p1a: Alomomola|Protect|p1a: Alomomola\n|-singleturn|p1a: Alomomola|Protect\n|move|p2a: Arboliva|Leech Seed|p1a: Alomomola\n|-activate|p1a: Alomomola|move: Protect\n|\n|-heal|p1a: Alomomola|371/429|[from] move: Wish|[wisher] Alomomola\n|upkeep\n|turn|57\n|\n|t:|1724520937\n|switch|p1a: Whimsicott|Whimsicott, L85, M|241/241\n|-damage|p1a: Whimsicott|211/241|[from] Stealth Rock\n|move|p2a: Arboliva|Leech Seed|p1a: Whimsicott\n|-immune|p1a: Whimsicott\n|\n|-heal|p1a: Whimsicott|226/241|[from] item: Leftovers\n|upkeep\n|turn|58\n|\n|t:|1724520943\n|switch|p1a: Dusknoir|Dusknoir, L89, M|155/225\n|-damage|p1a: Dusknoir|127/225|[from] Stealth Rock\n|-item|p2a: Arboliva|Sitrus Berry|[from] ability: Frisk|[of] p1a: Dusknoir\n|move|p2a: Arboliva|Hyper Voice|p1a: Dusknoir\n|-immune|p1a: Dusknoir\n|\n|-heal|p1a: Dusknoir|141/225|[from] item: Leftovers\n|upkeep\n|turn|59\n|\n|t:|1724520965\n|switch|p2a: Gholdengo|Gholdengo, L77|236/261\n|move|p1a: Dusknoir|Substitute|p1a: Dusknoir\n|-start|p1a: Dusknoir|Substitute\n|-damage|p1a: Dusknoir|85/225\n|\n|-heal|p2a: Gholdengo|252/261|[from] item: Leftovers\n|-heal|p1a: Dusknoir|99/225|[from] item: Leftovers\n|upkeep\n|turn|60\n|\n|t:|1724520974\n|switch|p2a: Dondozo|Dondozo, L78, M|222/362 slp\n|move|p1a: Dusknoir|Pain Split|p2a: Dondozo\n|-sethp|p2a: Dondozo|160/362 slp|[from] move: Pain Split|[silent]\n|-sethp|p1a: Dusknoir|160/225|[from] move: Pain Split\n|\n|-heal|p1a: Dusknoir|174/225|[from] item: Leftovers\n|-heal|p2a: Dondozo|182/362 slp|[from] item: Leftovers\n|upkeep\n|turn|61\n|\n|t:|1724520992\n|switch|p2a: Arboliva|Arboliva, L91, M|200/288\n|-singleturn|p1a: Dusknoir|move: Focus Punch\n|move|p1a: Dusknoir|Focus Punch|p2a: Arboliva\n|-supereffective|p2a: Arboliva\n|-damage|p2a: Arboliva|0 fnt\n|faint|p2a: Arboliva\n|\n|-heal|p1a: Dusknoir|188/225|[from] item: Leftovers\n|upkeep\n|\n|t:|1724520997\n|switch|p2a: Gastrodon|Gastrodon, L86, M|310/331\n|turn|62\n|\n|t:|1724521005\n|-singleturn|p1a: Dusknoir|move: Focus Punch\n|move|p2a: Gastrodon|Surf|p1a: Dusknoir\n|-end|p1a: Dusknoir|Substitute\n|move|p1a: Dusknoir|Focus Punch|p2a: Gastrodon\n|-damage|p2a: Gastrodon|174/331\n|\n|-heal|p1a: Dusknoir|202/225|[from] item: Leftovers\n|-heal|p2a: Gastrodon|194/331|[from] item: Leftovers\n|upkeep\n|turn|63\n|\n|t:|1724521016\n|move|p1a: Dusknoir|Poltergeist|p2a: Gastrodon\n|-activate|p2a: Gastrodon|move: Poltergeist|Leftovers\n|-damage|p2a: Gastrodon|40/331\n|move|p2a: Gastrodon|Recover|p2a: Gastrodon\n|-heal|p2a: Gastrodon|206/331\n|\n|-heal|p1a: Dusknoir|216/225|[from] item: Leftovers\n|-heal|p2a: Gastrodon|226/331|[from] item: Leftovers\n|upkeep\n|turn|64\n|\n|t:|1724521024\n|switch|p1a: Alomomola|Alomomola, L87, F|429/429\n|-damage|p1a: Alomomola|376/429|[from] Stealth Rock\n|move|p2a: Gastrodon|Recover|p2a: Gastrodon\n|-heal|p2a: Gastrodon|331/331\n|\n|upkeep\n|turn|65\n|\n|t:|1724521042\n|switch|p2a: Gholdengo|Gholdengo, L77|252/261\n|move|p1a: Alomomola|Wish|p1a: Alomomola\n|\n|-heal|p2a: Gholdengo|261/261|[from] item: Leftovers\n|upkeep\n|turn|66\n|\n|t:|1724521058\n|switch|p2a: Gastrodon|Gastrodon, L86, M|331/331\n|switch|p1a: Volcanion|Volcanion, L79|256/256\n|-damage|p1a: Volcanion|192/256|[from] Stealth Rock\n|\n|-heal|p1a: Volcanion|256/256|[from] move: Wish|[wisher] Alomomola\n|upkeep\n|turn|67\n|\n|t:|1724521069\n|switch|p1a: Alomomola|Alomomola, L87, F|429/429\n|-damage|p1a: Alomomola|376/429|[from] Stealth Rock\n|switch|p2a: Gholdengo|Gholdengo, L77|261/261\n|\n|upkeep\n|turn|68\n|\n|t:|1724521076\n|move|p2a: Gholdengo|Nasty Plot|p2a: Gholdengo\n|-boost|p2a: Gholdengo|spa|2\n|move|p1a: Alomomola|Scald|p2a: Gholdengo\n|-damage|p2a: Gholdengo|209/261\n|\n|-heal|p2a: Gholdengo|225/261|[from] item: Leftovers\n|upkeep\n|turn|69\n|\n|t:|1724521084\n|move|p2a: Gholdengo|Shadow Ball|p1a: Alomomola\n|-damage|p1a: Alomomola|82/429\n|move|p1a: Alomomola|Flip Turn|p2a: Gholdengo\n|-damage|p2a: Gholdengo|168/261\n|\n|t:|1724521089\n|switch|p1a: Volcanion|Volcanion, L79|256/256|[from] Flip Turn\n|-damage|p1a: Volcanion|192/256|[from] Stealth Rock\n|\n|-heal|p2a: Gholdengo|184/261|[from] item: Leftovers\n|upkeep\n|turn|70\n|\n|t:|1724521104\n|switch|p2a: Gastrodon|Gastrodon, L86, M|331/331\n|move|p1a: Volcanion|Flamethrower|p2a: Gastrodon\n|-resisted|p2a: Gastrodon\n|-damage|p2a: Gastrodon|274/331\n|\n|-heal|p2a: Gastrodon|294/331|[from] item: Leftovers\n|upkeep\n|turn|71\n|\n|t:|1724521124\n|switch|p1a: Dusknoir|Dusknoir, L89, M|216/225\n|-damage|p1a: Dusknoir|188/225|[from] Stealth Rock\n|-item|p2a: Gastrodon|Leftovers|[from] ability: Frisk|[of] p1a: Dusknoir\n|move|p2a: Gastrodon|Earthquake|p1a: Dusknoir\n|-damage|p1a: Dusknoir|116/225\n|\n|-heal|p1a: Dusknoir|130/225|[from] item: Leftovers\n|-heal|p2a: Gastrodon|314/331|[from] item: Leftovers\n|upkeep\n|turn|72\n|\n|t:|1724521132\n|move|p1a: Dusknoir|Pain Split|p2a: Gastrodon\n|-sethp|p2a: Gastrodon|222/331|[from] move: Pain Split|[silent]\n|-sethp|p1a: Dusknoir|222/225|[from] move: Pain Split\n|move|p2a: Gastrodon|Earthquake|p1a: Dusknoir\n|-damage|p1a: Dusknoir|149/225\n|\n|-heal|p1a: Dusknoir|163/225|[from] item: Leftovers\n|-heal|p2a: Gastrodon|242/331|[from] item: Leftovers\n|upkeep\n|turn|73\n|\n|t:|1724521146\n|move|p1a: Dusknoir|Substitute|p1a: Dusknoir\n|-start|p1a: Dusknoir|Substitute\n|-damage|p1a: Dusknoir|107/225\n|move|p2a: Gastrodon|Surf|p1a: Dusknoir\n|-end|p1a: Dusknoir|Substitute\n|\n|-heal|p1a: Dusknoir|121/225|[from] item: Leftovers\n|-heal|p2a: Gastrodon|262/331|[from] item: Leftovers\n|upkeep\n|turn|74\n|\n|t:|1724521154\n|move|p1a: Dusknoir|Pain Split|p2a: Gastrodon\n|-sethp|p2a: Gastrodon|191/331|[from] move: Pain Split|[silent]\n|-sethp|p1a: Dusknoir|191/225|[from] move: Pain Split\n|move|p2a: Gastrodon|Surf|p1a: Dusknoir\n|-damage|p1a: Dusknoir|127/225\n|\n|-heal|p1a: Dusknoir|141/225|[from] item: Leftovers\n|-heal|p2a: Gastrodon|211/331|[from] item: Leftovers\n|upkeep\n|turn|75\n|\n|t:|1724521161\n|move|p1a: Dusknoir|Substitute|p1a: Dusknoir\n|-start|p1a: Dusknoir|Substitute\n|-damage|p1a: Dusknoir|85/225\n|move|p2a: Gastrodon|Recover|p2a: Gastrodon\n|-heal|p2a: Gastrodon|331/331\n|\n|-heal|p1a: Dusknoir|99/225|[from] item: Leftovers\n|upkeep\n|turn|76\n|\n|t:|1724521166\n|move|p1a: Dusknoir|Pain Split|p2a: Gastrodon\n|-sethp|p2a: Gastrodon|215/331|[from] move: Pain Split|[silent]\n|-sethp|p1a: Dusknoir|215/225|[from] move: Pain Split\n|move|p2a: Gastrodon|Surf|p1a: Dusknoir\n|-end|p1a: Dusknoir|Substitute\n|\n|-heal|p1a: Dusknoir|225/225|[from] item: Leftovers\n|-heal|p2a: Gastrodon|235/331|[from] item: Leftovers\n|upkeep\n|turn|77\n|\n|t:|1724521187\n|move|p1a: Dusknoir|Substitute|p1a: Dusknoir\n|-start|p1a: Dusknoir|Substitute\n|-damage|p1a: Dusknoir|169/225\n|move|p2a: Gastrodon|Surf|p1a: Dusknoir\n|-end|p1a: Dusknoir|Substitute\n|\n|-heal|p1a: Dusknoir|183/225|[from] item: Leftovers\n|-heal|p2a: Gastrodon|255/331|[from] item: Leftovers\n|upkeep\n|turn|78\n|\n|t:|1724521194\n|-singleturn|p1a: Dusknoir|move: Focus Punch\n|move|p2a: Gastrodon|Surf|p1a: Dusknoir\n|-damage|p1a: Dusknoir|122/225\n|cant|p1a: Dusknoir|Focus Punch|Focus Punch\n|\n|-heal|p1a: Dusknoir|136/225|[from] item: Leftovers\n|-heal|p2a: Gastrodon|275/331|[from] item: Leftovers\n|upkeep\n|turn|79\n|j| fiesta899\n|\n|t:|1724521204\n|move|p1a: Dusknoir|Pain Split|p2a: Gastrodon\n|-sethp|p2a: Gastrodon|205/331|[from] move: Pain Split|[silent]\n|-sethp|p1a: Dusknoir|205/225|[from] move: Pain Split\n|move|p2a: Gastrodon|Surf|p1a: Dusknoir\n|-damage|p1a: Dusknoir|135/225\n|\n|-heal|p1a: Dusknoir|149/225|[from] item: Leftovers\n|-heal|p2a: Gastrodon|225/331|[from] item: Leftovers\n|upkeep\n|turn|80\n|\n|t:|1724521220\n|move|p1a: Dusknoir|Substitute|p1a: Dusknoir\n|-start|p1a: Dusknoir|Substitute\n|-damage|p1a: Dusknoir|93/225\n|move|p2a: Gastrodon|Surf|p1a: Dusknoir\n|-end|p1a: Dusknoir|Substitute\n|\n|-heal|p1a: Dusknoir|107/225|[from] item: Leftovers\n|-heal|p2a: Gastrodon|245/331|[from] item: Leftovers\n|upkeep\n|turn|81\n|\n|t:|1724521223\n|switch|p2a: Dondozo|Dondozo, L78, M|182/362 slp\n|move|p1a: Dusknoir|Pain Split|p2a: Dondozo\n|-sethp|p2a: Dondozo|144/362 slp|[from] move: Pain Split|[silent]\n|-sethp|p1a: Dusknoir|144/225|[from] move: Pain Split\n|\n|-heal|p1a: Dusknoir|158/225|[from] item: Leftovers\n|-heal|p2a: Dondozo|166/362 slp|[from] item: Leftovers\n|upkeep\n|turn|82\n|\n|t:|1724521253\n|-singleturn|p1a: Dusknoir|move: Focus Punch\n|cant|p2a: Dondozo|slp\n|move|p2a: Dondozo|Sleep Talk|p2a: Dondozo\n|move|p2a: Dondozo|Wave Crash|p1a: Dusknoir|[from]move: Sleep Talk\n|-damage|p1a: Dusknoir|79/225\n|-damage|p2a: Dondozo|140/362 slp|[from] Recoil\n|cant|p1a: Dusknoir|Focus Punch|Focus Punch\n|\n|-heal|p1a: Dusknoir|93/225|[from] item: Leftovers\n|-heal|p2a: Dondozo|162/362 slp|[from] item: Leftovers\n|upkeep\n|turn|83\n|inactive|Diamonds_realm has 120 seconds left.\n|\n|t:|1724521275\n|move|p1a: Dusknoir|Substitute|p1a: Dusknoir\n|-start|p1a: Dusknoir|Substitute\n|-damage|p1a: Dusknoir|37/225\n|-curestatus|p2a: Dondozo|slp|[msg]\n|move|p2a: Dondozo|Wave Crash|p1a: Dusknoir\n|-end|p1a: Dusknoir|Substitute\n|-damage|p2a: Dondozo|144/362|[from] Recoil|[of] p1a: Dusknoir\n|\n|-heal|p1a: Dusknoir|51/225|[from] item: Leftovers\n|-heal|p2a: Dondozo|166/362|[from] item: Leftovers\n|upkeep\n|turn|84\n|\n|t:|1724521279\n|move|p1a: Dusknoir|Pain Split|p2a: Dondozo\n|-sethp|p2a: Dondozo|108/362|[from] move: Pain Split|[silent]\n|-sethp|p1a: Dusknoir|108/225|[from] move: Pain Split\n|move|p2a: Dondozo|Wave Crash|p1a: Dusknoir\n|-damage|p1a: Dusknoir|36/225\n|-damage|p2a: Dondozo|84/362|[from] Recoil\n|\n|-heal|p1a: Dusknoir|50/225|[from] item: Leftovers\n|-heal|p2a: Dondozo|106/362|[from] item: Leftovers\n|upkeep\n|turn|85\n|\n|t:|1724521304\n|switch|p2a: Virizion|Virizion, L82|205/283\n|move|p1a: Dusknoir|Pain Split|p2a: Virizion\n|-sethp|p2a: Virizion|127/283|[from] move: Pain Split|[silent]\n|-sethp|p1a: Dusknoir|127/225|[from] move: Pain Split\n|\n|-heal|p1a: Dusknoir|141/225|[from] item: Leftovers\n|upkeep\n|turn|86\n|\n|t:|1724521313\n|move|p2a: Virizion|Stone Edge|p1a: Dusknoir|[miss]\n|-miss|p2a: Virizion|p1a: Dusknoir\n|move|p1a: Dusknoir|Substitute|p1a: Dusknoir\n|-start|p1a: Dusknoir|Substitute\n|-damage|p1a: Dusknoir|85/225\n|\n|-heal|p1a: Dusknoir|99/225|[from] item: Leftovers\n|upkeep\n|turn|87\n|\n|t:|1724521319\n|switch|p2a: Gholdengo|Gholdengo, L77|184/261\n|-singleturn|p1a: Dusknoir|move: Focus Punch\n|move|p1a: Dusknoir|Focus Punch|p2a: Gholdengo\n|-immune|p2a: Gholdengo\n|\n|-heal|p2a: Gholdengo|200/261|[from] item: Leftovers\n|-heal|p1a: Dusknoir|113/225|[from] item: Leftovers\n|upkeep\n|turn|88\n|\n|t:|1724521341\n|switch|p2a: Virizion|Virizion, L82|127/283\n|move|p1a: Dusknoir|Poltergeist||[still]\n|-fail|p1a: Dusknoir\n|\n|-heal|p1a: Dusknoir|127/225|[from] item: Leftovers\n|upkeep\n|turn|89\n|\n|t:|1724521351\n|-singleturn|p1a: Dusknoir|move: Focus Punch\n|move|p2a: Virizion|Leaf Blade|p1a: Dusknoir\n|-end|p1a: Dusknoir|Substitute\n|move|p1a: Dusknoir|Focus Punch|p2a: Virizion\n|-damage|p2a: Virizion|0 fnt\n|faint|p2a: Virizion\n|\n|-heal|p1a: Dusknoir|141/225|[from] item: Leftovers\n|upkeep\n|\n|t:|1724521354\n|switch|p2a: Dondozo|Dondozo, L78, M|106/362\n|turn|90\n|\n|t:|1724521367\n|switch|p2a: Gastrodon|Gastrodon, L86, M|245/331\n|move|p1a: Dusknoir|Poltergeist|p2a: Gastrodon\n|-activate|p2a: Gastrodon|move: Poltergeist|Leftovers\n|-damage|p2a: Gastrodon|77/331\n|\n|-heal|p1a: Dusknoir|155/225|[from] item: Leftovers\n|-heal|p2a: Gastrodon|97/331|[from] item: Leftovers\n|upkeep\n|turn|91\n|\n|t:|1724521377\n|move|p1a: Dusknoir|Substitute|p1a: Dusknoir\n|-start|p1a: Dusknoir|Substitute\n|-damage|p1a: Dusknoir|99/225\n|move|p2a: Gastrodon|Surf|p1a: Dusknoir\n|-end|p1a: Dusknoir|Substitute\n|\n|-heal|p1a: Dusknoir|113/225|[from] item: Leftovers\n|-heal|p2a: Gastrodon|117/331|[from] item: Leftovers\n|upkeep\n|turn|92\n|\n|t:|1724521381\n|-singleturn|p1a: Dusknoir|move: Focus Punch\n|move|p2a: Gastrodon|Surf|p1a: Dusknoir\n|-damage|p1a: Dusknoir|44/225\n|cant|p1a: Dusknoir|Focus Punch|Focus Punch\n|\n|-heal|p1a: Dusknoir|58/225|[from] item: Leftovers\n|-heal|p2a: Gastrodon|137/331|[from] item: Leftovers\n|upkeep\n|turn|93\n|\n|t:|1724521391\n|move|p1a: Dusknoir|Pain Split|p2a: Gastrodon\n|-sethp|p2a: Gastrodon|97/331|[from] move: Pain Split|[silent]\n|-sethp|p1a: Dusknoir|97/225|[from] move: Pain Split\n|move|p2a: Gastrodon|Surf|p1a: Dusknoir\n|-crit|p1a: Dusknoir\n|-damage|p1a: Dusknoir|0 fnt\n|faint|p1a: Dusknoir\n|\n|-heal|p2a: Gastrodon|117/331|[from] item: Leftovers\n|upkeep\n|\n|t:|1724521411\n|switch|p1a: Flutter Mane|Flutter Mane, L74|203/203\n|-damage|p1a: Flutter Mane|178/203|[from] Stealth Rock\n|turn|94\n|\n|t:|1724521424\n|move|p1a: Flutter Mane|Shadow Ball|p2a: Gastrodon\n|-damage|p2a: Gastrodon|0 fnt\n|faint|p2a: Gastrodon\n|\n|upkeep\n|\n|t:|1724521439\n|switch|p2a: Gholdengo|Gholdengo, L77|200/261\n|turn|95\n|\n|t:|1724521452\n|-terastallize|p2a: Gholdengo|Steel\n|move|p1a: Flutter Mane|Shadow Ball|p2a: Gholdengo\n|-damage|p2a: Gholdengo|56/261\n|move|p2a: Gholdengo|Make It Rain|p1a: Flutter Mane\n|-supereffective|p1a: Flutter Mane\n|-damage|p1a: Flutter Mane|0 fnt\n|-unboost|p2a: Gholdengo|spa|1\n|faint|p1a: Flutter Mane\n|-end|p1a: Flutter Mane|Protosynthesis|[silent]\n|\n|-heal|p2a: Gholdengo|72/261|[from] item: Leftovers\n|upkeep\n|\n|t:|1724521462\n|switch|p1a: Emboar|Emboar, L84, M|322/322\n|-damage|p1a: Emboar|282/322|[from] Stealth Rock\n|turn|96\n|\n|t:|1724521480\n|switch|p2a: Dondozo|Dondozo, L78, M|106/362\n|move|p1a: Emboar|Close Combat|p2a: Dondozo\n|-damage|p2a: Dondozo|0 fnt\n|-unboost|p1a: Emboar|def|1\n|-unboost|p1a: Emboar|spd|1\n|faint|p2a: Dondozo\n|\n|upkeep\n|inactive|Diamonds_realm has 120 seconds left.\n|\n|t:|1724521502\n|switch|p2a: Gholdengo|Gholdengo, L77, tera:Steel|72/261\n|turn|97\n|\n|t:|1724521521\n|move|p2a: Gholdengo|Shadow Ball|p1a: Emboar\n|-damage|p1a: Emboar|110/322\n|move|p1a: Emboar|Close Combat|p2a: Gholdengo\n|-supereffective|p2a: Gholdengo\n|-damage|p2a: Gholdengo|0 fnt\n|-unboost|p1a: Emboar|def|1\n|-unboost|p1a: Emboar|spd|1\n|faint|p2a: Gholdengo\n|\n|win|impeetee\n|raw|impeetee's rating: 2205 &rarr; <strong>2236</strong><br />(+31 for winning)\n|raw|Diamonds_realm's rating: 2419 &rarr; <strong>2388</strong><br />(-31 for losing)\n|l|\u2606Diamonds_realm\n|player|p2|\n", "inputlog": ">version a6a2f2a487895f29234d9cd1d12543c6ed6a5e66\n>start {\"formatid\":\"gen9randombattle\",\"seed\":[32370,60227,34793,54287],\"rated\":\"Rated battle\"}\n>player p1 {\"name\":\"impeetee\",\"avatar\":\"blaine\",\"rating\":2205,\"seed\":[22947,48709,855,57733]}\n>player p2 {\"name\":\"Diamonds_realm\",\"avatar\":\"hilbert\",\"rating\":2419,\"seed\":[36179,10972,42100,29341]}\n>p1 move substitute\n>p2 switch 5\n>p1 move focuspunch\n>p2 switch 2\n>p1 switch 5\n>p2 move curse\n>p1 move moonblast\n>p2 switch 6\n>p1 switch 2\n>p2 move shadowball\n>p1 move flipturn\n>p2 move nastyplot\n>p1 switch 4\n>p1 move shadowball\n>p2 switch 4\n>p1 switch 3\n>p2 switch 2\n>p1 move knockoff\n>p2 move protect\n>p1 move knockoff\n>p2 switch 5\n>p1 switch 2\n>p2 move stoneedge\n>p1 switch 4\n>p2 switch 4\n>p1 move scald\n>p2 switch 2\n>p1 move wish\n>p2 move icebeam\n>p1 switch 5\n>p2 move surf\n>p1 move substitute\n>p2 move surf\n>p1 move poltergeist\n>p2 move surf\n>p1 move focuspunch\n>p2 move recover\n>p1 move poltergeist\n>p2 switch 6\n>p1 switch 5\n>p2 move curse\n>p1 move wish\n>p2 move curse\n>p1 switch 4\n>p2 move wavecrash\n>p1 switch 6\n>p2 switch 3\n>p1 move steameruption\n>p2 move stealthrock\n>p1 move flamethrower\n>p2 move knockoff\n>p2 switch 6\n>p1 switch 4\n>p2 move recover\n>p1 move wish\n>p2 move surf\n>p1 switch 5\n>p2 move surf\n>p1 move substitute\n>p2 move surf\n>p1 move substitute\n>p2 move surf\n>p1 move substitute\n>p2 move surf\n>p1 move substitute\n>p2 move earthquake\n>p1 move painsplit\n>p2 move earthquake\n>p1 move poltergeist\n>p2 move recover\n>p1 move poltergeist\n>p2 move surf\n>p1 move focuspunch\n>p2 switch 3\n>p1 switch 5\n>p2 move rest\n>p1 move wish\n>p2 switch 2\n>p1 switch 4\n>p2 switch 3\n>p1 switch 4\n>p2 move recover\n>p1 move wish\n>p2 switch 5\n>p1 switch 5\n>p2 move substitute\n>p1 move substitute\n>p2 move leechseed\n>p1 move focuspunch\n>p2 move protect\n>p1 move focuspunch\n>p2 move hypervoice\n>p1 move focuspunch\n>p2 switch 2\n>p1 switch 5\n>p2 move sleeptalk\n>p1 move wish\n>p2 switch 2\n>p1 switch 5\n>p2 move leechseed\n>p1 switch 5\n>p2 move substitute\n>p1 move protect\n>p2 move hypervoice\n>p1 switch 5\n>p2 move leechseed\n>p1 switch 5\n>p2 move hypervoice\n>p1 move protect\n>p2 move leechseed\n>p1 move wish\n>p2 move leechseed\n>p1 move protect\n>p2 move leechseed\n>p1 switch 6\n>p2 move leechseed\n>p1 switch 5\n>p2 move hypervoice\n>p1 move substitute\n>p2 switch 3\n>p1 move painsplit\n>p2 switch 2\n>p1 move focuspunch\n>p2 switch 3\n>p2 switch 5\n>p1 move focuspunch\n>p2 move surf\n>p1 move poltergeist\n>p2 move recover\n>p1 switch 6\n>p2 move recover\n>p1 move wish\n>p2 switch 2\n>p1 switch 4\n>p2 switch 2\n>p1 switch 4\n>p2 switch 2\n>p1 move scald\n>p2 move nastyplot\n>p1 move flipturn\n>p2 move shadowball\n>p1 switch 4\n>p1 move flamethrower\n>p2 switch 2\n>p1 switch 6\n>p2 move earthquake\n>p1 move painsplit\n>p2 move earthquake\n>p1 move substitute\n>p2 move surf\n>p1 move painsplit\n>p2 move surf\n>p1 move substitute\n>p2 move recover\n>p1 move painsplit\n>p2 move surf\n>p1 move substitute\n>p2 move surf\n>p1 move focuspunch\n>p2 move surf\n>p1 move painsplit\n>p2 move surf\n>p1 move substitute\n>p2 move surf\n>p1 move painsplit\n>p2 switch 3\n>p1 move focuspunch\n>p2 move sleeptalk\n>p1 move substitute\n>p2 move wavecrash\n>p1 move painsplit\n>p2 move wavecrash\n>p1 move painsplit\n>p2 switch 4\n>p1 move substitute\n>p2 move stoneedge\n>p1 move focuspunch\n>p2 switch 2\n>p1 move poltergeist\n>p2 switch 2\n>p1 move focuspunch\n>p2 move leafblade\n>p2 switch 4\n>p1 move poltergeist\n>p2 switch 3\n>p1 move substitute\n>p2 move surf\n>p1 move focuspunch\n>p2 move surf\n>p1 move painsplit\n>p2 move surf\n>p1 switch 3\n>p1 move shadowball\n>p2 move recover\n>p2 switch 2\n>p1 move shadowball\n>p2 move makeitrain terastallize\n>p1 switch 2\n>p1 move closecombat\n>p2 switch 3\n>p2 switch 3\n>p1 move closecombat\n>p2 move shadowball", "uploadtime": 1724521537, "views": 122, "formatid": "gen9randombattle", "rating": 2236, "private": 0, "password": null}