{"id": "gen9randombattle-2116625100", "format": "[Gen 9] Random Battle", "players": ["phyviocow", "puccigay"], "log": "|badge|p1|bronze|gen9ubers|100-1\n|uhtml|medal-msg|<div class=\"broadcast-blue\">Curious what those medals under the avatar are? PS now has Ladder Seasons! For more information, check out the <a href=\"https://www.smogon.com/forums/threads/3740067/\">thread on Smogon.</a></div>\n|j|\u2606phyviocow\n|j|\u2606puccigay\n|t:|1714695114\n|gametype|singles\n|player|p1|phyviocow|265|2235\n|player|p2|puccigay|2|2194\n|teamsize|p1|6\n|teamsize|p2|6\n|gen|9\n|tier|[Gen 9] Random Battle\n|rated|\n|rule|Species Clause: Limit one of each Pok\u00e9mon\n|rule|HP Percentage Mod: HP is shown in percentages\n|rule|Sleep Clause Mod: Limit one foe put to sleep\n|rule|Illusion Level Mod: Illusion disguises the Pok\u00e9mon's true level\n|\n|t:|1714695114\n|start\n|switch|p1a: Dedenne|Dedenne, L88, M|261/261\n|switch|p2a: Luxray|Luxray, L88, F|284/284\n|-ability|p2a: Luxray|Intimidate|boost\n|-unboost|p1a: Dedenne|atk|1\n|turn|1\n|inactive|Battle timer is ON: inactive players will automatically lose when time's up. (requested by phyviocow)\n|\n|t:|1714695130\n|move|p1a: Dedenne|Super Fang|p2a: Luxray\n|-damage|p2a: Luxray|142/284\n|move|p2a: Luxray|Play Rough|p1a: Dedenne\n|-damage|p1a: Dedenne|156/261\n|\n|upkeep\n|turn|2\n|\n|t:|1714695140\n|move|p1a: Dedenne|Dazzling Gleam|p2a: Luxray\n|-damage|p2a: Luxray|82/284\n|move|p2a: Luxray|Volt Switch|p1a: Dedenne\n|-resisted|p1a: Dedenne\n|-damage|p1a: Dedenne|109/261\n|-enditem|p1a: Dedenne|Sitrus Berry|[eat]\n|-heal|p1a: Dedenne|174/261|[from] item: Sitrus Berry\n|-heal|p1a: Dedenne|261/261|[from] ability: Cheek Pouch\n|\n|t:|1714695144\n|switch|p2a: Golem|Golem-Alola, L93, F|300/300|[from] Volt Switch\n|\n|upkeep\n|turn|3\n|\n|t:|1714695152\n|move|p1a: Dedenne|U-turn|p2a: Golem\n|-damage|p2a: Golem|284/300\n|\n|t:|1714695172\n|switch|p1a: Registeel|Registeel, L82|265/265|[from] U-turn\n|move|p2a: Golem|Rock Polish|p2a: Golem\n|-boost|p2a: Golem|spe|2\n|\n|upkeep\n|turn|4\n|\n|t:|1714695182\n|move|p2a: Golem|Earthquake|p1a: Registeel\n|-supereffective|p1a: Registeel\n|-damage|p1a: Registeel|88/265\n|-damage|p2a: Golem|254/300|[from] item: Life Orb\n|move|p1a: Registeel|Iron Defense|p1a: Registeel\n|-boost|p1a: Registeel|def|2\n|\n|-heal|p1a: Registeel|104/265|[from] item: Leftovers\n|upkeep\n|turn|5\n|\n|t:|1714695189\n|move|p2a: Golem|Earthquake|p1a: Registeel\n|-supereffective|p1a: Registeel\n|-damage|p1a: Registeel|21/265\n|-damage|p2a: Golem|224/300|[from] item: Life Orb\n|move|p1a: Registeel|Body Press|p2a: Golem\n|-supereffective|p2a: Golem\n|-damage|p2a: Golem|36/300\n|\n|-heal|p1a: Registeel|37/265|[from] item: Leftovers\n|upkeep\n|turn|6\n|\n|t:|1714695195\n|move|p2a: Golem|Earthquake|p1a: Registeel\n|-supereffective|p1a: Registeel\n|-damage|p1a: Registeel|0 fnt\n|faint|p1a: Registeel\n|-damage|p2a: Golem|6/300|[from] item: Life Orb\n|\n|upkeep\n|\n|t:|1714695204\n|switch|p1a: Umbreon|Umbreon, L84, M|297/297\n|turn|7\n|\n|t:|1714695208\n|move|p1a: Umbreon|Protect|p1a: Umbreon\n|-singleturn|p1a: Umbreon|Protect\n|move|p2a: Golem|Double-Edge|p1a: Umbreon\n|-activate|p1a: Umbreon|move: Protect\n|\n|upkeep\n|turn|8\n|\n|t:|1714695217\n|move|p2a: Golem|Double-Edge|p1a: Umbreon\n|-damage|p1a: Umbreon|59/297\n|-damage|p2a: Golem|0 fnt|[from] Recoil\n|faint|p2a: Golem\n|move|p1a: Umbreon|Wish|p1a: Umbreon\n|\n|-heal|p1a: Umbreon|77/297|[from] item: Leftovers\n|upkeep\n|\n|t:|1714695228\n|switch|p2a: Virizion|Virizion, L82|283/283\n|turn|9\n|\n|t:|1714695231\n|move|p2a: Virizion|Swords Dance|p2a: Virizion\n|-boost|p2a: Virizion|atk|2\n|move|p1a: Umbreon|Toxic|p2a: Virizion\n|-status|p2a: Virizion|tox\n|\n|-heal|p1a: Umbreon|225/297|[from] move: Wish|[wisher] Umbreon\n|-heal|p1a: Umbreon|243/297|[from] item: Leftovers\n|-damage|p2a: Virizion|266/283 tox|[from] psn\n|upkeep\n|turn|10\n|\n|t:|1714695242\n|move|p1a: Umbreon|Protect|p1a: Umbreon\n|-singleturn|p1a: Umbreon|Protect\n|move|p2a: Virizion|Leaf Blade|p1a: Umbreon\n|-activate|p1a: Umbreon|move: Protect\n|\n|-heal|p1a: Umbreon|261/297|[from] item: Leftovers\n|-damage|p2a: Virizion|232/283 tox|[from] psn\n|upkeep\n|turn|11\n|\n|t:|1714695246\n|switch|p1a: Regigigas|Regigigas, L84|322/322\n|-start|p1a: Regigigas|ability: Slow Start\n|move|p2a: Virizion|Close Combat|p1a: Regigigas\n|-supereffective|p1a: Regigigas\n|-damage|p1a: Regigigas|0 fnt\n|-unboost|p2a: Virizion|def|1\n|-unboost|p2a: Virizion|spd|1\n|faint|p1a: Regigigas\n|-end|p1a: Regigigas|Slow Start|[silent]\n|-damage|p2a: Virizion|204/283 tox|[from] item: Life Orb\n|\n|-damage|p2a: Virizion|153/283 tox|[from] psn\n|upkeep\n|\n|t:|1714695254\n|switch|p1a: Dedenne|Dedenne, L88, M|261/261\n|turn|12\n|\n|t:|1714695259\n|switch|p2a: Luxray|Luxray, L88, F|82/284\n|-ability|p2a: Luxray|Intimidate|boost\n|-unboost|p1a: Dedenne|atk|1\n|move|p1a: Dedenne|Dazzling Gleam|p2a: Luxray\n|-damage|p2a: Luxray|24/284\n|\n|upkeep\n|turn|13\n|\n|t:|1714695263\n|move|p1a: Dedenne|Dazzling Gleam|p2a: Luxray\n|-damage|p2a: Luxray|0 fnt\n|faint|p2a: Luxray\n|\n|upkeep\n|\n|t:|1714695272\n|switch|p2a: Luvdisc|Luvdisc, F|247/247\n|turn|14\n|inactive|phyviocow has 120 seconds left.\n|\n|t:|1714695304\n|switch|p1a: Umbreon|Umbreon, L84, M|261/297\n|move|p2a: Luvdisc|Substitute|p2a: Luvdisc\n|-start|p2a: Luvdisc|Substitute\n|-damage|p2a: Luvdisc|186/247\n|\n|-heal|p1a: Umbreon|279/297|[from] item: Leftovers\n|upkeep\n|turn|15\n|\n|t:|1714695307\n|move|p1a: Umbreon|Protect|p1a: Umbreon\n|-singleturn|p1a: Umbreon|Protect\n|move|p2a: Luvdisc|Whirlpool|p1a: Umbreon\n|-activate|p1a: Umbreon|move: Protect\n|\n|-heal|p1a: Umbreon|297/297|[from] item: Leftovers\n|upkeep\n|turn|16\n|inactive|phyviocow has 120 seconds left.\n|c|\u2606puccigay|erm\n|inactive|phyviocow has 90 seconds left.\n|\n|t:|1714695363\n|move|p2a: Luvdisc|Whirlpool|p1a: Umbreon\n|-damage|p1a: Umbreon|273/297\n|-activate|p1a: Umbreon|move: Whirlpool|[of] p2a: Luvdisc\n|move|p1a: Umbreon|Foul Play|p2a: Luvdisc\n|-activate|p2a: Luvdisc|move: Substitute|[damage]\n|\n|-heal|p1a: Umbreon|291/297|[from] item: Leftovers\n|-damage|p1a: Umbreon|254/297|[from] move: Whirlpool|[partiallytrapped]\n|upkeep\n|turn|17\n|inactive|phyviocow has 90 seconds left.\n|\n|t:|1714695369\n|move|p2a: Luvdisc|Surf|p1a: Umbreon\n|-damage|p1a: Umbreon|202/297\n|move|p1a: Umbreon|Foul Play|p2a: Luvdisc\n|-end|p2a: Luvdisc|Substitute\n|\n|-heal|p1a: Umbreon|220/297|[from] item: Leftovers\n|-damage|p1a: Umbreon|183/297|[from] move: Whirlpool|[partiallytrapped]\n|upkeep\n|turn|18\n|\n|t:|1714695373\n|move|p2a: Luvdisc|Substitute|p2a: Luvdisc\n|-start|p2a: Luvdisc|Substitute\n|-damage|p2a: Luvdisc|125/247\n|move|p1a: Umbreon|Wish|p1a: Umbreon\n|\n|-heal|p1a: Umbreon|201/297|[from] item: Leftovers\n|-damage|p1a: Umbreon|164/297|[from] move: Whirlpool|[partiallytrapped]\n|upkeep\n|turn|19\n|\n|t:|1714695380\n|move|p2a: Luvdisc|Surf|p1a: Umbreon\n|-damage|p1a: Umbreon|110/297\n|move|p1a: Umbreon|Foul Play|p2a: Luvdisc\n|-activate|p2a: Luvdisc|move: Substitute|[damage]\n|\n|-heal|p1a: Umbreon|258/297|[from] move: Wish|[wisher] Umbreon\n|-heal|p1a: Umbreon|276/297|[from] item: Leftovers\n|-damage|p1a: Umbreon|239/297|[from] move: Whirlpool|[partiallytrapped]\n|upkeep\n|turn|20\n|\n|t:|1714695385\n|move|p2a: Luvdisc|Surf|p1a: Umbreon\n|-damage|p1a: Umbreon|185/297\n|move|p1a: Umbreon|Wish|p1a: Umbreon\n|\n|-heal|p1a: Umbreon|203/297|[from] item: Leftovers\n|-end|p1a: Umbreon|Whirlpool|[partiallytrapped]\n|upkeep\n|turn|21\n|inactive|phyviocow has 120 seconds left.\n|\n|t:|1714695397\n|switch|p1a: Clawitzer|Clawitzer, L86, M|262/262\n|move|p2a: Luvdisc|Whirlpool|p1a: Clawitzer\n|-resisted|p1a: Clawitzer\n|-damage|p1a: Clawitzer|248/262\n|-activate|p1a: Clawitzer|move: Whirlpool|[of] p2a: Luvdisc\n|\n|-heal|p1a: Clawitzer|262/262|[from] move: Wish|[wisher] Umbreon\n|-damage|p1a: Clawitzer|230/262|[from] move: Whirlpool|[partiallytrapped]\n|upkeep\n|turn|22\n|inactive|phyviocow has 120 seconds left.\n|\n|t:|1714695409\n|move|p2a: Luvdisc|Surf|p1a: Clawitzer\n|-resisted|p1a: Clawitzer\n|-damage|p1a: Clawitzer|191/262\n|move|p1a: Clawitzer|Aura Sphere|p2a: Luvdisc\n|-end|p2a: Luvdisc|Substitute\n|\n|-damage|p1a: Clawitzer|159/262|[from] move: Whirlpool|[partiallytrapped]\n|upkeep\n|turn|23\n|\n|t:|1714695414\n|move|p2a: Luvdisc|Substitute|p2a: Luvdisc\n|-start|p2a: Luvdisc|Substitute\n|-damage|p2a: Luvdisc|64/247\n|move|p1a: Clawitzer|Aura Sphere|p2a: Luvdisc\n|-end|p2a: Luvdisc|Substitute\n|\n|-damage|p1a: Clawitzer|127/262|[from] move: Whirlpool|[partiallytrapped]\n|upkeep\n|turn|24\n|\n|t:|1714695417\n|move|p2a: Luvdisc|Substitute|p2a: Luvdisc\n|-start|p2a: Luvdisc|Substitute\n|-damage|p2a: Luvdisc|3/247\n|move|p1a: Clawitzer|Aura Sphere|p2a: Luvdisc\n|-crit|p2a: Luvdisc\n|-end|p2a: Luvdisc|Substitute\n|\n|-damage|p1a: Clawitzer|95/262|[from] move: Whirlpool|[partiallytrapped]\n|upkeep\n|turn|25\n|\n|t:|1714695425\n|-terastallize|p2a: Luvdisc|Ghost\n|move|p2a: Luvdisc|Endeavor|p1a: Clawitzer\n|-damage|p1a: Clawitzer|3/262\n|move|p1a: Clawitzer|Aura Sphere|p2a: Luvdisc\n|-immune|p2a: Luvdisc\n|\n|-damage|p1a: Clawitzer|0 fnt|[from] move: Whirlpool|[partiallytrapped]\n|faint|p1a: Clawitzer\n|upkeep\n|\n|t:|1714695445\n|switch|p1a: Umbreon|Umbreon, L84, M|203/297\n|turn|26\n|\n|t:|1714695457\n|switch|p2a: Virizion|Virizion, L82|153/283 tox\n|move|p1a: Umbreon|Foul Play|p2a: Virizion\n|-resisted|p2a: Virizion\n|-damage|p2a: Virizion|96/283 tox\n|-ability|p2a: Virizion|Justified|boost\n|-boost|p2a: Virizion|atk|1\n|\n|-heal|p1a: Umbreon|221/297|[from] item: Leftovers\n|-damage|p2a: Virizion|79/283 tox|[from] psn\n|upkeep\n|turn|27\n|\n|t:|1714695466\n|switch|p1a: Dedenne|Dedenne, L88, M|261/261\n|move|p2a: Virizion|Close Combat|p1a: Dedenne\n|-resisted|p1a: Dedenne\n|-damage|p1a: Dedenne|126/261\n|-unboost|p2a: Virizion|def|1\n|-unboost|p2a: Virizion|spd|1\n|-damage|p2a: Virizion|51/283 tox|[from] item: Life Orb\n|\n|-damage|p2a: Virizion|17/283 tox|[from] psn\n|upkeep\n|turn|28\n|\n|t:|1714695478\n|move|p1a: Dedenne|Thunderbolt|p2a: Virizion\n|-resisted|p2a: Virizion\n|-damage|p2a: Virizion|0 fnt\n|faint|p2a: Virizion\n|\n|upkeep\n|\n|t:|1714695505\n|switch|p2a: Tsareena|Tsareena, L87, F|267/267\n|turn|29\n|j| nocomment3\n|\n|t:|1714695519\n|move|p1a: Dedenne|Super Fang|p2a: Tsareena\n|-damage|p2a: Tsareena|134/267\n|move|p2a: Tsareena|Power Whip|p1a: Dedenne\n|-damage|p1a: Dedenne|0 fnt\n|faint|p1a: Dedenne\n|-damage|p2a: Tsareena|108/267|[from] item: Life Orb\n|\n|upkeep\n|\n|t:|1714695535\n|switch|p1a: Umbreon|Umbreon, L84, M|221/297\n|turn|30\n|\n|t:|1714695541\n|move|p2a: Tsareena|Synthesis|p2a: Tsareena\n|-heal|p2a: Tsareena|241/267\n|move|p1a: Umbreon|Toxic|p2a: Tsareena\n|-status|p2a: Tsareena|tox\n|\n|-heal|p1a: Umbreon|239/297|[from] item: Leftovers\n|-damage|p2a: Tsareena|225/267 tox|[from] psn\n|upkeep\n|turn|31\n|\n|t:|1714695545\n|move|p2a: Tsareena|Knock Off|p1a: Umbreon\n|-resisted|p1a: Umbreon\n|-damage|p1a: Umbreon|195/297\n|-enditem|p1a: Umbreon|Leftovers|[from] move: Knock Off|[of] p2a: Tsareena\n|-damage|p2a: Tsareena|199/267 tox|[from] item: Life Orb\n|move|p1a: Umbreon|Wish|p1a: Umbreon\n|\n|-damage|p2a: Tsareena|167/267 tox|[from] psn\n|upkeep\n|turn|32\n|\n|t:|1714695550\n|move|p2a: Tsareena|Synthesis|p2a: Tsareena\n|-heal|p2a: Tsareena|267/267 tox\n|move|p1a: Umbreon|Foul Play|p2a: Tsareena\n|-damage|p2a: Tsareena|149/267 tox\n|\n|-heal|p1a: Umbreon|297/297|[from] move: Wish|[wisher] Umbreon\n|-damage|p2a: Tsareena|101/267 tox|[from] psn\n|upkeep\n|turn|33\n|\n|t:|1714695553\n|move|p2a: Tsareena|High Jump Kick|p1a: Umbreon\n|-supereffective|p1a: Umbreon\n|-damage|p1a: Umbreon|55/297\n|-damage|p2a: Tsareena|75/267 tox|[from] item: Life Orb\n|move|p1a: Umbreon|Foul Play|p2a: Tsareena\n|-damage|p2a: Tsareena|0 fnt\n|faint|p2a: Tsareena\n|\n|upkeep\n|\n|t:|1714695557\n|switch|p2a: Luvdisc|Luvdisc, F, tera:Ghost|3/247\n|turn|34\n|\n|t:|1714695561\n|move|p2a: Luvdisc|Surf|p1a: Umbreon\n|-damage|p1a: Umbreon|1/297\n|move|p1a: Umbreon|Foul Play|p2a: Luvdisc\n|-supereffective|p2a: Luvdisc\n|-damage|p2a: Luvdisc|0 fnt\n|faint|p2a: Luvdisc\n|\n|upkeep\n|\n|t:|1714695564\n|switch|p2a: Vaporeon|Vaporeon, L86, F|364/364\n|turn|35\n|\n|t:|1714695570\n|move|p2a: Vaporeon|Scald|p1a: Umbreon\n|-damage|p1a: Umbreon|0 fnt\n|faint|p1a: Umbreon\n|\n|upkeep\n|\n|t:|1714695573\n|switch|p1a: Veluza|Veluza, L85, M|292/292\n|turn|36\n|\n|t:|1714695578\n|move|p1a: Veluza|Fillet Away|p1a: Veluza\n|-boost|p1a: Veluza|atk|2\n|-boost|p1a: Veluza|spa|2\n|-boost|p1a: Veluza|spe|2\n|-damage|p1a: Veluza|146/292\n|-enditem|p1a: Veluza|Sitrus Berry|[eat]\n|-heal|p1a: Veluza|219/292|[from] item: Sitrus Berry\n|move|p2a: Vaporeon|Scald|p1a: Veluza\n|-resisted|p1a: Veluza\n|-damage|p1a: Veluza|159/292\n|-status|p1a: Veluza|brn\n|\n|-damage|p1a: Veluza|141/292 brn|[from] brn\n|upkeep\n|turn|37\n|\n|t:|1714695593\n|-terastallize|p1a: Veluza|Psychic\n|move|p1a: Veluza|Psycho Cut|p2a: Vaporeon\n|-damage|p2a: Vaporeon|147/364\n|move|p2a: Vaporeon|Wish|p2a: Vaporeon\n|\n|-heal|p2a: Vaporeon|169/364|[from] item: Leftovers\n|-damage|p1a: Veluza|123/292 brn|[from] brn\n|upkeep\n|turn|38\n|\n|t:|1714695600\n|move|p2a: Vaporeon|Protect|p2a: Vaporeon\n|-singleturn|p2a: Vaporeon|Protect\n|move|p1a: Veluza|Psycho Cut|p2a: Vaporeon\n|-activate|p2a: Vaporeon|move: Protect\n|\n|-heal|p2a: Vaporeon|351/364|[from] move: Wish|[wisher] Vaporeon\n|-heal|p2a: Vaporeon|364/364|[from] item: Leftovers\n|-damage|p1a: Veluza|105/292 brn|[from] brn\n|upkeep\n|turn|39\n|\n|t:|1714695606\n|move|p1a: Veluza|Psycho Cut|p2a: Vaporeon\n|-damage|p2a: Vaporeon|158/364\n|move|p2a: Vaporeon|Wish|p2a: Vaporeon\n|\n|-heal|p2a: Vaporeon|180/364|[from] item: Leftovers\n|-damage|p1a: Veluza|87/292 brn|[from] brn\n|upkeep\n|turn|40\n|\n|t:|1714695609\n|move|p2a: Vaporeon|Protect|p2a: Vaporeon\n|-singleturn|p2a: Vaporeon|Protect\n|move|p1a: Veluza|Psycho Cut|p2a: Vaporeon\n|-activate|p2a: Vaporeon|move: Protect\n|\n|-heal|p2a: Vaporeon|362/364|[from] move: Wish|[wisher] Vaporeon\n|-heal|p2a: Vaporeon|364/364|[from] item: Leftovers\n|-damage|p1a: Veluza|69/292 brn|[from] brn\n|upkeep\n|turn|41\n|\n|t:|1714695612\n|move|p1a: Veluza|Psycho Cut|p2a: Vaporeon\n|-damage|p2a: Vaporeon|171/364\n|move|p2a: Vaporeon|Wish|p2a: Vaporeon\n|\n|-heal|p2a: Vaporeon|193/364|[from] item: Leftovers\n|-damage|p1a: Veluza|51/292 brn|[from] brn\n|upkeep\n|turn|42\n|\n|t:|1714695614\n|move|p2a: Vaporeon|Protect|p2a: Vaporeon\n|-singleturn|p2a: Vaporeon|Protect\n|move|p1a: Veluza|Psycho Cut|p2a: Vaporeon\n|-activate|p2a: Vaporeon|move: Protect\n|\n|-heal|p2a: Vaporeon|364/364|[from] move: Wish|[wisher] Vaporeon\n|-damage|p1a: Veluza|33/292 brn|[from] brn\n|upkeep\n|turn|43\n|\n|t:|1714695623\n|move|p1a: Veluza|Psycho Cut|p2a: Vaporeon\n|-crit|p2a: Vaporeon\n|-damage|p2a: Vaporeon|81/364\n|move|p2a: Vaporeon|Scald|p1a: Veluza\n|-damage|p1a: Veluza|0 fnt\n|faint|p1a: Veluza\n|\n|win|puccigay\n|raw|phyviocow's rating: 2235 &rarr; <strong>2213</strong><br />(-22 for losing)\n|raw|puccigay's rating: 2194 &rarr; <strong>2216</strong><br />(+22 for winning)\n|l|\u2606phyviocow\n|player|p1|\n", "inputlog": ">version 1545cb7b56a6c4a9ecd141e44b1f035e8ace9d59\n>start {\"formatid\":\"gen9randombattle\",\"seed\":[46308,36258,36204,57145],\"rated\":\"Rated battle\"}\n>player p1 {\"name\":\"phyviocow\",\"avatar\":\"265\",\"rating\":2235,\"seed\":[51764,65269,53389,39114]}\n>player p2 {\"name\":\"puccigay\",\"avatar\":\"2\",\"rating\":2194,\"seed\":[25113,10702,37756,41692]}\n>p1 move superfang\n>p2 move playrough\n>p1 move dazzlinggleam\n>p2 move voltswitch\n>p2 switch 4\n>p1 move uturn\n>p2 move rockpolish\n>p1 switch 4\n>p1 move irondefense\n>p2 move earthquake\n>p1 move bodypress\n>p2 move earthquake\n>p1 move thunderwave\n>p2 move earthquake\n>p1 switch 6\n>p1 move protect\n>p2 move doubleedge\n>p1 move wish\n>p2 move doubleedge\n>p2 switch 3\n>p1 move toxic\n>p2 move swordsdance\n>p1 move protect\n>p2 move leafblade\n>p1 switch 5\n>p2 move closecombat\n>p1 switch 4\n>p1 move dazzlinggleam\n>p2 switch 4\n>p1 move dazzlinggleam\n>p2 move voltswitch\n>p2 switch 6\n>p1 switch 5\n>p2 move substitute\n>p1 move protect\n>p2 move whirlpool\n>chat \u2606puccigay|erm\n>p1 move foulplay\n>p2 move whirlpool\n>p1 move foulplay\n>p2 move surf\n>p1 move wish\n>p2 move substitute\n>p1 move foulplay\n>p2 move surf\n>p1 move wish\n>p2 move surf\n>p1 switch 2\n>p2 move whirlpool\n>p1 move aurasphere\n>p2 move surf\n>p1 move aurasphere\n>p2 move substitute\n>p1 move aurasphere\n>p2 move substitute\n>p1 move aurasphere\n>p2 move endeavor terastallize\n>p1 switch 2\n>p1 move foulplay\n>p2 switch 4\n>p1 switch 5\n>p2 move closecombat\n>p1 move thunderbolt\n>p2 move leafblade\n>p2 switch 5\n>p1 move superfang\n>p2 move powerwhip\n>p1 switch 5\n>p1 move toxic\n>p2 move synthesis\n>p1 move wish\n>p2 move knockoff\n>p1 move foulplay\n>p2 move synthesis\n>p1 move foulplay\n>p2 move highjumpkick\n>p2 switch 4\n>p1 move foulplay\n>p2 move surf\n>p2 switch 2\n>p1 move toxic\n>p2 move scald\n>p1 switch 3\n>p1 move filletaway\n>p2 move scald\n>p1 move psychocut terastallize\n>p2 move wish\n>p1 move psychocut\n>p2 move protect\n>p1 move psychocut\n>p2 move wish\n>p1 move psychocut\n>p2 move protect\n>p1 move psychocut\n>p2 move wish\n>p1 move psychocut\n>p2 move protect\n>p1 move psychocut\n>p2 move scald", "uploadtime": 1714695629, "views": 235, "formatid": "gen9randombattle", "rating": 2213, "private": 0, "password": null}