{"id": "gen9randombattle-2260669728", "format": "[Gen 9] Random Battle", "players": ["whydoyoucairsomuk", "Hi Im Michael"], "log": "|j|\u2606whydoyoucairsomuk\n|j|\u2606Hi Im Michael\n|t:|1733876260\n|gametype|singles\n|player|p1|whydoyoucairsomuk|169|1541\n|player|p2|Hi Im Michael|volkner|1588\n|teamsize|p1|6\n|teamsize|p2|6\n|gen|9\n|tier|[Gen 9] Random Battle\n|rated|\n|rule|Species Clause: Limit one of each Pok\u00e9mon\n|rule|HP Percentage Mod: HP is shown in percentages\n|rule|Sleep Clause Mod: Limit one foe put to sleep\n|rule|Illusion Level Mod: Illusion disguises the Pok\u00e9mon's true level\n|\n|t:|1733876260\n|start\n|switch|p1a: Giratina|Giratina-Origin, L72|335/335\n|switch|p2a: Dodrio|Dodrio, L86, M|243/243\n|turn|1\n|inactive|Battle timer is ON: inactive players will automatically lose when time's up. (requested by Hi Im Michael)\n|\n|t:|1733876275\n|move|p2a: Dodrio|Swords Dance|p2a: Dodrio\n|-boost|p2a: Dodrio|atk|2\n|move|p1a: Giratina|Will-O-Wisp|p2a: Dodrio\n|-status|p2a: Dodrio|brn\n|\n|-damage|p2a: Dodrio|228/243 brn|[from] brn\n|upkeep\n|turn|2\n|inactive|whydoyoucairsomuk has 120 seconds left.\n|\n|t:|1733876309\n|switch|p1a: Kilowattrel|Kilowattrel, L83, M|252/252\n|move|p2a: Dodrio|Swords Dance|p2a: Dodrio\n|-boost|p2a: Dodrio|atk|2\n|\n|-damage|p2a: Dodrio|213/243 brn|[from] brn\n|upkeep\n|turn|3\n|inactive|whydoyoucairsomuk has 120 seconds left.\n|\n|t:|1733876320\n|switch|p2a: Porygon2|Porygon2, L82|274/274\n|-ability|p2a: Porygon2|Download|boost\n|-boost|p2a: Porygon2|spa|1\n|move|p1a: Kilowattrel|Thunderbolt|p2a: Porygon2\n|-damage|p2a: Porygon2|204/274\n|\n|upkeep\n|turn|4\n|\n|t:|1733876329\n|move|p1a: Kilowattrel|U-turn|p2a: Porygon2\n|-damage|p2a: Porygon2|176/274\n|inactive|whydoyoucairsomuk has 120 seconds left.\n|\n|t:|1733876346\n|switch|p1a: Heracross|Heracross, L80, F|259/259|[from] U-turn\n|move|p2a: Porygon2|Tera Blast|p1a: Heracross\n|-damage|p1a: Heracross|138/259\n|\n|upkeep\n|turn|5\n|inactive|whydoyoucairsomuk has 120 seconds left.\n|\n|t:|1733876365\n|switch|p2a: Gengar|Gengar, L81, M|230/230\n|move|p1a: Heracross|Stone Edge|p2a: Gengar\n|-damage|p2a: Gengar|115/230\n|\n|upkeep\n|turn|6\n|\n|t:|1733876378\n|switch|p2a: Empoleon|Empoleon, L84, F|278/278\n|move|p1a: Heracross|Stone Edge|p2a: Empoleon\n|-resisted|p2a: Empoleon\n|-crit|p2a: Empoleon\n|-damage|p2a: Empoleon|220/278\n|\n|-heal|p2a: Empoleon|237/278|[from] item: Leftovers\n|upkeep\n|turn|7\n|\n|t:|1733876391\n|switch|p1a: Flapple|Flapple, L88, M|266/266\n|move|p2a: Empoleon|Surf|p1a: Flapple\n|-resisted|p1a: Flapple\n|-damage|p1a: Flapple|236/266\n|\n|-heal|p2a: Empoleon|254/278|[from] item: Leftovers\n|upkeep\n|turn|8\n|c|\u2606Hi Im Michael|It\u2019s your turn\n|\n|t:|1733876417\n|move|p1a: Flapple|Grav Apple|p2a: Empoleon\n|-damage|p2a: Empoleon|107/278\n|-unboost|p2a: Empoleon|def|1\n|-ability|p2a: Empoleon|Competitive|boost\n|-boost|p2a: Empoleon|spa|2\n|move|p2a: Empoleon|Yawn|p1a: Flapple\n|-start|p1a: Flapple|move: Yawn|[of] p2a: Empoleon\n|\n|-heal|p2a: Empoleon|124/278|[from] item: Leftovers\n|upkeep\n|turn|9\n|inactive|whydoyoucairsomuk has 90 seconds left.\n|\n|t:|1733876436\n|switch|p1a: Heracross|Heracross, L80, F|138/259\n|switch|p2a: Volcarona|Volcarona, L77, F|257/257\n|\n|upkeep\n|turn|10\n|inactive|whydoyoucairsomuk has 90 seconds left.\n|\n|t:|1733876448\n|move|p1a: Heracross|Stone Edge|p2a: Volcarona\n|-supereffective|p2a: Volcarona\n|-damage|p2a: Volcarona|0 fnt\n|faint|p2a: Volcarona\n|-ability|p1a: Heracross|Moxie|boost\n|-boost|p1a: Heracross|atk|1\n|\n|upkeep\n|\n|t:|1733876465\n|switch|p2a: Empoleon|Empoleon, L84, F|124/278\n|turn|11\n|inactive|whydoyoucairsomuk has 90 seconds left.\n|\n|t:|1733876495\n|switch|p1a: Corviknight|Corviknight, L80, F|288/288\n|-ability|p1a: Corviknight|Pressure\n|move|p2a: Empoleon|Roost|p2a: Empoleon\n|-heal|p2a: Empoleon|263/278\n|-singleturn|p2a: Empoleon|move: Roost\n|\n|-heal|p2a: Empoleon|278/278|[from] item: Leftovers\n|upkeep\n|turn|12\n|\n|t:|1733876507\n|move|p1a: Corviknight|U-turn|p2a: Empoleon\n|-resisted|p2a: Empoleon\n|-damage|p2a: Empoleon|257/278\n|\n|t:|1733876514\n|switch|p1a: Kilowattrel|Kilowattrel, L83, M|252/252|[from] U-turn\n|move|p2a: Empoleon|Yawn|p1a: Kilowattrel\n|-start|p1a: Kilowattrel|move: Yawn|[of] p2a: Empoleon\n|\n|-heal|p2a: Empoleon|274/278|[from] item: Leftovers\n|upkeep\n|turn|13\n|\n|t:|1733876523\n|move|p1a: Kilowattrel|U-turn|p2a: Empoleon\n|-resisted|p2a: Empoleon\n|-damage|p2a: Empoleon|253/278\n|\n|t:|1733876527\n|switch|p1a: Flapple|Flapple, L88, M|236/266|[from] U-turn\n|move|p2a: Empoleon|Surf|p1a: Flapple\n|-resisted|p1a: Flapple\n|-damage|p1a: Flapple|201/266\n|\n|-heal|p2a: Empoleon|270/278|[from] item: Leftovers\n|upkeep\n|turn|14\n|inactive|whydoyoucairsomuk has 90 seconds left.\n|\n|t:|1733876540\n|move|p1a: Flapple|Grav Apple|p2a: Empoleon\n|-damage|p2a: Empoleon|114/278\n|-unboost|p2a: Empoleon|def|1\n|-ability|p2a: Empoleon|Competitive|boost\n|-boost|p2a: Empoleon|spa|2\n|move|p2a: Empoleon|Knock Off|p1a: Flapple\n|-damage|p1a: Flapple|136/266\n|-enditem|p1a: Flapple|Wide Lens|[from] move: Knock Off|[of] p2a: Empoleon\n|\n|-heal|p2a: Empoleon|131/278|[from] item: Leftovers\n|upkeep\n|turn|15\n|inactive|whydoyoucairsomuk has 90 seconds left.\n|\n|t:|1733876557\n|switch|p2a: Dodrio|Dodrio, L86, M|213/243 brn\n|move|p1a: Flapple|Grav Apple|p2a: Dodrio\n|-resisted|p2a: Dodrio\n|-damage|p2a: Dodrio|120/243 brn\n|-unboost|p2a: Dodrio|def|1\n|\n|-damage|p2a: Dodrio|105/243 brn|[from] brn\n|upkeep\n|turn|16\n|inactive|whydoyoucairsomuk has 90 seconds left.\n|\n|t:|1733876573\n|switch|p1a: Corviknight|Corviknight, L80, F|288/288\n|-ability|p1a: Corviknight|Pressure\n|move|p2a: Dodrio|Brave Bird|p1a: Corviknight\n|-resisted|p1a: Corviknight\n|-damage|p1a: Corviknight|253/288\n|-damage|p2a: Dodrio|65/243 brn|[from] item: Rocky Helmet|[of] p1a: Corviknight\n|-damage|p2a: Dodrio|53/243 brn|[from] Recoil\n|\n|-damage|p2a: Dodrio|38/243 brn|[from] brn\n|upkeep\n|turn|17\n|\n|t:|1733876597\n|move|p2a: Dodrio|Double-Edge|p1a: Corviknight\n|-resisted|p1a: Corviknight\n|-damage|p1a: Corviknight|222/288\n|-damage|p2a: Dodrio|0 fnt|[from] item: Rocky Helmet|[of] p1a: Corviknight\n|faint|p2a: Dodrio\n|move|p1a: Corviknight|Roost|p1a: Corviknight\n|-heal|p1a: Corviknight|288/288\n|-singleturn|p1a: Corviknight|move: Roost\n|\n|upkeep\n|\n|t:|1733876610\n|switch|p2a: Skeledirge|Skeledirge, L79, F|294/294\n|turn|18\n|\n|t:|1733876624\n|switch|p1a: Wigglytuff|Wigglytuff, L96, M|424/424\n|move|p2a: Skeledirge|Torch Song|p1a: Wigglytuff\n|-damage|p1a: Wigglytuff|312/424\n|-boost|p2a: Skeledirge|spa|1\n|\n|-heal|p1a: Wigglytuff|338/424|[from] item: Leftovers\n|upkeep\n|turn|19\n|\n|t:|1733876635\n|move|p2a: Skeledirge|Torch Song|p1a: Wigglytuff\n|-damage|p1a: Wigglytuff|176/424\n|-boost|p2a: Skeledirge|spa|1\n|move|p1a: Wigglytuff|Thunder Wave|p2a: Skeledirge\n|-status|p2a: Skeledirge|par\n|\n|-heal|p1a: Wigglytuff|202/424|[from] item: Leftovers\n|upkeep\n|turn|20\n|\n|t:|1733876646\n|move|p1a: Wigglytuff|Wish|p1a: Wigglytuff\n|cant|p2a: Skeledirge|par\n|\n|-heal|p1a: Wigglytuff|228/424|[from] item: Leftovers\n|upkeep\n|turn|21\n|\n|t:|1733876660\n|move|p1a: Wigglytuff|Protect|p1a: Wigglytuff\n|-singleturn|p1a: Wigglytuff|Protect\n|cant|p2a: Skeledirge|par\n|\n|-heal|p1a: Wigglytuff|424/424|[from] move: Wish|[wisher] Wigglytuff\n|upkeep\n|turn|22\n|\n|t:|1733876682\n|switch|p1a: Flapple|Flapple, L88, M|136/266\n|cant|p2a: Skeledirge|par\n|\n|upkeep\n|turn|23\n|inactive|whydoyoucairsomuk has 60 seconds left.\n|\n|t:|1733876706\n|move|p1a: Flapple|Sucker Punch||[still]\n|-fail|p1a: Flapple\n|cant|p2a: Skeledirge|par\n|\n|upkeep\n|turn|24\n|inactive|whydoyoucairsomuk has 60 seconds left.\n|\n|t:|1733876717\n|-terastallize|p2a: Skeledirge|Fairy\n|move|p1a: Flapple|Outrage|p2a: Skeledirge\n|-immune|p2a: Skeledirge\n|cant|p2a: Skeledirge|par\n|\n|upkeep\n|turn|25\n|\n|t:|1733876726\n|move|p1a: Flapple|Grav Apple|p2a: Skeledirge\n|-damage|p2a: Skeledirge|152/294 par\n|-unboost|p2a: Skeledirge|def|1\n|cant|p2a: Skeledirge|par\n|\n|upkeep\n|turn|26\n|\n|t:|1733876738\n|move|p1a: Flapple|Grav Apple|p2a: Skeledirge\n|-damage|p2a: Skeledirge|0 fnt\n|faint|p2a: Skeledirge\n|\n|upkeep\n|\n|t:|1733876749\n|switch|p2a: Porygon2|Porygon2, L82|176/274\n|-ability|p2a: Porygon2|Download|boost\n|-boost|p2a: Porygon2|spa|1\n|turn|27\n|\n|t:|1733876763\n|move|p1a: Flapple|Grav Apple|p2a: Porygon2\n|-damage|p2a: Porygon2|77/274\n|-unboost|p2a: Porygon2|def|1\n|move|p2a: Porygon2|Thunder Wave|p1a: Flapple\n|-status|p1a: Flapple|par\n|\n|upkeep\n|turn|28\n|\n|t:|1733876779\n|switch|p1a: Heracross|Heracross, L80, F|138/259\n|move|p2a: Porygon2|Tera Blast|p1a: Heracross\n|-damage|p1a: Heracross|12/259\n|\n|upkeep\n|turn|29\n|\n|t:|1733876804\n|move|p1a: Heracross|Earthquake|p2a: Porygon2\n|-damage|p2a: Porygon2|0 fnt\n|faint|p2a: Porygon2\n|-ability|p1a: Heracross|Moxie|boost\n|-boost|p1a: Heracross|atk|1\n|\n|upkeep\n|\n|t:|1733876807\n|switch|p2a: Gengar|Gengar, L81, M|115/230\n|turn|30\n|\n|t:|1733876814\n|move|p1a: Heracross|Earthquake|p2a: Gengar\n|-supereffective|p2a: Gengar\n|-damage|p2a: Gengar|0 fnt\n|-start|p1a: Heracross|Disable|Earthquake|[from] ability: Cursed Body|[of] p2a: Gengar\n|faint|p2a: Gengar\n|-ability|p1a: Heracross|Moxie|boost\n|-boost|p1a: Heracross|atk|1\n|\n|upkeep\n|\n|t:|1733876827\n|switch|p2a: Empoleon|Empoleon, L84, F|131/278\n|turn|31\n|inactive|whydoyoucairsomuk has 90 seconds left.\n|\n|t:|1733876836\n|switch|p1a: Kilowattrel|Kilowattrel, L83, M|252/252\n|move|p2a: Empoleon|Surf|p1a: Kilowattrel\n|-damage|p1a: Kilowattrel|114/252\n|\n|-heal|p2a: Empoleon|148/278|[from] item: Leftovers\n|upkeep\n|turn|32\n|inactive|whydoyoucairsomuk has 90 seconds left.\n|\n|t:|1733876850\n|move|p1a: Kilowattrel|Thunderbolt|p2a: Empoleon\n|-supereffective|p2a: Empoleon\n|-damage|p2a: Empoleon|0 fnt\n|faint|p2a: Empoleon\n|\n|win|whydoyoucairsomuk\n|raw|whydoyoucairsomuk's rating: 1541 &rarr; <strong>1564</strong><br />(+23 for winning)\n|raw|Hi Im Michael's rating: 1588 &rarr; <strong>1565</strong><br />(-23 for losing)\n|l|\u2606Hi Im Michael\n|player|p2|\n", "inputlog": ">version bfd83cad13791eb5a5a409923076391caf6fb4d4\n>start {\"formatid\":\"gen9randombattle\",\"seed\":[38859,59883,60704,49262],\"rated\":\"Rated battle\"}\n>player p1 {\"name\":\"whydoyoucairsomuk\",\"avatar\":\"169\",\"rating\":1541,\"seed\":[5532,18497,51057,43043]}\n>player p2 {\"name\":\"Hi Im Michael\",\"avatar\":\"volkner\",\"rating\":1588,\"seed\":[12176,46580,25166,48970]}\n>p1 move willowisp\n>p2 move swordsdance\n>p1 switch 5\n>p2 move swordsdance\n>p1 move thunderbolt\n>p2 switch 2\n>p1 move uturn\n>p2 move terablast\n>p1 switch 6\n>p1 move stoneedge\n>p2 switch 3\n>p1 move stoneedge\n>p2 switch 5\n>p1 switch 2\n>p2 move surf\n>chat \u2606Hi Im Michael|It\u2019s your turn \n>p1 move gravapple\n>p2 move yawn\n>p1 switch 2\n>p2 switch 4\n>p1 move stoneedge\n>p2 move fierydance\n>p2 switch 4\n>p1 switch 3\n>p2 move roost\n>p1 move uturn\n>p2 move yawn\n>p1 switch 6\n>p1 move uturn\n>p2 move surf\n>p1 switch 2\n>p1 move gravapple\n>p2 move knockoff\n>p1 move gravapple\n>p2 switch 2\n>p1 switch 6\n>p2 move bravebird\n>p1 move roost\n>p2 move doubleedge\n>p2 switch 6\n>p1 switch 4\n>p2 move torchsong\n>p1 move thunderwave\n>p2 move torchsong\n>p1 move wish\n>p2 move torchsong\n>p1 move protect\n>p2 move torchsong\n>p1 switch 6\n>p2 move torchsong\n>p1 move suckerpunch\n>p2 move willowisp\n>p1 move outrage\n>p2 move willowisp terastallize\n>p1 move gravapple\n>p2 move torchsong\n>p1 move gravapple\n>p2 move slackoff\n>p2 switch 3\n>p1 move gravapple\n>p2 move thunderwave\n>p1 switch 3\n>p2 move terablast\n>p1 move earthquake\n>p2 move terablast\n>p2 switch 5\n>p1 move earthquake\n>p2 move sludgewave\n>p2 switch 2\n>p1 switch 2\n>p2 move surf\n>p1 move thunderbolt\n>p2 move roost", "uploadtime": 1733877013, "views": 9, "formatid": "gen9randombattle", "rating": 1564, "private": 0, "password": null}