{"id": "gen9randombattle-2259803024", "format": "[Gen 9] Random Battle", "players": ["Vjjnbvgjnnjj", "Jjjsjjsjxnxnnx"], "log": "|j|\u2606Vjjnbvgjnnjj\n|j|\u2606Jjjsjjsjxnxnnx\n|t:|1733768248\n|gametype|singles\n|player|p1|Vjjnbvgjnnjj|266|1016\n|player|p2|Jjjsjjsjxnxnnx|265|1045\n|teamsize|p1|6\n|teamsize|p2|6\n|gen|9\n|tier|[Gen 9] Random Battle\n|rated|\n|rule|Species Clause: Limit one of each Pok\u00e9mon\n|rule|HP Percentage Mod: HP is shown in percentages\n|rule|Sleep Clause Mod: Limit one foe put to sleep\n|rule|Illusion Level Mod: Illusion disguises the Pok\u00e9mon's true level\n|\n|t:|1733768248\n|start\n|switch|p1a: Braviary|Braviary-Hisui, L85, M|326/326\n|switch|p2a: Grimmsnarl|Grimmsnarl, L83, M|293/293\n|turn|1\n|inactive|Battle timer is ON: inactive players will automatically lose when time's up. (requested by Jjjsjjsjxnxnnx)\n|\n|t:|1733768254\n|move|p2a: Grimmsnarl|Thunder Wave|p1a: Braviary\n|-status|p1a: Braviary|par\n|move|p1a: Braviary|Hurricane|p2a: Grimmsnarl\n|-damage|p2a: Grimmsnarl|38/293\n|\n|-heal|p2a: Grimmsnarl|56/293|[from] item: Leftovers\n|upkeep\n|turn|2\n|\n|t:|1733768265\n|switch|p2a: Pachirisu|Pachirisu, L96, M|271/271\n|cant|p1a: Braviary|par\n|\n|upkeep\n|turn|3\n|\n|t:|1733768273\n|switch|p1a: Vikavolt|Vikavolt, L83, M|263/263\n|move|p2a: Pachirisu|Super Fang|p1a: Vikavolt\n|-damage|p1a: Vikavolt|132/263\n|\n|upkeep\n|turn|4\n|\n|t:|1733768280\n|move|p2a: Pachirisu|U-turn|p1a: Vikavolt\n|-damage|p1a: Vikavolt|93/263\n|\n|t:|1733768285\n|switch|p2a: Cetitan|Cetitan, L82, F|412/412|[from] U-turn\n|move|p1a: Vikavolt|Bug Buzz|p2a: Cetitan\n|-damage|p2a: Cetitan|231/412\n|\n|upkeep\n|turn|5\n|\n|t:|1733768299\n|move|p2a: Cetitan|Ice Spinner|p1a: Vikavolt\n|-damage|p1a: Vikavolt|6/263\n|move|p1a: Vikavolt|Sticky Web|p2a: Cetitan\n|-sidestart|p2: Jjjsjjsjxnxnnx|move: Sticky Web\n|\n|upkeep\n|turn|6\n|\n|t:|1733768303\n|move|p2a: Cetitan|Belly Drum|p2a: Cetitan\n|-damage|p2a: Cetitan|25/412\n|-setboost|p2a: Cetitan|atk|6|[from] move: Belly Drum\n|-enditem|p2a: Cetitan|Sitrus Berry|[eat]\n|-heal|p2a: Cetitan|128/412|[from] item: Sitrus Berry\n|move|p1a: Vikavolt|Bug Buzz|p2a: Cetitan\n|-damage|p2a: Cetitan|0 fnt\n|faint|p2a: Cetitan\n|\n|upkeep\n|\n|t:|1733768308\n|switch|p2a: Uxie|Uxie, L83|260/260\n|turn|7\n|\n|t:|1733768311\n|move|p2a: Uxie|Psychic Noise|p1a: Vikavolt\n|-damage|p1a: Vikavolt|0 fnt\n|faint|p1a: Vikavolt\n|\n|upkeep\n|\n|t:|1733768324\n|switch|p1a: Drednaw|Drednaw, L81, F|278/278\n|turn|8\n|\n|t:|1733768328\n|move|p2a: Uxie|Thunder Wave|p1a: Drednaw\n|-status|p1a: Drednaw|par\n|move|p1a: Drednaw|Shell Smash|p1a: Drednaw\n|-unboost|p1a: Drednaw|def|1\n|-unboost|p1a: Drednaw|spd|1\n|-boost|p1a: Drednaw|atk|2\n|-boost|p1a: Drednaw|spa|2\n|-boost|p1a: Drednaw|spe|2\n|-enditem|p1a: Drednaw|White Herb\n|-clearnegativeboost|p1a: Drednaw|[silent]\n|\n|upkeep\n|turn|9\n|\n|t:|1733768334\n|move|p2a: Uxie|Encore|p1a: Drednaw\n|-start|p1a: Drednaw|Encore\n|move|p1a: Drednaw|Shell Smash|p1a: Drednaw\n|-unboost|p1a: Drednaw|def|1\n|-unboost|p1a: Drednaw|spd|1\n|-boost|p1a: Drednaw|atk|2\n|-boost|p1a: Drednaw|spa|2\n|-boost|p1a: Drednaw|spe|2\n|\n|upkeep\n|turn|10\n|\n|t:|1733768337\n|move|p1a: Drednaw|Shell Smash|p1a: Drednaw\n|-unboost|p1a: Drednaw|def|1\n|-unboost|p1a: Drednaw|spd|1\n|-boost|p1a: Drednaw|atk|2\n|-boost|p1a: Drednaw|spa|2\n|-boost|p1a: Drednaw|spe|2\n|move|p2a: Uxie|Psychic Noise|p1a: Drednaw\n|-damage|p1a: Drednaw|107/278 par\n|-start|p1a: Drednaw|move: Heal Block\n|\n|upkeep\n|turn|11\n|\n|t:|1733768339\n|move|p1a: Drednaw|Shell Smash|p1a: Drednaw\n|-unboost|p1a: Drednaw|def|1\n|-unboost|p1a: Drednaw|spd|1\n|-boost|p1a: Drednaw|atk|0\n|-boost|p1a: Drednaw|spa|0\n|-boost|p1a: Drednaw|spe|0\n|move|p2a: Uxie|Psychic Noise|p1a: Drednaw\n|-damage|p1a: Drednaw|0 fnt\n|faint|p1a: Drednaw\n|\n|upkeep\n|\n|t:|1733768341\n|switch|p1a: Perrserker|Perrserker, L89, F|269/269\n|turn|12\n|\n|t:|1733768347\n|move|p2a: Uxie|Thunder Wave|p1a: Perrserker\n|-status|p1a: Perrserker|par\n|move|p1a: Perrserker|U-turn|p2a: Uxie\n|-supereffective|p2a: Uxie\n|-damage|p2a: Uxie|107/260\n|-damage|p1a: Perrserker|243/269 par|[from] item: Life Orb\n|\n|t:|1733768351\n|switch|p1a: Braviary|Braviary-Hisui, L85, M|326/326 par|[from] U-turn\n|\n|-heal|p2a: Uxie|123/260|[from] item: Leftovers\n|upkeep\n|turn|13\n|\n|t:|1733768358\n|move|p2a: Uxie|Stealth Rock|p1a: Braviary\n|-sidestart|p1: Vjjnbvgjnnjj|move: Stealth Rock\n|move|p1a: Braviary|Psychic|p2a: Uxie\n|-resisted|p2a: Uxie\n|-damage|p2a: Uxie|55/260\n|\n|-heal|p2a: Uxie|71/260|[from] item: Leftovers\n|upkeep\n|turn|14\n|\n|t:|1733768364\n|switch|p2a: Grimmsnarl|Grimmsnarl, L83, M|56/293\n|-activate|p2a: Grimmsnarl|move: Sticky Web\n|-unboost|p2a: Grimmsnarl|spe|1\n|move|p1a: Braviary|Hurricane|p2a: Grimmsnarl\n|-damage|p2a: Grimmsnarl|0 fnt\n|faint|p2a: Grimmsnarl\n|\n|upkeep\n|\n|t:|1733768369\n|switch|p2a: Eelektross|Eelektross, L87, F|290/290\n|turn|15\n|\n|t:|1733768374\n|move|p2a: Eelektross|Knock Off|p1a: Braviary\n|-supereffective|p1a: Braviary\n|-damage|p1a: Braviary|136/326 par\n|-enditem|p1a: Braviary|Life Orb|[from] move: Knock Off|[of] p2a: Eelektross\n|move|p1a: Braviary|Psychic|p2a: Eelektross\n|-damage|p2a: Eelektross|185/290\n|\n|upkeep\n|turn|16\n|\n|t:|1733768379\n|move|p2a: Eelektross|Discharge|p1a: Braviary\n|-supereffective|p1a: Braviary\n|-crit|p1a: Braviary\n|-damage|p1a: Braviary|0 fnt\n|faint|p1a: Braviary\n|\n|upkeep\n|\n|t:|1733768384\n|switch|p1a: Decidueye|Decidueye, L88, M|281/281\n|turn|17\n|\n|t:|1733768390\n|-terastallize|p1a: Decidueye|Grass\n|move|p1a: Decidueye|Leaf Storm|p2a: Eelektross\n|-crit|p2a: Eelektross\n|-damage|p2a: Eelektross|0 fnt\n|-unboost|p1a: Decidueye|spa|2\n|faint|p2a: Eelektross\n|\n|upkeep\n|\n|t:|1733768396\n|switch|p2a: Pachirisu|Pachirisu, L96, M|271/271\n|-activate|p2a: Pachirisu|move: Sticky Web\n|-unboost|p2a: Pachirisu|spe|1\n|turn|18\n|\n|t:|1733768400\n|move|p1a: Decidueye|Spirit Shackle|p2a: Pachirisu\n|-damage|p2a: Pachirisu|157/271\n|-activate|p2a: Pachirisu|trapped\n|move|p2a: Pachirisu|Nuzzle|p1a: Decidueye\n|-resisted|p1a: Decidueye\n|-damage|p1a: Decidueye|272/281\n|-status|p1a: Decidueye|par\n|\n|upkeep\n|turn|19\n|\n|t:|1733768405\n|move|p2a: Pachirisu|Super Fang|p1a: Decidueye\n|-damage|p1a: Decidueye|136/281 par\n|move|p1a: Decidueye|Spirit Shackle|p2a: Pachirisu\n|-damage|p2a: Pachirisu|49/271\n|\n|upkeep\n|turn|20\n|\n|t:|1733768412\n|move|p2a: Pachirisu|U-turn|p1a: Decidueye\n|-supereffective|p1a: Decidueye\n|-crit|p1a: Decidueye\n|-damage|p1a: Decidueye|20/281 par\n|\n|t:|1733768413\n|switch|p2a: Uxie|Uxie, L83|71/260|[from] U-turn\n|move|p1a: Decidueye|Roost|p1a: Decidueye\n|-heal|p1a: Decidueye|161/281 par\n|\n|-heal|p2a: Uxie|87/260|[from] item: Leftovers\n|upkeep\n|turn|21\n|\n|t:|1733768419\n|move|p2a: Uxie|Encore|p1a: Decidueye\n|-start|p1a: Decidueye|Encore\n|move|p1a: Decidueye|Roost|p1a: Decidueye\n|-heal|p1a: Decidueye|281/281 par\n|\n|-heal|p2a: Uxie|103/260|[from] item: Leftovers\n|upkeep\n|turn|22\n|\n|t:|1733768424\n|switch|p1a: Perrserker|Perrserker, L89, F|243/269 par\n|-damage|p1a: Perrserker|227/269 par|[from] Stealth Rock\n|move|p2a: Uxie|Psychic Noise|p1a: Perrserker\n|-resisted|p1a: Perrserker\n|-crit|p1a: Perrserker\n|-damage|p1a: Perrserker|162/269 par\n|-start|p1a: Perrserker|move: Heal Block\n|\n|-heal|p2a: Uxie|119/260|[from] item: Leftovers\n|upkeep\n|turn|23\n|\n|t:|1733768432\n|move|p2a: Uxie|Psychic Noise|p1a: Perrserker\n|-resisted|p1a: Perrserker\n|-damage|p1a: Perrserker|120/269 par\n|cant|p1a: Perrserker|par\n|\n|-heal|p2a: Uxie|135/260|[from] item: Leftovers\n|-end|p1a: Perrserker|move: Heal Block\n|upkeep\n|turn|24\n|\n|t:|1733768435\n|move|p2a: Uxie|Psychic Noise|p1a: Perrserker\n|-resisted|p1a: Perrserker\n|-damage|p1a: Perrserker|79/269 par\n|-start|p1a: Perrserker|move: Heal Block\n|cant|p1a: Perrserker|par\n|\n|-heal|p2a: Uxie|151/260|[from] item: Leftovers\n|upkeep\n|turn|25\n|\n|t:|1733768439\n|move|p2a: Uxie|Psychic Noise|p1a: Perrserker\n|-resisted|p1a: Perrserker\n|-damage|p1a: Perrserker|39/269 par\n|move|p1a: Perrserker|Iron Head|p2a: Uxie\n|-damage|p2a: Uxie|21/260\n|-damage|p1a: Perrserker|13/269 par|[from] item: Life Orb\n|\n|-heal|p2a: Uxie|37/260|[from] item: Leftovers\n|-end|p1a: Perrserker|move: Heal Block\n|upkeep\n|turn|26\n|\n|t:|1733768444\n|move|p2a: Uxie|Psychic Noise|p1a: Perrserker\n|-resisted|p1a: Perrserker\n|-damage|p1a: Perrserker|0 fnt\n|faint|p1a: Perrserker\n|\n|-heal|p2a: Uxie|53/260|[from] item: Leftovers\n|upkeep\n|\n|t:|1733768446\n|switch|p1a: Decidueye|Decidueye, L88, M, tera:Grass|281/281 par\n|turn|27\n|\n|t:|1733768450\n|move|p2a: Uxie|Psychic Noise|p1a: Decidueye\n|-damage|p1a: Decidueye|227/281 par\n|-start|p1a: Decidueye|move: Heal Block\n|move|p1a: Decidueye|Spirit Shackle|p2a: Uxie\n|-supereffective|p2a: Uxie\n|-damage|p2a: Uxie|0 fnt\n|faint|p2a: Uxie\n|\n|upkeep\n|\n|t:|1733768456\n|switch|p2a: Cloyster|Cloyster, L80, M|211/211\n|-activate|p2a: Cloyster|move: Sticky Web\n|-unboost|p2a: Cloyster|spe|1\n|-enditem|p2a: Cloyster|White Herb\n|-clearnegativeboost|p2a: Cloyster|[silent]\n|turn|28\n|\n|t:|1733768462\n|move|p2a: Cloyster|Icicle Spear|p1a: Decidueye\n|-supereffective|p1a: Decidueye\n|-damage|p1a: Decidueye|171/281 par\n|-supereffective|p1a: Decidueye\n|-damage|p1a: Decidueye|121/281 par\n|-supereffective|p1a: Decidueye\n|-damage|p1a: Decidueye|71/281 par\n|-supereffective|p1a: Decidueye\n|-damage|p1a: Decidueye|15/281 par\n|-supereffective|p1a: Decidueye\n|-damage|p1a: Decidueye|0 fnt\n|faint|p1a: Decidueye\n|-hitcount|p1: Decidueye|5\n|\n|upkeep\n|\n|t:|1733768464\n|switch|p1a: Hitmonchan|Hitmonchan, L87, M|229/229\n|-damage|p1a: Hitmonchan|215/229|[from] Stealth Rock\n|turn|29\n|\n|t:|1733768473\n|-terastallize|p2a: Cloyster|Ground\n|move|p1a: Hitmonchan|Drain Punch|p2a: Cloyster\n|-damage|p2a: Cloyster|128/211\n|-heal|p1a: Hitmonchan|229/229|[from] drain|[of] p2a: Cloyster\n|-damage|p1a: Hitmonchan|207/229|[from] item: Life Orb\n|move|p2a: Cloyster|Shell Smash|p2a: Cloyster\n|-unboost|p2a: Cloyster|def|1\n|-unboost|p2a: Cloyster|spd|1\n|-boost|p2a: Cloyster|atk|2\n|-boost|p2a: Cloyster|spa|2\n|-boost|p2a: Cloyster|spe|2\n|\n|upkeep\n|turn|30\n|\n|t:|1733768478\n|move|p2a: Cloyster|Icicle Spear|p1a: Hitmonchan\n|-damage|p1a: Hitmonchan|155/229\n|-damage|p1a: Hitmonchan|107/229\n|-damage|p1a: Hitmonchan|58/229\n|-damage|p1a: Hitmonchan|4/229\n|-damage|p1a: Hitmonchan|0 fnt\n|faint|p1a: Hitmonchan\n|-hitcount|p1: Hitmonchan|5\n|\n|win|Jjjsjjsjxnxnnx\n|raw|Vjjnbvgjnnjj's rating: 1016 &rarr; <strong>1005</strong><br />(-11 for losing)\n|raw|Jjjsjjsjxnxnnx's rating: 1045 &rarr; <strong>1075</strong><br />(+30 for winning)\n|l|\u2606Vjjnbvgjnnjj\n|player|p1|\n", "inputlog": ">version bfd83cad13791eb5a5a409923076391caf6fb4d4\n>start {\"formatid\":\"gen9randombattle\",\"seed\":[62390,8760,54188,40684],\"rated\":\"Rated battle\"}\n>player p1 {\"name\":\"Vjjnbvgjnnjj\",\"avatar\":\"266\",\"rating\":1016,\"seed\":[2059,8823,12672,13843]}\n>player p2 {\"name\":\"Jjjsjjsjxnxnnx\",\"avatar\":\"265\",\"rating\":1045,\"seed\":[20487,64559,49616,40946]}\n>p1 move hurricane\n>p2 move thunderwave\n>p1 move heatwave\n>p2 switch 2\n>p1 switch 2\n>p2 move superfang\n>p1 move bugbuzz\n>p2 move uturn\n>p2 switch 4\n>p1 move stickyweb\n>p2 move icespinner\n>p1 move bugbuzz\n>p2 move bellydrum\n>p2 switch 5\n>p1 move bugbuzz\n>p2 move psychicnoise\n>p1 switch 4\n>p1 move shellsmash\n>p2 move thunderwave\n>p1 move shellsmash\n>p2 move encore\n>p1 move shellsmash\n>p2 move psychicnoise\n>p1 move shellsmash\n>p2 move psychicnoise\n>p1 switch 3\n>p1 move uturn\n>p2 move thunderwave\n>p1 switch 2\n>p1 move psychic\n>p2 move stealthrock\n>p1 move hurricane\n>p2 switch 2\n>p2 switch 3\n>p1 move psychic\n>p2 move knockoff\n>p1 move psychic\n>p2 move discharge\n>p1 switch 6\n>p1 move leafstorm terastallize\n>p2 move knockoff\n>p2 switch 4\n>p1 move spiritshackle\n>p2 move nuzzle\n>p1 move spiritshackle\n>p2 move superfang\n>p1 move roost\n>p2 move uturn\n>p2 switch 2\n>p1 move spiritshackle\n>p2 move encore\n>p1 switch 2\n>p2 move psychicnoise\n>p1 move ironhead\n>p2 move psychicnoise\n>p1 move ironhead\n>p2 move psychicnoise\n>p1 move ironhead\n>p2 move psychicnoise\n>p1 move ironhead\n>p2 move psychicnoise\n>p1 switch 2\n>p1 move spiritshackle\n>p2 move psychicnoise\n>p2 switch 6\n>p1 move leafstorm\n>p2 move iciclespear\n>p1 switch 5\n>p1 move drainpunch\n>p2 move shellsmash terastallize\n>p1 move icepunch\n>p2 move iciclespear", "uploadtime": 1733768601, "views": 1, "formatid": "gen9randombattle", "rating": 1005, "private": 0, "password": null}