{"id": "gen9randombattle-2260917041", "format": "[Gen 9] Random Battle", "players": ["Enoque08", "orangenkopf"], "log": "|j|\u2606Enoque08\n|j|\u2606orangenkopf\n|t:|1733916368\n|gametype|singles\n|player|p1|Enoque08|ghetsis-gen5bw|1929\n|player|p2|orangenkopf|waitress|1960\n|teamsize|p1|6\n|teamsize|p2|6\n|gen|9\n|tier|[Gen 9] Random Battle\n|rated|\n|rule|Species Clause: Limit one of each Pok\u00e9mon\n|rule|HP Percentage Mod: HP is shown in percentages\n|rule|Sleep Clause Mod: Limit one foe put to sleep\n|rule|Illusion Level Mod: Illusion disguises the Pok\u00e9mon's true level\n|\n|t:|1733916368\n|start\n|switch|p1a: Dragalge|Dragalge, L88, F|258/258\n|switch|p2a: Dragalge|Dragalge, L88, M|258/258\n|turn|1\n|inactive|Battle timer is ON: inactive players will automatically lose when time's up. (requested by Enoque08)\n|\n|t:|1733916385\n|move|p1a: Dragalge|Draco Meteor|p2a: Dragalge\n|-supereffective|p2a: Dragalge\n|-damage|p2a: Dragalge|0 fnt\n|-unboost|p1a: Dragalge|spa|2\n|faint|p2a: Dragalge\n|\n|upkeep\n|j|+Fantos13\n|c|\u2606orangenkopf|Fuck\n|c|+Fantos13|passiert\n|c|\u2606Enoque08|I hate it when this happens\n|c|\u2606Enoque08|hehe\n|c|+Fantos13|wer kriegt so lead\n|c|\u2606orangenkopf|Lol\n|c|\u2606orangenkopf|I didn't wanna chicken out\n|\n|t:|1733916411\n|switch|p2a: Veluza|Veluza, L85, F|292/292\n|turn|2\n|c|\u2606Enoque08|The rest of my team wouldn't tank a draco meteor\n|\n|t:|1733916427\n|switch|p1a: Bombirdier|Bombirdier, L85, M|258/258\n|move|p2a: Veluza|Night Slash|p1a: Bombirdier\n|-resisted|p1a: Bombirdier\n|-damage|p1a: Bombirdier|196/258\n|\n|upkeep\n|turn|3\n|\n|t:|1733916441\n|switch|p2a: Iron Hands|Iron Hands, L79|373/373\n|move|p1a: Bombirdier|Knock Off|p2a: Iron Hands\n|-resisted|p2a: Iron Hands\n|-damage|p2a: Iron Hands|301/373\n|-enditem|p2a: Iron Hands|Leftovers|[from] move: Knock Off|[of] p1a: Bombirdier\n|\n|upkeep\n|turn|4\n|\n|t:|1733916452\n|switch|p1a: Dragalge|Dragalge, L88, F|258/258\n|move|p2a: Iron Hands|Ice Punch|p1a: Dragalge\n|-supereffective|p1a: Dragalge\n|-damage|p1a: Dragalge|130/258\n|\n|-heal|p1a: Dragalge|146/258|[from] item: Leftovers\n|upkeep\n|turn|5\n|\n|t:|1733916461\n|move|p1a: Dragalge|Draco Meteor|p2a: Iron Hands\n|-damage|p2a: Iron Hands|25/373\n|-unboost|p1a: Dragalge|spa|2\n|move|p2a: Iron Hands|Ice Punch|p1a: Dragalge\n|-supereffective|p1a: Dragalge\n|-damage|p1a: Dragalge|36/258\n|\n|-heal|p1a: Dragalge|52/258|[from] item: Leftovers\n|upkeep\n|turn|6\n|\n|t:|1733916467\n|move|p1a: Dragalge|Sludge Wave|p2a: Iron Hands\n|-damage|p2a: Iron Hands|0 fnt\n|faint|p2a: Iron Hands\n|-end|p2a: Iron Hands|Quark Drive|[silent]\n|\n|-heal|p1a: Dragalge|68/258|[from] item: Leftovers\n|upkeep\n|\n|t:|1733916469\n|switch|p2a: Veluza|Veluza, L85, F|292/292\n|turn|7\n|\n|t:|1733916471\n|move|p2a: Veluza|Aqua Cutter|p1a: Dragalge\n|-resisted|p1a: Dragalge\n|-crit|p1a: Dragalge\n|-damage|p1a: Dragalge|0 fnt\n|faint|p1a: Dragalge\n|\n|upkeep\n|\n|t:|1733916483\n|switch|p1a: Walking Wake|Walking Wake, L79|286/286\n|turn|8\n|\n|t:|1733916507\n|switch|p2a: Zarude|Zarude, L78|292/292\n|move|p1a: Walking Wake|Flip Turn|p2a: Zarude\n|-resisted|p2a: Zarude\n|-damage|p2a: Zarude|270/292\n|\n|t:|1733916514\n|-end|p1a: Walking Wake|Protosynthesis|[silent]\n|switch|p1a: Sneasler|Sneasler, L74, M|240/240|[from] Flip Turn\n|\n|-heal|p2a: Zarude|288/292|[from] item: Leftovers\n|upkeep\n|turn|9\n|\n|t:|1733916519\n|switch|p2a: Magmortar|Magmortar, L88, M|275/275\n|move|p1a: Sneasler|U-turn|p2a: Magmortar\n|-resisted|p2a: Magmortar\n|-damage|p2a: Magmortar|233/275\n|\n|t:|1733916526\n|switch|p1a: Walking Wake|Walking Wake, L79|286/286|[from] U-turn\n|\n|upkeep\n|turn|10\n|inactive|orangenkopf has 120 seconds left.\n|\n|t:|1733916570\n|-terastallize|p2a: Magmortar|Fighting\n|move|p1a: Walking Wake|Hydro Pump|p2a: Magmortar\n|-damage|p2a: Magmortar|67/275\n|move|p2a: Magmortar|Focus Blast|p1a: Walking Wake|[miss]\n|-miss|p2a: Magmortar|p1a: Walking Wake\n|\n|upkeep\n|turn|11\n|\n|t:|1733916577\n|move|p1a: Walking Wake|Hydro Pump|p2a: Magmortar\n|-damage|p2a: Magmortar|0 fnt\n|faint|p2a: Magmortar\n|\n|upkeep\n|\n|t:|1733916582\n|switch|p2a: Zarude|Zarude, L78|288/292\n|turn|12\n|inactive|orangenkopf has 120 seconds left.\n|\n|t:|1733916613\n|move|p1a: Walking Wake|Hydro Pump|p2a: Zarude\n|-resisted|p2a: Zarude\n|-damage|p2a: Zarude|192/292\n|move|p2a: Zarude|Knock Off|p1a: Walking Wake\n|-damage|p1a: Walking Wake|175/286\n|-enditem|p1a: Walking Wake|Choice Specs|[from] move: Knock Off|[of] p2a: Zarude\n|\n|-heal|p2a: Zarude|210/292|[from] item: Leftovers\n|upkeep\n|turn|13\n|\n|t:|1733916617\n|move|p1a: Walking Wake|Flamethrower|p2a: Zarude\n|-supereffective|p2a: Zarude\n|-damage|p2a: Zarude|68/292\n|move|p2a: Zarude|Synthesis|p2a: Zarude\n|-heal|p2a: Zarude|214/292\n|\n|-heal|p2a: Zarude|232/292|[from] item: Leftovers\n|upkeep\n|turn|14\n|\n|t:|1733916624\n|move|p1a: Walking Wake|Draco Meteor|p2a: Zarude\n|-damage|p2a: Zarude|82/292\n|-unboost|p1a: Walking Wake|spa|2\n|move|p2a: Zarude|Synthesis|p2a: Zarude\n|-heal|p2a: Zarude|228/292\n|\n|-heal|p2a: Zarude|246/292|[from] item: Leftovers\n|upkeep\n|turn|15\n|inactive|orangenkopf has 120 seconds left.\n|\n|t:|1733916632\n|move|p1a: Walking Wake|Flip Turn|p2a: Zarude\n|-resisted|p2a: Zarude\n|-damage|p2a: Zarude|222/292\n|\n|t:|1733916633\n|-end|p1a: Walking Wake|Protosynthesis|[silent]\n|switch|p1a: Bombirdier|Bombirdier, L85, M|196/258|[from] Flip Turn\n|move|p2a: Zarude|Power Whip|p1a: Bombirdier\n|-resisted|p1a: Bombirdier\n|-damage|p1a: Bombirdier|130/258\n|\n|-heal|p2a: Zarude|240/292|[from] item: Leftovers\n|upkeep\n|turn|16\n|inactive|orangenkopf has 120 seconds left.\n|\n|t:|1733916663\n|move|p2a: Zarude|Knock Off|p1a: Bombirdier\n|-resisted|p1a: Bombirdier\n|-damage|p1a: Bombirdier|72/258\n|-enditem|p1a: Bombirdier|Choice Band|[from] move: Knock Off|[of] p2a: Zarude\n|move|p1a: Bombirdier|U-turn|p2a: Zarude\n|-supereffective|p2a: Zarude\n|-damage|p2a: Zarude|28/292\n|\n|t:|1733916668\n|switch|p1a: Walking Wake|Walking Wake, L79|175/286|[from] U-turn\n|\n|-heal|p2a: Zarude|46/292|[from] item: Leftovers\n|upkeep\n|turn|17\n|\n|t:|1733916672\n|move|p1a: Walking Wake|Flamethrower|p2a: Zarude\n|-supereffective|p2a: Zarude\n|-damage|p2a: Zarude|0 fnt\n|faint|p2a: Zarude\n|\n|upkeep\n|\n|t:|1733916677\n|switch|p2a: Crawdaunt|Crawdaunt, L84, M|243/243\n|turn|18\n|\n|t:|1733916682\n|move|p1a: Walking Wake|Draco Meteor|p2a: Crawdaunt\n|-damage|p2a: Crawdaunt|29/243\n|-unboost|p1a: Walking Wake|spa|2\n|move|p2a: Crawdaunt|Dragon Dance|p2a: Crawdaunt\n|-boost|p2a: Crawdaunt|atk|1\n|-boost|p2a: Crawdaunt|spe|1\n|\n|upkeep\n|turn|19\n|\n|t:|1733916686\n|move|p1a: Walking Wake|Draco Meteor|p2a: Crawdaunt\n|-damage|p2a: Crawdaunt|0 fnt\n|-unboost|p1a: Walking Wake|spa|2\n|faint|p2a: Crawdaunt\n|\n|upkeep\n|\n|t:|1733916688\n|switch|p2a: Veluza|Veluza, L85, F|292/292\n|turn|20\n|\n|t:|1733916693\n|move|p1a: Walking Wake|Flamethrower|p2a: Veluza\n|-resisted|p2a: Veluza\n|-damage|p2a: Veluza|278/292\n|-status|p2a: Veluza|brn\n|move|p2a: Veluza|Aqua Cutter|p1a: Walking Wake\n|-resisted|p1a: Walking Wake\n|-damage|p1a: Walking Wake|153/286\n|\n|-damage|p2a: Veluza|260/292 brn|[from] brn\n|upkeep\n|turn|21\n|\n|t:|1733916696\n|move|p1a: Walking Wake|Flip Turn|p2a: Veluza\n|-resisted|p2a: Veluza\n|-damage|p2a: Veluza|229/292 brn\n|\n|t:|1733916699\n|-end|p1a: Walking Wake|Protosynthesis|[silent]\n|switch|p1a: Inteleon|Inteleon, L81, F|246/246|[from] Flip Turn\n|move|p2a: Veluza|Aqua Cutter|p1a: Inteleon\n|-resisted|p1a: Inteleon\n|-crit|p1a: Inteleon\n|-damage|p1a: Inteleon|165/246\n|\n|-damage|p2a: Veluza|211/292 brn|[from] brn\n|upkeep\n|turn|22\n|c|\u2606Enoque08|I had 4 u-turns/flip turns\n|c|\u2606Enoque08|impossible to play against\n|\n|t:|1733916726\n|move|p1a: Inteleon|U-turn|p2a: Veluza\n|-supereffective|p2a: Veluza\n|-damage|p2a: Veluza|109/292 brn\n|\n|t:|1733916729\n|switch|p1a: Walking Wake|Walking Wake, L79|153/286|[from] U-turn\n|move|p2a: Veluza|Aqua Cutter|p1a: Walking Wake\n|-resisted|p1a: Walking Wake\n|-crit|p1a: Walking Wake\n|-damage|p1a: Walking Wake|120/286\n|\n|-damage|p2a: Veluza|91/292 brn|[from] brn\n|upkeep\n|turn|23\n|c|\u2606orangenkopf|Yup\n|c|\u2606Enoque08|gg\n|c|\u2606orangenkopf|Unwinnable matchup\n|c|\u2606orangenkopf|Gg\n|\n|t:|1733916738\n|move|p1a: Walking Wake|Draco Meteor|p2a: Veluza\n|-damage|p2a: Veluza|0 fnt\n|-unboost|p1a: Walking Wake|spa|2\n|faint|p2a: Veluza\n|\n|win|Enoque08\n|raw|Enoque08's rating: 1929 &rarr; <strong>1951</strong><br />(+22 for winning)\n|raw|orangenkopf's rating: 1960 &rarr; <strong>1938</strong><br />(-22 for losing)\n", "inputlog": ">version bfd83cad13791eb5a5a409923076391caf6fb4d4\n>start {\"formatid\":\"gen9randombattle\",\"seed\":[24194,7432,4276,2952],\"rated\":\"Rated battle\"}\n>player p1 {\"name\":\"Enoque08\",\"avatar\":\"ghetsis-gen5bw\",\"rating\":1929,\"seed\":[1696,34948,20339,61438]}\n>player p2 {\"name\":\"orangenkopf\",\"avatar\":\"waitress\",\"rating\":1960,\"seed\":[13309,53826,48877,26287]}\n>p1 move dracometeor\n>p2 move dracometeor\n>chat \u2606orangenkopf|Fuck\n>chat +Fantos13|passiert\n>chat \u2606Enoque08|I hate it when this happens\n>chat \u2606Enoque08|hehe\n>chat +Fantos13|wer kriegt so lead\n>chat \u2606orangenkopf|Lol\n>chat \u2606orangenkopf|I didn't wanna chicken out\n>p2 switch 3\n>chat \u2606Enoque08|The rest of my team wouldn't tank a draco meteor\n>p1 switch 4\n>p2 move nightslash\n>p1 move knockoff\n>p2 switch 6\n>p1 switch 4\n>p2 move icepunch\n>p1 move dracometeor\n>p2 move icepunch\n>p1 move sludgewave\n>p2 move icepunch\n>p2 switch 6\n>p1 move toxicspikes\n>p2 move aquacutter\n>p1 switch 6\n>p1 move flipturn\n>p2 switch 4\n>p1 switch 3\n>p1 move uturn\n>p2 switch 2\n>p1 switch 3\n>p1 move hydropump\n>p2 move focusblast terastallize\n>p1 move hydropump\n>p2 move focusblast\n>p2 switch 2\n>p1 move hydropump\n>p2 move knockoff\n>p1 move flamethrower\n>p2 move synthesis\n>p1 move dracometeor\n>p2 move synthesis\n>p1 move flipturn\n>p2 move powerwhip\n>p1 switch 4\n>p1 move uturn\n>p2 move knockoff\n>p1 switch 4\n>p1 move flamethrower\n>p2 move powerwhip\n>p2 switch 5\n>p1 move dracometeor\n>p2 move dragondance\n>p1 move dracometeor\n>p2 move dragondance\n>p2 switch 4\n>p1 move flamethrower\n>p2 move aquacutter\n>p1 move flipturn\n>p2 move aquacutter\n>p1 switch 5\n>chat \u2606Enoque08|I had 4 u-turns/flip turns\n>chat \u2606Enoque08|impossible to play against\n>p1 move uturn\n>p2 move aquacutter\n>p1 switch 5\n>chat \u2606orangenkopf|Yup\n>chat \u2606Enoque08|gg\n>chat \u2606orangenkopf|Unwinnable matchup\n>chat \u2606orangenkopf|Gg\n>p1 move dracometeor\n>p2 move aquacutter", "uploadtime": 1733916742, "views": 3, "formatid": "gen9randombattle", "rating": 1938, "private": 0, "password": null}