{"id": "gen9randombattle-2259946186", "format": "[Gen 9] Random Battle", "players": ["omegared7", "Beauty Nova"], "log": "|j|\u2606omegared7\n|j|\u2606Beauty Nova\n|t:|1733782913\n|gametype|singles\n|player|p1|omegared7|1|1330\n|player|p2|Beauty Nova|beauty-gen6xy|1369\n|teamsize|p1|6\n|teamsize|p2|6\n|gen|9\n|tier|[Gen 9] Random Battle\n|rated|\n|rule|Species Clause: Limit one of each Pok\u00e9mon\n|rule|HP Percentage Mod: HP is shown in percentages\n|rule|Sleep Clause Mod: Limit one foe put to sleep\n|rule|Illusion Level Mod: Illusion disguises the Pok\u00e9mon's true level\n|\n|t:|1733782913\n|start\n|switch|p1a: Corviknight|Corviknight, L80, F|288/288\n|switch|p2a: Florges|Florges-Yellow, L85, F|271/271\n|turn|1\n|\n|t:|1733782924\n|switch|p2a: Corviknight|Corviknight, L80, M|288/288\n|move|p1a: Corviknight|Brave Bird|p2a: Corviknight\n|-resisted|p2a: Corviknight\n|-damage|p2a: Corviknight|240/288\n|-damage|p1a: Corviknight|272/288|[from] Recoil\n|\n|-heal|p2a: Corviknight|258/288|[from] item: Leftovers\n|-heal|p1a: Corviknight|288/288|[from] item: Leftovers\n|upkeep\n|turn|2\n|\n|t:|1733782942\n|switch|p1a: Eelektross|Eelektross, L87, M|290/290\n|move|p2a: Corviknight|Body Press|p1a: Eelektross\n|-damage|p1a: Eelektross|234/290\n|\n|-heal|p2a: Corviknight|276/288|[from] item: Leftovers\n|-heal|p1a: Eelektross|252/290|[from] item: Leftovers\n|upkeep\n|turn|3\n|\n|t:|1733782963\n|switch|p2a: Arboliva|Arboliva, L91, F|290/290\n|move|p1a: Eelektross|Coil|p1a: Eelektross\n|-boost|p1a: Eelektross|atk|1\n|-boost|p1a: Eelektross|def|1\n|-boost|p1a: Eelektross|accuracy|1\n|\n|-heal|p1a: Eelektross|270/290|[from] item: Leftovers\n|upkeep\n|turn|4\n|\n|t:|1733782974\n|move|p1a: Eelektross|Knock Off|p2a: Arboliva\n|-damage|p2a: Arboliva|180/290\n|-fieldstart|move: Grassy Terrain|[from] ability: Seed Sower|[of] p2a: Arboliva\n|-enditem|p2a: Arboliva|Leftovers|[from] move: Knock Off|[of] p1a: Eelektross\n|move|p2a: Arboliva|Strength Sap|p1a: Eelektross\n|-unboost|p1a: Eelektross|atk|1\n|-heal|p2a: Arboliva|290/290\n|\n|-heal|p1a: Eelektross|288/290|[from] item: Leftovers\n|upkeep\n|turn|5\n|\n|t:|1733782987\n|move|p1a: Eelektross|Coil|p1a: Eelektross\n|-boost|p1a: Eelektross|atk|1\n|-boost|p1a: Eelektross|def|1\n|-boost|p1a: Eelektross|accuracy|1\n|move|p2a: Arboliva|Strength Sap|p1a: Eelektross\n|-unboost|p1a: Eelektross|atk|1\n|\n|-heal|p1a: Eelektross|290/290|[from] item: Leftovers\n|upkeep\n|turn|6\n|\n|t:|1733782996\n|move|p1a: Eelektross|Coil|p1a: Eelektross\n|-boost|p1a: Eelektross|atk|1\n|-boost|p1a: Eelektross|def|1\n|-boost|p1a: Eelektross|accuracy|1\n|move|p2a: Arboliva|Strength Sap|p1a: Eelektross\n|-unboost|p1a: Eelektross|atk|1\n|\n|upkeep\n|turn|7\n|\n|t:|1733783004\n|move|p1a: Eelektross|Coil|p1a: Eelektross\n|-boost|p1a: Eelektross|atk|1\n|-boost|p1a: Eelektross|def|1\n|-boost|p1a: Eelektross|accuracy|1\n|move|p2a: Arboliva|Strength Sap|p1a: Eelektross\n|-unboost|p1a: Eelektross|atk|1\n|\n|upkeep\n|turn|8\n|\n|t:|1733783011\n|switch|p1a: Corviknight|Corviknight, L80, F|288/288\n|move|p2a: Arboliva|Strength Sap||[still]\n|-ability|p1a: Corviknight|Mirror Armor\n|-unboost|p2a: Arboliva|atk|1\n|-fail|p2a: Arboliva\n|\n|-fieldend|move: Grassy Terrain\n|upkeep\n|turn|9\n|\n|t:|1733783022\n|switch|p2a: Corviknight|Corviknight, L80, M|276/288\n|move|p1a: Corviknight|Brave Bird|p2a: Corviknight\n|-resisted|p2a: Corviknight\n|-crit|p2a: Corviknight\n|-damage|p2a: Corviknight|195/288\n|-damage|p1a: Corviknight|261/288|[from] Recoil\n|\n|-heal|p2a: Corviknight|213/288|[from] item: Leftovers\n|-heal|p1a: Corviknight|279/288|[from] item: Leftovers\n|upkeep\n|turn|10\n|\n|t:|1733783035\n|switch|p1a: Forretress|Forretress, L84, F|263/263\n|switch|p2a: Blaziken|Blaziken, L76, F|247/247\n|\n|upkeep\n|turn|11\n|\n|t:|1733783044\n|move|p2a: Blaziken|Flare Blitz|p1a: Forretress\n|-supereffective|p1a: Forretress\n|-ability|p1a: Forretress|Sturdy\n|-damage|p1a: Forretress|1/263\n|-status|p1a: Forretress|brn\n|-damage|p2a: Blaziken|161/247|[from] Recoil\n|-damage|p2a: Blaziken|137/247|[from] item: Life Orb\n|move|p1a: Forretress|Volt Switch|p2a: Blaziken\n|-damage|p2a: Blaziken|90/247\n|\n|t:|1733783055\n|switch|p1a: Kingdra|Kingdra, L84, F|263/263|[from] Volt Switch\n|\n|-ability|p2a: Blaziken|Speed Boost|boost\n|-boost|p2a: Blaziken|spe|1\n|upkeep\n|turn|12\n|\n|t:|1733783065\n|move|p2a: Blaziken|Knock Off|p1a: Kingdra\n|-damage|p1a: Kingdra|188/263\n|-enditem|p1a: Kingdra|Lum Berry|[from] move: Knock Off|[of] p2a: Blaziken\n|-damage|p2a: Blaziken|66/247|[from] item: Life Orb\n|move|p1a: Kingdra|Wave Crash|p2a: Blaziken\n|-supereffective|p2a: Blaziken\n|-damage|p2a: Blaziken|0 fnt\n|faint|p2a: Blaziken\n|-damage|p1a: Kingdra|166/263|[from] Recoil\n|\n|upkeep\n|\n|t:|1733783072\n|switch|p2a: Arboliva|Arboliva, L91, F|290/290\n|turn|13\n|\n|t:|1733783081\n|switch|p1a: Forretress|Forretress, L84, F|1/263 brn\n|move|p2a: Arboliva|Energy Ball|p1a: Forretress\n|-resisted|p1a: Forretress\n|-damage|p1a: Forretress|0 fnt\n|faint|p1a: Forretress\n|\n|upkeep\n|\n|t:|1733783098\n|switch|p1a: Corviknight|Corviknight, L80, F|279/288\n|turn|14\n|\n|t:|1733783110\n|switch|p2a: Glalie|Glalie, L96, F|309/309\n|move|p1a: Corviknight|U-turn|p2a: Glalie\n|-damage|p2a: Glalie|267/309\n|\n|t:|1733783127\n|switch|p1a: Eelektross|Eelektross, L87, M|290/290|[from] U-turn\n|\n|upkeep\n|turn|15\n|\n|t:|1733783140\n|move|p2a: Glalie|Taunt|p1a: Eelektross\n|-start|p1a: Eelektross|move: Taunt\n|cant|p1a: Eelektross|move: Taunt|Coil\n|\n|upkeep\n|turn|16\n|\n|t:|1733783145\n|move|p2a: Glalie|Spikes|p1a: Eelektross\n|-sidestart|p1: omegared7|Spikes\n|move|p1a: Eelektross|Drain Punch|p2a: Glalie\n|-supereffective|p2a: Glalie\n|-damage|p2a: Glalie|147/309\n|\n|upkeep\n|turn|17\n|\n|t:|1733783156\n|-terastallize|p2a: Glalie|Ghost\n|move|p2a: Glalie|Spikes|p1a: Eelektross\n|-sidestart|p1: omegared7|Spikes\n|move|p1a: Eelektross|Knock Off|p2a: Glalie\n|-supereffective|p2a: Glalie\n|-damage|p2a: Glalie|0 fnt\n|-enditem|p2a: Glalie|Heavy-Duty Boots|[from] move: Knock Off|[of] p1a: Eelektross\n|faint|p2a: Glalie\n|\n|-end|p1a: Eelektross|move: Taunt\n|upkeep\n|\n|t:|1733783167\n|switch|p2a: Arboliva|Arboliva, L91, F|290/290\n|turn|18\n|\n|t:|1733783170\n|switch|p1a: Corviknight|Corviknight, L80, F|279/288\n|move|p2a: Arboliva|Strength Sap||[still]\n|-ability|p1a: Corviknight|Mirror Armor\n|-unboost|p2a: Arboliva|atk|1\n|-fail|p2a: Arboliva\n|\n|-heal|p1a: Corviknight|288/288|[from] item: Leftovers\n|upkeep\n|turn|19\n|\n|t:|1733783180\n|switch|p2a: Corviknight|Corviknight, L80, M|213/288\n|move|p1a: Corviknight|Defog|p2a: Corviknight\n|-ability|p2a: Corviknight|Mirror Armor\n|-unboost|p1a: Corviknight|evasion|1\n|-sideend|p1: omegared7|Spikes|[from] move: Defog|[of] p1a: Corviknight\n|\n|-heal|p2a: Corviknight|231/288|[from] item: Leftovers\n|upkeep\n|turn|20\n|\n|t:|1733783204\n|switch|p1a: Eelektross|Eelektross, L87, M|290/290\n|move|p2a: Corviknight|Body Press|p1a: Eelektross\n|-damage|p1a: Eelektross|228/290\n|\n|-heal|p2a: Corviknight|249/288|[from] item: Leftovers\n|-heal|p1a: Eelektross|246/290|[from] item: Leftovers\n|upkeep\n|turn|21\n|\n|t:|1733783218\n|switch|p2a: Arboliva|Arboliva, L91, F|290/290\n|move|p1a: Eelektross|Coil|p1a: Eelektross\n|-boost|p1a: Eelektross|atk|1\n|-boost|p1a: Eelektross|def|1\n|-boost|p1a: Eelektross|accuracy|1\n|\n|-heal|p1a: Eelektross|264/290|[from] item: Leftovers\n|upkeep\n|turn|22\n|\n|t:|1733783228\n|move|p1a: Eelektross|Drain Punch|p2a: Arboliva\n|-supereffective|p2a: Arboliva\n|-damage|p2a: Arboliva|116/290\n|-heal|p1a: Eelektross|290/290|[from] drain|[of] p2a: Arboliva\n|-fieldstart|move: Grassy Terrain|[from] ability: Seed Sower|[of] p2a: Arboliva\n|move|p2a: Arboliva|Strength Sap|p1a: Eelektross\n|-unboost|p1a: Eelektross|atk|1\n|-heal|p2a: Arboliva|290/290\n|\n|upkeep\n|turn|23\n|\n|t:|1733783240\n|switch|p1a: Corviknight|Corviknight, L80, F|288/288\n|move|p2a: Arboliva|Hyper Voice|p1a: Corviknight\n|-resisted|p1a: Corviknight\n|-damage|p1a: Corviknight|211/288\n|\n|-heal|p1a: Corviknight|229/288|[from] item: Leftovers\n|upkeep\n|turn|24\n|\n|t:|1733783249\n|switch|p2a: Corviknight|Corviknight, L80, M|249/288\n|move|p1a: Corviknight|U-turn|p2a: Corviknight\n|-resisted|p2a: Corviknight\n|-damage|p2a: Corviknight|239/288\n|\n|t:|1733783266\n|switch|p1a: Eelektross|Eelektross, L87, M|290/290|[from] U-turn\n|\n|-heal|p2a: Corviknight|257/288|[from] item: Leftovers\n|upkeep\n|turn|25\n|\n|t:|1733783277\n|switch|p2a: Arboliva|Arboliva, L91, F|290/290\n|move|p1a: Eelektross|Drain Punch|p2a: Arboliva\n|-supereffective|p2a: Arboliva\n|-damage|p2a: Arboliva|166/290\n|\n|-heal|p2a: Arboliva|184/290|[from] Grassy Terrain\n|upkeep\n|turn|26\n|\n|t:|1733783286\n|switch|p1a: Corviknight|Corviknight, L80, F|229/288\n|move|p2a: Arboliva|Strength Sap|p1a: Corviknight\n|-ability|p1a: Corviknight|Mirror Armor\n|-unboost|p2a: Arboliva|atk|1\n|-heal|p2a: Arboliva|290/290\n|\n|-heal|p1a: Corviknight|247/288|[from] item: Leftovers\n|-fieldend|move: Grassy Terrain\n|upkeep\n|turn|27\n|\n|t:|1733783301\n|switch|p2a: Florges|Florges-Yellow, L85, F|271/271\n|move|p1a: Corviknight|Brave Bird|p2a: Florges\n|-damage|p2a: Florges|147/271\n|-damage|p1a: Corviknight|206/288|[from] Recoil\n|\n|-heal|p2a: Florges|163/271|[from] item: Leftovers\n|-heal|p1a: Corviknight|224/288|[from] item: Leftovers\n|upkeep\n|turn|28\n|\n|t:|1733783312\n|move|p2a: Florges|Wish|p2a: Florges\n|move|p1a: Corviknight|Brave Bird|p2a: Florges\n|-damage|p2a: Florges|40/271\n|-damage|p1a: Corviknight|183/288|[from] Recoil\n|\n|-heal|p2a: Florges|56/271|[from] item: Leftovers\n|-heal|p1a: Corviknight|201/288|[from] item: Leftovers\n|upkeep\n|turn|29\n|\n|t:|1733783330\n|move|p2a: Florges|Protect|p2a: Florges\n|-singleturn|p2a: Florges|Protect\n|move|p1a: Corviknight|Brave Bird|p2a: Florges\n|-activate|p2a: Florges|move: Protect\n|\n|-heal|p2a: Florges|191/271|[from] move: Wish|[wisher] Florges\n|-heal|p2a: Florges|207/271|[from] item: Leftovers\n|-heal|p1a: Corviknight|219/288|[from] item: Leftovers\n|upkeep\n|turn|30\n|\n|t:|1733783342\n|switch|p2a: Arboliva|Arboliva, L91, F|290/290\n|move|p1a: Corviknight|Brave Bird|p2a: Arboliva\n|-supereffective|p2a: Arboliva\n|-damage|p2a: Arboliva|96/290\n|-fieldstart|move: Grassy Terrain|[from] ability: Seed Sower|[of] p2a: Arboliva\n|-damage|p1a: Corviknight|155/288|[from] Recoil\n|\n|-heal|p1a: Corviknight|173/288|[from] item: Leftovers\n|-heal|p2a: Arboliva|114/290|[from] Grassy Terrain\n|upkeep\n|turn|31\n|\n|t:|1733783358\n|switch|p2a: Florges|Florges-Yellow, L85, F|207/271\n|move|p1a: Corviknight|Brave Bird|p2a: Florges\n|-damage|p2a: Florges|71/271\n|-damage|p1a: Corviknight|128/288|[from] Recoil\n|\n|-heal|p2a: Florges|87/271|[from] Grassy Terrain\n|-heal|p2a: Florges|103/271|[from] item: Leftovers\n|-heal|p1a: Corviknight|146/288|[from] item: Leftovers\n|upkeep\n|turn|32\n|\n|t:|1733783371\n|move|p2a: Florges|Protect|p2a: Florges\n|-singleturn|p2a: Florges|Protect\n|move|p1a: Corviknight|Brave Bird|p2a: Florges\n|-activate|p2a: Florges|move: Protect\n|\n|-heal|p2a: Florges|119/271|[from] Grassy Terrain\n|-heal|p2a: Florges|135/271|[from] item: Leftovers\n|-heal|p1a: Corviknight|164/288|[from] item: Leftovers\n|upkeep\n|turn|33\n|\n|t:|1733783385\n|switch|p2a: Swalot|Swalot, L90, F|326/326\n|move|p1a: Corviknight|Brave Bird|p2a: Swalot\n|-damage|p2a: Swalot|217/326\n|-damage|p1a: Corviknight|128/288|[from] Recoil\n|\n|-heal|p1a: Corviknight|146/288|[from] item: Leftovers\n|-heal|p2a: Swalot|237/326|[from] Grassy Terrain\n|-heal|p2a: Swalot|257/326|[from] item: Leftovers\n|upkeep\n|turn|34\n|\n|t:|1733783397\n|move|p2a: Swalot|Protect|p2a: Swalot\n|-singleturn|p2a: Swalot|Protect\n|move|p1a: Corviknight|Roost|p1a: Corviknight\n|-heal|p1a: Corviknight|288/288\n|-singleturn|p1a: Corviknight|move: Roost\n|\n|-heal|p2a: Swalot|277/326|[from] Grassy Terrain\n|-heal|p2a: Swalot|297/326|[from] item: Leftovers\n|-fieldend|move: Grassy Terrain\n|upkeep\n|turn|35\n|\n|t:|1733783412\n|move|p1a: Corviknight|Brave Bird|p2a: Swalot\n|-damage|p2a: Swalot|200/326\n|-damage|p1a: Corviknight|256/288|[from] Recoil\n|move|p2a: Swalot|Toxic|p1a: Corviknight\n|-immune|p1a: Corviknight\n|\n|-heal|p1a: Corviknight|274/288|[from] item: Leftovers\n|-heal|p2a: Swalot|220/326|[from] item: Leftovers\n|upkeep\n|turn|36\n|inactive|Battle timer is ON: inactive players will automatically lose when time's up. (requested by omegared7)\n|\n|t:|1733783431\n|move|p2a: Swalot|Protect|p2a: Swalot\n|-singleturn|p2a: Swalot|Protect\n|move|p1a: Corviknight|Brave Bird|p2a: Swalot\n|-activate|p2a: Swalot|move: Protect\n|\n|-heal|p1a: Corviknight|288/288|[from] item: Leftovers\n|-heal|p2a: Swalot|240/326|[from] item: Leftovers\n|upkeep\n|turn|37\n|\n|t:|1733783441\n|move|p2a: Swalot|Protect||[still]\n|-fail|p2a: Swalot\n|move|p1a: Corviknight|Brave Bird|p2a: Swalot\n|-damage|p2a: Swalot|128/326\n|-damage|p1a: Corviknight|251/288|[from] Recoil\n|\n|-heal|p1a: Corviknight|269/288|[from] item: Leftovers\n|-heal|p2a: Swalot|148/326|[from] item: Leftovers\n|upkeep\n|turn|38\n|\n|t:|1733783455\n|move|p2a: Swalot|Protect|p2a: Swalot\n|-singleturn|p2a: Swalot|Protect\n|move|p1a: Corviknight|Defog|p2a: Swalot\n|-activate|p2a: Swalot|move: Protect\n|\n|-heal|p1a: Corviknight|287/288|[from] item: Leftovers\n|-heal|p2a: Swalot|168/326|[from] item: Leftovers\n|upkeep\n|turn|39\n|\n|t:|1733783466\n|switch|p2a: Corviknight|Corviknight, L80, M|257/288\n|move|p1a: Corviknight|Brave Bird|p2a: Corviknight\n|-resisted|p2a: Corviknight\n|-damage|p2a: Corviknight|206/288\n|-damage|p1a: Corviknight|270/288|[from] Recoil\n|\n|-heal|p2a: Corviknight|224/288|[from] item: Leftovers\n|-heal|p1a: Corviknight|288/288|[from] item: Leftovers\n|upkeep\n|turn|40\n|\n|t:|1733783480\n|move|p2a: Corviknight|Brave Bird|p1a: Corviknight\n|-resisted|p1a: Corviknight\n|-damage|p1a: Corviknight|235/288\n|-damage|p2a: Corviknight|207/288|[from] Recoil\n|move|p1a: Corviknight|U-turn|p2a: Corviknight\n|-resisted|p2a: Corviknight\n|-damage|p2a: Corviknight|198/288\n|\n|t:|1733783502\n|switch|p1a: Eelektross|Eelektross, L87, M|290/290|[from] U-turn\n|\n|-heal|p2a: Corviknight|216/288|[from] item: Leftovers\n|upkeep\n|turn|41\n|\n|t:|1733783511\n|switch|p2a: Swalot|Swalot, L90, F|168/326\n|move|p1a: Eelektross|Drain Punch|p2a: Swalot\n|-resisted|p2a: Swalot\n|-damage|p2a: Swalot|137/326\n|-damage|p1a: Eelektross|274/290|[from] ability: Liquid Ooze|[of] p2a: Swalot\n|\n|-heal|p2a: Swalot|157/326|[from] item: Leftovers\n|-heal|p1a: Eelektross|290/290|[from] item: Leftovers\n|upkeep\n|turn|42\n|\n|t:|1733783527\n|switch|p1a: Corviknight|Corviknight, L80, F|235/288\n|move|p2a: Swalot|Toxic|p1a: Corviknight\n|-immune|p1a: Corviknight\n|\n|-heal|p1a: Corviknight|253/288|[from] item: Leftovers\n|-heal|p2a: Swalot|177/326|[from] item: Leftovers\n|upkeep\n|turn|43\n|\n|t:|1733783537\n|move|p2a: Swalot|Protect|p2a: Swalot\n|-singleturn|p2a: Swalot|Protect\n|move|p1a: Corviknight|Defog|p2a: Swalot\n|-activate|p2a: Swalot|move: Protect\n|\n|-heal|p1a: Corviknight|271/288|[from] item: Leftovers\n|-heal|p2a: Swalot|197/326|[from] item: Leftovers\n|upkeep\n|turn|44\n|\n|t:|1733783547\n|switch|p2a: Corviknight|Corviknight, L80, M|216/288\n|move|p1a: Corviknight|U-turn|p2a: Corviknight\n|-resisted|p2a: Corviknight\n|-damage|p2a: Corviknight|207/288\n|\n|t:|1733783552\n|switch|p1a: Eelektross|Eelektross, L87, M|290/290|[from] U-turn\n|\n|-heal|p2a: Corviknight|225/288|[from] item: Leftovers\n|upkeep\n|turn|45\n|\n|t:|1733783559\n|switch|p2a: Swalot|Swalot, L90, F|197/326\n|move|p1a: Eelektross|Supercell Slam|p2a: Swalot\n|-damage|p2a: Swalot|77/326\n|\n|-heal|p2a: Swalot|97/326|[from] item: Leftovers\n|upkeep\n|turn|46\n|\n|t:|1733783568\n|switch|p1a: Corviknight|Corviknight, L80, F|271/288\n|move|p2a: Swalot|Protect||[still]\n|-fail|p2a: Swalot\n|\n|-heal|p1a: Corviknight|288/288|[from] item: Leftovers\n|-heal|p2a: Swalot|117/326|[from] item: Leftovers\n|upkeep\n|turn|47\n|\n|t:|1733783577\n|switch|p2a: Florges|Florges-Yellow, L85, F|135/271\n|move|p1a: Corviknight|U-turn|p2a: Florges\n|-resisted|p2a: Florges\n|-damage|p2a: Florges|109/271\n|\n|t:|1733783586\n|switch|p1a: Kingdra|Kingdra, L84, F|166/263|[from] U-turn\n|\n|-heal|p2a: Florges|125/271|[from] item: Leftovers\n|upkeep\n|turn|48\n|\n|t:|1733783593\n|move|p1a: Kingdra|Iron Head|p2a: Florges\n|-supereffective|p2a: Florges\n|-damage|p2a: Florges|0 fnt\n|faint|p2a: Florges\n|\n|upkeep\n|\n|t:|1733783597\n|switch|p2a: Arboliva|Arboliva, L91, F|114/290\n|turn|49\n|\n|t:|1733783602\n|move|p1a: Kingdra|Iron Head|p2a: Arboliva\n|-damage|p2a: Arboliva|61/290\n|-fieldstart|move: Grassy Terrain|[from] ability: Seed Sower|[of] p2a: Arboliva\n|move|p2a: Arboliva|Strength Sap|p1a: Kingdra\n|-unboost|p1a: Kingdra|atk|1\n|-heal|p2a: Arboliva|269/290\n|\n|-heal|p1a: Kingdra|182/263|[from] Grassy Terrain\n|-heal|p2a: Arboliva|287/290|[from] Grassy Terrain\n|upkeep\n|turn|50\n|\n|t:|1733783614\n|switch|p1a: Corviknight|Corviknight, L80, F|288/288\n|move|p2a: Arboliva|Energy Ball|p1a: Corviknight\n|-resisted|p1a: Corviknight\n|-damage|p1a: Corviknight|243/288\n|\n|-heal|p1a: Corviknight|261/288|[from] item: Leftovers\n|-heal|p2a: Arboliva|290/290|[from] Grassy Terrain\n|upkeep\n|turn|51\n|\n|t:|1733783625\n|switch|p2a: Corviknight|Corviknight, L80, M|225/288\n|move|p1a: Corviknight|Brave Bird|p2a: Corviknight\n|-resisted|p2a: Corviknight\n|-damage|p2a: Corviknight|174/288\n|-damage|p1a: Corviknight|244/288|[from] Recoil\n|\n|-heal|p1a: Corviknight|262/288|[from] item: Leftovers\n|-heal|p2a: Corviknight|192/288|[from] item: Leftovers\n|upkeep\n|turn|52\n|\n|t:|1733783636\n|switch|p2a: Swalot|Swalot, L90, F|117/326\n|switch|p1a: Eelektross|Eelektross, L87, M|290/290\n|\n|-heal|p2a: Swalot|137/326|[from] Grassy Terrain\n|-heal|p2a: Swalot|157/326|[from] item: Leftovers\n|upkeep\n|turn|53\n|\n|t:|1733783645\n|switch|p1a: Corviknight|Corviknight, L80, F|262/288\n|move|p2a: Swalot|Toxic|p1a: Corviknight\n|-immune|p1a: Corviknight\n|\n|-heal|p1a: Corviknight|280/288|[from] item: Leftovers\n|-heal|p2a: Swalot|177/326|[from] Grassy Terrain\n|-heal|p2a: Swalot|197/326|[from] item: Leftovers\n|-fieldend|move: Grassy Terrain\n|upkeep\n|turn|54\n|\n|t:|1733783656\n|move|p2a: Swalot|Protect|p2a: Swalot\n|-singleturn|p2a: Swalot|Protect\n|move|p1a: Corviknight|Defog|p2a: Swalot\n|-activate|p2a: Swalot|move: Protect\n|\n|-heal|p1a: Corviknight|288/288|[from] item: Leftovers\n|-heal|p2a: Swalot|217/326|[from] item: Leftovers\n|upkeep\n|turn|55\n|\n|t:|1733783670\n|switch|p2a: Corviknight|Corviknight, L80, M|192/288\n|move|p1a: Corviknight|U-turn|p2a: Corviknight\n|-resisted|p2a: Corviknight\n|-damage|p2a: Corviknight|183/288\n|\n|t:|1733783675\n|switch|p1a: Eelektross|Eelektross, L87, M|290/290|[from] U-turn\n|\n|-heal|p2a: Corviknight|201/288|[from] item: Leftovers\n|upkeep\n|turn|56\n|\n|t:|1733783682\n|switch|p2a: Swalot|Swalot, L90, F|217/326\n|move|p1a: Eelektross|Knock Off|p2a: Swalot\n|-damage|p2a: Swalot|130/326\n|-enditem|p2a: Swalot|Leftovers|[from] move: Knock Off|[of] p1a: Eelektross\n|\n|upkeep\n|turn|57\n|\n|t:|1733783692\n|switch|p2a: Corviknight|Corviknight, L80, M|201/288\n|switch|p1a: Corviknight|Corviknight, L80, F|288/288\n|\n|-heal|p2a: Corviknight|219/288|[from] item: Leftovers\n|upkeep\n|turn|58\n|\n|t:|1733783701\n|switch|p1a: Eelektross|Eelektross, L87, M|290/290\n|move|p2a: Corviknight|Body Press|p1a: Eelektross\n|-damage|p1a: Eelektross|235/290\n|\n|-heal|p2a: Corviknight|237/288|[from] item: Leftovers\n|-heal|p1a: Eelektross|253/290|[from] item: Leftovers\n|upkeep\n|turn|59\n|c|\u2606Beauty Nova|yeah I can't make any progress\n|c|\u2606Beauty Nova|gg\n|-message|Beauty Nova forfeited.\n|\n|win|omegared7\n|raw|omegared7's rating: 1330 &rarr; <strong>1352</strong><br />(+22 for winning)\n|raw|Beauty Nova's rating: 1369 &rarr; <strong>1347</strong><br />(-22 for losing)\n|c|\u2606omegared7|Lol gg\n", "inputlog": ">version bfd83cad13791eb5a5a409923076391caf6fb4d4\n>start {\"formatid\":\"gen9randombattle\",\"seed\":[21970,64852,24355,40333],\"rated\":\"Rated battle\"}\n>player p1 {\"name\":\"omegared7\",\"avatar\":\"1\",\"rating\":1330,\"seed\":[42586,45633,53241,24052]}\n>player p2 {\"name\":\"Beauty Nova\",\"avatar\":\"beauty-gen6xy\",\"rating\":1369,\"seed\":[40640,28874,45320,55226]}\n>p1 move bravebird\n>p2 switch 5\n>p1 switch 6\n>p2 move bodypress\n>p1 move coil\n>p2 switch 4\n>p1 move knockoff\n>p2 move strengthsap\n>p1 move coil\n>p2 move strengthsap\n>p1 move coil\n>p2 move strengthsap\n>p1 move coil\n>p2 move strengthsap\n>p1 switch 6\n>p2 move strengthsap\n>p1 move bravebird\n>p2 switch 4\n>p1 switch 3\n>p2 switch 6\n>p1 move voltswitch\n>p2 move flareblitz\n>p1 switch 5\n>p1 move wavecrash\n>p2 move knockoff\n>p2 switch 4\n>p1 switch 5\n>p2 move energyball\n>p1 switch 3\n>p1 move uturn\n>p2 switch 2\n>p1 switch 6\n>p1 move coil\n>p2 move taunt\n>p1 move drainpunch\n>p2 move spikes\n>p1 move knockoff\n>p2 move spikes terastallize\n>p2 switch 2\n>p1 switch 6\n>p2 move strengthsap\n>p1 move defog\n>p2 switch 6\n>p1 switch 6\n>p2 move bodypress\n>p1 move coil\n>p2 switch 6\n>p1 move drainpunch\n>p2 move strengthsap\n>p1 switch 6\n>p2 move hypervoice\n>p1 move uturn\n>p2 switch 6\n>p1 switch 6\n>p1 move drainpunch\n>p2 switch 6\n>p1 switch 6\n>p2 move strengthsap\n>p1 move bravebird\n>p2 switch 5\n>p1 move bravebird\n>p2 move wish\n>p1 move bravebird\n>p2 move protect\n>p1 move bravebird\n>p2 switch 5\n>p1 move bravebird\n>p2 switch 5\n>p1 move bravebird\n>p2 move protect\n>p1 move bravebird\n>p2 switch 3\n>p1 move roost\n>p2 move protect\n>p1 move bravebird\n>p2 move toxic\n>p1 move bravebird\n>p2 move protect\n>p1 move bravebird\n>p2 move protect\n>p1 move defog\n>p2 move protect\n>p1 move bravebird\n>p2 switch 6\n>p1 move uturn\n>p2 move bravebird\n>p1 switch 6\n>p1 move drainpunch\n>p2 switch 6\n>p1 switch 6\n>p2 move toxic\n>p1 move defog\n>p2 move protect\n>p1 move uturn\n>p2 switch 6\n>p1 switch 6\n>p1 move supercellslam\n>p2 switch 6\n>p1 switch 6\n>p2 move protect\n>p1 move uturn\n>p2 switch 3\n>p1 switch 5\n>p1 move ironhead\n>p2 move wish\n>p2 switch 5\n>p1 move ironhead\n>p2 move strengthsap\n>p1 switch 5\n>p2 move energyball\n>p1 move bravebird\n>p2 switch 6\n>p1 switch 6\n>p2 switch 3\n>p1 switch 6\n>p2 move toxic\n>p1 move defog\n>p2 move protect\n>p1 move uturn\n>p2 switch 3\n>p1 switch 6\n>p1 move knockoff\n>p2 switch 3\n>p1 switch 6\n>p2 switch 3\n>p1 switch 6\n>p2 move bodypress\n>chat \u2606Beauty Nova|yeah I can't make any progress\n>chat \u2606Beauty Nova|gg\n>forcelose p2", "uploadtime": 1733783723, "views": 2, "formatid": "gen9randombattle", "rating": 1347, "private": 0, "password": null}