{"id": "gen9randombattle-2198382956", "format": "[Gen 9] Random Battle", "players": ["dvettsbatts", "Qiuescent"], "log": "|badge|p1|bronze|gen9randombattle|100-2\n|uhtml|medal-msg|<div class=\"broadcast-blue\">Curious what those medals under the avatar are? PS now has Ladder Seasons! For more information, check out the <a href=\"https://www.smogon.com/forums/threads/3740067/\">thread on Smogon.</a></div>\n|badge|p2|silver|gen9randombattle|30-2\n|uhtml|medal-msg|<div class=\"broadcast-blue\">Curious what those medals under the avatar are? PS now has Ladder Seasons! For more information, check out the <a href=\"https://www.smogon.com/forums/threads/3740067/\">thread on Smogon.</a></div>\n|j|\u2606dvettsbatts\n|j|\u203dQiuescent\n|t:|1725951361\n|gametype|singles\n|player|p1|dvettsbatts|drayden|2309\n|player|p2|Qiuescent|102|2391\n|teamsize|p1|6\n|teamsize|p2|6\n|gen|9\n|tier|[Gen 9] Random Battle\n|rated|\n|rule|Species Clause: Limit one of each Pok\u00e9mon\n|rule|HP Percentage Mod: HP is shown in percentages\n|rule|Sleep Clause Mod: Limit one foe put to sleep\n|rule|Illusion Level Mod: Illusion disguises the Pok\u00e9mon's true level\n|\n|t:|1725951361\n|start\n|switch|p1a: Clodsire|Clodsire, L81, F|343/343\n|switch|p2a: Hippowdon|Hippowdon, L82, F|311/311\n|-weather|Sandstorm|[from] ability: Sand Stream|[of] p2a: Hippowdon\n|turn|1\n|inactive|Battle timer is ON: inactive players will automatically lose when time's up. (requested by dvettsbatts)\n|\n|t:|1725951391\n|switch|p1a: Kommo-o|Kommo-o, L78, F|245/245\n|move|p2a: Hippowdon|Earthquake|p1a: Kommo-o\n|-damage|p1a: Kommo-o|161/245\n|\n|-weather|Sandstorm|[upkeep]\n|-damage|p1a: Kommo-o|146/245|[from] Sandstorm\n|upkeep\n|turn|2\n|\n|t:|1725951403\n|move|p1a: Kommo-o|Clanging Scales|p2a: Hippowdon\n|-damage|p2a: Hippowdon|194/311\n|-unboost|p1a: Kommo-o|def|1\n|-enditem|p1a: Kommo-o|Throat Spray\n|-boost|p1a: Kommo-o|spa|1|[from] item: Throat Spray\n|move|p2a: Hippowdon|Earthquake|p1a: Kommo-o\n|-damage|p1a: Kommo-o|4/245\n|\n|-weather|Sandstorm|[upkeep]\n|-damage|p1a: Kommo-o|0 fnt|[from] Sandstorm\n|faint|p1a: Kommo-o\n|-heal|p2a: Hippowdon|213/311|[from] item: Leftovers\n|upkeep\n|\n|t:|1725951416\n|switch|p1a: Volcanion|Volcanion, L79|255/255\n|turn|3\n|\n|t:|1725951430\n|switch|p2a: Slowking|Slowking-Galar, L85, F|300/300\n|move|p1a: Volcanion|Steam Eruption|p2a: Slowking\n|-damage|p2a: Slowking|230/300\n|\n|-weather|Sandstorm|[upkeep]\n|-damage|p1a: Volcanion|240/255|[from] Sandstorm\n|-damage|p2a: Slowking|212/300|[from] Sandstorm\n|upkeep\n|turn|4\n|\n|t:|1725951443\n|switch|p1a: Honchkrow|Honchkrow, L86, M|312/312\n|move|p2a: Slowking|Future Sight|p1a: Honchkrow\n|-start|p2a: Slowking|move: Future Sight\n|\n|-weather|Sandstorm|[upkeep]\n|-damage|p1a: Honchkrow|293/312|[from] Sandstorm\n|-damage|p2a: Slowking|194/300|[from] Sandstorm\n|upkeep\n|turn|5\n|\n|t:|1725951451\n|switch|p2a: Tyranitar|Tyranitar, L79, M|288/288\n|move|p1a: Honchkrow|Brave Bird|p2a: Tyranitar\n|-resisted|p2a: Tyranitar\n|-damage|p2a: Tyranitar|216/288\n|-damage|p1a: Honchkrow|269/312|[from] Recoil\n|\n|-weather|none\n|-heal|p2a: Tyranitar|234/288|[from] item: Leftovers\n|upkeep\n|turn|6\n|\n|t:|1725951463\n|move|p1a: Honchkrow|U-turn|p2a: Tyranitar\n|-supereffective|p2a: Tyranitar\n|-damage|p2a: Tyranitar|110/288\n|\n|t:|1725951475\n|switch|p1a: Volcanion|Volcanion, L79|240/255|[from] U-turn\n|move|p2a: Tyranitar|Stone Edge|p1a: Volcanion|[miss]\n|-miss|p2a: Tyranitar|p1a: Volcanion\n|\n|-end|p1a: Volcanion|move: Future Sight\n|-damage|p1a: Volcanion|147/255\n|-heal|p2a: Tyranitar|128/288|[from] item: Leftovers\n|upkeep\n|turn|7\n|\n|t:|1725951490\n|switch|p1a: Honchkrow|Honchkrow, L86, M|269/312\n|switch|p2a: Slowking|Slowking-Galar, L85, F|294/300\n|\n|upkeep\n|turn|8\n|\n|t:|1725951502\n|move|p1a: Honchkrow|Sucker Punch|p2a: Slowking\n|-supereffective|p2a: Slowking\n|-damage|p2a: Slowking|90/300\n|move|p2a: Slowking|Sludge Bomb|p1a: Honchkrow\n|-damage|p1a: Honchkrow|115/312\n|\n|upkeep\n|turn|9\n|\n|t:|1725951509\n|switch|p2a: Rampardos|Rampardos, L90, F|321/321\n|move|p1a: Honchkrow|Brave Bird|p2a: Rampardos\n|-resisted|p2a: Rampardos\n|-damage|p2a: Rampardos|213/321\n|-damage|p1a: Honchkrow|79/312|[from] Recoil\n|\n|upkeep\n|turn|10\n|\n|t:|1725951517\n|switch|p1a: Granbull|Granbull, L88, F|302/302\n|-ability|p1a: Granbull|Intimidate|boost\n|-unboost|p2a: Rampardos|atk|1\n|move|p2a: Rampardos|Head Smash|p1a: Granbull\n|-damage|p1a: Granbull|112/302\n|-damage|p2a: Rampardos|118/321|[from] Recoil\n|\n|-heal|p1a: Granbull|130/302|[from] item: Leftovers\n|upkeep\n|turn|11\n|\n|t:|1725951531\n|move|p2a: Rampardos|Head Smash|p1a: Granbull\n|-damage|p1a: Granbull|0 fnt\n|faint|p1a: Granbull\n|-damage|p2a: Rampardos|53/321|[from] Recoil\n|\n|upkeep\n|\n|t:|1725951541\n|switch|p1a: Honchkrow|Honchkrow, L86, M|79/312\n|turn|12\n|\n|t:|1725951545\n|switch|p2a: Enamorus|Enamorus, L79, F|247/247\n|move|p1a: Honchkrow|U-turn|p2a: Enamorus\n|-resisted|p2a: Enamorus\n|-damage|p2a: Enamorus|228/247\n|\n|t:|1725951556\n|switch|p1a: Clodsire|Clodsire, L81, F|343/343|[from] U-turn\n|\n|-heal|p2a: Enamorus|243/247|[from] item: Leftovers\n|upkeep\n|turn|13\n|\n|t:|1725951564\n|switch|p2a: Slowking|Slowking-Galar, L85, F|190/300\n|move|p1a: Clodsire|Stealth Rock|p2a: Slowking\n|-sidestart|p2: Qiuescent|move: Stealth Rock\n|\n|upkeep\n|turn|14\n|\n|t:|1725951570\n|move|p2a: Slowking|Psychic Noise|p1a: Clodsire\n|-supereffective|p1a: Clodsire\n|-damage|p1a: Clodsire|163/343\n|-start|p1a: Clodsire|move: Heal Block\n|move|p1a: Clodsire|Earthquake|p2a: Slowking\n|-supereffective|p2a: Slowking\n|-damage|p2a: Slowking|8/300\n|\n|upkeep\n|turn|15\n|\n|t:|1725951593\n|switch|p1a: Honchkrow|Honchkrow, L86, M|79/312\n|move|p2a: Slowking|Psychic Noise|p1a: Honchkrow\n|-immune|p1a: Honchkrow\n|\n|upkeep\n|turn|16\n|\n|t:|1725951602\n|switch|p2a: Enamorus|Enamorus, L79, F|243/247\n|-damage|p2a: Enamorus|182/247|[from] Stealth Rock\n|move|p1a: Honchkrow|Brave Bird|p2a: Enamorus\n|-damage|p2a: Enamorus|0 fnt\n|faint|p2a: Enamorus\n|-ability|p1a: Honchkrow|Moxie|boost\n|-boost|p1a: Honchkrow|atk|1\n|-damage|p1a: Honchkrow|19/312|[from] Recoil\n|\n|upkeep\n|\n|t:|1725951609\n|switch|p2a: Salamence|Salamence, L77, F|273/273\n|-ability|p2a: Salamence|Intimidate|boost\n|-unboost|p1a: Honchkrow|atk|1\n|turn|17\n|\n|t:|1725951628\n|move|p1a: Honchkrow|Sucker Punch|p2a: Salamence\n|-damage|p2a: Salamence|153/273\n|move|p2a: Salamence|Dual Wingbeat|p1a: Honchkrow\n|-damage|p1a: Honchkrow|0 fnt\n|faint|p1a: Honchkrow\n|-hitcount|p1: Honchkrow|1\n|\n|upkeep\n|\n|t:|1725951642\n|switch|p1a: Slither Wing|Slither Wing, L81|270/270\n|turn|18\n|\n|t:|1725951656\n|move|p1a: Slither Wing|First Impression|p2a: Salamence\n|-resisted|p2a: Salamence\n|-damage|p2a: Salamence|65/273\n|-damage|p1a: Slither Wing|243/270|[from] item: Life Orb\n|move|p2a: Salamence|Dragon Dance|p2a: Salamence\n|-boost|p2a: Salamence|atk|1\n|-boost|p2a: Salamence|spe|1\n|\n|upkeep\n|turn|19\n|\n|t:|1725951667\n|-end|p1a: Slither Wing|Protosynthesis|[silent]\n|switch|p1a: Clodsire|Clodsire, L81, F|163/343\n|move|p2a: Salamence|Dual Wingbeat|p1a: Clodsire\n|-damage|p1a: Clodsire|63/343\n|-damage|p1a: Clodsire|0 fnt\n|faint|p1a: Clodsire\n|-hitcount|p1: Clodsire|2\n|\n|upkeep\n|\n|t:|1725951675\n|switch|p1a: Slither Wing|Slither Wing, L81|243/270\n|turn|20\n|\n|t:|1725951683\n|switch|p2a: Tyranitar|Tyranitar, L79, M|128/288\n|-damage|p2a: Tyranitar|92/288|[from] Stealth Rock\n|-weather|Sandstorm|[from] ability: Sand Stream|[of] p2a: Tyranitar\n|move|p1a: Slither Wing|First Impression|p2a: Tyranitar\n|-supereffective|p2a: Tyranitar\n|-damage|p2a: Tyranitar|0 fnt\n|faint|p2a: Tyranitar\n|-damage|p1a: Slither Wing|216/270|[from] item: Life Orb\n|\n|-weather|Sandstorm|[upkeep]\n|-damage|p1a: Slither Wing|200/270|[from] Sandstorm\n|upkeep\n|\n|t:|1725951686\n|switch|p2a: Salamence|Salamence, L77, F|65/273\n|-ability|p2a: Salamence|Intimidate|boost\n|-unboost|p1a: Slither Wing|atk|1\n|turn|21\n|inactive|dvettsbatts has 120 seconds left.\n|\n|t:|1725951718\n|move|p2a: Salamence|Dual Wingbeat|p1a: Slither Wing\n|-supereffective|p1a: Slither Wing\n|-damage|p1a: Slither Wing|4/270\n|-supereffective|p1a: Slither Wing\n|-damage|p1a: Slither Wing|0 fnt\n|faint|p1a: Slither Wing\n|-end|p1a: Slither Wing|Protosynthesis|[silent]\n|-hitcount|p1: Slither Wing|2\n|\n|-weather|Sandstorm|[upkeep]\n|-damage|p2a: Salamence|48/273|[from] Sandstorm\n|upkeep\n|inactive|dvettsbatts has 120 seconds left.\n|\n|t:|1725951726\n|switch|p1a: Volcanion|Volcanion, L79|147/255\n|turn|22\n|\n|t:|1725951732\n|-terastallize|p1a: Volcanion|Water\n|move|p2a: Salamence|Earthquake|p1a: Volcanion\n|-crit|p1a: Volcanion\n|-damage|p1a: Volcanion|45/255\n|move|p1a: Volcanion|Flame Charge|p2a: Salamence\n|-resisted|p2a: Salamence\n|-damage|p2a: Salamence|15/273\n|-boost|p1a: Volcanion|spe|1\n|\n|-weather|Sandstorm|[upkeep]\n|-damage|p1a: Volcanion|30/255|[from] Sandstorm\n|-damage|p2a: Salamence|0 fnt|[from] Sandstorm\n|faint|p2a: Salamence\n|upkeep\n|\n|t:|1725951735\n|switch|p2a: Rampardos|Rampardos, L90, F|53/321\n|-damage|p2a: Rampardos|13/321|[from] Stealth Rock\n|turn|23\n|\n|t:|1725951750\n|move|p2a: Rampardos|Earthquake|p1a: Volcanion\n|-damage|p1a: Volcanion|0 fnt\n|faint|p1a: Volcanion\n|\n|win|Qiuescent\n|raw|dvettsbatts's rating: 2309 &rarr; <strong>2294</strong><br />(-15 for losing)\n|raw|Qiuescent's rating: 2391 &rarr; <strong>2406</strong><br />(+15 for winning)\n", "inputlog": ">version a7fd1c1c07600285a1536454bc1aca0abecfa22c\n>start {\"formatid\":\"gen9randombattle\",\"seed\":[62948,55606,41514,43201],\"rated\":\"Rated battle\"}\n>player p1 {\"name\":\"dvettsbatts\",\"avatar\":\"drayden\",\"rating\":2309,\"seed\":[29886,2253,30664,7364]}\n>player p2 {\"name\":\"Qiuescent\",\"avatar\":\"102\",\"rating\":2391,\"seed\":[40122,47102,18973,43187]}\n>p1 switch 6\n>p2 move earthquake\n>p1 move clangingscales\n>p2 move earthquake\n>p1 switch 2\n>p1 move steameruption\n>p2 switch 6\n>p1 switch 4\n>p2 move futuresight\n>p1 move bravebird\n>p2 switch 5\n>p1 move uturn\n>p2 move stoneedge\n>p1 switch 4\n>p1 switch 4\n>p2 switch 5\n>p1 move suckerpunch\n>p2 move sludgebomb\n>p1 move bravebird\n>p2 switch 2\n>p1 switch 3\n>p2 move headsmash\n>p1 move earthquake\n>p2 move headsmash\n>p1 switch 3\n>p1 move uturn\n>p2 switch 4\n>p1 switch 6\n>p1 move stealthrock\n>p2 switch 2\n>p1 move earthquake\n>p2 move psychicnoise\n>p1 switch 6\n>p2 move psychicnoise\n>p1 move bravebird\n>p2 switch 2\n>p2 switch 3\n>p1 move suckerpunch\n>p2 move dualwingbeat\n>p1 switch 5\n>p1 move firstimpression\n>p2 move dragondance\n>p1 switch 6\n>p2 move dualwingbeat\n>p1 switch 6\n>p1 move firstimpression\n>p2 switch 5\n>p2 switch 5\n>p1 move closecombat\n>p2 move dualwingbeat\n>p1 switch 4\n>p1 move flamecharge terastallize\n>p2 move earthquake\n>p2 switch 4\n>p1 move flamethrower\n>p2 move earthquake", "uploadtime": 1725951757, "views": 108, "formatid": "gen9randombattle", "rating": 2294, "private": 0, "password": null}