{"id": "gen9randombattle-2260305543", "format": "[Gen 9] Random Battle", "players": ["Clack Volley", "infivrr"], "log": "|j|\u2606Clack Volley\n|j|\u2606infivrr\n|t:|1733837765\n|gametype|singles\n|player|p1|Clack Volley|gambler|1720\n|player|p2|infivrr|170|1765\n|teamsize|p1|6\n|teamsize|p2|6\n|gen|9\n|tier|[Gen 9] Random Battle\n|rated|\n|rule|Species Clause: Limit one of each Pok\u00e9mon\n|rule|HP Percentage Mod: HP is shown in percentages\n|rule|Sleep Clause Mod: Limit one foe put to sleep\n|rule|Illusion Level Mod: Illusion disguises the Pok\u00e9mon's true level\n|\n|t:|1733837765\n|start\n|switch|p1a: Latias|Latias, L79, F|256/256\n|switch|p2a: Quagsire|Quagsire, L84, F|297/297\n|turn|1\n|\n|t:|1733837792\n|move|p1a: Latias|Calm Mind|p1a: Latias\n|-boost|p1a: Latias|spa|1\n|-boost|p1a: Latias|spd|1\n|move|p2a: Quagsire|Toxic|p1a: Latias\n|-status|p1a: Latias|tox\n|\n|-damage|p1a: Latias|240/256 tox|[from] psn\n|upkeep\n|turn|2\n|\n|t:|1733837801\n|switch|p2a: Volbeat|Volbeat, L90, M|263/263\n|move|p1a: Latias|Calm Mind|p1a: Latias\n|-boost|p1a: Latias|spa|1\n|-boost|p1a: Latias|spd|1\n|\n|-damage|p1a: Latias|208/256 tox|[from] psn\n|upkeep\n|turn|3\n|\n|t:|1733837804\n|switch|p1a: Gumshoos|Gumshoos, L95, M|321/321\n|move|p2a: Volbeat|Encore||[still]\n|-fail|p2a: Volbeat\n|\n|upkeep\n|turn|4\n|\n|t:|1733837811\n|move|p2a: Volbeat|Thunder Wave|p1a: Gumshoos|[miss]\n|-miss|p2a: Volbeat|p1a: Gumshoos\n|move|p1a: Gumshoos|Double-Edge|p2a: Volbeat\n|-damage|p2a: Volbeat|0 fnt\n|faint|p2a: Volbeat\n|-damage|p1a: Gumshoos|234/321|[from] Recoil\n|\n|upkeep\n|\n|t:|1733837817\n|switch|p2a: Minior|Minior-Orange, L79|224/224\n|-formechange|p2a: Minior|Minior-Meteor||[from] ability: Shields Down\n|turn|5\n|\n|t:|1733837821\n|switch|p1a: Quagsire|Quagsire, L84, F|297/297\n|move|p2a: Minior|Shell Smash|p2a: Minior\n|-unboost|p2a: Minior|def|1\n|-unboost|p2a: Minior|spd|1\n|-boost|p2a: Minior|atk|2\n|-boost|p2a: Minior|spa|2\n|-boost|p2a: Minior|spe|2\n|-enditem|p2a: Minior|White Herb\n|-clearnegativeboost|p2a: Minior|[silent]\n|\n|upkeep\n|turn|6\n|\n|t:|1733837825\n|move|p2a: Minior|Earthquake|p1a: Quagsire\n|-damage|p1a: Quagsire|254/297\n|move|p1a: Quagsire|Ice Beam|p2a: Minior\n|-supereffective|p2a: Minior\n|-damage|p2a: Minior|126/224\n|\n|-heal|p1a: Quagsire|272/297|[from] item: Leftovers\n|upkeep\n|turn|7\n|\n|t:|1733837833\n|move|p2a: Minior|Acrobatics|p1a: Quagsire\n|-damage|p1a: Quagsire|202/297\n|move|p1a: Quagsire|Spikes|p2a: Minior\n|-sidestart|p2: infivrr|Spikes\n|\n|-heal|p1a: Quagsire|220/297|[from] item: Leftovers\n|upkeep\n|turn|8\n|\n|t:|1733837836\n|move|p2a: Minior|Acrobatics|p1a: Quagsire\n|-damage|p1a: Quagsire|144/297\n|move|p1a: Quagsire|Ice Beam|p2a: Minior\n|-supereffective|p2a: Minior\n|-damage|p2a: Minior|28/224\n|\n|-heal|p1a: Quagsire|162/297|[from] item: Leftovers\n|-formechange|p2a: Minior|Minior-Orange||[from] ability: Shields Down\n|upkeep\n|turn|9\n|\n|t:|1733837838\n|move|p2a: Minior|Acrobatics|p1a: Quagsire\n|-damage|p1a: Quagsire|44/297\n|move|p1a: Quagsire|Ice Beam|p2a: Minior\n|-supereffective|p2a: Minior\n|-damage|p2a: Minior|0 fnt\n|faint|p2a: Minior\n|\n|-heal|p1a: Quagsire|62/297|[from] item: Leftovers\n|upkeep\n|\n|t:|1733837842\n|switch|p2a: Seviper|Seviper, L93, F|287/287\n|-damage|p2a: Seviper|252/287|[from] Spikes\n|turn|10\n|\n|t:|1733837848\n|move|p2a: Seviper|Trailblaze|p1a: Quagsire\n|-supereffective|p1a: Quagsire\n|-damage|p1a: Quagsire|0 fnt\n|-boost|p2a: Seviper|spe|1\n|faint|p1a: Quagsire\n|\n|-heal|p2a: Seviper|269/287|[from] item: Leftovers\n|upkeep\n|\n|t:|1733837849\n|switch|p1a: Latias|Latias, L79, F|208/256 tox\n|turn|11\n|\n|t:|1733837851\n|move|p2a: Seviper|Gunk Shot|p1a: Latias\n|-damage|p1a: Latias|46/256 tox\n|move|p1a: Latias|Psyshock|p2a: Seviper\n|-supereffective|p2a: Seviper\n|-damage|p2a: Seviper|23/287\n|\n|-heal|p2a: Seviper|40/287|[from] item: Leftovers\n|-damage|p1a: Latias|30/256 tox|[from] psn\n|upkeep\n|turn|12\n|\n|t:|1733837856\n|move|p2a: Seviper|Trailblaze|p1a: Latias\n|-resisted|p1a: Latias\n|-damage|p1a: Latias|7/256 tox\n|-boost|p2a: Seviper|spe|1\n|move|p1a: Latias|Psyshock|p2a: Seviper\n|-supereffective|p2a: Seviper\n|-damage|p2a: Seviper|0 fnt\n|faint|p2a: Seviper\n|\n|-damage|p1a: Latias|0 fnt|[from] psn\n|faint|p1a: Latias\n|upkeep\n|\n|t:|1733837860\n|switch|p1a: Clefable|Clefable, L83, F|293/293\n|switch|p2a: Quagsire|Quagsire, L84, F|297/297\n|-damage|p2a: Quagsire|260/297|[from] Spikes\n|turn|13\n|\n|t:|1733837868\n|switch|p1a: Gumshoos|Gumshoos, L95, M|234/321\n|move|p2a: Quagsire|Toxic|p1a: Gumshoos\n|-status|p1a: Gumshoos|tox\n|\n|-heal|p2a: Quagsire|278/297|[from] item: Leftovers\n|-damage|p1a: Gumshoos|214/321 tox|[from] psn\n|upkeep\n|turn|14\n|\n|t:|1733837873\n|move|p1a: Gumshoos|Double-Edge|p2a: Quagsire\n|-damage|p2a: Quagsire|0 fnt\n|faint|p2a: Quagsire\n|-damage|p1a: Gumshoos|122/321 tox|[from] Recoil\n|\n|-damage|p1a: Gumshoos|82/321 tox|[from] psn\n|upkeep\n|\n|t:|1733837875\n|switch|p2a: Cetitan|Cetitan, L82, F|412/412\n|-damage|p2a: Cetitan|361/412|[from] Spikes\n|turn|15\n|\n|t:|1733837877\n|move|p2a: Cetitan|Ice Spinner|p1a: Gumshoos\n|-damage|p1a: Gumshoos|0 fnt\n|faint|p1a: Gumshoos\n|\n|upkeep\n|\n|t:|1733837879\n|switch|p1a: Clefable|Clefable, L83, F|293/293\n|turn|16\n|\n|t:|1733837882\n|move|p2a: Cetitan|Belly Drum|p2a: Cetitan\n|-damage|p2a: Cetitan|155/412\n|-setboost|p2a: Cetitan|atk|6|[from] move: Belly Drum\n|-enditem|p2a: Cetitan|Sitrus Berry|[eat]\n|-heal|p2a: Cetitan|258/412|[from] item: Sitrus Berry\n|move|p1a: Clefable|Thunder Wave|p2a: Cetitan\n|-status|p2a: Cetitan|par\n|\n|upkeep\n|turn|17\n|\n|t:|1733837886\n|move|p1a: Clefable|Moonblast|p2a: Cetitan\n|-damage|p2a: Cetitan|125/412 par\n|-unboost|p2a: Cetitan|spa|1\n|move|p2a: Cetitan|Earthquake|p1a: Clefable\n|-damage|p1a: Clefable|212/293\n|\n|-heal|p1a: Clefable|230/293|[from] item: Leftovers\n|upkeep\n|turn|18\n|\n|t:|1733837890\n|move|p2a: Cetitan|Ice Shard|p1a: Clefable\n|-damage|p1a: Clefable|181/293\n|move|p1a: Clefable|Moonblast|p2a: Cetitan\n|-damage|p2a: Cetitan|0 fnt\n|faint|p2a: Cetitan\n|\n|-heal|p1a: Clefable|199/293|[from] item: Leftovers\n|upkeep\n|\n|t:|1733837892\n|switch|p2a: Diancie|Diancie, L82|216/216\n|-damage|p2a: Diancie|189/216|[from] Spikes\n|turn|19\n|\n|t:|1733837896\n|move|p1a: Clefable|Thunder Wave|p2a: Diancie\n|-status|p2a: Diancie|par\n|move|p2a: Diancie|Calm Mind|p2a: Diancie\n|-boost|p2a: Diancie|spa|1\n|-boost|p2a: Diancie|spd|1\n|\n|-heal|p1a: Clefable|217/293|[from] item: Leftovers\n|-heal|p2a: Diancie|202/216 par|[from] item: Leftovers\n|upkeep\n|turn|20\n|\n|t:|1733837929\n|move|p1a: Clefable|Moonblast|p2a: Diancie\n|-damage|p2a: Diancie|135/216 par\n|move|p2a: Diancie|Calm Mind|p2a: Diancie\n|-boost|p2a: Diancie|spa|1\n|-boost|p2a: Diancie|spd|1\n|\n|-heal|p1a: Clefable|235/293|[from] item: Leftovers\n|-heal|p2a: Diancie|148/216 par|[from] item: Leftovers\n|upkeep\n|turn|21\n|\n|t:|1733837952\n|move|p1a: Clefable|Moonblast|p2a: Diancie\n|-damage|p2a: Diancie|88/216 par\n|cant|p2a: Diancie|par\n|\n|-heal|p1a: Clefable|253/293|[from] item: Leftovers\n|-heal|p2a: Diancie|101/216 par|[from] item: Leftovers\n|upkeep\n|turn|22\n|\n|t:|1733837955\n|move|p1a: Clefable|Moonblast|p2a: Diancie\n|-damage|p2a: Diancie|34/216 par\n|move|p2a: Diancie|Draining Kiss|p1a: Clefable\n|-damage|p1a: Clefable|205/293\n|-heal|p2a: Diancie|70/216 par|[from] drain|[of] p1a: Clefable\n|\n|-heal|p1a: Clefable|223/293|[from] item: Leftovers\n|-heal|p2a: Diancie|83/216 par|[from] item: Leftovers\n|upkeep\n|turn|23\n|-message|infivrr forfeited.\n|\n|win|Clack Volley\n|raw|Clack Volley's rating: 1720 &rarr; <strong>1743</strong><br />(+23 for winning)\n|raw|infivrr's rating: 1765 &rarr; <strong>1742</strong><br />(-23 for losing)\n|l|\u2606infivrr\n|player|p2|\n", "inputlog": ">version bfd83cad13791eb5a5a409923076391caf6fb4d4\n>start {\"formatid\":\"gen9randombattle\",\"seed\":[32273,22828,44936,58475],\"rated\":\"Rated battle\"}\n>player p1 {\"name\":\"Clack Volley\",\"avatar\":\"gambler\",\"rating\":1720,\"seed\":[18265,17745,61345,33652]}\n>player p2 {\"name\":\"infivrr\",\"avatar\":\"170\",\"rating\":1765,\"seed\":[1910,30092,40792,26323]}\n>p1 move calmmind\n>p2 move toxic\n>p1 move calmmind\n>p2 switch 5\n>p1 switch 2\n>p2 move encore\n>p1 move doubleedge\n>p2 move thunderwave\n>p2 switch 4\n>p1 switch 6\n>p2 move shellsmash\n>p1 move icebeam\n>p2 move earthquake\n>p1 move spikes\n>p2 move acrobatics\n>p1 move icebeam\n>p2 move acrobatics\n>p1 move icebeam\n>p2 move acrobatics\n>p2 switch 3\n>p1 move earthquake\n>p2 move trailblaze\n>p1 switch 2\n>p1 move psyshock\n>p2 move gunkshot\n>p1 move psyshock\n>p2 move trailblaze\n>p1 switch 5\n>p2 switch 5\n>p1 switch 6\n>p2 move toxic\n>p1 move doubleedge\n>p2 move earthquake\n>p2 switch 6\n>p1 move doubleedge\n>p2 move icespinner\n>p1 switch 6\n>p1 move thunderwave\n>p2 move bellydrum\n>p1 move moonblast\n>p2 move earthquake\n>p1 move moonblast\n>p2 move iceshard\n>p2 switch 2\n>p1 move thunderwave\n>p2 move calmmind\n>p1 move moonblast\n>p2 move calmmind\n>p1 move moonblast\n>p2 move drainingkiss\n>p1 move moonblast\n>p2 move drainingkiss\n>forcelose p2", "uploadtime": 1733837960, "views": 2, "formatid": "gen9randombattle", "rating": 1742, "private": 0, "password": null}