{"id": "gen9randombattle-2260310603", "format": "[Gen 9] Random Battle", "players": ["PopularPups", "Jacobplayz210"], "log": "|j|\u2606PopularPups\n|j|\u2606Jacobplayz210\n|t:|1733838373\n|gametype|singles\n|player|p1|PopularPups|emmet|1370\n|player|p2|Jacobplayz210|unknown|1382\n|teamsize|p1|6\n|teamsize|p2|6\n|gen|9\n|tier|[Gen 9] Random Battle\n|rated|\n|rule|Species Clause: Limit one of each Pok\u00e9mon\n|rule|HP Percentage Mod: HP is shown in percentages\n|rule|Sleep Clause Mod: Limit one foe put to sleep\n|rule|Illusion Level Mod: Illusion disguises the Pok\u00e9mon's true level\n|\n|t:|1733838373\n|start\n|switch|p1a: Houndstone|Houndstone, L86, M|264/264\n|switch|p2a: Tyranitar|Tyranitar, L79, F|288/288\n|-weather|Sandstorm|[from] ability: Sand Stream|[of] p2a: Tyranitar\n|turn|1\n|inactive|Battle timer is ON: inactive players will automatically lose when time's up. (requested by Jacobplayz210)\n|inactive|PopularPups has 120 seconds left.\n|\n|t:|1733838411\n|move|p1a: Houndstone|Body Press|p2a: Tyranitar\n|-supereffective|p2a: Tyranitar\n|-damage|p2a: Tyranitar|64/288\n|move|p2a: Tyranitar|Knock Off|p1a: Houndstone\n|-supereffective|p1a: Houndstone\n|-damage|p1a: Houndstone|150/264\n|-enditem|p1a: Houndstone|Leftovers|[from] move: Knock Off|[of] p2a: Tyranitar\n|\n|-weather|Sandstorm|[upkeep]\n|-damage|p1a: Houndstone|134/264|[from] Sandstorm\n|upkeep\n|turn|2\n|\n|t:|1733838432\n|move|p1a: Houndstone|Body Press|p2a: Tyranitar\n|-supereffective|p2a: Tyranitar\n|-crit|p2a: Tyranitar\n|-damage|p2a: Tyranitar|0 fnt\n|faint|p2a: Tyranitar\n|\n|-weather|Sandstorm|[upkeep]\n|-damage|p1a: Houndstone|118/264|[from] Sandstorm\n|upkeep\n|\n|t:|1733838443\n|switch|p2a: Honchkrow|Honchkrow, L86, M|312/312\n|turn|3\n|\n|t:|1733838456\n|move|p2a: Honchkrow|Sucker Punch||[still]\n|-fail|p2a: Honchkrow\n|move|p1a: Houndstone|Rest|p1a: Houndstone\n|-status|p1a: Houndstone|slp|[from] move: Rest\n|-heal|p1a: Houndstone|264/264 slp|[silent]\n|\n|-weather|Sandstorm|[upkeep]\n|-damage|p2a: Honchkrow|293/312|[from] Sandstorm\n|-damage|p1a: Houndstone|248/264 slp|[from] Sandstorm\n|upkeep\n|turn|4\n|\n|t:|1733838467\n|move|p2a: Honchkrow|Heat Wave|p1a: Houndstone\n|-damage|p1a: Houndstone|118/264 slp\n|cant|p1a: Houndstone|slp\n|move|p1a: Houndstone|Sleep Talk|p1a: Houndstone\n|move|p1a: Houndstone|Poltergeist|p2a: Honchkrow|[from]move: Sleep Talk\n|-activate|p2a: Honchkrow|move: Poltergeist|Heavy-Duty Boots\n|-resisted|p2a: Honchkrow\n|-damage|p2a: Honchkrow|201/312\n|\n|-weather|Sandstorm|[upkeep]\n|-damage|p2a: Honchkrow|182/312|[from] Sandstorm\n|-damage|p1a: Houndstone|102/264 slp|[from] Sandstorm\n|upkeep\n|turn|5\n|\n|t:|1733838480\n|switch|p1a: Mudsdale|Mudsdale, L84, F|305/305\n|move|p2a: Honchkrow|Heat Wave|p1a: Mudsdale\n|-damage|p1a: Mudsdale|232/305\n|-ability|p1a: Mudsdale|Stamina|boost\n|-boost|p1a: Mudsdale|def|1\n|\n|-weather|none\n|-heal|p1a: Mudsdale|251/305|[from] item: Leftovers\n|upkeep\n|turn|6\n|\n|t:|1733838494\n|move|p2a: Honchkrow|U-turn|p1a: Mudsdale\n|-damage|p1a: Mudsdale|208/305\n|-ability|p1a: Mudsdale|Stamina|boost\n|-boost|p1a: Mudsdale|def|1\n|\n|t:|1733838501\n|switch|p2a: Froslass|Froslass, L87, F|263/263|[from] U-turn\n|move|p1a: Mudsdale|Stealth Rock|p2a: Froslass\n|-sidestart|p2: Jacobplayz210|move: Stealth Rock\n|\n|-heal|p1a: Mudsdale|227/305|[from] item: Leftovers\n|upkeep\n|turn|7\n|inactive|PopularPups has 120 seconds left.\n|\n|t:|1733838538\n|-terastallize|p1a: Mudsdale|Steel\n|move|p2a: Froslass|Triple Axel|p1a: Mudsdale\n|-resisted|p1a: Mudsdale\n|-damage|p1a: Mudsdale|223/305\n|-ability|p1a: Mudsdale|Stamina|boost\n|-boost|p1a: Mudsdale|def|1\n|-resisted|p1a: Mudsdale\n|-damage|p1a: Mudsdale|214/305\n|-ability|p1a: Mudsdale|Stamina|boost\n|-boost|p1a: Mudsdale|def|1\n|-resisted|p1a: Mudsdale\n|-damage|p1a: Mudsdale|205/305\n|-ability|p1a: Mudsdale|Stamina|boost\n|-boost|p1a: Mudsdale|def|1\n|-hitcount|p1a: Mudsdale|3\n|move|p1a: Mudsdale|Heavy Slam|p2a: Froslass\n|-supereffective|p2a: Froslass\n|-damage|p2a: Froslass|0 fnt\n|faint|p2a: Froslass\n|\n|-heal|p1a: Mudsdale|224/305|[from] item: Leftovers\n|upkeep\n|\n|t:|1733838557\n|switch|p2a: Quagsire|Quagsire, L84, F|297/297\n|-damage|p2a: Quagsire|279/297|[from] Stealth Rock\n|turn|8\n|\n|t:|1733838562\n|move|p2a: Quagsire|Earthquake|p1a: Mudsdale\n|-supereffective|p1a: Mudsdale\n|-damage|p1a: Mudsdale|60/305\n|-ability|p1a: Mudsdale|Stamina|boost\n|-boost|p1a: Mudsdale|def|1\n|move|p1a: Mudsdale|Heavy Slam|p2a: Quagsire\n|-resisted|p2a: Quagsire\n|-damage|p2a: Quagsire|197/297\n|\n|-heal|p1a: Mudsdale|79/305|[from] item: Leftovers\n|-heal|p2a: Quagsire|215/297|[from] item: Leftovers\n|upkeep\n|turn|9\n|\n|t:|1733838573\n|switch|p1a: Rayquaza|Rayquaza, L72|270/270\n|-ability|p1a: Rayquaza|Air Lock\n|move|p2a: Quagsire|Spikes|p1a: Rayquaza\n|-sidestart|p1: PopularPups|Spikes\n|\n|-heal|p2a: Quagsire|233/297|[from] item: Leftovers\n|upkeep\n|turn|10\n|\n|t:|1733838588\n|move|p1a: Rayquaza|Scale Shot|p2a: Quagsire\n|-damage|p2a: Quagsire|203/297\n|-damage|p2a: Quagsire|172/297\n|-damage|p2a: Quagsire|142/297\n|-damage|p2a: Quagsire|115/297\n|-damage|p2a: Quagsire|85/297\n|-hitcount|p2a: Quagsire|5\n|-unboost|p1a: Rayquaza|def|1\n|-boost|p1a: Rayquaza|spe|1\n|move|p2a: Quagsire|Ice Beam|p1a: Rayquaza\n|-supereffective|p1a: Rayquaza\n|-damage|p1a: Rayquaza|46/270\n|-status|p1a: Rayquaza|frz\n|\n|-heal|p2a: Quagsire|103/297|[from] item: Leftovers\n|upkeep\n|turn|11\n|\n|t:|1733838602\n|cant|p1a: Rayquaza|frz\n|move|p2a: Quagsire|Spikes|p1a: Rayquaza\n|-sidestart|p1: PopularPups|Spikes\n|\n|-heal|p2a: Quagsire|121/297|[from] item: Leftovers\n|upkeep\n|turn|12\n|c|\u2606PopularPups|damn\n|\n|t:|1733838608\n|cant|p1a: Rayquaza|frz\n|move|p2a: Quagsire|Spikes|p1a: Rayquaza\n|-sidestart|p1: PopularPups|Spikes\n|\n|-heal|p2a: Quagsire|139/297|[from] item: Leftovers\n|upkeep\n|turn|13\n|\n|t:|1733838613\n|cant|p1a: Rayquaza|frz\n|move|p2a: Quagsire|Recover|p2a: Quagsire\n|-heal|p2a: Quagsire|288/297\n|\n|-heal|p2a: Quagsire|297/297|[from] item: Leftovers\n|upkeep\n|turn|14\n|\n|t:|1733838619\n|cant|p1a: Rayquaza|frz\n|move|p2a: Quagsire|Ice Beam|p1a: Rayquaza\n|-supereffective|p1a: Rayquaza\n|-damage|p1a: Rayquaza|0 fnt\n|faint|p1a: Rayquaza\n|\n|upkeep\n|\n|t:|1733838622\n|switch|p1a: Leafeon|Leafeon, L88, M|258/258\n|-damage|p1a: Leafeon|194/258|[from] Spikes\n|turn|15\n|\n|t:|1733838631\n|switch|p2a: Honchkrow|Honchkrow, L86, M|182/312\n|move|p1a: Leafeon|Leaf Blade|p2a: Honchkrow\n|-resisted|p2a: Honchkrow\n|-damage|p2a: Honchkrow|78/312\n|-damage|p1a: Leafeon|169/258|[from] item: Life Orb\n|\n|upkeep\n|turn|16\n|\n|t:|1733838639\n|move|p1a: Leafeon|Leaf Blade|p2a: Honchkrow\n|-resisted|p2a: Honchkrow\n|-damage|p2a: Honchkrow|0 fnt\n|faint|p2a: Honchkrow\n|-damage|p1a: Leafeon|144/258|[from] item: Life Orb\n|\n|upkeep\n|\n|t:|1733838645\n|switch|p2a: Talonflame|Talonflame, L83, F|265/265\n|turn|17\n|\n|t:|1733838650\n|switch|p1a: Mudsdale|Mudsdale, L84, F, tera:Steel|79/305\n|-damage|p1a: Mudsdale|3/305|[from] Spikes\n|move|p2a: Talonflame|Flare Blitz|p1a: Mudsdale\n|-supereffective|p1a: Mudsdale\n|-damage|p1a: Mudsdale|0 fnt\n|faint|p1a: Mudsdale\n|-damage|p2a: Talonflame|264/265|[from] Recoil\n|\n|upkeep\n|\n|t:|1733838655\n|switch|p1a: Tauros|Tauros-Paldea-Combat, L82, M|257/257\n|-damage|p1a: Tauros|193/257|[from] Spikes\n|-ability|p1a: Tauros|Intimidate|boost\n|-unboost|p2a: Talonflame|atk|1\n|turn|18\n|\n|t:|1733838663\n|move|p2a: Talonflame|Brave Bird|p1a: Tauros\n|-supereffective|p1a: Tauros\n|-damage|p1a: Tauros|71/257\n|-damage|p2a: Talonflame|224/265|[from] Recoil\n|move|p1a: Tauros|Stone Edge|p2a: Talonflame\n|-supereffective|p2a: Talonflame\n|-damage|p2a: Talonflame|0 fnt\n|faint|p2a: Talonflame\n|-damage|p1a: Tauros|46/257|[from] item: Life Orb\n|\n|upkeep\n|\n|t:|1733838674\n|switch|p2a: Raikou|Raikou, L81|278/278\n|-damage|p2a: Raikou|244/278|[from] Stealth Rock\n|-ability|p2a: Raikou|Pressure\n|turn|19\n|\n|t:|1733838681\n|move|p2a: Raikou|Thunderbolt|p1a: Tauros\n|-damage|p1a: Tauros|0 fnt\n|faint|p1a: Tauros\n|\n|upkeep\n|\n|t:|1733838686\n|switch|p1a: Iron Valiant|Iron Valiant, L78|244/244\n|-damage|p1a: Iron Valiant|183/244|[from] Spikes\n|turn|20\n|\n|t:|1733838700\n|move|p2a: Raikou|Thunderbolt|p1a: Iron Valiant\n|-damage|p1a: Iron Valiant|0 fnt\n|faint|p1a: Iron Valiant\n|-end|p1a: Iron Valiant|Quark Drive|[silent]\n|\n|upkeep\n|\n|t:|1733838705\n|switch|p1a: Houndstone|Houndstone, L86, M|102/264 slp\n|-damage|p1a: Houndstone|36/264 slp|[from] Spikes\n|turn|21\n|\n|t:|1733838710\n|move|p2a: Raikou|Thunderbolt|p1a: Houndstone\n|-damage|p1a: Houndstone|0 fnt\n|faint|p1a: Houndstone\n|\n|upkeep\n|\n|t:|1733838712\n|switch|p1a: Leafeon|Leafeon, L88, M|144/258\n|-damage|p1a: Leafeon|80/258|[from] Spikes\n|turn|22\n|c|\u2606Jacobplayz210|gg\n|\n|t:|1733838717\n|move|p2a: Raikou|Thunderbolt|p1a: Leafeon\n|-resisted|p1a: Leafeon\n|-damage|p1a: Leafeon|0 fnt\n|faint|p1a: Leafeon\n|\n|win|Jacobplayz210\n|raw|PopularPups's rating: 1370 &rarr; <strong>1351</strong><br />(-19 for losing)\n|raw|Jacobplayz210's rating: 1382 &rarr; <strong>1401</strong><br />(+19 for winning)\n|l|\u2606PopularPups\n|player|p1|\n", "inputlog": ">version bfd83cad13791eb5a5a409923076391caf6fb4d4\n>start {\"formatid\":\"gen9randombattle\",\"seed\":[48562,26069,46881,2476],\"rated\":\"Rated battle\"}\n>player p1 {\"name\":\"PopularPups\",\"avatar\":\"emmet\",\"rating\":1370,\"seed\":[27544,8473,40983,53416]}\n>player p2 {\"name\":\"Jacobplayz210\",\"avatar\":\"unknown\",\"rating\":1382,\"seed\":[61443,43077,31311,40228]}\n>p1 move bodypress\n>p2 move knockoff\n>p1 move bodypress\n>p2 move dragontail\n>p2 switch 5\n>p1 move rest\n>p2 move suckerpunch\n>p1 move sleeptalk\n>p2 move heatwave\n>p1 switch 3\n>p2 move heatwave\n>p1 move stealthrock\n>p2 move uturn\n>p2 switch 4\n>p1 move heavyslam terastallize\n>p2 move tripleaxel\n>p2 switch 3\n>p1 move heavyslam\n>p2 move earthquake\n>p1 switch 4\n>p2 move spikes\n>p1 move scaleshot\n>p2 move icebeam\n>p1 move scaleshot\n>p2 move spikes\n>chat \u2606PopularPups|damn\n>p1 move scaleshot\n>p2 move spikes\n>p1 move scaleshot\n>p2 move recover\n>p1 move scaleshot\n>p2 move icebeam\n>p1 switch 5\n>p1 move leafblade\n>p2 switch 4\n>p1 move leafblade\n>p2 move heatwave\n>p2 switch 6\n>p1 switch 4\n>p2 move flareblitz\n>p1 switch 6\n>p1 move stoneedge\n>p2 move bravebird\n>p2 switch 2\n>p1 move earthquake\n>p2 move thunderbolt\n>p1 switch 2\n>p1 move closecombat\n>p2 move thunderbolt\n>p1 switch 3\n>p1 move sleeptalk\n>p2 move thunderbolt\n>p1 switch 4\n>chat \u2606Jacobplayz210|gg\n>p1 move doubleedge\n>p2 move thunderbolt", "uploadtime": 1733838724, "views": 1, "formatid": "gen9randombattle", "rating": 1351, "private": 0, "password": null}