{"id": "gen9randombattle-2260700310", "format": "[Gen 9] Random Battle", "players": ["FU2RWRX", "bafrednn"], "log": "|j|\u2606FU2RWRX\n|j|\u2606bafrednn\n|t:|1733880143\n|gametype|singles\n|player|p1|FU2RWRX|1|1163\n|player|p2|bafrednn|pokemaniac|1193\n|teamsize|p1|6\n|teamsize|p2|6\n|gen|9\n|tier|[Gen 9] Random Battle\n|rated|\n|rule|Species Clause: Limit one of each Pok\u00e9mon\n|rule|HP Percentage Mod: HP is shown in percentages\n|rule|Sleep Clause Mod: Limit one foe put to sleep\n|rule|Illusion Level Mod: Illusion disguises the Pok\u00e9mon's true level\n|\n|t:|1733880143\n|start\n|switch|p1a: Azumarill|Azumarill, L82, F|298/298\n|switch|p2a: Virizion|Virizion, L82|283/283\n|turn|1\n|inactive|Battle timer is ON: inactive players will automatically lose when time's up. (requested by FU2RWRX)\n|\n|t:|1733880169\n|switch|p1a: Heracross|Heracross, L80, M|259/259\n|move|p2a: Virizion|Leaf Blade|p1a: Heracross\n|-resisted|p1a: Heracross\n|-damage|p1a: Heracross|190/259\n|-damage|p2a: Virizion|255/283|[from] item: Life Orb\n|\n|-status|p1a: Heracross|brn|[from] item: Flame Orb\n|upkeep\n|turn|2\n|\n|t:|1733880180\n|switch|p2a: Revavroom|Revavroom, L79, F|256/256\n|move|p1a: Heracross|Trailblaze|p2a: Revavroom\n|-resisted|p2a: Revavroom\n|-damage|p2a: Revavroom|242/256\n|-boost|p1a: Heracross|spe|1\n|\n|-damage|p1a: Heracross|174/259 brn|[from] brn\n|upkeep\n|turn|3\n|\n|t:|1733880190\n|-terastallize|p1a: Heracross|Normal\n|move|p1a: Heracross|Facade|p2a: Revavroom\n|-resisted|p2a: Revavroom\n|-damage|p2a: Revavroom|107/256\n|move|p2a: Revavroom|Gunk Shot|p1a: Heracross\n|-damage|p1a: Heracross|0 fnt\n|faint|p1a: Heracross\n|-damage|p2a: Revavroom|82/256|[from] item: Life Orb\n|\n|upkeep\n|\n|t:|1733880201\n|switch|p1a: Azumarill|Azumarill, L82, F|298/298\n|turn|4\n|\n|t:|1733880205\n|switch|p1a: Gholdengo|Gholdengo, L77|261/261\n|move|p2a: Revavroom|Gunk Shot|p1a: Gholdengo\n|-immune|p1a: Gholdengo\n|\n|upkeep\n|turn|5\n|\n|t:|1733880211\n|move|p2a: Revavroom|High Horsepower|p1a: Gholdengo\n|-supereffective|p1a: Gholdengo\n|-damage|p1a: Gholdengo|58/261\n|-damage|p2a: Revavroom|57/256|[from] item: Life Orb\n|move|p1a: Gholdengo|Thunder Wave|p2a: Revavroom\n|-status|p2a: Revavroom|par\n|\n|-heal|p1a: Gholdengo|74/261|[from] item: Leftovers\n|upkeep\n|turn|6\n|\n|t:|1733880217\n|move|p1a: Gholdengo|Shadow Ball|p2a: Revavroom\n|-damage|p2a: Revavroom|0 fnt\n|faint|p2a: Revavroom\n|\n|-heal|p1a: Gholdengo|90/261|[from] item: Leftovers\n|upkeep\n|\n|t:|1733880221\n|switch|p2a: Plusle|Plusle, L95, M|268/268\n|turn|7\n|\n|t:|1733880227\n|move|p2a: Plusle|Thunderbolt|p1a: Gholdengo\n|-damage|p1a: Gholdengo|0 fnt\n|faint|p1a: Gholdengo\n|-damage|p2a: Plusle|242/268|[from] item: Life Orb\n|\n|upkeep\n|\n|t:|1733880237\n|switch|p1a: Pawmot|Pawmot, L80, M|243/243\n|turn|8\n|\n|t:|1733880246\n|switch|p2a: Virizion|Virizion, L82|255/283\n|move|p1a: Pawmot|Double Shock|p2a: Virizion\n|-resisted|p2a: Virizion\n|-damage|p2a: Virizion|161/283\n|-start|p1a: Pawmot|typechange|???/Fighting|[from] move: Double Shock\n|-damage|p1a: Pawmot|219/243|[from] item: Life Orb\n|\n|upkeep\n|turn|9\n|\n|t:|1733880257\n|move|p2a: Virizion|Close Combat|p1a: Pawmot\n|-damage|p1a: Pawmot|27/243\n|-unboost|p2a: Virizion|def|1\n|-unboost|p2a: Virizion|spd|1\n|-damage|p2a: Virizion|133/283|[from] item: Life Orb\n|move|p1a: Pawmot|Ice Punch|p2a: Virizion\n|-supereffective|p2a: Virizion\n|-damage|p2a: Virizion|0 fnt\n|faint|p2a: Virizion\n|-damage|p1a: Pawmot|3/243|[from] item: Life Orb\n|\n|upkeep\n|\n|t:|1733880265\n|switch|p2a: Appletun|Appletun, L92, F|352/352\n|turn|10\n|\n|t:|1733880271\n|move|p1a: Pawmot|Ice Punch|p2a: Appletun\n|-supereffective|p2a: Appletun\n|-damage|p2a: Appletun|186/352\n|-damage|p1a: Pawmot|0 fnt|[from] item: Life Orb\n|faint|p1a: Pawmot\n|move|p2a: Appletun|Recover|p2a: Appletun\n|-heal|p2a: Appletun|352/352\n|\n|upkeep\n|\n|t:|1733880280\n|switch|p1a: Azumarill|Azumarill, L82, F|298/298\n|turn|11\n|\n|t:|1733880290\n|move|p1a: Azumarill|Belly Drum|p1a: Azumarill\n|-damage|p1a: Azumarill|149/298\n|-setboost|p1a: Azumarill|atk|6|[from] move: Belly Drum\n|-enditem|p1a: Azumarill|Sitrus Berry|[eat]\n|-heal|p1a: Azumarill|223/298|[from] item: Sitrus Berry\n|move|p2a: Appletun|Leech Seed|p1a: Azumarill\n|-start|p1a: Azumarill|move: Leech Seed\n|\n|-damage|p1a: Azumarill|186/298|[from] Leech Seed|[of] p2a: Appletun\n|upkeep\n|turn|12\n|\n|t:|1733880306\n|move|p1a: Azumarill|Play Rough|p2a: Appletun\n|-supereffective|p2a: Appletun\n|-damage|p2a: Appletun|0 fnt\n|faint|p2a: Appletun\n|\n|upkeep\n|\n|t:|1733880311\n|switch|p2a: Plusle|Plusle, L95, M|242/268\n|turn|13\n|\n|t:|1733880314\n|move|p1a: Azumarill|Aqua Jet|p2a: Plusle\n|-damage|p2a: Plusle|0 fnt\n|faint|p2a: Plusle\n|\n|upkeep\n|\n|t:|1733880318\n|switch|p2a: Polteageist|Polteageist-Antique, L79|224/224\n|turn|14\n|\n|t:|1733880320\n|move|p1a: Azumarill|Aqua Jet|p2a: Polteageist\n|-damage|p2a: Polteageist|0 fnt\n|faint|p2a: Polteageist\n|\n|upkeep\n|-message|bafrednn forfeited.\n|\n|win|FU2RWRX\n|raw|FU2RWRX's rating: 1163 &rarr; <strong>1190</strong><br />(+27 for winning)\n|raw|bafrednn's rating: 1193 &rarr; <strong>1166</strong><br />(-27 for losing)\n|l|\u2606bafrednn\n|player|p2|\n", "inputlog": ">version bfd83cad13791eb5a5a409923076391caf6fb4d4\n>start {\"formatid\":\"gen9randombattle\",\"seed\":[47900,24865,43402,10682],\"rated\":\"Rated battle\"}\n>player p1 {\"name\":\"FU2RWRX\",\"avatar\":\"1\",\"rating\":1163,\"seed\":[32923,49019,40860,61918]}\n>player p2 {\"name\":\"bafrednn\",\"avatar\":\"pokemaniac\",\"rating\":1193,\"seed\":[27574,18855,38703,43746]}\n>p1 switch 6\n>p2 move leafblade\n>p1 move trailblaze\n>p2 switch 4\n>p1 move facade terastallize\n>p2 move gunkshot\n>p1 switch 6\n>p1 switch 2\n>p2 move gunkshot\n>p1 move thunderwave\n>p2 move highhorsepower\n>p1 move shadowball\n>p2 move highhorsepower\n>p2 switch 6\n>p1 move recover\n>p2 move thunderbolt\n>p1 switch 3\n>p1 move doubleshock\n>p2 switch 4\n>p1 move icepunch\n>p2 move closecombat\n>p2 switch 5\n>p1 move icepunch\n>p2 move recover\n>p1 switch 2\n>p1 move bellydrum\n>p2 move leechseed\n>p1 move playrough\n>p2 move appleacid\n>p2 switch 4\n>p1 move aquajet\n>p2 move thunderbolt\n>p2 switch 3\n>p1 move aquajet\n>p2 move shadowball\n>forcelose p2", "uploadtime": 1733880328, "views": 1, "formatid": "gen9randombattle", "rating": 1166, "private": 0, "password": null}