{"id": "gen9randombattle-2260502220", "format": "[Gen 9] Random Battle", "players": ["FakerOddie", "VMCookie"], "log": "|j|\u2606FakerOddie\n|j|\u2606VMCookie\n|t:|1733857793\n|gametype|singles\n|player|p1|FakerOddie|marley|\n|player|p2|VMCookie|hilda|\n|teamsize|p1|6\n|teamsize|p2|6\n|gen|9\n|tier|[Gen 9] Random Battle\n|rule|Species Clause: Limit one of each Pok\u00e9mon\n|rule|HP Percentage Mod: HP is shown in percentages\n|rule|Sleep Clause Mod: Limit one foe put to sleep\n|rule|Illusion Level Mod: Illusion disguises the Pok\u00e9mon's true level\n|\n|t:|1733857793\n|start\n|switch|p1a: Rayquaza|Rayquaza, L72|270/270\n|switch|p2a: Brute Bonnet|Brute Bonnet, L81|312/312\n|-ability|p1a: Rayquaza|Air Lock\n|turn|1\n|\n|t:|1733857833\n|-end|p2a: Brute Bonnet|Protosynthesis|[silent]\n|switch|p2a: Kingdra|Kingdra, L84, F|263/263\n|move|p1a: Rayquaza|Dragon Dance|p1a: Rayquaza\n|-boost|p1a: Rayquaza|atk|1\n|-boost|p1a: Rayquaza|spe|1\n|\n|upkeep\n|turn|2\n|\n|t:|1733857841\n|move|p1a: Rayquaza|Dragon Dance|p1a: Rayquaza\n|-boost|p1a: Rayquaza|atk|1\n|-boost|p1a: Rayquaza|spe|1\n|move|p2a: Kingdra|Outrage|p1a: Rayquaza\n|-supereffective|p1a: Rayquaza\n|-damage|p1a: Rayquaza|10/270\n|\n|upkeep\n|turn|3\n|\n|t:|1733857849\n|move|p1a: Rayquaza|Outrage|p2a: Kingdra\n|-supereffective|p2a: Kingdra\n|-damage|p2a: Kingdra|0 fnt\n|faint|p2a: Kingdra\n|\n|upkeep\n|\n|t:|1733857858\n|switch|p2a: Brute Bonnet|Brute Bonnet, L81|312/312\n|turn|4\n|\n|t:|1733857865\n|move|p1a: Rayquaza|Outrage|p2a: Brute Bonnet|[from]lockedmove\n|-damage|p2a: Brute Bonnet|63/312\n|move|p2a: Brute Bonnet|Crunch|p1a: Rayquaza\n|-damage|p1a: Rayquaza|0 fnt\n|faint|p1a: Rayquaza\n|\n|upkeep\n|\n|t:|1733857874\n|switch|p1a: Salazzle|Salazzle, L83, F|249/249\n|turn|5\n|\n|t:|1733857889\n|move|p1a: Salazzle|Nasty Plot|p1a: Salazzle\n|-boost|p1a: Salazzle|spa|2\n|move|p2a: Brute Bonnet|Crunch|p1a: Salazzle\n|-damage|p1a: Salazzle|53/249\n|\n|upkeep\n|turn|6\n|\n|t:|1733857897\n|move|p1a: Salazzle|Fire Blast|p2a: Brute Bonnet\n|-supereffective|p2a: Brute Bonnet\n|-damage|p2a: Brute Bonnet|0 fnt\n|faint|p2a: Brute Bonnet\n|-end|p2a: Brute Bonnet|Protosynthesis|[silent]\n|\n|upkeep\n|\n|t:|1733857931\n|switch|p2a: Salamence|Salamence, L77, F|273/273\n|turn|7\n|\n|t:|1733857940\n|move|p1a: Salazzle|Sludge Wave|p2a: Salamence\n|-damage|p2a: Salamence|11/273\n|move|p2a: Salamence|Dragon Dance|p2a: Salamence\n|-boost|p2a: Salamence|atk|1\n|-boost|p2a: Salamence|spe|1\n|\n|upkeep\n|turn|8\n|\n|t:|1733857952\n|switch|p2a: Raikou|Raikou, L81|278/278\n|-ability|p2a: Raikou|Pressure\n|move|p1a: Salazzle|Sludge Wave|p2a: Raikou\n|-damage|p2a: Raikou|73/278\n|\n|upkeep\n|turn|9\n|\n|t:|1733857961\n|move|p1a: Salazzle|Sludge Wave|p2a: Raikou\n|-damage|p2a: Raikou|0 fnt\n|faint|p2a: Raikou\n|\n|upkeep\n|\n|t:|1733857969\n|switch|p2a: Salamence|Salamence, L77, F|11/273\n|turn|10\n|\n|t:|1733857986\n|move|p1a: Salazzle|Sludge Wave|p2a: Salamence\n|-damage|p2a: Salamence|0 fnt\n|faint|p2a: Salamence\n|\n|upkeep\n|\n|t:|1733857992\n|switch|p2a: Tauros|Tauros, L82, M|257/257\n|turn|11\n|\n|t:|1733858002\n|move|p1a: Salazzle|Sludge Wave|p2a: Tauros\n|-damage|p2a: Tauros|0 fnt\n|faint|p2a: Tauros\n|\n|upkeep\n|\n|t:|1733858007\n|switch|p2a: Reuniclus|Reuniclus, L88, F|337/337\n|turn|12\n|\n|t:|1733858018\n|switch|p1a: Chandelure|Chandelure, L83, F|235/235\n|-terastallize|p2a: Reuniclus|Steel\n|move|p2a: Reuniclus|Psyshock|p1a: Chandelure\n|-damage|p1a: Chandelure|93/235\n|\n|upkeep\n|turn|13\n|\n|t:|1733858042\n|move|p1a: Chandelure|Will-O-Wisp|p2a: Reuniclus|[miss]\n|-miss|p1a: Chandelure|p2a: Reuniclus\n|move|p2a: Reuniclus|Psyshock|p1a: Chandelure\n|-damage|p1a: Chandelure|0 fnt\n|faint|p1a: Chandelure\n|\n|upkeep\n|\n|t:|1733858058\n|switch|p1a: Uxie|Uxie, L83|260/260\n|turn|14\n|\n|t:|1733858069\n|move|p1a: Uxie|Yawn|p2a: Reuniclus\n|-start|p2a: Reuniclus|move: Yawn|[of] p1a: Uxie\n|move|p2a: Reuniclus|Shadow Ball|p1a: Uxie\n|-supereffective|p1a: Uxie\n|-damage|p1a: Uxie|107/260\n|\n|-heal|p1a: Uxie|123/260|[from] item: Leftovers\n|upkeep\n|turn|15\n|\n|t:|1733858081\n|-terastallize|p1a: Uxie|Dark\n|move|p1a: Uxie|Psychic Noise|p2a: Reuniclus\n|-resisted|p2a: Reuniclus\n|-damage|p2a: Reuniclus|305/337\n|-start|p2a: Reuniclus|move: Heal Block\n|move|p2a: Reuniclus|Shadow Ball|p1a: Uxie\n|-resisted|p1a: Uxie\n|-damage|p1a: Uxie|89/260\n|\n|-heal|p1a: Uxie|105/260|[from] item: Leftovers\n|-end|p2a: Reuniclus|move: Yawn|[silent]\n|-status|p2a: Reuniclus|slp\n|upkeep\n|turn|16\n|\n|t:|1733858098\n|move|p1a: Uxie|Encore|p2a: Reuniclus\n|-start|p2a: Reuniclus|Encore\n|cant|p2a: Reuniclus|slp\n|\n|-heal|p1a: Uxie|121/260|[from] item: Leftovers\n|-end|p2a: Reuniclus|move: Heal Block\n|upkeep\n|turn|17\n|\n|t:|1733858105\n|move|p1a: Uxie|U-turn|p2a: Reuniclus\n|-resisted|p2a: Reuniclus\n|-damage|p2a: Reuniclus|284/337 slp\n|\n|t:|1733858111\n|switch|p1a: Tinkaton|Tinkaton, L82, F|274/274|[from] U-turn\n|-ability|p1a: Tinkaton|Mold Breaker\n|cant|p2a: Reuniclus|slp\n|\n|upkeep\n|turn|18\n|\n|t:|1733858119\n|move|p1a: Tinkaton|Gigaton Hammer|p2a: Reuniclus\n|-resisted|p2a: Reuniclus\n|-damage|p2a: Reuniclus|215/337 slp\n|-curestatus|p2a: Reuniclus|slp|[msg]\n|move|p2a: Reuniclus|Shadow Ball|p1a: Tinkaton\n|-damage|p1a: Tinkaton|187/274\n|\n|-heal|p1a: Tinkaton|204/274|[from] item: Leftovers\n|-end|p2a: Reuniclus|Encore\n|upkeep\n|turn|19\n|\n|t:|1733858139\n|move|p1a: Tinkaton|Knock Off|p2a: Reuniclus\n|-crit|p2a: Reuniclus\n|-damage|p2a: Reuniclus|125/337\n|-enditem|p2a: Reuniclus|Life Orb|[from] move: Knock Off|[of] p1a: Tinkaton\n|move|p2a: Reuniclus|Calm Mind|p2a: Reuniclus\n|-boost|p2a: Reuniclus|spa|1\n|-boost|p2a: Reuniclus|spd|1\n|\n|-heal|p1a: Tinkaton|221/274|[from] item: Leftovers\n|upkeep\n|turn|20\n|\n|t:|1733858149\n|switch|p1a: Salazzle|Salazzle, L83, F|53/249\n|move|p2a: Reuniclus|Psyshock|p1a: Salazzle\n|-supereffective|p1a: Salazzle\n|-damage|p1a: Salazzle|0 fnt\n|faint|p1a: Salazzle\n|\n|upkeep\n|\n|t:|1733858159\n|switch|p1a: Uxie|Uxie, L83, tera:Dark|121/260\n|turn|21\n|\n|t:|1733858169\n|move|p1a: Uxie|Yawn|p2a: Reuniclus\n|-start|p2a: Reuniclus|move: Yawn|[of] p1a: Uxie\n|move|p2a: Reuniclus|Recover|p2a: Reuniclus\n|-heal|p2a: Reuniclus|294/337\n|\n|-heal|p1a: Uxie|137/260|[from] item: Leftovers\n|upkeep\n|turn|22\n|\n|t:|1733858178\n|move|p1a: Uxie|Encore|p2a: Reuniclus\n|-start|p2a: Reuniclus|Encore\n|move|p2a: Reuniclus|Recover|p2a: Reuniclus\n|-heal|p2a: Reuniclus|337/337\n|\n|-heal|p1a: Uxie|153/260|[from] item: Leftovers\n|-end|p2a: Reuniclus|move: Yawn|[silent]\n|-status|p2a: Reuniclus|slp\n|upkeep\n|turn|23\n|\n|t:|1733858189\n|move|p1a: Uxie|Psychic Noise|p2a: Reuniclus\n|-resisted|p2a: Reuniclus\n|-crit|p2a: Reuniclus\n|-damage|p2a: Reuniclus|289/337 slp\n|-start|p2a: Reuniclus|move: Heal Block\n|cant|p2a: Reuniclus|slp\n|\n|-heal|p1a: Uxie|169/260|[from] item: Leftovers\n|upkeep\n|turn|24\n|\n|t:|1733858207\n|switch|p1a: Slowking|Slowking, L88, M|310/310\n|cant|p2a: Reuniclus|slp\n|\n|-end|p2a: Reuniclus|Encore\n|-end|p2a: Reuniclus|move: Heal Block\n|upkeep\n|turn|25\n|\n|t:|1733858217\n|move|p1a: Slowking|Psychic Noise|p2a: Reuniclus\n|-resisted|p2a: Reuniclus\n|-damage|p2a: Reuniclus|259/337 slp\n|-start|p2a: Reuniclus|move: Heal Block\n|-curestatus|p2a: Reuniclus|slp|[msg]\n|move|p2a: Reuniclus|Shadow Ball|p1a: Slowking\n|-supereffective|p1a: Slowking\n|-damage|p1a: Slowking|136/310\n|\n|upkeep\n|turn|26\n|\n|t:|1733858228\n|move|p2a: Reuniclus|Calm Mind|p2a: Reuniclus\n|-boost|p2a: Reuniclus|spa|1\n|-boost|p2a: Reuniclus|spd|1\n|move|p1a: Slowking|Scald|p2a: Reuniclus\n|-damage|p2a: Reuniclus|211/337\n|-status|p2a: Reuniclus|brn\n|\n|-end|p2a: Reuniclus|move: Heal Block\n|upkeep\n|turn|27\n|\n|t:|1733858239\n|move|p2a: Reuniclus|Calm Mind|p2a: Reuniclus\n|-boost|p2a: Reuniclus|spa|1\n|-boost|p2a: Reuniclus|spd|1\n|move|p1a: Slowking|Psychic Noise|p2a: Reuniclus\n|-resisted|p2a: Reuniclus\n|-crit|p2a: Reuniclus\n|-damage|p2a: Reuniclus|151/337 brn\n|-start|p2a: Reuniclus|move: Heal Block\n|\n|upkeep\n|turn|28\n|\n|t:|1733858250\n|move|p1a: Slowking|Chilly Reception|p1a: Slowking\n|-weather|Snow\n|\n|t:|1733858259\n|switch|p1a: Tinkaton|Tinkaton, L82, F|221/274|[from] Chilly Reception\n|-ability|p1a: Tinkaton|Mold Breaker\n|move|p2a: Reuniclus|Shadow Ball|p1a: Tinkaton\n|-damage|p1a: Tinkaton|65/274\n|\n|-weather|Snow|[upkeep]\n|-heal|p1a: Tinkaton|82/274|[from] item: Leftovers\n|-end|p2a: Reuniclus|move: Heal Block\n|upkeep\n|turn|29\n|\n|t:|1733858272\n|move|p1a: Tinkaton|Play Rough|p2a: Reuniclus\n|-resisted|p2a: Reuniclus\n|-damage|p2a: Reuniclus|114/337 brn\n|move|p2a: Reuniclus|Recover|p2a: Reuniclus\n|-heal|p2a: Reuniclus|283/337 brn\n|\n|-weather|Snow|[upkeep]\n|-heal|p1a: Tinkaton|99/274|[from] item: Leftovers\n|upkeep\n|turn|30\n|\n|t:|1733858286\n|move|p1a: Tinkaton|Gigaton Hammer|p2a: Reuniclus\n|-resisted|p2a: Reuniclus\n|-damage|p2a: Reuniclus|206/337 brn\n|move|p2a: Reuniclus|Shadow Ball|p1a: Tinkaton\n|-damage|p1a: Tinkaton|0 fnt\n|faint|p1a: Tinkaton\n|\n|-weather|Snow|[upkeep]\n|upkeep\n|\n|t:|1733858296\n|switch|p1a: Slowking|Slowking, L88, M|239/310\n|turn|31\n|\n|t:|1733858306\n|move|p2a: Reuniclus|Calm Mind|p2a: Reuniclus\n|-boost|p2a: Reuniclus|spa|1\n|-boost|p2a: Reuniclus|spd|1\n|move|p1a: Slowking|Psychic Noise|p2a: Reuniclus\n|-resisted|p2a: Reuniclus\n|-damage|p2a: Reuniclus|191/337 brn\n|-start|p2a: Reuniclus|move: Heal Block\n|\n|-weather|Snow|[upkeep]\n|upkeep\n|turn|32\n|\n|t:|1733858319\n|move|p2a: Reuniclus|Shadow Ball|p1a: Slowking\n|-supereffective|p1a: Slowking\n|-damage|p1a: Slowking|0 fnt\n|faint|p1a: Slowking\n|\n|-weather|none\n|-end|p2a: Reuniclus|move: Heal Block\n|upkeep\n|\n|t:|1733858325\n|switch|p1a: Uxie|Uxie, L83, tera:Dark|169/260\n|turn|33\n|\n|t:|1733858329\n|move|p1a: Uxie|Yawn||[still]\n|-fail|p1a: Uxie\n|move|p2a: Reuniclus|Shadow Ball|p1a: Uxie\n|-resisted|p1a: Uxie\n|-damage|p1a: Uxie|84/260\n|\n|-heal|p1a: Uxie|100/260|[from] item: Leftovers\n|upkeep\n|turn|34\n|\n|t:|1733858339\n|move|p1a: Uxie|Psychic Noise|p2a: Reuniclus\n|-resisted|p2a: Reuniclus\n|-damage|p2a: Reuniclus|181/337 brn\n|-start|p2a: Reuniclus|move: Heal Block\n|move|p2a: Reuniclus|Psyshock|p1a: Uxie\n|-immune|p1a: Uxie\n|\n|-heal|p1a: Uxie|116/260|[from] item: Leftovers\n|upkeep\n|turn|35\n|\n|t:|1733858351\n|move|p1a: Uxie|Encore|p2a: Reuniclus\n|-start|p2a: Reuniclus|Encore\n|move|p2a: Reuniclus|Psyshock|p1a: Uxie\n|-immune|p1a: Uxie\n|\n|-heal|p1a: Uxie|132/260|[from] item: Leftovers\n|-end|p2a: Reuniclus|move: Heal Block\n|upkeep\n|turn|36\n|\n|t:|1733858365\n|move|p1a: Uxie|Psychic Noise|p2a: Reuniclus\n|-resisted|p2a: Reuniclus\n|-damage|p2a: Reuniclus|169/337 brn\n|-start|p2a: Reuniclus|move: Heal Block\n|move|p2a: Reuniclus|Psyshock|p1a: Uxie\n|-immune|p1a: Uxie\n|\n|-heal|p1a: Uxie|148/260|[from] item: Leftovers\n|upkeep\n|turn|37\n|\n|t:|1733858377\n|move|p1a: Uxie|Encore||[still]\n|-fail|p1a: Uxie\n|move|p2a: Reuniclus|Psyshock|p1a: Uxie\n|-immune|p1a: Uxie\n|\n|-heal|p1a: Uxie|164/260|[from] item: Leftovers\n|-end|p2a: Reuniclus|Encore\n|-end|p2a: Reuniclus|move: Heal Block\n|upkeep\n|turn|38\n|\n|t:|1733858387\n|move|p1a: Uxie|Encore|p2a: Reuniclus\n|-start|p2a: Reuniclus|Encore\n|move|p2a: Reuniclus|Psyshock|p1a: Uxie\n|-immune|p1a: Uxie\n|\n|-heal|p1a: Uxie|180/260|[from] item: Leftovers\n|upkeep\n|turn|39\n|\n|t:|1733858394\n|move|p1a: Uxie|Yawn||[still]\n|-fail|p1a: Uxie\n|move|p2a: Reuniclus|Psyshock|p1a: Uxie\n|-immune|p1a: Uxie\n|\n|-heal|p1a: Uxie|196/260|[from] item: Leftovers\n|upkeep\n|turn|40\n|\n|t:|1733858403\n|move|p1a: Uxie|U-turn|p2a: Reuniclus\n|-resisted|p2a: Reuniclus\n|-damage|p2a: Reuniclus|149/337 brn\n|move|p2a: Reuniclus|Psyshock|p1a: Uxie\n|-immune|p1a: Uxie\n|\n|-heal|p1a: Uxie|212/260|[from] item: Leftovers\n|-end|p2a: Reuniclus|Encore\n|upkeep\n|turn|41\n|\n|t:|1733858412\n|move|p1a: Uxie|Encore|p2a: Reuniclus\n|-start|p2a: Reuniclus|Encore\n|move|p2a: Reuniclus|Psyshock|p1a: Uxie\n|-immune|p1a: Uxie\n|\n|-heal|p1a: Uxie|228/260|[from] item: Leftovers\n|upkeep\n|turn|42\n|\n|t:|1733858419\n|move|p1a: Uxie|U-turn|p2a: Reuniclus\n|-resisted|p2a: Reuniclus\n|-damage|p2a: Reuniclus|127/337 brn\n|move|p2a: Reuniclus|Psyshock|p1a: Uxie\n|-immune|p1a: Uxie\n|\n|-heal|p1a: Uxie|244/260|[from] item: Leftovers\n|upkeep\n|turn|43\n|\n|t:|1733858427\n|move|p1a: Uxie|U-turn|p2a: Reuniclus\n|-resisted|p2a: Reuniclus\n|-damage|p2a: Reuniclus|107/337 brn\n|move|p2a: Reuniclus|Psyshock|p1a: Uxie\n|-immune|p1a: Uxie\n|\n|-heal|p1a: Uxie|260/260|[from] item: Leftovers\n|-end|p2a: Reuniclus|Encore\n|upkeep\n|turn|44\n|\n|t:|1733858438\n|move|p1a: Uxie|Encore|p2a: Reuniclus\n|-start|p2a: Reuniclus|Encore\n|move|p2a: Reuniclus|Psyshock|p1a: Uxie\n|-immune|p1a: Uxie\n|\n|upkeep\n|turn|45\n|\n|t:|1733858444\n|move|p1a: Uxie|U-turn|p2a: Reuniclus\n|-resisted|p2a: Reuniclus\n|-damage|p2a: Reuniclus|84/337 brn\n|move|p2a: Reuniclus|Psyshock|p1a: Uxie\n|-immune|p1a: Uxie\n|\n|upkeep\n|turn|46\n|\n|t:|1733858450\n|move|p1a: Uxie|U-turn|p2a: Reuniclus\n|-resisted|p2a: Reuniclus\n|-damage|p2a: Reuniclus|64/337 brn\n|move|p2a: Reuniclus|Psyshock|p1a: Uxie\n|-immune|p1a: Uxie\n|\n|-end|p2a: Reuniclus|Encore\n|upkeep\n|turn|47\n|\n|t:|1733858458\n|move|p1a: Uxie|U-turn|p2a: Reuniclus\n|-resisted|p2a: Reuniclus\n|-damage|p2a: Reuniclus|44/337 brn\n|move|p2a: Reuniclus|Recover|p2a: Reuniclus\n|-heal|p2a: Reuniclus|213/337 brn\n|\n|upkeep\n|turn|48\n|\n|t:|1733858464\n|move|p1a: Uxie|Encore|p2a: Reuniclus\n|-start|p2a: Reuniclus|Encore\n|move|p2a: Reuniclus|Recover|p2a: Reuniclus\n|-heal|p2a: Reuniclus|337/337 brn\n|\n|upkeep\n|turn|49\n|\n|t:|1733858471\n|move|p1a: Uxie|Psychic Noise|p2a: Reuniclus\n|-resisted|p2a: Reuniclus\n|-damage|p2a: Reuniclus|325/337 brn\n|-start|p2a: Reuniclus|move: Heal Block\n|cant|p2a: Reuniclus|move: Heal Block|Recover\n|\n|upkeep\n|turn|50\n|\n|t:|1733858480\n|move|p1a: Uxie|Yawn||[still]\n|-fail|p1a: Uxie\n|-activate|p2a: Reuniclus|move: Struggle\n|move|p2a: Reuniclus|Struggle|p1a: Uxie\n|-damage|p1a: Uxie|253/260\n|-damage|p2a: Reuniclus|241/337 brn|[from] recoil\n|\n|-heal|p1a: Uxie|260/260|[from] item: Leftovers\n|-end|p2a: Reuniclus|Encore\n|-end|p2a: Reuniclus|move: Heal Block\n|upkeep\n|turn|51\n|\n|t:|1733858490\n|move|p1a: Uxie|U-turn|p2a: Reuniclus\n|-resisted|p2a: Reuniclus\n|-damage|p2a: Reuniclus|218/337 brn\n|move|p2a: Reuniclus|Shadow Ball|p1a: Uxie\n|-resisted|p1a: Uxie\n|-damage|p1a: Uxie|174/260\n|\n|-heal|p1a: Uxie|190/260|[from] item: Leftovers\n|upkeep\n|turn|52\n|\n|t:|1733858497\n|move|p1a: Uxie|U-turn|p2a: Reuniclus\n|-resisted|p2a: Reuniclus\n|-damage|p2a: Reuniclus|195/337 brn\n|move|p2a: Reuniclus|Shadow Ball|p1a: Uxie\n|-resisted|p1a: Uxie\n|-damage|p1a: Uxie|103/260\n|\n|-heal|p1a: Uxie|119/260|[from] item: Leftovers\n|upkeep\n|turn|53\n|\n|t:|1733858505\n|move|p1a: Uxie|U-turn|p2a: Reuniclus\n|-resisted|p2a: Reuniclus\n|-damage|p2a: Reuniclus|171/337 brn\n|move|p2a: Reuniclus|Shadow Ball|p1a: Uxie\n|-resisted|p1a: Uxie\n|-damage|p1a: Uxie|29/260\n|\n|-heal|p1a: Uxie|45/260|[from] item: Leftovers\n|upkeep\n|turn|54\n|\n|t:|1733858514\n|move|p1a: Uxie|Yawn||[still]\n|-fail|p1a: Uxie\n|move|p2a: Reuniclus|Shadow Ball|p1a: Uxie\n|-resisted|p1a: Uxie\n|-damage|p1a: Uxie|0 fnt\n|faint|p1a: Uxie\n|\n|win|VMCookie\n|l|\u2606FakerOddie\n|player|p1|\n", "inputlog": ">version bfd83cad13791eb5a5a409923076391caf6fb4d4\n>start {\"formatid\":\"gen9randombattle\",\"seed\":[10109,35974,42707,59819]}\n>player p1 {\"name\":\"FakerOddie\",\"avatar\":\"marley\",\"rating\":0,\"seed\":[22379,55714,33514,41693]}\n>player p2 {\"name\":\"VMCookie\",\"avatar\":\"hilda\",\"rating\":0,\"seed\":[44842,40581,43756,3558]}\n>p1 move dragondance\n>p2 switch 2\n>p1 move dragondance\n>p2 move outrage\n>p1 move outrage\n>p2 move outrage\n>p2 switch 2\n>p1 move outrage\n>p2 move crunch\n>p1 switch 2\n>p1 move nastyplot\n>p2 move crunch\n>p1 move fireblast\n>p2 move crunch\n>p2 switch 3\n>p1 move sludgewave\n>p2 move dragondance\n>p1 move sludgewave\n>p2 switch 6\n>p1 move sludgewave\n>p2 move thunderbolt\n>p2 switch 6\n>p1 move sludgewave\n>p2 move outrage\n>p2 switch 4\n>p1 move sludgewave\n>p2 move zenheadbutt\n>p2 switch 5\n>p1 switch 3\n>p2 move psyshock terastallize\n>p1 move willowisp\n>p2 move psyshock\n>p1 switch 4\n>p1 move yawn\n>p2 move shadowball\n>p1 move psychicnoise terastallize\n>p2 move shadowball\n>p1 move encore\n>p2 move calmmind\n>p1 move uturn\n>p2 move shadowball\n>p1 switch 6\n>p1 move gigatonhammer\n>p2 move shadowball\n>p1 move knockoff\n>p2 move calmmind\n>p1 switch 3\n>p2 move psyshock\n>p1 switch 6\n>p1 move yawn\n>p2 move recover\n>p1 move encore\n>p2 move psyshock\n>p1 move psychicnoise\n>p2 move recover\n>p1 switch 5\n>p2 move struggle\n>p1 move psychicnoise\n>p2 move shadowball\n>p1 move scald\n>p2 move calmmind\n>p1 move psychicnoise\n>p2 move calmmind\n>p1 move chillyreception\n>p2 move shadowball\n>p1 switch 3\n>p1 move playrough\n>p2 move recover\n>p1 move gigatonhammer\n>p2 move shadowball\n>p1 switch 3\n>p1 move psychicnoise\n>p2 move calmmind\n>p1 move chillyreception\n>p2 move shadowball\n>p1 switch 5\n>p1 move yawn\n>p2 move shadowball\n>p1 move psychicnoise\n>p2 move psyshock\n>p1 move encore\n>p2 move shadowball\n>p1 move psychicnoise\n>p2 move psyshock\n>p1 move encore\n>p2 move psyshock\n>p1 move encore\n>p2 move shadowball\n>p1 move yawn\n>p2 move psyshock\n>p1 move uturn\n>p2 move psyshock\n>p1 move encore\n>p2 move shadowball\n>p1 move uturn\n>p2 move psyshock\n>p1 move uturn\n>p2 move psyshock\n>p1 move encore\n>p2 move recover\n>p1 move uturn\n>p2 move psyshock\n>p1 move uturn\n>p2 move psyshock\n>p1 move uturn\n>p2 move recover\n>p1 move encore\n>p2 move shadowball\n>p1 move psychicnoise\n>p2 move recover\n>p1 move yawn\n>p2 move struggle\n>p1 move uturn\n>p2 move shadowball\n>p1 move uturn\n>p2 move shadowball\n>p1 move uturn\n>p2 move shadowball\n>p1 move yawn\n>p2 move shadowball", "uploadtime": 1733858535, "views": 2, "formatid": "gen9randombattle", "rating": null, "private": 0, "password": null}