{"id": "gen9randombattle-2260678907", "format": "[Gen 9] Random Battle", "players": ["MrWavy123", "Sian80"], "log": "|j|\u2606MrWavy123\n|j|\u2606Sian80\n|t:|1733877427\n|gametype|singles\n|player|p1|MrWavy123|gentleman-gen4|1597\n|player|p2|Sian80|riley|1592\n|teamsize|p1|6\n|teamsize|p2|6\n|gen|9\n|tier|[Gen 9] Random Battle\n|rated|\n|rule|Species Clause: Limit one of each Pok\u00e9mon\n|rule|HP Percentage Mod: HP is shown in percentages\n|rule|Sleep Clause Mod: Limit one foe put to sleep\n|rule|Illusion Level Mod: Illusion disguises the Pok\u00e9mon's true level\n|\n|t:|1733877427\n|start\n|switch|p1a: Heatran|Heatran, L79, M|273/273\n|switch|p2a: Okidogi|Okidogi, L77, M|262/262\n|-item|p1a: Heatran|Air Balloon\n|turn|1\n|\n|t:|1733877440\n|switch|p1a: Calyrex|Calyrex-Shadow, L64|235/235\n|-ability|p1a: Calyrex|As One\n|-ability|p1a: Calyrex|Unnerve\n|move|p2a: Okidogi|Drain Punch|p1a: Calyrex\n|-immune|p1a: Calyrex\n|\n|upkeep\n|turn|2\n|\n|t:|1733877450\n|-terastallize|p2a: Okidogi|Dark\n|move|p1a: Calyrex|Psyshock|p2a: Okidogi\n|-immune|p2a: Okidogi\n|move|p2a: Okidogi|Knock Off|p1a: Calyrex\n|-supereffective|p1a: Calyrex\n|-damage|p1a: Calyrex|0 fnt\n|-enditem|p1a: Calyrex|Choice Specs|[from] move: Knock Off|[of] p2a: Okidogi\n|faint|p1a: Calyrex\n|\n|upkeep\n|\n|t:|1733877479\n|switch|p1a: Kyurem|Kyurem, L77|319/319\n|-ability|p1a: Kyurem|Pressure\n|turn|3\n|\n|t:|1733877486\n|-terastallize|p1a: Kyurem|Ground\n|move|p1a: Kyurem|Dragon Dance|p1a: Kyurem\n|-boost|p1a: Kyurem|atk|1\n|-boost|p1a: Kyurem|spe|1\n|move|p2a: Okidogi|Knock Off|p1a: Kyurem\n|-damage|p1a: Kyurem|213/319\n|-status|p1a: Kyurem|tox|[from] ability: Toxic Chain|[of] p2a: Okidogi\n|-enditem|p1a: Kyurem|Loaded Dice|[from] move: Knock Off|[of] p2a: Okidogi\n|\n|-damage|p1a: Kyurem|194/319 tox|[from] psn\n|upkeep\n|turn|4\n|inactive|Battle timer is ON: inactive players will automatically lose when time's up. (requested by MrWavy123)\n|\n|t:|1733877501\n|move|p1a: Kyurem|Scale Shot|p2a: Okidogi\n|-damage|p2a: Okidogi|226/262\n|-damage|p2a: Okidogi|189/262\n|-damage|p2a: Okidogi|150/262\n|-hitcount|p2a: Okidogi|3\n|-unboost|p1a: Kyurem|def|1\n|-boost|p1a: Kyurem|spe|1\n|move|p2a: Okidogi|Drain Punch|p1a: Kyurem\n|-damage|p1a: Kyurem|56/319 tox\n|-heal|p2a: Okidogi|219/262|[from] drain|[of] p1a: Kyurem\n|\n|-damage|p1a: Kyurem|18/319 tox|[from] psn\n|upkeep\n|turn|5\n|\n|t:|1733877519\n|move|p1a: Kyurem|Icicle Spear|p2a: Okidogi\n|-damage|p2a: Okidogi|179/262\n|-damage|p2a: Okidogi|142/262\n|-damage|p2a: Okidogi|102/262\n|-hitcount|p2a: Okidogi|3\n|move|p2a: Okidogi|Drain Punch|p1a: Kyurem\n|-damage|p1a: Kyurem|0 fnt\n|-heal|p2a: Okidogi|111/262|[from] drain|[of] p1a: Kyurem\n|faint|p1a: Kyurem\n|\n|upkeep\n|\n|t:|1733877532\n|switch|p1a: Lumineon|Lumineon, L93, M|279/279\n|turn|6\n|\n|t:|1733877537\n|move|p1a: Lumineon|Alluring Voice|p2a: Okidogi\n|-supereffective|p2a: Okidogi\n|-crit|p2a: Okidogi\n|-damage|p2a: Okidogi|0 fnt\n|faint|p2a: Okidogi\n|-damage|p1a: Lumineon|252/279|[from] item: Life Orb\n|\n|upkeep\n|\n|t:|1733877553\n|switch|p2a: Regigigas|Regigigas, L84|322/322\n|-start|p2a: Regigigas|ability: Slow Start\n|turn|7\n|\n|t:|1733877566\n|move|p1a: Lumineon|Alluring Voice|p2a: Regigigas\n|-damage|p2a: Regigigas|264/322\n|-damage|p1a: Lumineon|225/279|[from] item: Life Orb\n|move|p2a: Regigigas|Body Slam|p1a: Lumineon\n|-damage|p1a: Lumineon|159/279\n|\n|-heal|p2a: Regigigas|284/322|[from] item: Leftovers\n|upkeep\n|turn|8\n|\n|t:|1733877577\n|move|p1a: Lumineon|Hydro Pump|p2a: Regigigas\n|-damage|p2a: Regigigas|167/322\n|-damage|p1a: Lumineon|132/279|[from] item: Life Orb\n|move|p2a: Regigigas|Body Slam|p1a: Lumineon\n|-damage|p1a: Lumineon|69/279\n|-status|p1a: Lumineon|par\n|\n|-heal|p2a: Regigigas|187/322|[from] item: Leftovers\n|upkeep\n|turn|9\n|\n|t:|1733877588\n|cant|p1a: Lumineon|par\n|move|p2a: Regigigas|Rest|p2a: Regigigas\n|-status|p2a: Regigigas|slp|[from] move: Rest\n|-heal|p2a: Regigigas|322/322 slp|[silent]\n|\n|upkeep\n|turn|10\n|\n|t:|1733877595\n|cant|p1a: Lumineon|par\n|cant|p2a: Regigigas|slp\n|move|p2a: Regigigas|Sleep Talk|p2a: Regigigas\n|move|p2a: Regigigas|Knock Off|p1a: Lumineon|[from]move: Sleep Talk\n|-damage|p1a: Lumineon|13/279 par\n|-enditem|p1a: Lumineon|Life Orb|[from] move: Knock Off|[of] p2a: Regigigas\n|\n|upkeep\n|turn|11\n|\n|t:|1733877605\n|cant|p1a: Lumineon|par\n|cant|p2a: Regigigas|slp\n|move|p2a: Regigigas|Sleep Talk|p2a: Regigigas\n|move|p2a: Regigigas|Rest||[from]move: Sleep Talk|[still]\n|-fail|p2a: Regigigas\n|\n|-end|p2a: Regigigas|Slow Start\n|upkeep\n|turn|12\n|c|\u2606MrWavy123|:)\n|\n|t:|1733877616\n|-curestatus|p2a: Regigigas|slp|[msg]\n|move|p2a: Regigigas|Body Slam|p1a: Lumineon\n|-damage|p1a: Lumineon|0 fnt\n|faint|p1a: Lumineon\n|\n|upkeep\n|\n|t:|1733877622\n|switch|p1a: Volbeat|Volbeat, L90, M|263/263\n|turn|13\n|\n|t:|1733877626\n|move|p1a: Volbeat|Thunder Wave|p2a: Regigigas\n|-status|p2a: Regigigas|par\n|move|p2a: Regigigas|Body Slam|p1a: Volbeat\n|-crit|p1a: Volbeat\n|-damage|p1a: Volbeat|61/263\n|-status|p1a: Volbeat|par\n|\n|upkeep\n|turn|14\n|\n|t:|1733877636\n|move|p1a: Volbeat|Roost|p1a: Volbeat\n|-heal|p1a: Volbeat|193/263 par\n|-singleturn|p1a: Volbeat|move: Roost\n|move|p2a: Regigigas|Body Slam|p1a: Volbeat\n|-damage|p1a: Volbeat|42/263 par\n|\n|upkeep\n|turn|15\n|\n|t:|1733877643\n|move|p1a: Volbeat|Roost|p1a: Volbeat\n|-heal|p1a: Volbeat|174/263 par\n|-singleturn|p1a: Volbeat|move: Roost\n|move|p2a: Regigigas|Body Slam|p1a: Volbeat\n|-damage|p1a: Volbeat|44/263 par\n|\n|upkeep\n|turn|16\n|\n|t:|1733877653\n|move|p2a: Regigigas|Body Slam|p1a: Volbeat\n|-crit|p1a: Volbeat\n|-damage|p1a: Volbeat|0 fnt\n|faint|p1a: Volbeat\n|\n|upkeep\n|\n|t:|1733877659\n|switch|p1a: Espeon|Espeon, L84, M|246/246\n|turn|17\n|\n|t:|1733877669\n|move|p1a: Espeon|Psyshock|p2a: Regigigas\n|-damage|p2a: Regigigas|212/322 par\n|-damage|p1a: Espeon|222/246|[from] item: Life Orb\n|move|p2a: Regigigas|Body Slam|p1a: Espeon\n|-damage|p1a: Espeon|47/246\n|-status|p1a: Espeon|par\n|\n|-heal|p2a: Regigigas|232/322 par|[from] item: Leftovers\n|upkeep\n|turn|18\n|\n|t:|1733877680\n|move|p1a: Espeon|Psyshock|p2a: Regigigas\n|-damage|p2a: Regigigas|123/322 par\n|-damage|p1a: Espeon|23/246 par|[from] item: Life Orb\n|move|p2a: Regigigas|Rest|p2a: Regigigas\n|-status|p2a: Regigigas|slp|[from] move: Rest\n|-heal|p2a: Regigigas|322/322 slp|[silent]\n|\n|upkeep\n|turn|19\n|\n|t:|1733877689\n|cant|p2a: Regigigas|slp\n|move|p2a: Regigigas|Sleep Talk|p2a: Regigigas\n|move|p2a: Regigigas|Body Slam|p1a: Espeon|[from]move: Sleep Talk\n|-damage|p1a: Espeon|0 fnt\n|faint|p1a: Espeon\n|\n|upkeep\n|\n|t:|1733877693\n|switch|p1a: Heatran|Heatran, L79, M|273/273\n|-item|p1a: Heatran|Air Balloon\n|turn|20\n|\n|t:|1733877701\n|cant|p2a: Regigigas|slp\n|move|p2a: Regigigas|Sleep Talk|p2a: Regigigas\n|move|p2a: Regigigas|Rest||[from]move: Sleep Talk|[still]\n|-fail|p2a: Regigigas\n|move|p1a: Heatran|Lava Plume|p2a: Regigigas\n|-damage|p2a: Regigigas|237/322 slp\n|\n|-heal|p2a: Regigigas|257/322 slp|[from] item: Leftovers\n|upkeep\n|turn|21\n|\n|t:|1733877713\n|-curestatus|p2a: Regigigas|slp|[msg]\n|move|p2a: Regigigas|Body Slam|p1a: Heatran\n|-resisted|p1a: Heatran\n|-damage|p1a: Heatran|206/273\n|-status|p1a: Heatran|par\n|-enditem|p1a: Heatran|Air Balloon\n|move|p1a: Heatran|Stealth Rock|p2a: Regigigas\n|-sidestart|p2: Sian80|move: Stealth Rock\n|\n|-heal|p2a: Regigigas|277/322|[from] item: Leftovers\n|upkeep\n|turn|22\n|-message|MrWavy123 forfeited.\n|\n|win|Sian80\n|raw|MrWavy123's rating: 1597 &rarr; <strong>1577</strong><br />(-20 for losing)\n|raw|Sian80's rating: 1592 &rarr; <strong>1612</strong><br />(+20 for winning)\n|l|\u2606MrWavy123\n|player|p1|\n|c|\u2606Sian80|Jajajajaja\n|c|\u2606Sian80|Gg\n", "inputlog": ">version bfd83cad13791eb5a5a409923076391caf6fb4d4\n>start {\"formatid\":\"gen9randombattle\",\"seed\":[26975,53701,57789,22709],\"rated\":\"Rated battle\"}\n>player p1 {\"name\":\"MrWavy123\",\"avatar\":\"gentleman-gen4\",\"rating\":1597,\"seed\":[37605,34358,41254,19247]}\n>player p2 {\"name\":\"Sian80\",\"avatar\":\"riley\",\"rating\":1592,\"seed\":[31162,20116,60104,16643]}\n>p1 switch 4\n>p2 move drainpunch\n>p1 move psyshock\n>p2 move knockoff terastallize\n>p1 switch 2\n>p1 move dragondance terastallize\n>p2 move knockoff\n>p1 move scaleshot\n>p2 move drainpunch\n>p1 move iciclespear\n>p2 move drainpunch\n>p1 switch 5\n>p1 move alluringvoice\n>p2 move knockoff\n>p2 switch 2\n>p1 move alluringvoice\n>p2 move bodyslam\n>p1 move hydropump\n>p2 move bodyslam\n>p1 move encore\n>p2 move rest\n>p1 move encore\n>p2 move sleeptalk\n>p1 move encore\n>p2 move sleeptalk\n>chat \u2606MrWavy123|:)\n>p1 move encore\n>p2 move bodyslam\n>p1 switch 6\n>p1 move thunderwave\n>p2 move bodyslam\n>p1 move roost\n>p2 move bodyslam\n>p1 move roost\n>p2 move bodyslam\n>p1 move lunge\n>p2 move bodyslam\n>p1 switch 3\n>p1 move psyshock\n>p2 move bodyslam\n>p1 move psyshock\n>p2 move rest\n>p1 move morningsun\n>p2 move sleeptalk\n>p1 switch 4\n>p1 move lavaplume\n>p2 move sleeptalk\n>p1 move stealthrock\n>p2 move bodyslam\n>forcelose p1", "uploadtime": 1733877729, "views": 11, "formatid": "gen9randombattle", "rating": 1577, "private": 0, "password": null}