{"id": "gen9randombattle-2260307896", "format": "[Gen 9] Random Battle", "players": ["notyourlly", "Stara kurwa"], "log": "|j|\u2606notyourlly\n|j|\u2606Stara kurwa\n|t:|1733838048\n|gametype|singles\n|player|p1|notyourlly|170|\n|player|p2|Stara kurwa|169|\n|teamsize|p1|6\n|teamsize|p2|6\n|gen|9\n|tier|[Gen 9] Random Battle\n|rule|Species Clause: Limit one of each Pok\u00e9mon\n|rule|HP Percentage Mod: HP is shown in percentages\n|rule|Sleep Clause Mod: Limit one foe put to sleep\n|rule|Illusion Level Mod: Illusion disguises the Pok\u00e9mon's true level\n|\n|t:|1733838048\n|start\n|switch|p1a: Ursaluna|Ursaluna-Bloodmoon, L79, M|308/308\n|switch|p2a: Beartic|Beartic, L91, M|321/321\n|turn|1\n|\n|t:|1733838061\n|move|p1a: Ursaluna|Vacuum Wave|p2a: Beartic\n|-supereffective|p2a: Beartic\n|-crit|p2a: Beartic\n|-damage|p2a: Beartic|213/321\n|move|p2a: Beartic|Swords Dance|p2a: Beartic\n|-boost|p2a: Beartic|atk|2\n|\n|upkeep\n|turn|2\n|\n|t:|1733838070\n|move|p1a: Ursaluna|Vacuum Wave|p2a: Beartic\n|-supereffective|p2a: Beartic\n|-damage|p2a: Beartic|141/321\n|move|p2a: Beartic|Snowscape|p2a: Beartic\n|-weather|Snow\n|\n|-weather|Snow|[upkeep]\n|upkeep\n|turn|3\n|\n|t:|1733838078\n|move|p1a: Ursaluna|Vacuum Wave|p2a: Beartic\n|-supereffective|p2a: Beartic\n|-damage|p2a: Beartic|77/321\n|move|p2a: Beartic|Close Combat|p1a: Ursaluna\n|-supereffective|p1a: Ursaluna\n|-damage|p1a: Ursaluna|0 fnt\n|-unboost|p2a: Beartic|def|1\n|-unboost|p2a: Beartic|spd|1\n|faint|p1a: Ursaluna\n|\n|-weather|Snow|[upkeep]\n|upkeep\n|\n|t:|1733838098\n|switch|p1a: Honchkrow|Honchkrow, L86, M|312/312\n|turn|4\n|\n|t:|1733838106\n|move|p1a: Honchkrow|Sucker Punch|p2a: Beartic\n|-damage|p2a: Beartic|0 fnt\n|faint|p2a: Beartic\n|-ability|p1a: Honchkrow|Moxie|boost\n|-boost|p1a: Honchkrow|atk|1\n|\n|-weather|Snow|[upkeep]\n|upkeep\n|\n|t:|1733838115\n|switch|p2a: Registeel|Registeel, L81|262/262\n|turn|5\n|\n|t:|1733838121\n|move|p1a: Honchkrow|Heat Wave|p2a: Registeel|[miss]\n|-miss|p1a: Honchkrow|p2a: Registeel\n|move|p2a: Registeel|Thunder Wave|p1a: Honchkrow|[miss]\n|-miss|p2a: Registeel|p1a: Honchkrow\n|\n|-weather|Snow|[upkeep]\n|upkeep\n|turn|6\n|\n|t:|1733838130\n|move|p1a: Honchkrow|Heat Wave|p2a: Registeel\n|-supereffective|p2a: Registeel\n|-damage|p2a: Registeel|162/262\n|move|p2a: Registeel|Thunder Wave|p1a: Honchkrow\n|-status|p1a: Honchkrow|par\n|\n|-weather|none\n|-heal|p2a: Registeel|178/262|[from] item: Leftovers\n|upkeep\n|turn|7\n|\n|t:|1733838141\n|move|p2a: Registeel|Body Press|p1a: Honchkrow\n|-damage|p1a: Honchkrow|207/312 par\n|move|p1a: Honchkrow|Heat Wave|p2a: Registeel\n|-supereffective|p2a: Registeel\n|-damage|p2a: Registeel|74/262\n|\n|-heal|p2a: Registeel|90/262|[from] item: Leftovers\n|upkeep\n|turn|8\n|\n|t:|1733838153\n|move|p2a: Registeel|Body Press|p1a: Honchkrow\n|-damage|p1a: Honchkrow|94/312 par\n|move|p1a: Honchkrow|Heat Wave|p2a: Registeel|[miss]\n|-miss|p1a: Honchkrow|p2a: Registeel\n|\n|-heal|p2a: Registeel|106/262|[from] item: Leftovers\n|upkeep\n|turn|9\n|\n|t:|1733838163\n|move|p1a: Honchkrow|Sucker Punch|p2a: Registeel\n|-damage|p2a: Registeel|6/262\n|move|p2a: Registeel|Body Press|p1a: Honchkrow\n|-damage|p1a: Honchkrow|0 fnt\n|faint|p1a: Honchkrow\n|\n|-heal|p2a: Registeel|22/262|[from] item: Leftovers\n|upkeep\n|\n|t:|1733838181\n|switch|p1a: Ogerpon|Ogerpon-Wellspring, L76, F|247/247\n|turn|10\n|\n|t:|1733838187\n|move|p1a: Ogerpon|Knock Off|p2a: Registeel\n|-damage|p2a: Registeel|0 fnt\n|-enditem|p2a: Registeel|Leftovers|[from] move: Knock Off|[of] p1a: Ogerpon\n|faint|p2a: Registeel\n|\n|upkeep\n|\n|t:|1733838195\n|switch|p2a: Zacian|Zacian, L69|241/241\n|-ability|p2a: Zacian|Intrepid Sword|boost\n|-boost|p2a: Zacian|atk|1\n|turn|11\n|\n|t:|1733838203\n|move|p2a: Zacian|Play Rough|p1a: Ogerpon\n|-damage|p1a: Ogerpon|72/247\n|-damage|p2a: Zacian|217/241|[from] item: Life Orb\n|move|p1a: Ogerpon|Swords Dance|p1a: Ogerpon\n|-boost|p1a: Ogerpon|atk|2\n|\n|upkeep\n|turn|12\n|\n|t:|1733838216\n|switch|p1a: Granbull|Granbull, L88, F|302/302\n|-ability|p1a: Granbull|Intimidate|boost\n|-unboost|p2a: Zacian|atk|1\n|move|p2a: Zacian|Close Combat|p1a: Granbull\n|-resisted|p1a: Granbull\n|-damage|p1a: Granbull|257/302\n|-unboost|p2a: Zacian|def|1\n|-unboost|p2a: Zacian|spd|1\n|-damage|p2a: Zacian|193/241|[from] item: Life Orb\n|\n|-heal|p1a: Granbull|275/302|[from] item: Leftovers\n|upkeep\n|turn|13\n|\n|t:|1733838229\n|move|p2a: Zacian|Play Rough|p1a: Granbull|[miss]\n|-miss|p2a: Zacian|p1a: Granbull\n|move|p1a: Granbull|Thunder Wave|p2a: Zacian\n|-status|p2a: Zacian|par\n|\n|-heal|p1a: Granbull|293/302|[from] item: Leftovers\n|upkeep\n|turn|14\n|\n|t:|1733838240\n|switch|p2a: Vikavolt|Vikavolt, L83, M|263/263\n|move|p1a: Granbull|Earthquake|p2a: Vikavolt\n|-immune|p2a: Vikavolt|[from] ability: Levitate\n|\n|-heal|p1a: Granbull|302/302|[from] item: Leftovers\n|upkeep\n|turn|15\n|\n|t:|1733838253\n|move|p1a: Granbull|Play Rough|p2a: Vikavolt\n|-damage|p2a: Vikavolt|136/263\n|move|p2a: Vikavolt|Energy Ball|p1a: Granbull\n|-damage|p1a: Granbull|193/302\n|\n|-heal|p1a: Granbull|211/302|[from] item: Leftovers\n|upkeep\n|turn|16\n|\n|t:|1733838265\n|move|p1a: Granbull|Play Rough|p2a: Vikavolt\n|-damage|p2a: Vikavolt|21/263\n|move|p2a: Vikavolt|Energy Ball|p1a: Granbull\n|-damage|p1a: Granbull|110/302\n|\n|-heal|p1a: Granbull|128/302|[from] item: Leftovers\n|upkeep\n|turn|17\n|\n|t:|1733838274\n|switch|p2a: Zacian|Zacian, L69|193/241 par\n|move|p1a: Granbull|Play Rough|p2a: Zacian\n|-damage|p2a: Zacian|63/241 par\n|\n|-heal|p1a: Granbull|146/302|[from] item: Leftovers\n|upkeep\n|turn|18\n|\n|t:|1733838284\n|move|p1a: Granbull|Play Rough|p2a: Zacian\n|-damage|p2a: Zacian|0 fnt\n|faint|p2a: Zacian\n|\n|-heal|p1a: Granbull|164/302|[from] item: Leftovers\n|upkeep\n|\n|t:|1733838290\n|switch|p2a: Vikavolt|Vikavolt, L83, M|21/263\n|turn|19\n|\n|t:|1733838301\n|move|p1a: Granbull|Play Rough|p2a: Vikavolt\n|-damage|p2a: Vikavolt|0 fnt\n|faint|p2a: Vikavolt\n|\n|-heal|p1a: Granbull|182/302|[from] item: Leftovers\n|upkeep\n|\n|t:|1733838313\n|switch|p2a: Emboar|Emboar, L84, F|322/322\n|turn|20\n|\n|t:|1733838318\n|move|p2a: Emboar|Close Combat|p1a: Granbull\n|-resisted|p1a: Granbull\n|-damage|p1a: Granbull|106/302\n|-unboost|p2a: Emboar|def|1\n|-unboost|p2a: Emboar|spd|1\n|move|p1a: Granbull|Earthquake|p2a: Emboar\n|-supereffective|p2a: Emboar\n|-damage|p2a: Emboar|0 fnt\n|faint|p2a: Emboar\n|\n|-heal|p1a: Granbull|124/302|[from] item: Leftovers\n|upkeep\n|\n|t:|1733838329\n|switch|p2a: Kleavor|Kleavor, L78, M|237/237\n|turn|21\n|\n|t:|1733838349\n|move|p2a: Kleavor|Close Combat|p1a: Granbull\n|-resisted|p1a: Granbull\n|-damage|p1a: Granbull|69/302\n|-unboost|p2a: Kleavor|def|1\n|-unboost|p2a: Kleavor|spd|1\n|move|p1a: Granbull|Play Rough|p2a: Kleavor\n|-damage|p2a: Kleavor|57/237\n|\n|-heal|p1a: Granbull|87/302|[from] item: Leftovers\n|upkeep\n|turn|22\n|\n|t:|1733838362\n|-terastallize|p1a: Granbull|Ground\n|move|p2a: Kleavor|Close Combat|p1a: Granbull\n|-damage|p1a: Granbull|0 fnt\n|-unboost|p2a: Kleavor|def|1\n|-unboost|p2a: Kleavor|spd|1\n|faint|p1a: Granbull\n|\n|upkeep\n|\n|t:|1733838373\n|switch|p1a: Ogerpon|Ogerpon-Wellspring, L76, F|72/247\n|turn|23\n|\n|t:|1733838380\n|-terastallize|p2a: Kleavor|Bug\n|move|p1a: Ogerpon|Swords Dance|p1a: Ogerpon\n|-boost|p1a: Ogerpon|atk|2\n|move|p2a: Kleavor|Close Combat|p1a: Ogerpon\n|-damage|p1a: Ogerpon|0 fnt\n|-unboost|p2a: Kleavor|def|1\n|-unboost|p2a: Kleavor|spd|1\n|faint|p1a: Ogerpon\n|\n|upkeep\n|\n|t:|1733838395\n|switch|p1a: Virizion|Virizion, L82|283/283\n|turn|24\n|\n|t:|1733838401\n|move|p1a: Virizion|Close Combat|p2a: Kleavor\n|-resisted|p2a: Kleavor\n|-damage|p2a: Kleavor|0 fnt\n|-unboost|p1a: Virizion|def|1\n|-unboost|p1a: Virizion|spd|1\n|faint|p2a: Kleavor\n|-damage|p1a: Virizion|255/283|[from] item: Life Orb\n|\n|win|notyourlly\n", "inputlog": ">version bfd83cad13791eb5a5a409923076391caf6fb4d4\n>start {\"formatid\":\"gen9randombattle\",\"seed\":[28593,49115,24041,45248]}\n>player p1 {\"name\":\"notyourlly\",\"avatar\":\"170\",\"rating\":0,\"seed\":[8434,1568,22774,13124]}\n>player p2 {\"name\":\"Stara kurwa\",\"avatar\":\"169\",\"rating\":0,\"seed\":[19225,44116,60700,45677]}\n>p1 move vacuumwave\n>p2 move swordsdance\n>p1 move vacuumwave\n>p2 move snowscape\n>p1 move vacuumwave\n>p2 move closecombat\n>p1 switch 5\n>p1 move suckerpunch\n>p2 move iciclecrash\n>p2 switch 5\n>p1 move heatwave\n>p2 move thunderwave\n>p1 move heatwave\n>p2 move thunderwave\n>p1 move heatwave\n>p2 move bodypress\n>p1 move heatwave\n>p2 move bodypress\n>p1 move suckerpunch\n>p2 move bodypress\n>p1 switch 4\n>p1 move knockoff\n>p2 move ironhead\n>p2 switch 2\n>p1 move swordsdance\n>p2 move playrough\n>p1 switch 6\n>p2 move closecombat\n>p1 move thunderwave\n>p2 move playrough\n>p1 move earthquake\n>p2 switch 4\n>p1 move playrough\n>p2 move energyball\n>p1 move playrough\n>p2 move energyball\n>p1 move playrough\n>p2 switch 4\n>p1 move playrough\n>p2 move closecombat\n>p2 switch 4\n>p1 move playrough\n>p2 move energyball\n>p2 switch 6\n>p1 move earthquake\n>p2 move closecombat\n>p2 switch 3\n>p1 move playrough\n>p2 move closecombat\n>p1 move earthquake terastallize\n>p2 move closecombat\n>p1 switch 6\n>p1 move swordsdance\n>p2 move closecombat terastallize\n>p1 switch 3\n>p1 move closecombat\n>p2 move defog", "uploadtime": 1733838409, "views": 1, "formatid": "gen9randombattle", "rating": null, "private": 0, "password": null}