{"id": "gen9randombattle-2050843967", "format": "[Gen 9] Random Battle", "players": ["Michielleus", "Iceman8911"], "log": "|j|\u2606Michielleus\n|j|\u2606Iceman8911\n|t:|1706974621\n|gametype|singles\n|player|p1|Michielleus|#michielleus|2290\n|player|p2|Iceman8911|lysandre-masters|2218\n|teamsize|p1|6\n|teamsize|p2|6\n|gen|9\n|tier|[Gen 9] Random Battle\n|rated|\n|rule|Species Clause: Limit one of each Pok\u00e9mon\n|rule|HP Percentage Mod: HP is shown in percentages\n|rule|Sleep Clause Mod: Limit one foe put to sleep\n|rule|Illusion Level Mod: Illusion disguises the Pok\u00e9mon's true level\n|\n|t:|1706974621\n|start\n|switch|p1a: Mudsdale|Mudsdale, L84, M|305/305\n|switch|p2a: Corviknight|Corviknight, L80, F|288/288\n|turn|1\n|inactive|Battle timer is ON: inactive players will automatically lose when time's up. (requested by Michielleus)\n|inactive|Iceman8911 also wants the timer to be on.\n|inactive|Iceman8911 has 120 seconds left.\n|\n|t:|1706974668\n|switch|p2a: Spidops|Spidops, L96, F|271/271\n|move|p1a: Mudsdale|Body Press|p2a: Spidops\n|-resisted|p2a: Spidops\n|-damage|p2a: Spidops|231/271\n|\n|upkeep\n|turn|2\n|j| critsomnia\n|\n|t:|1706974680\n|switch|p1a: Qwilfish|Qwilfish-Hisui, L84, M|246/246\n|-ability|p1a: Qwilfish|Intimidate|boost\n|-unboost|p2a: Spidops|atk|1\n|move|p2a: Spidops|Sticky Web|p1a: Qwilfish\n|-sidestart|p1: Michielleus|move: Sticky Web\n|\n|upkeep\n|turn|3\n|\n|t:|1706974685\n|move|p1a: Qwilfish|Toxic Spikes|p2a: Spidops\n|-sidestart|p2: Iceman8911|move: Toxic Spikes\n|move|p2a: Spidops|Knock Off|p1a: Qwilfish\n|-resisted|p1a: Qwilfish\n|-damage|p1a: Qwilfish|230/246\n|-enditem|p1a: Qwilfish|Eviolite|[from] move: Knock Off|[of] p2a: Spidops\n|\n|upkeep\n|turn|4\n|\n|t:|1706974702\n|switch|p2a: Ursaluna|Ursaluna, L79, M|335/335\n|-status|p2a: Ursaluna|psn\n|move|p1a: Qwilfish|Gunk Shot|p2a: Ursaluna\n|-resisted|p2a: Ursaluna\n|-damage|p2a: Ursaluna|279/335 psn\n|\n|-damage|p2a: Ursaluna|238/335 psn|[from] psn\n|upkeep\n|turn|5\n|\n|t:|1706974718\n|move|p1a: Qwilfish|Spikes|p2a: Ursaluna\n|-sidestart|p2: Iceman8911|Spikes\n|move|p2a: Ursaluna|Facade|p1a: Qwilfish\n|-damage|p1a: Qwilfish|0 fnt\n|faint|p1a: Qwilfish\n|\n|-damage|p2a: Ursaluna|197/335 psn|[from] psn\n|upkeep\n|\n|t:|1706974723\n|switch|p1a: Chien-Pao|Chien-Pao, L72|234/234\n|-activate|p1a: Chien-Pao|move: Sticky Web\n|-unboost|p1a: Chien-Pao|spe|1\n|-ability|p1a: Chien-Pao|Sword of Ruin\n|turn|6\n|\n|t:|1706974742\n|move|p1a: Chien-Pao|Icicle Crash|p2a: Ursaluna\n|-supereffective|p2a: Ursaluna\n|-damage|p2a: Ursaluna|0 fnt\n|faint|p2a: Ursaluna\n|\n|upkeep\n|\n|t:|1706974758\n|switch|p2a: Corviknight|Corviknight, L80, F|288/288\n|turn|7\n|\n|t:|1706974761\n|move|p1a: Chien-Pao|Icicle Crash|p2a: Corviknight\n|-damage|p2a: Corviknight|149/288\n|move|p2a: Corviknight|Body Press|p1a: Chien-Pao\n|-supereffective|p1a: Chien-Pao\n|-damage|p1a: Chien-Pao|0 fnt\n|faint|p1a: Chien-Pao\n|\n|-heal|p2a: Corviknight|167/288|[from] item: Leftovers\n|upkeep\n|\n|t:|1706974768\n|switch|p1a: Toxtricity|Toxtricity, L82, F|257/257\n|-activate|p1a: Toxtricity|move: Sticky Web\n|-unboost|p1a: Toxtricity|spe|1\n|turn|8\n|\n|t:|1706974780\n|switch|p2a: Gumshoos|Gumshoos, L95, M|321/321\n|-status|p2a: Gumshoos|psn\n|-damage|p2a: Gumshoos|281/321 psn|[from] Spikes\n|move|p1a: Toxtricity|Shift Gear|p1a: Toxtricity\n|-boost|p1a: Toxtricity|spe|2\n|-boost|p1a: Toxtricity|atk|1\n|\n|-damage|p2a: Gumshoos|241/321 psn|[from] psn\n|upkeep\n|turn|9\n|\n|t:|1706974793\n|-terastallize|p1a: Toxtricity|Normal\n|move|p1a: Toxtricity|Boomburst|p2a: Gumshoos\n|-damage|p2a: Gumshoos|0 fnt\n|faint|p2a: Gumshoos\n|-enditem|p1a: Toxtricity|Throat Spray\n|-boost|p1a: Toxtricity|spa|1|[from] item: Throat Spray\n|\n|upkeep\n|\n|t:|1706974809\n|switch|p2a: Lugia|Lugia, L73|275/275\n|turn|10\n|\n|t:|1706974819\n|-terastallize|p2a: Lugia|Steel\n|move|p1a: Toxtricity|Boomburst|p2a: Lugia\n|-resisted|p2a: Lugia\n|-damage|p2a: Lugia|222/275\n|move|p2a: Lugia|Calm Mind|p2a: Lugia\n|-boost|p2a: Lugia|spa|1\n|-boost|p2a: Lugia|spd|1\n|\n|upkeep\n|turn|11\n|\n|t:|1706974826\n|switch|p1a: Mudsdale|Mudsdale, L84, M|305/305\n|-activate|p1a: Mudsdale|move: Sticky Web\n|-unboost|p1a: Mudsdale|spe|1\n|move|p2a: Lugia|Aeroblast|p1a: Mudsdale\n|-damage|p1a: Mudsdale|187/305\n|-ability|p1a: Mudsdale|Stamina|boost\n|-boost|p1a: Mudsdale|def|1\n|\n|upkeep\n|turn|12\n|\n|t:|1706974835\n|switch|p2a: Spidops|Spidops, L96, F|231/271\n|move|p1a: Mudsdale|Body Press|p2a: Spidops\n|-resisted|p2a: Spidops\n|-damage|p2a: Spidops|177/271\n|\n|upkeep\n|turn|13\n|\n|t:|1706974842\n|switch|p1a: Toxtricity|Toxtricity, L82, F, tera:Normal|257/257\n|-activate|p1a: Toxtricity|move: Sticky Web\n|-unboost|p1a: Toxtricity|spe|1\n|move|p2a: Spidops|Toxic Spikes|p1a: Toxtricity\n|-sidestart|p1: Michielleus|move: Toxic Spikes\n|\n|upkeep\n|turn|14\n|\n|t:|1706974848\n|switch|p2a: Lugia|Lugia, L73, tera:Steel|222/275\n|move|p1a: Toxtricity|Overdrive|p2a: Lugia\n|-damage|p2a: Lugia|138/275\n|\n|upkeep\n|turn|15\n|\n|t:|1706974856\n|switch|p1a: Meowstic|Meowstic, L89, M|277/277\n|-activate|p1a: Meowstic|move: Sticky Web\n|-unboost|p1a: Meowstic|spe|1\n|-status|p1a: Meowstic|psn\n|move|p2a: Lugia|Aeroblast|p1a: Meowstic\n|-damage|p1a: Meowstic|193/277 psn\n|\n|-heal|p1a: Meowstic|210/277 psn|[from] item: Leftovers\n|-damage|p1a: Meowstic|176/277 psn|[from] psn\n|upkeep\n|turn|16\n|\n|t:|1706974870\n|switch|p2a: Spidops|Spidops, L96, F|177/271\n|move|p1a: Meowstic|Thunder Wave|p2a: Spidops\n|-status|p2a: Spidops|par\n|\n|-heal|p1a: Meowstic|193/277 psn|[from] item: Leftovers\n|-damage|p1a: Meowstic|159/277 psn|[from] psn\n|upkeep\n|turn|17\n|\n|t:|1706974877\n|move|p1a: Meowstic|Alluring Voice|p2a: Spidops\n|-damage|p2a: Spidops|124/271 par\n|move|p2a: Spidops|U-turn|p1a: Meowstic\n|-supereffective|p1a: Meowstic\n|-damage|p1a: Meowstic|0 fnt\n|faint|p1a: Meowstic\n|\n|t:|1706974886\n|switch|p2a: Corviknight|Corviknight, L80, F|167/288|[from] U-turn\n|\n|-heal|p2a: Corviknight|185/288|[from] item: Leftovers\n|upkeep\n|\n|t:|1706974889\n|switch|p1a: Toxtricity|Toxtricity, L82, F, tera:Normal|257/257\n|-activate|p1a: Toxtricity|move: Sticky Web\n|-unboost|p1a: Toxtricity|spe|1\n|-status|p1a: Toxtricity|psn\n|turn|18\n|\n|t:|1706974894\n|move|p2a: Corviknight|Brave Bird|p1a: Toxtricity\n|-damage|p1a: Toxtricity|134/257 psn\n|-damage|p2a: Corviknight|144/288|[from] Recoil\n|move|p1a: Toxtricity|Overdrive|p2a: Corviknight\n|-supereffective|p2a: Corviknight\n|-crit|p2a: Corviknight\n|-damage|p2a: Corviknight|0 fnt\n|faint|p2a: Corviknight\n|\n|-damage|p1a: Toxtricity|102/257 psn|[from] psn\n|upkeep\n|\n|t:|1706974898\n|switch|p2a: Lugia|Lugia, L73, tera:Steel|138/275\n|turn|19\n|\n|t:|1706974904\n|move|p2a: Lugia|Recover|p2a: Lugia\n|-heal|p2a: Lugia|275/275\n|move|p1a: Toxtricity|Overdrive|p2a: Lugia\n|-damage|p2a: Lugia|234/275\n|\n|-damage|p1a: Toxtricity|70/257 psn|[from] psn\n|upkeep\n|turn|20\n|\n|t:|1706974907\n|move|p2a: Lugia|Calm Mind|p2a: Lugia\n|-boost|p2a: Lugia|spa|1\n|-boost|p2a: Lugia|spd|1\n|move|p1a: Toxtricity|Overdrive|p2a: Lugia\n|-damage|p2a: Lugia|174/275\n|\n|-damage|p1a: Toxtricity|38/257 psn|[from] psn\n|upkeep\n|turn|21\n|\n|t:|1706974917\n|move|p2a: Lugia|Earth Power|p1a: Toxtricity\n|-crit|p1a: Toxtricity\n|-damage|p1a: Toxtricity|0 fnt\n|faint|p1a: Toxtricity\n|\n|upkeep\n|\n|t:|1706974918\n|switch|p1a: Mudsdale|Mudsdale, L84, M|187/305\n|-activate|p1a: Mudsdale|move: Sticky Web\n|-unboost|p1a: Mudsdale|spe|1\n|-status|p1a: Mudsdale|psn\n|turn|22\n|\n|t:|1706974925\n|switch|p2a: Spidops|Spidops, L96, F|124/271 par\n|move|p1a: Mudsdale|Earthquake|p2a: Spidops\n|-resisted|p2a: Spidops\n|-damage|p2a: Spidops|35/271 par\n|\n|-damage|p1a: Mudsdale|149/305 psn|[from] psn\n|upkeep\n|turn|23\n|\n|t:|1706974929\n|move|p1a: Mudsdale|Earthquake|p2a: Spidops\n|-resisted|p2a: Spidops\n|-damage|p2a: Spidops|0 fnt\n|faint|p2a: Spidops\n|\n|-damage|p1a: Mudsdale|111/305 psn|[from] psn\n|upkeep\n|\n|t:|1706974932\n|switch|p2a: Crawdaunt|Crawdaunt, L84, M|243/243\n|-status|p2a: Crawdaunt|psn\n|-damage|p2a: Crawdaunt|213/243 psn|[from] Spikes\n|turn|24\n|\n|t:|1706974942\n|move|p2a: Crawdaunt|Knock Off|p1a: Mudsdale\n|-damage|p1a: Mudsdale|0 fnt\n|-enditem|p1a: Mudsdale|Choice Band|[from] move: Knock Off|[of] p2a: Crawdaunt\n|faint|p1a: Mudsdale\n|\n|-damage|p2a: Crawdaunt|183/243 psn|[from] psn\n|upkeep\n|\n|t:|1706974944\n|switch|p1a: Cloyster|Cloyster, L79, M|209/209\n|-activate|p1a: Cloyster|move: Sticky Web\n|-unboost|p1a: Cloyster|spe|1\n|-status|p1a: Cloyster|psn\n|-enditem|p1a: Cloyster|White Herb\n|-clearnegativeboost|p1a: Cloyster|[silent]\n|turn|25\n|\n|t:|1706974949\n|move|p1a: Cloyster|Shell Smash|p1a: Cloyster\n|-unboost|p1a: Cloyster|def|1\n|-unboost|p1a: Cloyster|spd|1\n|-boost|p1a: Cloyster|atk|2\n|-boost|p1a: Cloyster|spa|2\n|-boost|p1a: Cloyster|spe|2\n|move|p2a: Crawdaunt|Knock Off|p1a: Cloyster\n|-damage|p1a: Cloyster|71/209 psn\n|\n|-damage|p1a: Cloyster|45/209 psn|[from] psn\n|-damage|p2a: Crawdaunt|153/243 psn|[from] psn\n|upkeep\n|turn|26\n|\n|t:|1706974960\n|switch|p2a: Lugia|Lugia, L73, tera:Steel|174/275\n|move|p1a: Cloyster|Drill Run|p2a: Lugia\n|-supereffective|p2a: Lugia\n|-damage|p2a: Lugia|20/275\n|\n|-damage|p1a: Cloyster|19/209 psn|[from] psn\n|upkeep\n|turn|27\n|c|\u2606Iceman8911|gg\n|\n|t:|1706974965\n|move|p1a: Cloyster|Icicle Spear|p2a: Lugia\n|-resisted|p2a: Lugia\n|-damage|p2a: Lugia|0 fnt\n|faint|p2a: Lugia\n|-hitcount|p2: Lugia|1\n|\n|-damage|p1a: Cloyster|0 fnt|[from] psn\n|faint|p1a: Cloyster\n|\n|win|Iceman8911\n|upkeep\n|raw|Michielleus's rating: 2290 &rarr; <strong>2266</strong><br />(-24 for losing)\n|raw|Iceman8911's rating: 2218 &rarr; <strong>2242</strong><br />(+24 for winning)\n", "inputlog": ">version 8cbbf0e2b225d90d22892a2c6349209edbd9d5eb\n>start {\"formatid\":\"gen9randombattle\",\"seed\":[27635,61670,36548,34206],\"rated\":\"Rated battle\"}\n>player p1 {\"name\":\"Michielleus\",\"avatar\":\"#michielleus\",\"rating\":2290,\"seed\":[47274,7436,58094,7068]}\n>player p2 {\"name\":\"Iceman8911\",\"avatar\":\"lysandre-masters\",\"rating\":2218,\"seed\":[13871,36806,46490,55271]}\n>p1 move bodypress\n>p2 switch 6\n>p1 switch 3\n>p2 move stickyweb\n>p1 move toxicspikes\n>p2 move knockoff\n>p1 move gunkshot\n>p2 switch 5\n>p1 move spikes\n>p2 move facade\n>p1 switch 6\n>p1 move iciclecrash\n>p2 move facade\n>p2 switch 6\n>p1 move iciclecrash\n>p2 move bodypress\n>p1 switch 2\n>p1 move shiftgear\n>p2 switch 4\n>p1 move boomburst terastallize\n>p2 move doubleedge\n>p2 switch 3\n>p1 move boomburst\n>p2 move calmmind terastallize\n>p1 switch 3\n>p2 move aeroblast\n>p1 move bodypress\n>p2 switch 5\n>p1 switch 3\n>p2 move toxicspikes\n>p1 move overdrive\n>p2 switch 5\n>p1 switch 5\n>p2 move aeroblast\n>p1 move thunderwave\n>p2 switch 5\n>p1 move alluringvoice\n>p2 move uturn\n>p2 switch 4\n>p1 switch 5\n>p1 move overdrive\n>p2 move bravebird\n>p2 switch 5\n>p1 move overdrive\n>p2 move recover\n>p1 move overdrive\n>p2 move calmmind\n>p1 move overdrive\n>p2 move earthpower\n>p1 switch 3\n>p1 move earthquake\n>p2 switch 4\n>p1 move earthquake\n>p2 move uturn\n>p2 switch 2\n>p1 move earthquake\n>p2 move knockoff\n>p1 switch 4\n>p1 move shellsmash\n>p2 move knockoff\n>p1 move drillrun\n>p2 switch 4\n>chat \u2606Iceman8911|gg\n>p1 move iciclespear\n>p2 move earthpower", "uploadtime": 1706974968, "views": 269, "formatid": "gen9randombattle", "rating": 2242, "private": 0, "password": null}