{"id": "gen9randombattle-2132446692", "format": "[Gen 9] Random Battle", "players": ["freezai", "Teres bahji"], "log": "|badge|p1|bronze|gen9randombattle|100-1\n|html|<div class=\"broadcast-red\"><strong>This battle is required to be public due to one or more player having a season medal.</strong><br />During the public phase, you can discuss the state of the ladder <a href=\"/seasondiscussion\">in a special chatroom.</a></div>\n|uhtml|medal-msg|<div class=\"broadcast-blue\">Curious what those medals under the avatar are? PS now has Ladder Seasons! For more information, check out the <a href=\"https://www.smogon.com/forums/threads/3740067/\">thread on Smogon.</a></div>\n|badge|p2|bronze|gen9randombattle|100-1\n|uhtml|medal-msg|<div class=\"broadcast-blue\">Curious what those medals under the avatar are? PS now has Ladder Seasons! For more information, check out the <a href=\"https://www.smogon.com/forums/threads/3740067/\">thread on Smogon.</a></div>\n|raw|<div class=\"broadcast-blue\"><strong>This battle is required to be public due to a player having a name starting with 'medal'.</div>\n|j|\u2606freezai\n|j|\u2606Teres bahji\n|t:|1716933407\n|gametype|singles\n|player|p1|freezai|#scl1breakers|2392\n|player|p2|Teres bahji|#rbtt7teamrayquazaf|2349\n|teamsize|p1|6\n|teamsize|p2|6\n|gen|9\n|tier|[Gen 9] Random Battle\n|rated|\n|rule|Species Clause: Limit one of each Pok\u00e9mon\n|rule|HP Percentage Mod: HP is shown in percentages\n|rule|Sleep Clause Mod: Limit one foe put to sleep\n|rule|Illusion Level Mod: Illusion disguises the Pok\u00e9mon's true level\n|\n|t:|1716933407\n|start\n|switch|p1a: Gouging Fire|Gouging Fire, L74|277/277\n|switch|p2a: Golduck|Golduck, L90, M|290/290\n|-ability|p2a: Golduck|Cloud Nine\n|turn|1\n|inactive|Battle timer is ON: inactive players will automatically lose when time's up. (requested by freezai)\n|j| Shaky3\n|\n|t:|1716933416\n|move|p2a: Golduck|Nasty Plot|p2a: Golduck\n|-boost|p2a: Golduck|spa|2\n|move|p1a: Gouging Fire|Dragon Dance|p1a: Gouging Fire\n|-boost|p1a: Gouging Fire|atk|1\n|-boost|p1a: Gouging Fire|spe|1\n|\n|upkeep\n|turn|2\n|\n|t:|1716933423\n|move|p1a: Gouging Fire|Outrage|p2a: Golduck\n|-damage|p2a: Golduck|107/290\n|move|p2a: Golduck|Hydro Pump|p1a: Gouging Fire\n|-damage|p1a: Gouging Fire|0 fnt\n|faint|p1a: Gouging Fire\n|-end|p1a: Gouging Fire|Protosynthesis|[silent]\n|-damage|p2a: Golduck|78/290|[from] item: Life Orb\n|\n|upkeep\n|\n|t:|1716933427\n|switch|p1a: Wugtrio|Wugtrio, L91, F|212/212\n|turn|3\n|\n|t:|1716933431\n|switch|p2a: Chesnaught|Chesnaught, L84, M|285/285\n|move|p1a: Wugtrio|Liquidation|p2a: Chesnaught\n|-resisted|p2a: Chesnaught\n|-damage|p2a: Chesnaught|221/285\n|\n|-heal|p2a: Chesnaught|238/285|[from] item: Leftovers\n|upkeep\n|turn|4\n|\n|t:|1716933435\n|switch|p1a: Vikavolt|Vikavolt, L84, M|267/267\n|move|p2a: Chesnaught|Iron Defense|p2a: Chesnaught\n|-boost|p2a: Chesnaught|def|2\n|\n|-heal|p2a: Chesnaught|255/285|[from] item: Leftovers\n|upkeep\n|turn|5\n|\n|t:|1716933452\n|switch|p2a: Great Tusk|Great Tusk, L77|304/304\n|move|p1a: Vikavolt|Sticky Web|p2a: Great Tusk\n|-sidestart|p2: Teres bahji|move: Sticky Web\n|\n|upkeep\n|turn|6\n|\n|t:|1716933457\n|move|p2a: Great Tusk|Bulk Up|p2a: Great Tusk\n|-boost|p2a: Great Tusk|atk|1\n|-boost|p2a: Great Tusk|def|1\n|move|p1a: Vikavolt|Energy Ball|p2a: Great Tusk\n|-supereffective|p2a: Great Tusk\n|-damage|p2a: Great Tusk|54/304\n|\n|-heal|p2a: Great Tusk|73/304|[from] item: Leftovers\n|upkeep\n|turn|7\n|\n|t:|1716933460\n|move|p2a: Great Tusk|Stone Edge|p1a: Vikavolt|[miss]\n|-miss|p2a: Great Tusk|p1a: Vikavolt\n|move|p1a: Vikavolt|Energy Ball|p2a: Great Tusk\n|-supereffective|p2a: Great Tusk\n|-damage|p2a: Great Tusk|0 fnt\n|faint|p2a: Great Tusk\n|-end|p2a: Great Tusk|Protosynthesis|[silent]\n|\n|upkeep\n|\n|t:|1716933467\n|switch|p2a: Golduck|Golduck, L90, M|78/290\n|-activate|p2a: Golduck|move: Sticky Web\n|-unboost|p2a: Golduck|spe|1\n|-ability|p2a: Golduck|Cloud Nine\n|turn|8\n|\n|t:|1716933471\n|move|p2a: Golduck|Hydro Pump|p1a: Vikavolt\n|-damage|p1a: Vikavolt|86/267\n|-damage|p2a: Golduck|49/290|[from] item: Life Orb\n|move|p1a: Vikavolt|Energy Ball|p2a: Golduck\n|-supereffective|p2a: Golduck\n|-damage|p2a: Golduck|0 fnt\n|faint|p2a: Golduck\n|\n|upkeep\n|\n|t:|1716933476\n|switch|p2a: Solgaleo|Solgaleo, L74|325/325\n|-activate|p2a: Solgaleo|move: Sticky Web\n|-fail|p2a: Solgaleo|unboost|[from] ability: Full Metal Body|[of] p2a: Solgaleo\n|turn|9\n|\n|t:|1716933481\n|move|p2a: Solgaleo|Psychic|p1a: Vikavolt\n|-damage|p1a: Vikavolt|0 fnt\n|faint|p1a: Vikavolt\n|\n|upkeep\n|\n|t:|1716933485\n|switch|p1a: Illumise|Illumise, L91, F|266/266\n|turn|10\n|\n|t:|1716933489\n|switch|p2a: Granbull|Granbull, L88, F|302/302\n|-activate|p2a: Granbull|move: Sticky Web\n|-unboost|p2a: Granbull|spe|1\n|-ability|p2a: Granbull|Intimidate|boost\n|-unboost|p1a: Illumise|atk|1\n|move|p1a: Illumise|Thunder Wave|p2a: Granbull\n|-status|p2a: Granbull|par\n|\n|upkeep\n|turn|11\n|\n|t:|1716933492\n|switch|p1a: Klefki|Klefki, L84, F|233/233\n|move|p2a: Granbull|Thunder Wave|p1a: Klefki|[miss]\n|-miss|p2a: Granbull|p1a: Klefki\n|\n|upkeep\n|turn|12\n|\n|t:|1716933506\n|switch|p1a: Wugtrio|Wugtrio, L91, F|212/212\n|move|p2a: Granbull|Thunder Wave|p1a: Wugtrio|[miss]\n|-miss|p2a: Granbull|p1a: Wugtrio\n|\n|upkeep\n|turn|13\n|c|\u2606Teres bahji|noice\n|\n|t:|1716933517\n|switch|p2a: Chesnaught|Chesnaught, L84, M|255/285\n|-activate|p2a: Chesnaught|move: Sticky Web\n|-unboost|p2a: Chesnaught|spe|1\n|move|p1a: Wugtrio|Liquidation|p2a: Chesnaught\n|-resisted|p2a: Chesnaught\n|-damage|p2a: Chesnaught|195/285\n|\n|-heal|p2a: Chesnaught|212/285|[from] item: Leftovers\n|upkeep\n|turn|14\n|\n|t:|1716933522\n|switch|p2a: Granbull|Granbull, L88, F|302/302 par\n|-activate|p2a: Granbull|move: Sticky Web\n|-unboost|p2a: Granbull|spe|1\n|-ability|p2a: Granbull|Intimidate|boost\n|-unboost|p1a: Wugtrio|atk|1\n|move|p1a: Wugtrio|Liquidation|p2a: Granbull\n|-damage|p2a: Granbull|193/302 par\n|-unboost|p2a: Granbull|def|1\n|\n|-heal|p2a: Granbull|211/302 par|[from] item: Leftovers\n|upkeep\n|turn|15\n|\n|t:|1716933529\n|switch|p2a: Chesnaught|Chesnaught, L84, M|212/285\n|-activate|p2a: Chesnaught|move: Sticky Web\n|-unboost|p2a: Chesnaught|spe|1\n|move|p1a: Wugtrio|Liquidation|p2a: Chesnaught\n|-resisted|p2a: Chesnaught\n|-damage|p2a: Chesnaught|173/285\n|\n|-heal|p2a: Chesnaught|190/285|[from] item: Leftovers\n|upkeep\n|turn|16\n|\n|t:|1716933532\n|move|p1a: Wugtrio|Liquidation|p2a: Chesnaught\n|-resisted|p2a: Chesnaught\n|-damage|p2a: Chesnaught|148/285\n|move|p2a: Chesnaught|Body Press|p1a: Wugtrio\n|-damage|p1a: Wugtrio|67/212\n|-ability|p1a: Wugtrio|Gooey\n|-unboost|p2a: Chesnaught|spe|1\n|\n|-heal|p2a: Chesnaught|165/285|[from] item: Leftovers\n|upkeep\n|turn|17\n|\n|t:|1716933537\n|switch|p1a: Illumise|Illumise, L91, F|266/266\n|move|p2a: Chesnaught|Synthesis|p2a: Chesnaught\n|-heal|p2a: Chesnaught|285/285\n|\n|upkeep\n|turn|18\n|\n|t:|1716933540\n|switch|p2a: Granbull|Granbull, L88, F|211/302 par\n|-activate|p2a: Granbull|move: Sticky Web\n|-unboost|p2a: Granbull|spe|1\n|-ability|p2a: Granbull|Intimidate|boost\n|-unboost|p1a: Illumise|atk|1\n|move|p1a: Illumise|Bug Buzz|p2a: Granbull\n|-resisted|p2a: Granbull\n|-damage|p2a: Granbull|153/302 par\n|-unboost|p2a: Granbull|spd|1\n|\n|-heal|p2a: Granbull|171/302 par|[from] item: Leftovers\n|upkeep\n|turn|19\n|\n|t:|1716933544\n|move|p1a: Illumise|Bug Buzz|p2a: Granbull\n|-resisted|p2a: Granbull\n|-damage|p2a: Granbull|90/302 par\n|move|p2a: Granbull|Thunder Wave|p1a: Illumise\n|-status|p1a: Illumise|par\n|\n|-heal|p2a: Granbull|108/302 par|[from] item: Leftovers\n|upkeep\n|turn|20\n|\n|t:|1716933551\n|switch|p2a: Kyogre|Kyogre, L71|259/259\n|-activate|p2a: Kyogre|move: Sticky Web\n|-unboost|p2a: Kyogre|spe|1\n|-weather|RainDance|[from] ability: Drizzle|[of] p2a: Kyogre\n|move|p1a: Illumise|Bug Buzz|p2a: Kyogre\n|-damage|p2a: Kyogre|181/259\n|\n|-weather|RainDance|[upkeep]\n|-heal|p2a: Kyogre|197/259|[from] item: Leftovers\n|upkeep\n|turn|21\n|\n|t:|1716933554\n|move|p1a: Illumise|Thunder Wave|p2a: Kyogre\n|-status|p2a: Kyogre|par\n|cant|p2a: Kyogre|par\n|\n|-weather|RainDance|[upkeep]\n|-heal|p2a: Kyogre|213/259 par|[from] item: Leftovers\n|upkeep\n|turn|22\n|\n|t:|1716933560\n|cant|p1a: Illumise|par\n|move|p2a: Kyogre|Origin Pulse|p1a: Illumise|[miss]\n|-miss|p2a: Kyogre|p1a: Illumise\n|\n|-weather|RainDance|[upkeep]\n|-heal|p2a: Kyogre|229/259 par|[from] item: Leftovers\n|upkeep\n|turn|23\n|\n|t:|1716933564\n|cant|p1a: Illumise|par\n|move|p2a: Kyogre|Origin Pulse|p1a: Illumise\n|-damage|p1a: Illumise|100/266 par\n|\n|-weather|RainDance|[upkeep]\n|-heal|p2a: Kyogre|245/259 par|[from] item: Leftovers\n|upkeep\n|turn|24\n|\n|t:|1716933571\n|move|p1a: Illumise|Roost|p1a: Illumise\n|-heal|p1a: Illumise|233/266 par\n|-singleturn|p1a: Illumise|move: Roost\n|cant|p2a: Kyogre|par\n|\n|-weather|none\n|-heal|p2a: Kyogre|259/259 par|[from] item: Leftovers\n|upkeep\n|turn|25\n|\n|t:|1716933583\n|switch|p1a: Klefki|Klefki, L84, F|233/233\n|move|p2a: Kyogre|Origin Pulse|p1a: Klefki\n|-crit|p1a: Klefki\n|-damage|p1a: Klefki|64/233\n|\n|-heal|p1a: Klefki|78/233|[from] item: Leftovers\n|upkeep\n|turn|26\n|j| Aco2PlaysShowdown\n|\n|t:|1716933590\n|move|p1a: Klefki|Spikes|p2a: Kyogre\n|-sidestart|p2: Teres bahji|Spikes\n|cant|p2a: Kyogre|par\n|\n|-heal|p1a: Klefki|92/233|[from] item: Leftovers\n|upkeep\n|turn|27\n|l| Aco2PlaysShowdown\n|\n|t:|1716933596\n|move|p1a: Klefki|Spikes|p2a: Kyogre\n|-sidestart|p2: Teres bahji|Spikes\n|move|p2a: Kyogre|Origin Pulse|p1a: Klefki\n|-damage|p1a: Klefki|0 fnt\n|faint|p1a: Klefki\n|\n|upkeep\n|\n|t:|1716933601\n|switch|p1a: Stonjourner|Stonjourner, L91, F|330/330\n|turn|28\n|\n|t:|1716933608\n|switch|p2a: Granbull|Granbull, L88, F|108/302 par\n|-activate|p2a: Granbull|move: Sticky Web\n|-unboost|p2a: Granbull|spe|1\n|-damage|p2a: Granbull|58/302 par|[from] Spikes\n|-ability|p2a: Granbull|Intimidate|boost\n|-unboost|p1a: Stonjourner|atk|1\n|move|p1a: Stonjourner|Stone Edge|p2a: Granbull|[miss]\n|-miss|p1a: Stonjourner|p2a: Granbull\n|\n|-heal|p2a: Granbull|76/302 par|[from] item: Leftovers\n|upkeep\n|turn|29\n|\n|t:|1716933613\n|move|p1a: Stonjourner|Heat Crash|p2a: Granbull\n|-damage|p2a: Granbull|0 fnt\n|faint|p2a: Granbull\n|-damage|p1a: Stonjourner|297/330|[from] item: Life Orb\n|\n|upkeep\n|\n|t:|1716933618\n|switch|p2a: Kyogre|Kyogre, L71|259/259 par\n|-activate|p2a: Kyogre|move: Sticky Web\n|-unboost|p2a: Kyogre|spe|1\n|-damage|p2a: Kyogre|216/259 par|[from] Spikes\n|-weather|RainDance|[from] ability: Drizzle|[of] p2a: Kyogre\n|turn|30\n|\n|t:|1716933621\n|move|p1a: Stonjourner|Stone Edge|p2a: Kyogre\n|-damage|p2a: Kyogre|55/259 par\n|-damage|p1a: Stonjourner|264/330|[from] item: Life Orb\n|move|p2a: Kyogre|Origin Pulse|p1a: Stonjourner\n|-supereffective|p1a: Stonjourner\n|-damage|p1a: Stonjourner|0 fnt\n|faint|p1a: Stonjourner\n|\n|-weather|RainDance|[upkeep]\n|-heal|p2a: Kyogre|71/259 par|[from] item: Leftovers\n|upkeep\n|\n|t:|1716933624\n|switch|p1a: Wugtrio|Wugtrio, L91, F|67/212\n|turn|31\n|\n|t:|1716933630\n|-terastallize|p1a: Wugtrio|Water\n|move|p1a: Wugtrio|Liquidation|p2a: Kyogre\n|-resisted|p2a: Kyogre\n|-damage|p2a: Kyogre|0 fnt\n|faint|p2a: Kyogre\n|\n|-weather|RainDance|[upkeep]\n|upkeep\n|\n|t:|1716933634\n|switch|p2a: Chesnaught|Chesnaught, L84, M|285/285\n|-activate|p2a: Chesnaught|move: Sticky Web\n|-unboost|p2a: Chesnaught|spe|1\n|-damage|p2a: Chesnaught|238/285|[from] Spikes\n|turn|32\n|\n|t:|1716933643\n|switch|p1a: Illumise|Illumise, L91, F|233/266 par\n|move|p2a: Chesnaught|Body Press|p1a: Illumise\n|-resisted|p1a: Illumise\n|-damage|p1a: Illumise|183/266 par\n|\n|-weather|RainDance|[upkeep]\n|-heal|p2a: Chesnaught|255/285|[from] item: Leftovers\n|upkeep\n|turn|33\n|\n|t:|1716933650\n|switch|p2a: Solgaleo|Solgaleo, L74|325/325\n|-activate|p2a: Solgaleo|move: Sticky Web\n|-fail|p2a: Solgaleo|unboost|[from] ability: Full Metal Body|[of] p2a: Solgaleo\n|-damage|p2a: Solgaleo|271/325|[from] Spikes\n|move|p1a: Illumise|Thunder Wave|p2a: Solgaleo\n|-status|p2a: Solgaleo|par\n|\n|-weather|RainDance|[upkeep]\n|upkeep\n|turn|34\n|\n|t:|1716933662\n|-terastallize|p2a: Solgaleo|Fighting\n|cant|p1a: Illumise|par\n|move|p2a: Solgaleo|Psychic|p1a: Illumise\n|-damage|p1a: Illumise|101/266 par\n|\n|-weather|none\n|upkeep\n|turn|35\n|\n|t:|1716933669\n|cant|p1a: Illumise|par\n|move|p2a: Solgaleo|Flame Charge|p1a: Illumise\n|-supereffective|p1a: Illumise\n|-damage|p1a: Illumise|29/266 par\n|-boost|p2a: Solgaleo|spe|1\n|\n|upkeep\n|turn|36\n|\n|t:|1716933674\n|switch|p1a: Wugtrio|Wugtrio, L91, F, tera:Water|67/212\n|cant|p2a: Solgaleo|par\n|\n|upkeep\n|turn|37\n|\n|t:|1716933680\n|move|p1a: Wugtrio|Liquidation|p2a: Solgaleo\n|-damage|p2a: Solgaleo|57/325 par\n|cant|p2a: Solgaleo|par\n|\n|upkeep\n|turn|38\n|\n|t:|1716933685\n|move|p1a: Wugtrio|Liquidation|p2a: Solgaleo\n|-crit|p2a: Solgaleo\n|-damage|p2a: Solgaleo|0 fnt\n|faint|p2a: Solgaleo\n|\n|upkeep\n|\n|t:|1716933687\n|switch|p2a: Chesnaught|Chesnaught, L84, M|255/285\n|-activate|p2a: Chesnaught|move: Sticky Web\n|-unboost|p2a: Chesnaught|spe|1\n|-damage|p2a: Chesnaught|208/285|[from] Spikes\n|turn|39\n|\n|t:|1716933693\n|move|p1a: Wugtrio|Liquidation|p2a: Chesnaught\n|-resisted|p2a: Chesnaught\n|-damage|p2a: Chesnaught|130/285\n|move|p2a: Chesnaught|Body Press|p1a: Wugtrio\n|-damage|p1a: Wugtrio|0 fnt\n|-ability|p1a: Wugtrio|Gooey\n|-unboost|p2a: Chesnaught|spe|1\n|faint|p1a: Wugtrio\n|\n|-heal|p2a: Chesnaught|147/285|[from] item: Leftovers\n|upkeep\n|\n|t:|1716933696\n|switch|p1a: Illumise|Illumise, L91, F|29/266 par\n|turn|40\n|\n|t:|1716933700\n|cant|p1a: Illumise|par\n|move|p2a: Chesnaught|Body Press|p1a: Illumise\n|-resisted|p1a: Illumise\n|-damage|p1a: Illumise|0 fnt\n|faint|p1a: Illumise\n|\n|win|Teres bahji\n|raw|freezai's rating: 2392 &rarr; <strong>2370</strong><br />(-22 for losing)\n|raw|Teres bahji's rating: 2349 &rarr; <strong>2371</strong><br />(+22 for winning)\n|l|\u2606freezai\n|player|p1|\n", "inputlog": ">version 7158ead19aeac8750849df2840eabb6dbec77df6\n>start {\"formatid\":\"gen9randombattle\",\"seed\":[32481,49624,58682,9278],\"rated\":\"Rated battle\"}\n>player p1 {\"name\":\"freezai\",\"avatar\":\"#scl1breakers\",\"rating\":2392,\"seed\":[27412,59531,60766,14824]}\n>player p2 {\"name\":\"Teres bahji\",\"avatar\":\"#rbtt7teamrayquazaf\",\"rating\":2349,\"seed\":[21459,61874,64850,59964]}\n>p1 move dragondance\n>p2 move nastyplot\n>p1 move outrage\n>p2 move hydropump\n>p1 switch 6\n>p1 move liquidation\n>p2 switch 5\n>p1 switch 4\n>p2 move irondefense\n>p1 move stickyweb\n>p2 switch 4\n>p1 move energyball\n>p2 move bulkup\n>p1 move energyball\n>p2 move stoneedge\n>p2 switch 5\n>p1 move energyball\n>p2 move hydropump\n>p2 switch 3\n>p1 move bugbuzz\n>p2 move psychic\n>p1 switch 5\n>p1 move thunderwave\n>p2 switch 6\n>p1 switch 3\n>p2 move thunderwave\n>p1 switch 4\n>p2 move thunderwave\n>chat \u2606Teres bahji|noice\n>p1 move liquidation\n>p2 switch 4\n>p1 move liquidation\n>p2 switch 4\n>p1 move liquidation\n>p2 switch 4\n>p1 move liquidation\n>p2 move bodypress\n>p1 switch 3\n>p2 move synthesis\n>p1 move bugbuzz\n>p2 switch 4\n>p1 move bugbuzz\n>p2 move thunderwave\n>p1 move bugbuzz\n>p2 switch 2\n>p1 move thunderwave\n>p2 move originpulse\n>p1 move bugbuzz\n>p2 move originpulse\n>p1 move bugbuzz\n>p2 move originpulse\n>p1 move roost\n>p2 move originpulse\n>p1 switch 4\n>p2 move originpulse\n>p1 move spikes\n>p2 move originpulse\n>p1 move spikes\n>p2 move originpulse\n>p1 switch 2\n>p1 move stoneedge\n>p2 switch 2\n>p1 move heatcrash\n>p2 move thunderwave\n>p2 switch 2\n>p1 move stoneedge\n>p2 move originpulse\n>p1 switch 3\n>p1 move liquidation terastallize\n>p2 move thunder\n>p2 switch 4\n>p1 switch 4\n>p2 move bodypress\n>p1 move thunderwave\n>p2 switch 6\n>p1 move bugbuzz\n>p2 move psychic terastallize\n>p1 move roost\n>p2 move flamecharge\n>p1 switch 4\n>p2 move sunsteelstrike\n>p1 move liquidation\n>p2 move psychic\n>p1 move liquidation\n>p2 move psychic\n>p2 switch 6\n>p1 move liquidation\n>p2 move bodypress\n>p1 switch 4\n>p1 move roost\n>p2 move bodypress", "uploadtime": 1716933702, "views": 236, "formatid": "gen9randombattle", "rating": 2370, "private": 0, "password": null}