{"id": "gen9randombattle-2260774116", "format": "[Gen 9] Random Battle", "players": ["Pktegummy", "mi1kweed"], "log": "|j|\u2606Pktegummy\n|j|\u2606mi1kweed\n|t:|1733890028\n|gametype|singles\n|player|p1|Pktegummy|workerice|1204\n|player|p2|mi1kweed|pokemonranger-gen4|1214\n|teamsize|p1|6\n|teamsize|p2|6\n|gen|9\n|tier|[Gen 9] Random Battle\n|rated|\n|rule|Species Clause: Limit one of each Pok\u00e9mon\n|rule|HP Percentage Mod: HP is shown in percentages\n|rule|Sleep Clause Mod: Limit one foe put to sleep\n|rule|Illusion Level Mod: Illusion disguises the Pok\u00e9mon's true level\n|\n|t:|1733890028\n|start\n|switch|p1a: Diancie|Diancie, L82|216/216\n|switch|p2a: Rillaboom|Rillaboom, L79, M|288/288\n|-fieldstart|move: Grassy Terrain|[from] ability: Grassy Surge|[of] p2a: Rillaboom\n|turn|1\n|\n|t:|1733890050\n|-terastallize|p1a: Diancie|Fighting\n|move|p2a: Rillaboom|Knock Off|p1a: Diancie\n|-resisted|p1a: Diancie\n|-damage|p1a: Diancie|184/216\n|-enditem|p1a: Diancie|Leftovers|[from] move: Knock Off|[of] p2a: Rillaboom\n|-damage|p2a: Rillaboom|260/288|[from] item: Life Orb\n|move|p1a: Diancie|Stealth Rock|p2a: Rillaboom\n|-sidestart|p2: mi1kweed|move: Stealth Rock\n|\n|-heal|p2a: Rillaboom|278/288|[from] Grassy Terrain\n|-heal|p1a: Diancie|197/216|[from] Grassy Terrain\n|upkeep\n|turn|2\n|\n|t:|1733890062\n|move|p2a: Rillaboom|Swords Dance|p2a: Rillaboom\n|-boost|p2a: Rillaboom|atk|2\n|move|p1a: Diancie|Diamond Storm|p2a: Rillaboom\n|-crit|p2a: Rillaboom\n|-damage|p2a: Rillaboom|130/288\n|-boost|p1a: Diancie|def|2\n|\n|-heal|p2a: Rillaboom|148/288|[from] Grassy Terrain\n|-heal|p1a: Diancie|210/216|[from] Grassy Terrain\n|upkeep\n|turn|3\n|\n|t:|1733890118\n|move|p2a: Rillaboom|Wood Hammer|p1a: Diancie\n|-damage|p1a: Diancie|42/216\n|-damage|p2a: Rillaboom|93/288|[from] Recoil\n|-damage|p2a: Rillaboom|65/288|[from] item: Life Orb\n|move|p1a: Diancie|Body Press|p2a: Rillaboom\n|-damage|p2a: Rillaboom|0 fnt\n|faint|p2a: Rillaboom\n|\n|-heal|p1a: Diancie|55/216|[from] Grassy Terrain\n|upkeep\n|\n|t:|1733890132\n|switch|p2a: Drifblim|Drifblim, L86, M|398/398\n|turn|4\n|\n|t:|1733890141\n|move|p2a: Drifblim|Shadow Ball|p1a: Diancie\n|-damage|p1a: Diancie|0 fnt\n|faint|p1a: Diancie\n|\n|upkeep\n|\n|t:|1733890151\n|switch|p1a: Swalot|Swalot, L90, F|326/326\n|turn|5\n|\n|t:|1733890165\n|move|p2a: Drifblim|Defog|p1a: Swalot\n|-unboost|p1a: Swalot|evasion|1\n|-sideend|p2: mi1kweed|Stealth Rock|[from] move: Defog|[of] p2a: Drifblim\n|-fieldend|move: Grassy Terrain\n|move|p1a: Swalot|Knock Off|p2a: Drifblim\n|-supereffective|p2a: Drifblim\n|-damage|p2a: Drifblim|202/398\n|-enditem|p2a: Drifblim|Heavy-Duty Boots|[from] move: Knock Off|[of] p1a: Swalot\n|\n|upkeep\n|turn|6\n|\n|t:|1733890183\n|move|p2a: Drifblim|Strength Sap|p1a: Swalot\n|-unboost|p1a: Swalot|atk|1\n|-damage|p2a: Drifblim|19/398|[from] ability: Liquid Ooze|[of] p1a: Swalot\n|move|p1a: Swalot|Ice Beam|p2a: Drifblim\n|-supereffective|p2a: Drifblim\n|-damage|p2a: Drifblim|0 fnt\n|faint|p2a: Drifblim\n|\n|upkeep\n|\n|t:|1733890200\n|switch|p2a: Blastoise|Blastoise, L80, F|258/258\n|turn|7\n|\n|t:|1733890205\n|move|p2a: Blastoise|Shell Smash|p2a: Blastoise\n|-unboost|p2a: Blastoise|def|1\n|-unboost|p2a: Blastoise|spd|1\n|-boost|p2a: Blastoise|atk|2\n|-boost|p2a: Blastoise|spa|2\n|-boost|p2a: Blastoise|spe|2\n|-enditem|p2a: Blastoise|White Herb\n|-clearnegativeboost|p2a: Blastoise|[silent]\n|move|p1a: Swalot|Knock Off|p2a: Blastoise\n|-damage|p2a: Blastoise|232/258\n|\n|upkeep\n|turn|8\n|\n|t:|1733890217\n|move|p2a: Blastoise|Hydro Pump|p1a: Swalot\n|-damage|p1a: Swalot|146/326\n|move|p1a: Swalot|Sludge Bomb|p2a: Blastoise\n|-damage|p2a: Blastoise|148/258\n|\n|-heal|p1a: Swalot|166/326|[from] item: Leftovers\n|upkeep\n|turn|9\n|\n|t:|1733890244\n|move|p2a: Blastoise|Hydro Pump|p1a: Swalot\n|-damage|p1a: Swalot|0 fnt\n|faint|p1a: Swalot\n|\n|upkeep\n|inactive|Battle timer is ON: inactive players will automatically lose when time's up. (requested by mi1kweed)\n|\n|t:|1733890257\n|switch|p1a: Feraligatr|Feraligatr, L79, F|264/264\n|turn|10\n|\n|t:|1733890266\n|-terastallize|p2a: Blastoise|Electric\n|move|p2a: Blastoise|Tera Blast|p1a: Feraligatr|[anim] Tera Blast Electric\n|-supereffective|p1a: Feraligatr\n|-damage|p1a: Feraligatr|0 fnt\n|faint|p1a: Feraligatr\n|\n|upkeep\n|\n|t:|1733890278\n|switch|p1a: Eiscue|Eiscue, L88, F|274/274\n|turn|11\n|\n|t:|1733890290\n|move|p2a: Blastoise|Hydro Pump|p1a: Eiscue\n|-damage|p1a: Eiscue|93/274\n|-enditem|p1a: Eiscue|Sitrus Berry|[eat]\n|-heal|p1a: Eiscue|161/274|[from] item: Sitrus Berry\n|move|p1a: Eiscue|Belly Drum|p1a: Eiscue\n|-damage|p1a: Eiscue|24/274\n|-setboost|p1a: Eiscue|atk|6|[from] move: Belly Drum\n|\n|upkeep\n|turn|12\n|\n|t:|1733890300\n|move|p2a: Blastoise|Tera Blast|p1a: Eiscue|[anim] Tera Blast Electric\n|-damage|p1a: Eiscue|0 fnt\n|faint|p1a: Eiscue\n|\n|upkeep\n|\n|t:|1733890302\n|switch|p1a: Banette|Banette, L93, F|270/270\n|turn|13\n|\n|t:|1733890307\n|move|p2a: Blastoise|Tera Blast|p1a: Banette|[anim] Tera Blast Electric\n|-damage|p1a: Banette|93/270\n|move|p1a: Banette|Poltergeist||[still]\n|-fail|p1a: Banette\n|\n|upkeep\n|turn|14\n|\n|t:|1733890314\n|move|p2a: Blastoise|Tera Blast|p1a: Banette|[anim] Tera Blast Electric\n|-damage|p1a: Banette|0 fnt\n|faint|p1a: Banette\n|\n|upkeep\n|\n|t:|1733890316\n|switch|p1a: Noctowl|Noctowl, L95, M|344/344\n|turn|15\n|\n|t:|1733890320\n|move|p2a: Blastoise|Tera Blast|p1a: Noctowl|[anim] Tera Blast Electric\n|-supereffective|p1a: Noctowl\n|-damage|p1a: Noctowl|116/344\n|move|p1a: Noctowl|Defog|p2a: Blastoise\n|-unboost|p2a: Blastoise|evasion|1\n|\n|upkeep\n|turn|16\n|\n|t:|1733890326\n|move|p2a: Blastoise|Tera Blast|p1a: Noctowl|[anim] Tera Blast Electric\n|-supereffective|p1a: Noctowl\n|-damage|p1a: Noctowl|0 fnt\n|faint|p1a: Noctowl\n|\n|win|mi1kweed\n|raw|Pktegummy's rating: 1204 &rarr; <strong>1180</strong><br />(-24 for losing)\n|raw|mi1kweed's rating: 1214 &rarr; <strong>1238</strong><br />(+24 for winning)\n|l|\u2606Pktegummy\n|player|p1|\n", "inputlog": ">version bfd83cad13791eb5a5a409923076391caf6fb4d4\n>start {\"formatid\":\"gen9randombattle\",\"seed\":[39552,17966,12389,18595],\"rated\":\"Rated battle\"}\n>player p1 {\"name\":\"Pktegummy\",\"avatar\":\"workerice\",\"rating\":1204,\"seed\":[8098,5631,37087,55082]}\n>player p2 {\"name\":\"mi1kweed\",\"avatar\":\"pokemonranger-gen4\",\"rating\":1214,\"seed\":[21960,53658,49572,54442]}\n>p1 move stealthrock terastallize\n>p2 move knockoff\n>p1 move diamondstorm\n>p2 move swordsdance\n>p1 move bodypress\n>p2 move woodhammer\n>p2 switch 3\n>p1 move diamondstorm\n>p2 move shadowball\n>p1 switch 3\n>p1 move knockoff\n>p2 move defog\n>p1 move icebeam\n>p2 move strengthsap\n>p2 switch 2\n>p1 move knockoff\n>p2 move shellsmash\n>p1 move sludgebomb\n>p2 move hydropump\n>p1 move sludgebomb\n>p2 move hydropump\n>p1 switch 4\n>p1 move trailblaze\n>p2 move terablast terastallize\n>p1 switch 5\n>p1 move bellydrum\n>p2 move hydropump\n>p1 move liquidation\n>p2 move terablast\n>p1 switch 6\n>p1 move poltergeist\n>p2 move terablast\n>p1 move poltergeist\n>p2 move terablast\n>p1 switch 2\n>p1 move defog\n>p2 move terablast\n>p1 move defog\n>p2 move terablast", "uploadtime": 1733890339, "views": 11, "formatid": "gen9randombattle", "rating": 1180, "private": 0, "password": null}