{"id": "gen9randombattle-2260917868", "format": "[Gen 9] Random Battle", "players": ["nfcvgh", "Sirpinky110"], "log": "|j|\u2606nfcvgh\n|j|\u2606Sirpinky110\n|t:|1733916507\n|gametype|singles\n|player|p1|nfcvgh|2|1154\n|player|p2|Sirpinky110|102|1160\n|teamsize|p1|6\n|teamsize|p2|6\n|gen|9\n|tier|[Gen 9] Random Battle\n|rated|\n|rule|Species Clause: Limit one of each Pok\u00e9mon\n|rule|HP Percentage Mod: HP is shown in percentages\n|rule|Sleep Clause Mod: Limit one foe put to sleep\n|rule|Illusion Level Mod: Illusion disguises the Pok\u00e9mon's true level\n|\n|t:|1733916507\n|start\n|switch|p1a: Rampardos|Rampardos, L90, M|321/321\n|switch|p2a: Conkeldurr|Conkeldurr, L80, F|299/299\n|turn|1\n|\n|t:|1733916530\n|switch|p1a: Spectrier|Spectrier, L75|274/274\n|move|p2a: Conkeldurr|Knock Off|p1a: Spectrier\n|-supereffective|p1a: Spectrier\n|-damage|p1a: Spectrier|16/274\n|-enditem|p1a: Spectrier|Life Orb|[from] move: Knock Off|[of] p2a: Conkeldurr\n|\n|-status|p2a: Conkeldurr|brn|[from] item: Flame Orb\n|upkeep\n|turn|2\n|\n|t:|1733916545\n|move|p1a: Spectrier|Draining Kiss|p2a: Conkeldurr\n|-supereffective|p2a: Conkeldurr\n|-damage|p2a: Conkeldurr|201/299 brn\n|-heal|p1a: Spectrier|90/274|[from] drain|[of] p2a: Conkeldurr\n|move|p2a: Conkeldurr|Knock Off|p1a: Spectrier\n|-supereffective|p1a: Spectrier\n|-damage|p1a: Spectrier|0 fnt\n|faint|p1a: Spectrier\n|\n|-damage|p2a: Conkeldurr|183/299 brn|[from] brn\n|upkeep\n|\n|t:|1733916556\n|switch|p1a: Whimsicott|Whimsicott, L85, M|241/241\n|turn|3\n|\n|t:|1733916569\n|switch|p2a: Hatterene|Hatterene, L85, F|236/236\n|move|p1a: Whimsicott|Encore|p2a: Hatterene\n|move|p2a: Hatterene|Encore||[from]ability: Magic Bounce|[still]\n|-fail|p2a: Hatterene\n|\n|upkeep\n|turn|4\n|\n|t:|1733916580\n|move|p1a: Whimsicott|U-turn|p2a: Hatterene\n|-damage|p2a: Hatterene|197/236\n|\n|t:|1733916591\n|switch|p1a: Volcanion|Volcanion, L79|255/255|[from] U-turn\n|move|p2a: Hatterene|Calm Mind|p2a: Hatterene\n|-boost|p2a: Hatterene|spa|1\n|-boost|p2a: Hatterene|spd|1\n|\n|-heal|p2a: Hatterene|211/236|[from] item: Leftovers\n|upkeep\n|turn|5\n|\n|t:|1733916605\n|move|p1a: Volcanion|Sludge Bomb|p2a: Hatterene\n|-supereffective|p2a: Hatterene\n|-damage|p2a: Hatterene|131/236\n|-status|p2a: Hatterene|psn\n|move|p2a: Hatterene|Psychic|p1a: Volcanion\n|-damage|p1a: Volcanion|53/255\n|\n|-heal|p2a: Hatterene|145/236 psn|[from] item: Leftovers\n|-damage|p2a: Hatterene|116/236 psn|[from] psn\n|upkeep\n|turn|6\n|\n|t:|1733916619\n|switch|p2a: Tinkaton|Tinkaton, L82, F|274/274\n|-ability|p2a: Tinkaton|Mold Breaker\n|move|p1a: Volcanion|Sludge Bomb|p2a: Tinkaton\n|-immune|p2a: Tinkaton\n|\n|upkeep\n|turn|7\n|\n|t:|1733916635\n|switch|p1a: Whimsicott|Whimsicott, L85, M|241/241\n|move|p2a: Tinkaton|Knock Off|p1a: Whimsicott\n|-resisted|p1a: Whimsicott\n|-damage|p1a: Whimsicott|214/241\n|-enditem|p1a: Whimsicott|Heavy-Duty Boots|[from] move: Knock Off|[of] p2a: Tinkaton\n|\n|upkeep\n|turn|8\n|\n|t:|1733916646\n|switch|p2a: Hatterene|Hatterene, L85, F|116/236 psn\n|move|p1a: Whimsicott|Encore|p2a: Hatterene\n|move|p2a: Hatterene|Encore||[from]ability: Magic Bounce|[still]\n|-fail|p2a: Hatterene\n|\n|-heal|p2a: Hatterene|130/236 psn|[from] item: Leftovers\n|-damage|p2a: Hatterene|101/236 psn|[from] psn\n|upkeep\n|turn|9\n|\n|t:|1733916661\n|move|p1a: Whimsicott|U-turn|p2a: Hatterene\n|-damage|p2a: Hatterene|66/236 psn\n|\n|t:|1733916670\n|switch|p1a: Exeggutor|Exeggutor, L89, F|312/312|[from] U-turn\n|move|p2a: Hatterene|Draining Kiss|p1a: Exeggutor\n|-damage|p1a: Exeggutor|228/312\n|-heal|p2a: Hatterene|129/236 psn|[from] drain|[of] p1a: Exeggutor\n|\n|-heal|p2a: Hatterene|143/236 psn|[from] item: Leftovers\n|-damage|p2a: Hatterene|114/236 psn|[from] psn\n|upkeep\n|turn|10\n|\n|t:|1733916694\n|move|p1a: Exeggutor|Calm Mind|p1a: Exeggutor\n|-boost|p1a: Exeggutor|spa|1\n|-boost|p1a: Exeggutor|spd|1\n|move|p2a: Hatterene|Mystical Fire|p1a: Exeggutor\n|-supereffective|p1a: Exeggutor\n|-damage|p1a: Exeggutor|120/312\n|-unboost|p1a: Exeggutor|spa|1\n|-enditem|p1a: Exeggutor|Sitrus Berry|[eat]\n|-heal|p1a: Exeggutor|198/312|[from] item: Sitrus Berry\n|\n|-heal|p2a: Hatterene|128/236 psn|[from] item: Leftovers\n|-damage|p2a: Hatterene|99/236 psn|[from] psn\n|upkeep\n|turn|11\n|\n|t:|1733916709\n|move|p1a: Exeggutor|Giga Drain|p2a: Hatterene\n|-damage|p2a: Hatterene|6/236 psn\n|-heal|p1a: Exeggutor|245/312|[from] drain|[of] p2a: Hatterene\n|move|p2a: Hatterene|Mystical Fire|p1a: Exeggutor\n|-supereffective|p1a: Exeggutor\n|-damage|p1a: Exeggutor|149/312\n|-unboost|p1a: Exeggutor|spa|1\n|\n|-heal|p2a: Hatterene|20/236 psn|[from] item: Leftovers\n|-damage|p2a: Hatterene|0 fnt|[from] psn\n|faint|p2a: Hatterene\n|-item|p1a: Exeggutor|Sitrus Berry|[from] ability: Harvest\n|upkeep\n|-enditem|p1a: Exeggutor|Sitrus Berry|[eat]\n|-heal|p1a: Exeggutor|227/312|[from] item: Sitrus Berry\n|\n|t:|1733916720\n|switch|p2a: Typhlosion|Typhlosion, L84, F|267/267\n|turn|12\n|\n|t:|1733916735\n|switch|p1a: Rampardos|Rampardos, L90, M|321/321\n|move|p2a: Typhlosion|Eruption|p1a: Rampardos\n|-resisted|p1a: Rampardos\n|-damage|p1a: Rampardos|196/321\n|\n|upkeep\n|turn|13\n|\n|t:|1733916753\n|switch|p2a: Vespiquen|Vespiquen, L98, F|296/296\n|-ability|p2a: Vespiquen|Pressure\n|move|p1a: Rampardos|Earthquake|p2a: Vespiquen\n|-immune|p2a: Vespiquen\n|\n|upkeep\n|turn|14\n|\n|t:|1733916767\n|switch|p1a: Whimsicott|Whimsicott, L85, M|214/241\n|move|p2a: Vespiquen|Toxic|p1a: Whimsicott\n|-status|p1a: Whimsicott|tox\n|\n|-damage|p1a: Whimsicott|199/241 tox|[from] psn\n|upkeep\n|turn|15\n|\n|t:|1733916785\n|switch|p2a: Tinkaton|Tinkaton, L82, F|274/274\n|-ability|p2a: Tinkaton|Mold Breaker\n|move|p1a: Whimsicott|U-turn|p2a: Tinkaton\n|-resisted|p2a: Tinkaton\n|-damage|p2a: Tinkaton|264/274\n|\n|t:|1733916793\n|switch|p1a: Volcanion|Volcanion, L79|53/255|[from] U-turn\n|\n|-heal|p2a: Tinkaton|274/274|[from] item: Leftovers\n|upkeep\n|turn|16\n|\n|t:|1733916804\n|move|p1a: Volcanion|Flamethrower|p2a: Tinkaton\n|-supereffective|p2a: Tinkaton\n|-damage|p2a: Tinkaton|86/274\n|move|p2a: Tinkaton|Play Rough|p1a: Volcanion\n|-resisted|p1a: Volcanion\n|-damage|p1a: Volcanion|22/255\n|\n|-heal|p2a: Tinkaton|103/274|[from] item: Leftovers\n|upkeep\n|turn|17\n|\n|t:|1733916816\n|switch|p2a: Typhlosion|Typhlosion, L84, F|267/267\n|move|p1a: Volcanion|Flamethrower|p2a: Typhlosion\n|-resisted|p2a: Typhlosion\n|-crit|p2a: Typhlosion\n|-damage|p2a: Typhlosion|190/267\n|\n|upkeep\n|turn|18\n|\n|t:|1733916826\n|switch|p1a: Rampardos|Rampardos, L90, M|196/321\n|move|p2a: Typhlosion|Scorching Sands|p1a: Rampardos\n|-supereffective|p1a: Rampardos\n|-damage|p1a: Rampardos|52/321\n|\n|upkeep\n|turn|19\n|\n|t:|1733916837\n|move|p2a: Typhlosion|Scorching Sands|p1a: Rampardos\n|-supereffective|p1a: Rampardos\n|-damage|p1a: Rampardos|0 fnt\n|faint|p1a: Rampardos\n|\n|upkeep\n|\n|t:|1733916861\n|switch|p1a: Lycanroc|Lycanroc, L86, F|269/269\n|turn|20\n|\n|t:|1733916885\n|-terastallize|p1a: Lycanroc|Fighting\n|move|p2a: Typhlosion|Scorching Sands|p1a: Lycanroc\n|-damage|p1a: Lycanroc|205/269\n|-status|p1a: Lycanroc|brn\n|move|p1a: Lycanroc|Swords Dance|p1a: Lycanroc\n|-boost|p1a: Lycanroc|atk|2\n|\n|-damage|p1a: Lycanroc|189/269 brn|[from] brn\n|upkeep\n|turn|21\n|\n|t:|1733916900\n|move|p2a: Typhlosion|Scorching Sands|p1a: Lycanroc\n|-damage|p1a: Lycanroc|127/269 brn\n|move|p1a: Lycanroc|Stone Edge|p2a: Typhlosion|[miss]\n|-miss|p1a: Lycanroc|p2a: Typhlosion\n|\n|-damage|p1a: Lycanroc|111/269 brn|[from] brn\n|upkeep\n|turn|22\n|\n|t:|1733916910\n|move|p2a: Typhlosion|Scorching Sands|p1a: Lycanroc\n|-damage|p1a: Lycanroc|42/269 brn\n|move|p1a: Lycanroc|Stone Edge|p2a: Typhlosion\n|-supereffective|p2a: Typhlosion\n|-crit|p2a: Typhlosion\n|-damage|p2a: Typhlosion|0 fnt\n|faint|p2a: Typhlosion\n|-damage|p1a: Lycanroc|16/269 brn|[from] item: Life Orb\n|\n|-damage|p1a: Lycanroc|0 fnt|[from] brn\n|faint|p1a: Lycanroc\n|upkeep\n|\n|t:|1733916933\n|switch|p1a: Volcanion|Volcanion, L79|22/255\n|switch|p2a: Tinkaton|Tinkaton, L82, F|103/274\n|-ability|p2a: Tinkaton|Mold Breaker\n|turn|23\n|\n|t:|1733916942\n|switch|p2a: Conkeldurr|Conkeldurr, L80, F|183/299 brn\n|move|p1a: Volcanion|Flamethrower|p2a: Conkeldurr\n|-crit|p2a: Conkeldurr\n|-damage|p2a: Conkeldurr|0 fnt\n|faint|p2a: Conkeldurr\n|\n|upkeep\n|\n|t:|1733916952\n|switch|p2a: Brute Bonnet|Brute Bonnet, L81|312/312\n|turn|24\n|\n|t:|1733916957\n|move|p2a: Brute Bonnet|Sucker Punch|p1a: Volcanion\n|-damage|p1a: Volcanion|0 fnt\n|faint|p1a: Volcanion\n|\n|upkeep\n|\n|t:|1733916962\n|switch|p1a: Whimsicott|Whimsicott, L85, M|199/241 tox\n|turn|25\n|\n|t:|1733916973\n|-end|p2a: Brute Bonnet|Protosynthesis|[silent]\n|switch|p2a: Tinkaton|Tinkaton, L82, F|103/274\n|-ability|p2a: Tinkaton|Mold Breaker\n|move|p1a: Whimsicott|Moonblast|p2a: Tinkaton\n|-resisted|p2a: Tinkaton\n|-damage|p2a: Tinkaton|61/274\n|\n|-heal|p2a: Tinkaton|78/274|[from] item: Leftovers\n|-damage|p1a: Whimsicott|184/241 tox|[from] psn\n|upkeep\n|turn|26\n|\n|t:|1733916994\n|move|p1a: Whimsicott|U-turn|p2a: Tinkaton\n|-resisted|p2a: Tinkaton\n|-damage|p2a: Tinkaton|67/274\n|\n|t:|1733916998\n|switch|p1a: Exeggutor|Exeggutor, L89, F|227/312|[from] U-turn\n|move|p2a: Tinkaton|Gigaton Hammer|p1a: Exeggutor\n|-damage|p1a: Exeggutor|97/312\n|\n|-heal|p2a: Tinkaton|84/274|[from] item: Leftovers\n|upkeep\n|turn|27\n|\n|t:|1733917012\n|move|p2a: Tinkaton|Knock Off|p1a: Exeggutor\n|-supereffective|p1a: Exeggutor\n|-damage|p1a: Exeggutor|31/312\n|move|p1a: Exeggutor|Giga Drain|p2a: Tinkaton\n|-resisted|p2a: Tinkaton\n|-damage|p2a: Tinkaton|37/274\n|-heal|p1a: Exeggutor|55/312|[from] drain|[of] p2a: Tinkaton\n|\n|-heal|p2a: Tinkaton|54/274|[from] item: Leftovers\n|-item|p1a: Exeggutor|Sitrus Berry|[from] ability: Harvest\n|upkeep\n|-enditem|p1a: Exeggutor|Sitrus Berry|[eat]\n|-heal|p1a: Exeggutor|133/312|[from] item: Sitrus Berry\n|turn|28\n|\n|t:|1733917029\n|move|p2a: Tinkaton|Gigaton Hammer|p1a: Exeggutor\n|-damage|p1a: Exeggutor|1/312\n|move|p1a: Exeggutor|Giga Drain|p2a: Tinkaton\n|-resisted|p2a: Tinkaton\n|-damage|p2a: Tinkaton|3/274\n|-heal|p1a: Exeggutor|27/312|[from] drain|[of] p2a: Tinkaton\n|\n|-heal|p2a: Tinkaton|20/274|[from] item: Leftovers\n|-item|p1a: Exeggutor|Sitrus Berry|[from] ability: Harvest\n|upkeep\n|-enditem|p1a: Exeggutor|Sitrus Berry|[eat]\n|-heal|p1a: Exeggutor|105/312|[from] item: Sitrus Berry\n|turn|29\n|\n|t:|1733917045\n|move|p2a: Tinkaton|Play Rough|p1a: Exeggutor\n|-damage|p1a: Exeggutor|32/312\n|move|p1a: Exeggutor|Psychic|p2a: Tinkaton\n|-resisted|p2a: Tinkaton\n|-damage|p2a: Tinkaton|0 fnt\n|faint|p2a: Tinkaton\n|\n|-item|p1a: Exeggutor|Sitrus Berry|[from] ability: Harvest\n|upkeep\n|-enditem|p1a: Exeggutor|Sitrus Berry|[eat]\n|-heal|p1a: Exeggutor|110/312|[from] item: Sitrus Berry\n|\n|t:|1733917052\n|switch|p2a: Vespiquen|Vespiquen, L98, F|296/296\n|-ability|p2a: Vespiquen|Pressure\n|turn|30\n|\n|t:|1733917066\n|switch|p1a: Whimsicott|Whimsicott, L85, M|184/241 tox\n|move|p2a: Vespiquen|Air Slash|p1a: Whimsicott\n|-supereffective|p1a: Whimsicott\n|-damage|p1a: Whimsicott|0 fnt\n|faint|p1a: Whimsicott\n|\n|upkeep\n|\n|t:|1733917074\n|switch|p1a: Exeggutor|Exeggutor, L89, F|110/312\n|turn|31\n|\n|t:|1733917084\n|move|p1a: Exeggutor|Psychic|p2a: Vespiquen\n|-damage|p2a: Vespiquen|196/296\n|move|p2a: Vespiquen|Air Slash|p1a: Exeggutor\n|-supereffective|p1a: Exeggutor\n|-damage|p1a: Exeggutor|0 fnt\n|faint|p1a: Exeggutor\n|\n|win|Sirpinky110\n|raw|nfcvgh's rating: 1154 &rarr; <strong>1129</strong><br />(-25 for losing)\n|raw|Sirpinky110's rating: 1160 &rarr; <strong>1185</strong><br />(+25 for winning)\n|l|\u2606nfcvgh\n|player|p1|\n", "inputlog": ">version bfd83cad13791eb5a5a409923076391caf6fb4d4\n>start {\"formatid\":\"gen9randombattle\",\"seed\":[12600,35056,57047,42225],\"rated\":\"Rated battle\"}\n>player p1 {\"name\":\"nfcvgh\",\"avatar\":\"2\",\"rating\":1154,\"seed\":[37578,41164,4137,33357]}\n>player p2 {\"name\":\"Sirpinky110\",\"avatar\":\"102\",\"rating\":1160,\"seed\":[12264,44402,12760,3728]}\n>p1 switch 6\n>p2 move knockoff\n>p1 move drainingkiss\n>p2 move knockoff\n>p1 switch 3\n>p1 move encore\n>p2 switch 4\n>p1 move uturn\n>p2 move calmmind\n>p1 switch 4\n>p1 move sludgebomb\n>p2 move psychic\n>p1 move sludgebomb\n>p2 switch 5\n>p1 switch 4\n>p2 move knockoff\n>p1 move encore\n>p2 switch 5\n>p1 move uturn\n>p2 move drainingkiss\n>p1 switch 5\n>p1 move calmmind\n>p2 move mysticalfire\n>p1 move gigadrain\n>p2 move mysticalfire\n>p2 switch 2\n>p1 switch 6\n>p2 move eruption\n>p1 move earthquake\n>p2 switch 6\n>p1 switch 5\n>p2 move toxic\n>p1 move uturn\n>p2 switch 5\n>p1 switch 4\n>p1 move flamethrower\n>p2 move playrough\n>p1 move flamethrower\n>p2 switch 6\n>p1 switch 5\n>p2 move scorchingsands\n>p1 move rockslide\n>p2 move scorchingsands\n>p1 switch 2\n>p1 move swordsdance terastallize\n>p2 move scorchingsands\n>p1 move stoneedge\n>p2 move scorchingsands\n>p1 move stoneedge\n>p2 move scorchingsands\n>p1 switch 5\n>p2 switch 6\n>p1 move flamethrower\n>p2 switch 4\n>p2 switch 3\n>p1 move flamethrower\n>p2 move suckerpunch\n>p1 switch 4\n>p1 move moonblast\n>p2 switch 4\n>p1 move uturn\n>p2 move gigatonhammer\n>p1 switch 6\n>p1 move gigadrain\n>p2 move knockoff\n>p1 move gigadrain\n>p2 move gigatonhammer\n>p1 move psychic\n>p2 move playrough\n>p2 switch 5\n>p1 switch 6\n>p2 move airslash\n>p1 switch 6\n>p1 move psychic\n>p2 move airslash", "uploadtime": 1733917096, "views": 1, "formatid": "gen9randombattle", "rating": 1129, "private": 0, "password": null}