{"id": "gen9randombattle-2260289968", "format": "[Gen 9] Random Battle", "players": ["gagrigjrVzo", "Akinario"], "log": "|j|\u2606gagrigjrVzo\n|j|\u2606Akinario\n|t:|1733835766\n|gametype|singles\n|player|p1|gagrigjrVzo|265|1045\n|player|p2|Akinario|101|1000\n|teamsize|p1|6\n|teamsize|p2|6\n|gen|9\n|tier|[Gen 9] Random Battle\n|rated|\n|rule|Species Clause: Limit one of each Pok\u00e9mon\n|rule|HP Percentage Mod: HP is shown in percentages\n|rule|Sleep Clause Mod: Limit one foe put to sleep\n|rule|Illusion Level Mod: Illusion disguises the Pok\u00e9mon's true level\n|\n|t:|1733835766\n|start\n|switch|p1a: Spectrier|Spectrier, L75|274/274\n|switch|p2a: Yanmega|Yanmega, L82, F|275/275\n|turn|1\n|inactive|Battle timer is ON: inactive players will automatically lose when time's up. (requested by gagrigjrVzo)\n|\n|t:|1733835784\n|move|p1a: Spectrier|Substitute|p1a: Spectrier\n|-start|p1a: Spectrier|Substitute\n|-damage|p1a: Spectrier|206/274\n|move|p2a: Yanmega|U-turn|p1a: Spectrier\n|-resisted|p1a: Spectrier\n|-end|p1a: Spectrier|Substitute\n|\n|t:|1733835793\n|switch|p2a: Iron Jugulis|Iron Jugulis, L78|275/275|[from] U-turn\n|\n|-heal|p1a: Spectrier|223/274|[from] item: Leftovers\n|upkeep\n|turn|2\n|\n|t:|1733835801\n|move|p1a: Spectrier|Substitute|p1a: Spectrier\n|-start|p1a: Spectrier|Substitute\n|-damage|p1a: Spectrier|155/274\n|move|p2a: Iron Jugulis|Dark Pulse|p1a: Spectrier\n|-supereffective|p1a: Spectrier\n|-end|p1a: Spectrier|Substitute\n|\n|-heal|p1a: Spectrier|172/274|[from] item: Leftovers\n|upkeep\n|turn|3\n|\n|t:|1733835814\n|-terastallize|p1a: Spectrier|Fairy\n|move|p1a: Spectrier|Nasty Plot|p1a: Spectrier\n|-boost|p1a: Spectrier|spa|2\n|move|p2a: Iron Jugulis|Dark Pulse|p1a: Spectrier\n|-resisted|p1a: Spectrier\n|-damage|p1a: Spectrier|115/274\n|\n|-heal|p1a: Spectrier|132/274|[from] item: Leftovers\n|upkeep\n|turn|4\n|\n|t:|1733835828\n|move|p1a: Spectrier|Draining Kiss|p2a: Iron Jugulis\n|-supereffective|p2a: Iron Jugulis\n|-damage|p2a: Iron Jugulis|0 fnt\n|-heal|p1a: Spectrier|274/274|[from] drain|[of] p2a: Iron Jugulis\n|faint|p2a: Iron Jugulis\n|-end|p2a: Iron Jugulis|Quark Drive|[silent]\n|-ability|p1a: Spectrier|Grim Neigh|boost\n|-boost|p1a: Spectrier|spa|1\n|\n|upkeep\n|inactive|Akinario has 120 seconds left.\n|\n|t:|1733835853\n|switch|p2a: Whiscash|Whiscash, L88, M|337/337\n|turn|5\n|inactive|Akinario has 120 seconds left.\n|\n|t:|1733835872\n|-terastallize|p2a: Whiscash|Steel\n|move|p1a: Spectrier|Draining Kiss|p2a: Whiscash\n|-resisted|p2a: Whiscash\n|-damage|p2a: Whiscash|230/337\n|move|p2a: Whiscash|Dragon Dance|p2a: Whiscash\n|-boost|p2a: Whiscash|atk|1\n|-boost|p2a: Whiscash|spe|1\n|\n|upkeep\n|turn|6\n|inactive|Akinario has 120 seconds left.\n|\n|t:|1733835881\n|move|p1a: Spectrier|Shadow Ball|p2a: Whiscash\n|-damage|p2a: Whiscash|0 fnt\n|faint|p2a: Whiscash\n|-ability|p1a: Spectrier|Grim Neigh|boost\n|-boost|p1a: Spectrier|spa|1\n|\n|upkeep\n|inactive|Akinario has 120 seconds left.\n|\n|t:|1733835888\n|switch|p2a: Dunsparce|Dunsparce, L86, F|312/312\n|turn|7\n|inactive|Akinario has 120 seconds left.\n|\n|t:|1733835905\n|move|p1a: Spectrier|Shadow Ball|p2a: Dunsparce\n|-immune|p2a: Dunsparce\n|move|p2a: Dunsparce|Body Slam|p1a: Spectrier\n|-crit|p1a: Spectrier\n|-damage|p1a: Spectrier|109/274\n|-status|p1a: Spectrier|par\n|\n|-heal|p1a: Spectrier|126/274 par|[from] item: Leftovers\n|upkeep\n|turn|8\n|inactive|Akinario has 120 seconds left.\n|\n|t:|1733835923\n|move|p2a: Dunsparce|Body Slam|p1a: Spectrier\n|-damage|p1a: Spectrier|23/274 par\n|move|p1a: Spectrier|Draining Kiss|p2a: Dunsparce\n|-damage|p2a: Dunsparce|144/312\n|-heal|p1a: Spectrier|149/274 par|[from] drain|[of] p2a: Dunsparce\n|\n|-heal|p1a: Spectrier|166/274 par|[from] item: Leftovers\n|upkeep\n|turn|9\n|\n|t:|1733835931\n|move|p2a: Dunsparce|Earthquake|p1a: Spectrier\n|-damage|p1a: Spectrier|85/274 par\n|move|p1a: Spectrier|Draining Kiss|p2a: Dunsparce\n|-damage|p2a: Dunsparce|0 fnt\n|-heal|p1a: Spectrier|193/274 par|[from] drain|[of] p2a: Dunsparce\n|faint|p2a: Dunsparce\n|-ability|p1a: Spectrier|Grim Neigh|boost\n|-boost|p1a: Spectrier|spa|1\n|\n|-heal|p1a: Spectrier|210/274 par|[from] item: Leftovers\n|upkeep\n|inactive|Akinario has 120 seconds left.\n|\n|t:|1733835948\n|switch|p2a: Darkrai|Darkrai, L77|234/234\n|turn|10\n|inactive|Akinario has 120 seconds left.\n|\n|t:|1733835953\n|move|p2a: Darkrai|Substitute|p2a: Darkrai\n|-start|p2a: Darkrai|Substitute\n|-damage|p2a: Darkrai|176/234\n|move|p1a: Spectrier|Draining Kiss|p2a: Darkrai\n|-supereffective|p2a: Darkrai\n|-end|p2a: Darkrai|Substitute\n|-heal|p1a: Spectrier|254/274 par|[from] drain|[of] p2a: Darkrai\n|\n|-heal|p2a: Darkrai|190/234|[from] item: Leftovers\n|-heal|p1a: Spectrier|271/274 par|[from] item: Leftovers\n|upkeep\n|turn|11\n|inactive|Akinario has 120 seconds left.\n|\n|t:|1733835965\n|move|p2a: Darkrai|Sludge Bomb|p1a: Spectrier\n|-supereffective|p1a: Spectrier\n|-damage|p1a: Spectrier|117/274 par\n|cant|p1a: Spectrier|par\n|\n|-heal|p2a: Darkrai|204/234|[from] item: Leftovers\n|-heal|p1a: Spectrier|134/274 par|[from] item: Leftovers\n|upkeep\n|turn|12\n|\n|t:|1733835974\n|move|p2a: Darkrai|Sludge Bomb|p1a: Spectrier\n|-supereffective|p1a: Spectrier\n|-damage|p1a: Spectrier|0 fnt\n|faint|p1a: Spectrier\n|\n|-heal|p2a: Darkrai|218/234|[from] item: Leftovers\n|upkeep\n|\n|t:|1733835993\n|switch|p1a: Luvdisc|Luvdisc, M|247/247\n|turn|13\n|\n|t:|1733836014\n|move|p1a: Luvdisc|Endeavor|p2a: Darkrai\n|-immune|p2a: Darkrai\n|move|p2a: Darkrai|Nasty Plot|p2a: Darkrai\n|-boost|p2a: Darkrai|spa|2\n|\n|-heal|p2a: Darkrai|232/234|[from] item: Leftovers\n|upkeep\n|turn|14\n|\n|t:|1733836022\n|move|p1a: Luvdisc|Surf|p2a: Darkrai\n|-damage|p2a: Darkrai|145/234\n|move|p2a: Darkrai|Nasty Plot|p2a: Darkrai\n|-boost|p2a: Darkrai|spa|2\n|\n|-heal|p2a: Darkrai|159/234|[from] item: Leftovers\n|upkeep\n|turn|15\n|\n|t:|1733836031\n|move|p1a: Luvdisc|Surf|p2a: Darkrai\n|-damage|p2a: Darkrai|86/234\n|move|p2a: Darkrai|Dark Pulse|p1a: Luvdisc\n|-crit|p1a: Luvdisc\n|-damage|p1a: Luvdisc|0 fnt\n|faint|p1a: Luvdisc\n|\n|-heal|p2a: Darkrai|100/234|[from] item: Leftovers\n|upkeep\n|\n|t:|1733836040\n|switch|p1a: Palafin|Palafin, L77, M|281/281\n|turn|16\n|\n|t:|1733836046\n|move|p1a: Palafin|Jet Punch|p2a: Darkrai\n|-damage|p2a: Darkrai|37/234\n|move|p2a: Darkrai|Dark Pulse|p1a: Palafin\n|-damage|p1a: Palafin|0 fnt\n|faint|p1a: Palafin\n|\n|-heal|p2a: Darkrai|51/234|[from] item: Leftovers\n|upkeep\n|\n|t:|1733836061\n|switch|p1a: Talonflame|Talonflame, L83, M|265/265\n|turn|17\n|\n|t:|1733836068\n|move|p1a: Talonflame|Brave Bird|p2a: Darkrai\n|-damage|p2a: Darkrai|0 fnt\n|faint|p2a: Darkrai\n|-damage|p1a: Talonflame|248/265|[from] Recoil\n|\n|upkeep\n|\n|t:|1733836074\n|switch|p2a: Oranguru|Oranguru, L92, M|315/315\n|turn|18\n|\n|t:|1733836085\n|move|p1a: Talonflame|Will-O-Wisp|p2a: Oranguru\n|-status|p2a: Oranguru|brn\n|move|p2a: Oranguru|Nasty Plot|p2a: Oranguru\n|-boost|p2a: Oranguru|spa|2\n|\n|-damage|p2a: Oranguru|296/315 brn|[from] brn\n|upkeep\n|turn|19\n|\n|t:|1733836100\n|move|p1a: Talonflame|Brave Bird|p2a: Oranguru\n|-crit|p2a: Oranguru\n|-damage|p2a: Oranguru|127/315 brn\n|-damage|p1a: Talonflame|192/265|[from] Recoil\n|move|p2a: Oranguru|Thunderbolt|p1a: Talonflame\n|-supereffective|p1a: Talonflame\n|-damage|p1a: Talonflame|0 fnt\n|faint|p1a: Talonflame\n|\n|-heal|p2a: Oranguru|146/315 brn|[from] item: Leftovers\n|-damage|p2a: Oranguru|127/315 brn|[from] brn\n|upkeep\n|\n|t:|1733836115\n|switch|p1a: Wyrdeer|Wyrdeer, L87, M|321/321\n|-ability|p1a: Wyrdeer|Intimidate|boost\n|-fail|p2a: Oranguru|unboost|Attack|[from] ability: Inner Focus|[of] p2a: Oranguru\n|turn|20\n|\n|t:|1733836130\n|move|p1a: Wyrdeer|Earthquake|p2a: Oranguru\n|-damage|p2a: Oranguru|45/315 brn\n|move|p2a: Oranguru|Focus Blast|p1a: Wyrdeer|[miss]\n|-miss|p2a: Oranguru|p1a: Wyrdeer\n|\n|-heal|p2a: Oranguru|64/315 brn|[from] item: Leftovers\n|-damage|p2a: Oranguru|45/315 brn|[from] brn\n|upkeep\n|turn|21\n|\n|t:|1733836139\n|move|p2a: Oranguru|Focus Blast|p1a: Wyrdeer\n|-damage|p1a: Wyrdeer|111/321\n|move|p1a: Wyrdeer|Earthquake|p2a: Oranguru\n|-damage|p2a: Oranguru|0 fnt\n|faint|p2a: Oranguru\n|\n|-heal|p1a: Wyrdeer|131/321|[from] item: Leftovers\n|upkeep\n|\n|t:|1733836147\n|switch|p2a: Yanmega|Yanmega, L82, F|275/275\n|turn|22\n|\n|t:|1733836154\n|move|p2a: Yanmega|Bug Buzz|p1a: Wyrdeer\n|-supereffective|p1a: Wyrdeer\n|-damage|p1a: Wyrdeer|0 fnt\n|faint|p1a: Wyrdeer\n|\n|upkeep\n|j| Ihsbdiebdd\n|l|\u2606gagrigjrVzo\n|inactive|gagrigjrVzo disconnected and has a minute to reconnect!\n|player|p1|\n|inactive|gagrigjrVzo has 30 seconds to reconnect!\n|inactive|gagrigjrVzo has 20 seconds to reconnect!\n|inactive|gagrigjrVzo has 15 seconds to reconnect!\n|inactive|gagrigjrVzo has 10 seconds to reconnect!\n|inactive|gagrigjrVzo has 5 seconds to reconnect!\n|-message|gagrigjrVzo lost due to inactivity.\n|\n|win|Akinario\n|raw|gagrigjrVzo's rating: 1045 &rarr; <strong>1026</strong><br />(-19 for losing)\n|raw|Akinario's rating: 1000 &rarr; <strong>1045</strong><br />(+45 for winning)\n", "inputlog": ">version bfd83cad13791eb5a5a409923076391caf6fb4d4\n>start {\"formatid\":\"gen9randombattle\",\"seed\":[33987,34365,26655,21136],\"rated\":\"Rated battle\"}\n>player p1 {\"name\":\"gagrigjrVzo\",\"avatar\":\"265\",\"rating\":1045,\"seed\":[17261,462,33959,40214]}\n>player p2 {\"name\":\"Akinario\",\"avatar\":\"101\",\"rating\":1000,\"seed\":[28690,57409,20451,19222]}\n>p1 move substitute\n>p2 move uturn\n>p2 switch 3\n>p1 move substitute\n>p2 move darkpulse\n>p1 move nastyplot terastallize\n>p2 move darkpulse\n>p1 move drainingkiss\n>p2 move hurricane\n>p2 switch 4\n>p1 move drainingkiss\n>p2 move dragondance terastallize\n>p1 move shadowball\n>p2 move dragondance\n>p2 switch 5\n>p1 move shadowball\n>p2 move bodyslam\n>p1 move drainingkiss\n>p2 move bodyslam\n>p1 move drainingkiss\n>p2 move earthquake\n>p2 switch 6\n>p1 move drainingkiss\n>p2 move substitute\n>p1 move drainingkiss\n>p2 move sludgebomb\n>p1 move drainingkiss\n>p2 move sludgebomb\n>p1 switch 6\n>p1 move endeavor\n>p2 move nastyplot\n>p1 move surf\n>p2 move nastyplot\n>p1 move surf\n>p2 move darkpulse\n>p1 switch 5\n>p1 move jetpunch\n>p2 move darkpulse\n>p1 switch 3\n>p1 move bravebird\n>p2 move darkpulse\n>p2 switch 2\n>p1 move willowisp\n>p2 move nastyplot\n>p1 move bravebird\n>p2 move thunderbolt\n>p1 switch 4\n>p1 move earthquake\n>p2 move focusblast\n>p1 move earthquake\n>p2 move focusblast\n>p2 switch 3\n>p1 move thunderwave\n>p2 move bugbuzz\n>forcelose p1", "uploadtime": 1733836266, "views": 1, "formatid": "gen9randombattle", "rating": 1026, "private": 0, "password": null}