{"id": "gen9randombattle-2260612228", "format": "[Gen 9] Random Battle", "players": ["zay10", "TuGfaEnTanga52"], "log": "|j|\u2606zay10\n|j|\u2606TuGfaEnTanga52\n|t:|1733869204\n|gametype|singles\n|player|p1|zay10|striker|1128\n|player|p2|TuGfaEnTanga52|2|1145\n|teamsize|p1|6\n|teamsize|p2|6\n|gen|9\n|tier|[Gen 9] Random Battle\n|rated|\n|rule|Species Clause: Limit one of each Pok\u00e9mon\n|rule|HP Percentage Mod: HP is shown in percentages\n|rule|Sleep Clause Mod: Limit one foe put to sleep\n|rule|Illusion Level Mod: Illusion disguises the Pok\u00e9mon's true level\n|\n|t:|1733869204\n|start\n|switch|p1a: Kyurem|Kyurem, L77|319/319\n|switch|p2a: Cinderace|Cinderace, L77, M|249/249\n|-ability|p1a: Kyurem|Pressure\n|turn|1\n|inactive|Battle timer is ON: inactive players will automatically lose when time's up. (requested by TuGfaEnTanga52)\n|\n|t:|1733869227\n|switch|p1a: Volcanion|Volcanion, L79|255/255\n|move|p2a: Cinderace|High Jump Kick|p1a: Volcanion\n|-start|p2a: Cinderace|typechange|Fighting|[from] ability: Libero\n|-damage|p1a: Volcanion|141/255\n|\n|upkeep\n|turn|2\n|inactive|zay10 has 120 seconds left.\n|\n|t:|1733869267\n|switch|p2a: Dachsbun|Dachsbun, L92, M|254/254\n|switch|p1a: Arbok|Arbok, L87, F|246/246\n|-ability|p1a: Arbok|Intimidate|boost\n|-unboost|p2a: Dachsbun|atk|1\n|\n|upkeep\n|turn|3\n|inactive|zay10 has 120 seconds left.\n|\n|t:|1733869282\n|switch|p2a: Moltres|Moltres, L81|278/278\n|move|p1a: Arbok|Coil|p1a: Arbok\n|-boost|p1a: Arbok|atk|1\n|-boost|p1a: Arbok|def|1\n|-boost|p1a: Arbok|accuracy|1\n|\n|upkeep\n|turn|4\n|inactive|zay10 has 120 seconds left.\n|\n|t:|1733869297\n|-terastallize|p2a: Moltres|Ground\n|move|p2a: Moltres|Scorching Sands|p1a: Arbok\n|-supereffective|p1a: Arbok\n|-damage|p1a: Arbok|64/246\n|move|p1a: Arbok|Gunk Shot|p2a: Moltres\n|-resisted|p2a: Moltres\n|-damage|p2a: Moltres|147/278\n|-status|p2a: Moltres|psn\n|-damage|p1a: Arbok|40/246|[from] item: Life Orb\n|\n|-damage|p2a: Moltres|113/278 psn|[from] psn\n|upkeep\n|turn|5\n|\n|t:|1733869316\n|-terastallize|p1a: Arbok|Ground\n|move|p1a: Arbok|Sucker Punch||[still]\n|-fail|p1a: Arbok\n|move|p2a: Moltres|Roost|p2a: Moltres\n|-heal|p2a: Moltres|252/278 psn\n|\n|-damage|p2a: Moltres|218/278 psn|[from] psn\n|upkeep\n|turn|6\n|\n|t:|1733869328\n|move|p1a: Arbok|Sucker Punch|p2a: Moltres\n|-damage|p2a: Moltres|118/278 psn\n|-damage|p1a: Arbok|16/246|[from] item: Life Orb\n|move|p2a: Moltres|Scorching Sands|p1a: Arbok\n|-damage|p1a: Arbok|0 fnt\n|faint|p1a: Arbok\n|\n|-damage|p2a: Moltres|84/278 psn|[from] psn\n|upkeep\n|\n|t:|1733869344\n|switch|p1a: Volcanion|Volcanion, L79|141/255\n|turn|7\n|\n|t:|1733869351\n|move|p2a: Moltres|Scorching Sands|p1a: Volcanion\n|-supereffective|p1a: Volcanion\n|-damage|p1a: Volcanion|25/255\n|move|p1a: Volcanion|Steam Eruption|p2a: Moltres\n|-supereffective|p2a: Moltres\n|-damage|p2a: Moltres|0 fnt\n|faint|p2a: Moltres\n|\n|upkeep\n|inactive|TuGfaEnTanga52 has 120 seconds left.\n|\n|t:|1733869383\n|switch|p2a: Clawitzer|Clawitzer, L87, F|265/265\n|turn|8\n|inactive|TuGfaEnTanga52 has 120 seconds left.\n|\n|t:|1733869394\n|move|p1a: Volcanion|Sludge Bomb|p2a: Clawitzer\n|-damage|p2a: Clawitzer|222/265\n|-status|p2a: Clawitzer|psn\n|move|p2a: Clawitzer|Dragon Pulse|p1a: Volcanion\n|-damage|p1a: Volcanion|0 fnt\n|faint|p1a: Volcanion\n|\n|-damage|p2a: Clawitzer|189/265 psn|[from] psn\n|upkeep\n|\n|t:|1733869411\n|switch|p1a: Porygon-Z|Porygon-Z, L83|277/277\n|-ability|p1a: Porygon-Z|Download|boost\n|-boost|p1a: Porygon-Z|atk|1\n|turn|9\n|\n|t:|1733869420\n|move|p1a: Porygon-Z|Thunderbolt|p2a: Clawitzer\n|-supereffective|p2a: Clawitzer\n|-damage|p2a: Clawitzer|91/265 psn\n|move|p2a: Clawitzer|U-turn|p1a: Porygon-Z\n|-damage|p1a: Porygon-Z|227/277\n|inactive|TuGfaEnTanga52 has 120 seconds left.\n|\n|t:|1733869431\n|switch|p2a: Cinderace|Cinderace, L77, M|249/249|[from] U-turn\n|\n|upkeep\n|turn|10\n|inactive|zay10 has 120 seconds left.\n|inactive|TuGfaEnTanga52 has 120 seconds left.\n|\n|t:|1733869452\n|move|p1a: Porygon-Z|Thunderbolt|p2a: Cinderace\n|-damage|p2a: Cinderace|148/249\n|move|p2a: Cinderace|High Jump Kick|p1a: Porygon-Z|[miss]\n|-start|p2a: Cinderace|typechange|Fighting|[from] ability: Libero\n|-miss|p2a: Cinderace|p1a: Porygon-Z\n|-damage|p2a: Cinderace|24/249|[from] highjumpkick\n|\n|upkeep\n|turn|11\n|inactive|TuGfaEnTanga52 has 120 seconds left.\n|c|\u2606TuGfaEnTanga52|pendejo hijo de puta\n|\n|t:|1733869472\n|switch|p2a: Clawitzer|Clawitzer, L87, F|91/265 psn\n|move|p1a: Porygon-Z|Thunderbolt|p2a: Clawitzer\n|-supereffective|p2a: Clawitzer\n|-damage|p2a: Clawitzer|0 fnt\n|faint|p2a: Clawitzer\n|\n|upkeep\n|-message|TuGfaEnTanga52 forfeited.\n|\n|win|zay10\n", "inputlog": ">version bfd83cad13791eb5a5a409923076391caf6fb4d4\n>start {\"formatid\":\"gen9randombattle\",\"seed\":[46437,15344,34542,59867],\"rated\":\"Rated battle\"}\n>player p1 {\"name\":\"zay10\",\"avatar\":\"striker\",\"rating\":1128,\"seed\":[59820,48922,3135,41057]}\n>player p2 {\"name\":\"TuGfaEnTanga52\",\"avatar\":\"2\",\"rating\":1145,\"seed\":[55995,17245,41011,59281]}\n>p1 switch 2\n>p2 move highjumpkick\n>p1 switch 3\n>p2 switch 3\n>p1 move coil\n>p2 switch 2\n>p1 move gunkshot\n>p2 move scorchingsands terastallize\n>p1 move suckerpunch terastallize\n>p2 move roost\n>p1 move suckerpunch\n>p2 move scorchingsands\n>p1 switch 3\n>p1 move steameruption\n>p2 move scorchingsands\n>p2 switch 6\n>p1 move sludgebomb\n>p2 move dragonpulse\n>p1 switch 6\n>p1 move thunderbolt\n>p2 move uturn\n>p2 switch 3\n>p1 move thunderbolt\n>p2 move highjumpkick\n>chat \u2606TuGfaEnTanga52|pendejo hijo de puta\n>p1 move thunderbolt\n>p2 switch 3\n>forcelose p2", "uploadtime": 1733869464, "views": 1, "formatid": "gen9randombattle", "rating": null, "private": 0, "password": null}