{"id": "gen9randombattle-2013762883", "format": "[Gen 9] Random Battle", "players": ["Michielleus", "Eimint64"], "log": "|j|\u2606Michielleus\n|j|\u2606Eimint64\n|t:|1702849508\n|gametype|singles\n|player|p1|Michielleus|#rbtt6teammewtwo|2271\n|player|p2|Eimint64|blackbelt-gen4dp|2227\n|teamsize|p1|6\n|teamsize|p2|6\n|gen|9\n|tier|[Gen 9] Random Battle\n|rated|\n|rule|Species Clause: Limit one of each Pok\u00e9mon\n|rule|HP Percentage Mod: HP is shown in percentages\n|rule|Sleep Clause Mod: Limit one foe put to sleep\n|rule|Illusion Level Mod: Illusion disguises the Pok\u00e9mon's true level\n|\n|t:|1702849508\n|start\n|switch|p1a: Darkrai|Darkrai, L76|231/231\n|switch|p2a: Eternatus|Eternatus, L69|308/308\n|-ability|p2a: Eternatus|Pressure\n|turn|1\n|inactive|Battle timer is ON: inactive players will automatically lose when time's up. (requested by Michielleus)\n|inactive|Eimint64 also wants the timer to be on.\n|\n|t:|1702849521\n|switch|p2a: Registeel|Registeel, L85|275/275\n|move|p1a: Darkrai|Substitute|p1a: Darkrai\n|-start|p1a: Darkrai|Substitute\n|-damage|p1a: Darkrai|174/231\n|\n|-heal|p1a: Darkrai|188/231|[from] item: Leftovers\n|upkeep\n|turn|2\n|\n|t:|1702849524\n|move|p1a: Darkrai|Dark Pulse|p2a: Registeel\n|-damage|p2a: Registeel|221/275\n|move|p2a: Registeel|Body Press|p1a: Darkrai\n|-supereffective|p1a: Darkrai\n|-end|p1a: Darkrai|Substitute\n|\n|-heal|p1a: Darkrai|202/231|[from] item: Leftovers\n|-heal|p2a: Registeel|238/275|[from] item: Leftovers\n|upkeep\n|turn|3\n|\n|t:|1702849534\n|switch|p1a: Jumpluff|Jumpluff, L87, M|271/271\n|move|p2a: Registeel|Thunder Wave|p1a: Jumpluff\n|-status|p1a: Jumpluff|par\n|\n|-heal|p2a: Registeel|255/275|[from] item: Leftovers\n|upkeep\n|turn|4\n|\n|t:|1702849539\n|move|p2a: Registeel|Stealth Rock|p1a: Jumpluff\n|-sidestart|p1: Michielleus|move: Stealth Rock\n|cant|p1a: Jumpluff|par\n|\n|-heal|p2a: Registeel|272/275|[from] item: Leftovers\n|upkeep\n|turn|5\n|\n|t:|1702849544\n|switch|p2a: Flamigo|Flamigo, L83, F|272/272\n|cant|p1a: Jumpluff|par\n|\n|upkeep\n|turn|6\n|\n|t:|1702849548\n|move|p2a: Flamigo|Brave Bird|p1a: Jumpluff\n|-supereffective|p1a: Jumpluff\n|-damage|p1a: Jumpluff|0 fnt\n|faint|p1a: Jumpluff\n|-damage|p2a: Flamigo|183/272|[from] Recoil\n|\n|upkeep\n|\n|t:|1702849555\n|switch|p1a: Ambipom|Ambipom, L86, F|269/269\n|-damage|p1a: Ambipom|236/269|[from] Stealth Rock\n|turn|7\n|\n|t:|1702849560\n|move|p2a: Flamigo|Brave Bird|p1a: Ambipom\n|-damage|p1a: Ambipom|61/269\n|-damage|p2a: Flamigo|125/272|[from] Recoil\n|move|p1a: Ambipom|Knock Off|p2a: Flamigo\n|-resisted|p2a: Flamigo\n|-damage|p2a: Flamigo|62/272\n|-enditem|p2a: Flamigo|Choice Scarf|[from] move: Knock Off|[of] p1a: Ambipom\n|\n|upkeep\n|turn|8\n|\n|t:|1702849566\n|switch|p1a: Luvdisc|Luvdisc, F|248/248\n|-damage|p1a: Luvdisc|217/248|[from] Stealth Rock\n|move|p2a: Flamigo|Brave Bird|p1a: Luvdisc\n|-damage|p1a: Luvdisc|58/248\n|-damage|p2a: Flamigo|10/272|[from] Recoil\n|\n|-heal|p1a: Luvdisc|73/248|[from] item: Leftovers\n|upkeep\n|turn|9\n|\n|t:|1702849569\n|move|p1a: Luvdisc|Surf|p2a: Flamigo\n|-damage|p2a: Flamigo|0 fnt\n|faint|p2a: Flamigo\n|\n|-heal|p1a: Luvdisc|88/248|[from] item: Leftovers\n|upkeep\n|\n|t:|1702849575\n|switch|p2a: Honchkrow|Honchkrow, L86, M|312/312\n|turn|10\n|\n|t:|1702849582\n|move|p1a: Luvdisc|Charm|p2a: Honchkrow\n|-unboost|p2a: Honchkrow|atk|2\n|move|p2a: Honchkrow|Brave Bird|p1a: Luvdisc\n|-crit|p1a: Luvdisc\n|-damage|p1a: Luvdisc|0 fnt\n|faint|p1a: Luvdisc\n|-ability|p2a: Honchkrow|Moxie|boost\n|-boost|p2a: Honchkrow|atk|1\n|-damage|p2a: Honchkrow|283/312|[from] Recoil\n|\n|upkeep\n|\n|t:|1702849589\n|switch|p1a: Darkrai|Darkrai, L76|202/231\n|-damage|p1a: Darkrai|174/231|[from] Stealth Rock\n|turn|11\n|\n|t:|1702849591\n|move|p1a: Darkrai|Nasty Plot|p1a: Darkrai\n|-boost|p1a: Darkrai|spa|2\n|move|p2a: Honchkrow|U-turn|p1a: Darkrai\n|-supereffective|p1a: Darkrai\n|-damage|p1a: Darkrai|78/231\n|\n|t:|1702849596\n|switch|p2a: Inteleon|Inteleon, L81, M|246/246|[from] U-turn\n|\n|-heal|p1a: Darkrai|92/231|[from] item: Leftovers\n|upkeep\n|turn|12\n|\n|t:|1702849601\n|move|p2a: Inteleon|Scald|p1a: Darkrai\n|-damage|p1a: Darkrai|0 fnt\n|faint|p1a: Darkrai\n|\n|upkeep\n|\n|t:|1702849604\n|switch|p1a: Sylveon|Sylveon, L84, M|297/297\n|-damage|p1a: Sylveon|260/297|[from] Stealth Rock\n|turn|13\n|\n|t:|1702849607\n|switch|p2a: Registeel|Registeel, L85|272/275\n|move|p1a: Sylveon|Calm Mind|p1a: Sylveon\n|-boost|p1a: Sylveon|spa|1\n|-boost|p1a: Sylveon|spd|1\n|\n|-heal|p1a: Sylveon|278/297|[from] item: Leftovers\n|-heal|p2a: Registeel|275/275|[from] item: Leftovers\n|upkeep\n|turn|14\n|\n|t:|1702849609\n|move|p1a: Sylveon|Protect|p1a: Sylveon\n|-singleturn|p1a: Sylveon|Protect\n|move|p2a: Registeel|Thunder Wave|p1a: Sylveon\n|-activate|p1a: Sylveon|move: Protect\n|\n|-heal|p1a: Sylveon|296/297|[from] item: Leftovers\n|upkeep\n|turn|15\n|\n|t:|1702849612\n|move|p1a: Sylveon|Wish|p1a: Sylveon\n|move|p2a: Registeel|Thunder Wave|p1a: Sylveon\n|-status|p1a: Sylveon|par\n|\n|-heal|p1a: Sylveon|297/297 par|[from] item: Leftovers\n|upkeep\n|turn|16\n|\n|t:|1702849614\n|move|p2a: Registeel|Iron Head|p1a: Sylveon\n|-supereffective|p1a: Sylveon\n|-damage|p1a: Sylveon|109/297 par\n|cant|p1a: Sylveon|flinch\n|\n|-heal|p1a: Sylveon|257/297 par|[from] move: Wish|[wisher] Sylveon\n|-heal|p1a: Sylveon|275/297 par|[from] item: Leftovers\n|upkeep\n|turn|17\n|\n|t:|1702849618\n|move|p1a: Sylveon|Protect|p1a: Sylveon\n|-singleturn|p1a: Sylveon|Protect\n|move|p2a: Registeel|Iron Head|p1a: Sylveon\n|-activate|p1a: Sylveon|move: Protect\n|\n|-heal|p1a: Sylveon|293/297 par|[from] item: Leftovers\n|upkeep\n|turn|18\n|\n|t:|1702849622\n|move|p2a: Registeel|Iron Head|p1a: Sylveon\n|-supereffective|p1a: Sylveon\n|-damage|p1a: Sylveon|111/297 par\n|cant|p1a: Sylveon|flinch\n|\n|-heal|p1a: Sylveon|129/297 par|[from] item: Leftovers\n|upkeep\n|turn|19\n|\n|t:|1702849626\n|-terastallize|p1a: Sylveon|Steel\n|move|p2a: Registeel|Iron Head|p1a: Sylveon\n|-resisted|p1a: Sylveon\n|-damage|p1a: Sylveon|81/297 par\n|cant|p1a: Sylveon|par\n|\n|-heal|p1a: Sylveon|99/297 par|[from] item: Leftovers\n|upkeep\n|turn|20\n|\n|t:|1702849631\n|move|p2a: Registeel|Body Press|p1a: Sylveon\n|-supereffective|p1a: Sylveon\n|-damage|p1a: Sylveon|0 fnt\n|faint|p1a: Sylveon\n|\n|upkeep\n|c|\u2606Michielleus|gg I enjoyed it\n|-message|Michielleus forfeited.\n|\n|win|Eimint64\n|raw|Michielleus's rating: 2271 &rarr; <strong>2248</strong><br />(-23 for losing)\n|raw|Eimint64's rating: 2227 &rarr; <strong>2250</strong><br />(+23 for winning)\n|l|\u2606Michielleus\n|j| Elite Whour\n|c|\u2606Eimint64|Gg\n", "inputlog": ">version c5a52b44b1d453124507a89b97426f54618f246a\n>start {\"formatid\":\"gen9randombattle\",\"seed\":[19460,47693,45952,49847],\"rated\":\"Rated battle\"}\n>player p1 {\"name\":\"Michielleus\",\"avatar\":\"#rbtt6teammewtwo\",\"rating\":2271,\"seed\":[38424,30714,53820,48178]}\n>player p2 {\"name\":\"Eimint64\",\"avatar\":\"blackbelt-gen4dp\",\"rating\":2227,\"seed\":[22514,59095,53409,51748]}\n>p1 move substitute\n>p2 switch 5\n>p1 move darkpulse\n>p2 move bodypress\n>p1 switch 6\n>p2 move thunderwave\n>p1 move sleeppowder\n>p2 move stealthrock\n>p1 move sleeppowder\n>p2 switch 2\n>p1 move sleeppowder\n>p2 move bravebird\n>p1 switch 4\n>p1 move knockoff\n>p2 move bravebird\n>p1 switch 3\n>p2 move bravebird\n>p1 move surf\n>p2 move bravebird\n>p2 switch 3\n>p1 move charm\n>p2 move bravebird\n>p1 switch 6\n>p1 move nastyplot\n>p2 move uturn\n>p2 switch 4\n>p1 move darkpulse\n>p2 move scald\n>p1 switch 5\n>p1 move calmmind\n>p2 switch 2\n>p1 move protect\n>p2 move thunderwave\n>p1 move wish\n>p2 move thunderwave\n>p1 move calmmind\n>p2 move ironhead\n>p1 move protect\n>p2 move ironhead\n>p1 move wish\n>p2 move ironhead\n>p1 move wish terastallize\n>p2 move ironhead\n>p1 move wish\n>p2 move bodypress\n>chat \u2606Michielleus|gg I enjoyed it\n>forcelose p1", "uploadtime": 1702849646, "views": 256, "formatid": "gen9randombattle", "rating": 2248, "private": 0, "password": null}