{"id": "gen9randombattle-2259948252", "format": "[Gen 9] Random Battle", "players": ["Crockta", "Chernobyl\u00d710"], "log": "|j|\u2606Crockta\n|j|\u2606Chernobyl\u00d710\n|t:|1733783143\n|gametype|singles\n|player|p1|Crockta|265|1993\n|player|p2|Chernobyl\u00d710|steven|1947\n|teamsize|p1|6\n|teamsize|p2|6\n|gen|9\n|tier|[Gen 9] Random Battle\n|rated|\n|rule|Species Clause: Limit one of each Pok\u00e9mon\n|rule|HP Percentage Mod: HP is shown in percentages\n|rule|Sleep Clause Mod: Limit one foe put to sleep\n|rule|Illusion Level Mod: Illusion disguises the Pok\u00e9mon's true level\n|\n|t:|1733783143\n|start\n|switch|p1a: Skeledirge|Skeledirge, L79, F|294/294\n|switch|p2a: Revavroom|Revavroom, L79, F|256/256\n|turn|1\n|\n|t:|1733783163\n|move|p2a: Revavroom|High Horsepower|p1a: Skeledirge\n|-supereffective|p1a: Skeledirge\n|-damage|p1a: Skeledirge|128/294\n|-damage|p2a: Revavroom|231/256|[from] item: Life Orb\n|move|p1a: Skeledirge|Torch Song|p2a: Revavroom\n|-supereffective|p2a: Revavroom\n|-damage|p2a: Revavroom|83/256\n|-boost|p1a: Skeledirge|spa|1\n|\n|upkeep\n|turn|2\n|inactive|Battle timer is ON: inactive players will automatically lose when time's up. (requested by Chernobyl\u00d710)\n|\n|t:|1733783192\n|-terastallize|p1a: Skeledirge|Water\n|move|p2a: Revavroom|Gunk Shot|p1a: Skeledirge|[miss]\n|-miss|p2a: Revavroom|p1a: Skeledirge\n|move|p1a: Skeledirge|Flame Charge|p2a: Revavroom\n|-supereffective|p2a: Revavroom\n|-damage|p2a: Revavroom|19/256\n|-boost|p1a: Skeledirge|spe|1\n|\n|upkeep\n|turn|3\n|\n|t:|1733783200\n|move|p1a: Skeledirge|Torch Song|p2a: Revavroom\n|-supereffective|p2a: Revavroom\n|-damage|p2a: Revavroom|0 fnt\n|-boost|p1a: Skeledirge|spa|1\n|faint|p2a: Revavroom\n|\n|upkeep\n|\n|t:|1733783205\n|switch|p2a: Lokix|Lokix, L82, M|251/251\n|turn|4\n|\n|t:|1733783211\n|switch|p1a: Bellibolt|Bellibolt, L84, M|320/320\n|move|p2a: Lokix|First Impression|p1a: Bellibolt\n|-damage|p1a: Bellibolt|211/320\n|-start|p1a: Bellibolt|Charge|First Impression|[from] ability: Electromorphosis\n|-damage|p2a: Lokix|226/251|[from] item: Life Orb\n|\n|-heal|p1a: Bellibolt|231/320|[from] item: Leftovers\n|upkeep\n|turn|5\n|\n|t:|1733783221\n|switch|p2a: Golurk|Golurk, L87|297/297\n|move|p1a: Bellibolt|Slack Off|p1a: Bellibolt\n|-heal|p1a: Bellibolt|320/320\n|\n|upkeep\n|turn|6\n|\n|t:|1733783234\n|switch|p1a: Politoed|Politoed, L88, F|302/302\n|-weather|RainDance|[from] ability: Drizzle|[of] p1a: Politoed\n|move|p2a: Golurk|Earthquake|p1a: Politoed\n|-damage|p1a: Politoed|110/302\n|-damage|p2a: Golurk|268/297|[from] item: Life Orb\n|\n|-weather|RainDance|[upkeep]\n|upkeep\n|turn|7\n|\n|t:|1733783251\n|switch|p2a: Bruxish|Bruxish, L85, F|254/254\n|move|p1a: Politoed|Weather Ball|p2a: Bruxish\n|-resisted|p2a: Bruxish\n|-damage|p2a: Bruxish|117/254\n|\n|-weather|RainDance|[upkeep]\n|upkeep\n|turn|8\n|\n|t:|1733783259\n|switch|p1a: Bellibolt|Bellibolt, L84, M|320/320\n|move|p2a: Bruxish|Psychic Fangs|p1a: Bellibolt\n|-damage|p1a: Bellibolt|125/320\n|-start|p1a: Bellibolt|Charge|Psychic Fangs|[from] ability: Electromorphosis\n|-damage|p2a: Bruxish|92/254|[from] item: Life Orb\n|\n|-weather|RainDance|[upkeep]\n|-heal|p1a: Bellibolt|145/320|[from] item: Leftovers\n|upkeep\n|turn|9\n|\n|t:|1733783265\n|switch|p1a: Gothitelle|Gothitelle, L90, F|272/272\n|move|p2a: Bruxish|Psychic Fangs|p1a: Gothitelle\n|-resisted|p1a: Gothitelle\n|-damage|p1a: Gothitelle|188/272\n|-damage|p2a: Bruxish|67/254|[from] item: Life Orb\n|\n|-weather|RainDance|[upkeep]\n|-heal|p1a: Gothitelle|205/272|[from] item: Leftovers\n|upkeep\n|turn|10\n|\n|t:|1733783274\n|move|p2a: Bruxish|Crunch|p1a: Gothitelle\n|-supereffective|p1a: Gothitelle\n|-damage|p1a: Gothitelle|0 fnt\n|faint|p1a: Gothitelle\n|-damage|p2a: Bruxish|42/254|[from] item: Life Orb\n|\n|-weather|none\n|upkeep\n|\n|t:|1733783296\n|switch|p1a: Skeledirge|Skeledirge, L79, F, tera:Water|128/294\n|turn|11\n|\n|t:|1733783305\n|switch|p1a: Bellibolt|Bellibolt, L84, M|145/320\n|move|p2a: Bruxish|Psychic Fangs|p1a: Bellibolt\n|-damage|p1a: Bellibolt|0 fnt\n|faint|p1a: Bellibolt\n|-damage|p2a: Bruxish|17/254|[from] item: Life Orb\n|\n|upkeep\n|\n|t:|1733783307\n|switch|p1a: Abomasnow|Abomasnow, L85, M|291/291\n|-weather|Snow|[from] ability: Snow Warning|[of] p1a: Abomasnow\n|turn|12\n|\n|t:|1733783312\n|switch|p2a: Conkeldurr|Conkeldurr, L80, F|299/299\n|move|p1a: Abomasnow|Ice Shard|p2a: Conkeldurr\n|-damage|p2a: Conkeldurr|256/299\n|\n|-weather|Snow|[upkeep]\n|-status|p2a: Conkeldurr|brn|[from] item: Flame Orb\n|upkeep\n|turn|13\n|\n|t:|1733783316\n|move|p1a: Abomasnow|Aurora Veil|p1a: Abomasnow\n|-sidestart|p1: Crockta|move: Aurora Veil\n|move|p2a: Conkeldurr|Close Combat|p1a: Abomasnow\n|-supereffective|p1a: Abomasnow\n|-damage|p1a: Abomasnow|125/291\n|-unboost|p2a: Conkeldurr|def|1\n|-unboost|p2a: Conkeldurr|spd|1\n|\n|-weather|Snow|[upkeep]\n|-damage|p2a: Conkeldurr|238/299 brn|[from] brn\n|upkeep\n|turn|14\n|\n|t:|1733783331\n|switch|p2a: Lokix|Lokix, L82, M|226/251\n|move|p1a: Abomasnow|Blizzard|p2a: Lokix\n|-damage|p2a: Lokix|60/251\n|\n|-weather|Snow|[upkeep]\n|upkeep\n|turn|15\n|\n|t:|1733783341\n|switch|p1a: Dunsparce|Dunsparce, L86, F|312/312\n|move|p2a: Lokix|First Impression|p1a: Dunsparce\n|-damage|p1a: Dunsparce|265/312\n|-damage|p2a: Lokix|35/251|[from] item: Life Orb\n|\n|-weather|Snow|[upkeep]\n|upkeep\n|turn|16\n|\n|t:|1733783345\n|move|p2a: Lokix|Knock Off|p1a: Dunsparce\n|-damage|p1a: Dunsparce|216/312\n|-enditem|p1a: Dunsparce|Eviolite|[from] move: Knock Off|[of] p2a: Lokix\n|-damage|p2a: Lokix|10/251|[from] item: Life Orb\n|move|p1a: Dunsparce|Coil|p1a: Dunsparce\n|-boost|p1a: Dunsparce|atk|1\n|-boost|p1a: Dunsparce|def|1\n|-boost|p1a: Dunsparce|accuracy|1\n|\n|-weather|none\n|upkeep\n|turn|17\n|\n|t:|1733783349\n|move|p2a: Lokix|Leech Life|p1a: Dunsparce\n|-damage|p1a: Dunsparce|178/312\n|-heal|p2a: Lokix|29/251|[from] drain|[of] p1a: Dunsparce\n|-damage|p2a: Lokix|4/251|[from] item: Life Orb\n|move|p1a: Dunsparce|Roost|p1a: Dunsparce\n|-heal|p1a: Dunsparce|312/312\n|-singleturn|p1a: Dunsparce|move: Roost\n|\n|upkeep\n|turn|18\n|\n|t:|1733783358\n|switch|p2a: Golurk|Golurk, L87|268/297\n|move|p1a: Dunsparce|Coil|p1a: Dunsparce\n|-boost|p1a: Dunsparce|atk|1\n|-boost|p1a: Dunsparce|def|1\n|-boost|p1a: Dunsparce|accuracy|1\n|\n|upkeep\n|turn|19\n|\n|t:|1733783364\n|move|p2a: Golurk|Dynamic Punch|p1a: Dunsparce\n|-supereffective|p1a: Dunsparce\n|-damage|p1a: Dunsparce|243/312\n|-start|p1a: Dunsparce|confusion\n|-damage|p2a: Golurk|239/297|[from] item: Life Orb\n|-activate|p1a: Dunsparce|confusion\n|move|p1a: Dunsparce|Earthquake|p2a: Golurk\n|-damage|p2a: Golurk|110/297\n|\n|upkeep\n|turn|20\n|\n|t:|1733783374\n|move|p2a: Golurk|Dynamic Punch|p1a: Dunsparce\n|-supereffective|p1a: Dunsparce\n|-damage|p1a: Dunsparce|174/312\n|-damage|p2a: Golurk|81/297|[from] item: Life Orb\n|-activate|p1a: Dunsparce|confusion\n|move|p1a: Dunsparce|Earthquake|p2a: Golurk\n|-damage|p2a: Golurk|0 fnt\n|faint|p2a: Golurk\n|\n|-sideend|p1: Crockta|move: Aurora Veil\n|upkeep\n|\n|t:|1733783385\n|switch|p2a: Latias|Latias, L79, F|256/256\n|turn|21\n|\n|t:|1733783390\n|move|p2a: Latias|Calm Mind|p2a: Latias\n|-boost|p2a: Latias|spa|1\n|-boost|p2a: Latias|spd|1\n|-activate|p1a: Dunsparce|confusion\n|move|p1a: Dunsparce|Body Slam|p2a: Latias\n|-damage|p2a: Latias|102/256\n|\n|upkeep\n|turn|22\n|\n|t:|1733783395\n|move|p2a: Latias|Draco Meteor|p1a: Dunsparce\n|-damage|p1a: Dunsparce|0 fnt\n|-unboost|p2a: Latias|spa|2\n|faint|p1a: Dunsparce\n|\n|upkeep\n|\n|t:|1733783399\n|switch|p1a: Abomasnow|Abomasnow, L85, M|125/291\n|-weather|Snow|[from] ability: Snow Warning|[of] p1a: Abomasnow\n|turn|23\n|\n|t:|1733783406\n|move|p2a: Latias|Recover|p2a: Latias\n|-heal|p2a: Latias|230/256\n|move|p1a: Abomasnow|Aurora Veil|p1a: Abomasnow\n|-sidestart|p1: Crockta|move: Aurora Veil\n|\n|-weather|Snow|[upkeep]\n|upkeep\n|turn|24\n|\n|t:|1733783409\n|switch|p2a: Conkeldurr|Conkeldurr, L80, F|238/299 brn\n|move|p1a: Abomasnow|Blizzard|p2a: Conkeldurr\n|-damage|p2a: Conkeldurr|99/299 brn\n|\n|-weather|Snow|[upkeep]\n|-damage|p2a: Conkeldurr|81/299 brn|[from] brn\n|upkeep\n|turn|25\n|\n|t:|1733783419\n|switch|p1a: Skeledirge|Skeledirge, L79, F, tera:Water|128/294\n|move|p2a: Conkeldurr|Mach Punch|p1a: Skeledirge\n|-damage|p1a: Skeledirge|92/294\n|\n|-weather|Snow|[upkeep]\n|-damage|p2a: Conkeldurr|63/299 brn|[from] brn\n|upkeep\n|turn|26\n|\n|t:|1733783437\n|move|p2a: Conkeldurr|Mach Punch|p1a: Skeledirge\n|-damage|p1a: Skeledirge|51/294\n|move|p1a: Skeledirge|Flame Charge|p2a: Conkeldurr\n|-damage|p2a: Conkeldurr|24/299 brn\n|-boost|p1a: Skeledirge|spe|1\n|\n|-weather|Snow|[upkeep]\n|-damage|p2a: Conkeldurr|6/299 brn|[from] brn\n|upkeep\n|turn|27\n|\n|t:|1733783444\n|move|p1a: Skeledirge|Slack Off|p1a: Skeledirge\n|-heal|p1a: Skeledirge|198/294\n|move|p2a: Conkeldurr|Close Combat|p1a: Skeledirge\n|-damage|p1a: Skeledirge|86/294\n|-unboost|p2a: Conkeldurr|def|1\n|-unboost|p2a: Conkeldurr|spd|1\n|\n|-weather|none\n|-damage|p2a: Conkeldurr|0 fnt|[from] brn\n|faint|p2a: Conkeldurr\n|upkeep\n|\n|t:|1733783453\n|switch|p2a: Lokix|Lokix, L82, M|4/251\n|turn|28\n|\n|t:|1733783459\n|move|p2a: Lokix|First Impression|p1a: Skeledirge\n|-damage|p1a: Skeledirge|26/294\n|-damage|p2a: Lokix|0 fnt|[from] item: Life Orb\n|faint|p2a: Lokix\n|move|p1a: Skeledirge|Slack Off|p1a: Skeledirge\n|-heal|p1a: Skeledirge|173/294\n|\n|upkeep\n|\n|t:|1733783475\n|switch|p2a: Latias|Latias, L79, F|230/256\n|turn|29\n|\n|t:|1733783481\n|move|p1a: Skeledirge|Shadow Ball|p2a: Latias\n|-supereffective|p2a: Latias\n|-damage|p2a: Latias|102/256\n|move|p2a: Latias|Calm Mind|p2a: Latias\n|-boost|p2a: Latias|spa|1\n|-boost|p2a: Latias|spd|1\n|\n|upkeep\n|turn|30\n|\n|t:|1733783498\n|-terastallize|p2a: Latias|Steel\n|move|p1a: Skeledirge|Shadow Ball|p2a: Latias\n|-damage|p2a: Latias|33/256\n|move|p2a: Latias|Recover|p2a: Latias\n|-heal|p2a: Latias|161/256\n|\n|-sideend|p1: Crockta|move: Aurora Veil\n|upkeep\n|turn|31\n|\n|t:|1733783503\n|move|p1a: Skeledirge|Torch Song|p2a: Latias\n|-supereffective|p2a: Latias\n|-damage|p2a: Latias|41/256\n|-boost|p1a: Skeledirge|spa|1\n|move|p2a: Latias|Draco Meteor|p1a: Skeledirge\n|-damage|p1a: Skeledirge|0 fnt\n|-unboost|p2a: Latias|spa|2\n|faint|p1a: Skeledirge\n|\n|upkeep\n|\n|t:|1733783521\n|switch|p1a: Abomasnow|Abomasnow, L85, M|125/291\n|-weather|Snow|[from] ability: Snow Warning|[of] p1a: Abomasnow\n|turn|32\n|\n|t:|1733783530\n|move|p2a: Latias|Recover|p2a: Latias\n|-heal|p2a: Latias|169/256\n|move|p1a: Abomasnow|Blizzard|p2a: Latias\n|-resisted|p2a: Latias\n|-damage|p2a: Latias|136/256\n|\n|-weather|Snow|[upkeep]\n|upkeep\n|turn|33\n|\n|t:|1733783540\n|move|p2a: Latias|Draco Meteor|p1a: Abomasnow\n|-damage|p1a: Abomasnow|20/291\n|-unboost|p2a: Latias|spa|2\n|move|p1a: Abomasnow|Aurora Veil|p1a: Abomasnow\n|-sidestart|p1: Crockta|move: Aurora Veil\n|\n|-weather|Snow|[upkeep]\n|upkeep\n|turn|34\n|\n|t:|1733783547\n|switch|p1a: Politoed|Politoed, L88, F|110/302\n|-weather|RainDance|[from] ability: Drizzle|[of] p1a: Politoed\n|move|p2a: Latias|Calm Mind|p2a: Latias\n|-boost|p2a: Latias|spa|1\n|-boost|p2a: Latias|spd|1\n|\n|-weather|RainDance|[upkeep]\n|upkeep\n|turn|35\n|\n|t:|1733783554\n|move|p2a: Latias|Recover|p2a: Latias\n|-heal|p2a: Latias|256/256\n|move|p1a: Politoed|Focus Blast|p2a: Latias\n|-supereffective|p2a: Latias\n|-damage|p2a: Latias|158/256\n|\n|-weather|RainDance|[upkeep]\n|upkeep\n|turn|36\n|\n|t:|1733783561\n|move|p2a: Latias|Calm Mind|p2a: Latias\n|-boost|p2a: Latias|spa|1\n|-boost|p2a: Latias|spd|1\n|move|p1a: Politoed|Focus Blast|p2a: Latias\n|-supereffective|p2a: Latias\n|-damage|p2a: Latias|80/256\n|\n|-weather|RainDance|[upkeep]\n|upkeep\n|turn|37\n|\n|t:|1733783563\n|move|p2a: Latias|Recover|p2a: Latias\n|-heal|p2a: Latias|208/256\n|move|p1a: Politoed|Focus Blast|p2a: Latias\n|-supereffective|p2a: Latias\n|-damage|p2a: Latias|116/256\n|\n|-weather|RainDance|[upkeep]\n|upkeep\n|turn|38\n|\n|t:|1733783568\n|move|p2a: Latias|Recover|p2a: Latias\n|-heal|p2a: Latias|244/256\n|move|p1a: Politoed|Focus Blast|p2a: Latias\n|-supereffective|p2a: Latias\n|-damage|p2a: Latias|162/256\n|\n|-weather|none\n|upkeep\n|turn|39\n|\n|t:|1733783570\n|move|p2a: Latias|Calm Mind|p2a: Latias\n|-boost|p2a: Latias|spa|1\n|-boost|p2a: Latias|spd|1\n|move|p1a: Politoed|Focus Blast|p2a: Latias\n|-supereffective|p2a: Latias\n|-damage|p2a: Latias|88/256\n|\n|upkeep\n|turn|40\n|\n|t:|1733783573\n|move|p2a: Latias|Recover|p2a: Latias\n|-heal|p2a: Latias|216/256\n|move|p1a: Politoed|Focus Blast|p2a: Latias\n|-supereffective|p2a: Latias\n|-damage|p2a: Latias|150/256\n|\n|-sideend|p1: Crockta|move: Aurora Veil\n|upkeep\n|turn|41\n|\n|t:|1733783578\n|move|p2a: Latias|Calm Mind|p2a: Latias\n|-boost|p2a: Latias|spa|1\n|-boost|p2a: Latias|spd|1\n|move|p1a: Politoed|Focus Blast|p2a: Latias\n|-supereffective|p2a: Latias\n|-damage|p2a: Latias|94/256\n|\n|upkeep\n|turn|42\n|\n|t:|1733783581\n|move|p2a: Latias|Recover|p2a: Latias\n|-heal|p2a: Latias|222/256\n|move|p1a: Politoed|Focus Blast|p2a: Latias|[miss]\n|-miss|p1a: Politoed|p2a: Latias\n|\n|upkeep\n|turn|43\n|c|\u2606Crockta|gg\n|-message|Crockta forfeited.\n|\n|win|Chernobyl\u00d710\n|raw|Crockta's rating: 1993 &rarr; <strong>1970</strong><br />(-23 for losing)\n|raw|Chernobyl\u00d710's rating: 1947 &rarr; <strong>1970</strong><br />(+23 for winning)\n|l|\u2606Crockta\n|player|p1|\n", "inputlog": ">version bfd83cad13791eb5a5a409923076391caf6fb4d4\n>start {\"formatid\":\"gen9randombattle\",\"seed\":[28895,16855,16435,3327],\"rated\":\"Rated battle\"}\n>player p1 {\"name\":\"Crockta\",\"avatar\":\"265\",\"rating\":1993,\"seed\":[42080,37818,40444,32574]}\n>player p2 {\"name\":\"Chernobyl\u00d710\",\"avatar\":\"steven\",\"rating\":1947,\"seed\":[6414,44306,41075,18390]}\n>p1 move torchsong\n>p2 move highhorsepower\n>p1 move flamecharge terastallize\n>p2 move gunkshot\n>p1 move torchsong\n>p2 move gunkshot\n>p2 switch 5\n>p1 switch 5\n>p2 move firstimpression\n>p1 move slackoff\n>p2 switch 2\n>p1 switch 6\n>p2 move earthquake\n>p1 move weatherball\n>p2 switch 6\n>p1 switch 6\n>p2 move psychicfangs\n>p1 switch 4\n>p2 move psychicfangs\n>p1 move thunderwave\n>p2 move crunch\n>p1 switch 5\n>p1 switch 4\n>p2 move psychicfangs\n>p1 switch 2\n>p1 move iceshard\n>p2 switch 4\n>p1 move auroraveil\n>p2 move closecombat\n>p1 move blizzard\n>p2 switch 2\n>p1 switch 3\n>p2 move firstimpression\n>p1 move coil\n>p2 move knockoff\n>p1 move roost\n>p2 move leechlife\n>p1 move coil\n>p2 switch 6\n>p1 move earthquake\n>p2 move dynamicpunch\n>p1 move earthquake\n>p2 move dynamicpunch\n>p2 switch 3\n>p1 move bodyslam\n>p2 move calmmind\n>p1 move bodyslam\n>p2 move dracometeor\n>p1 switch 3\n>p1 move auroraveil\n>p2 move recover\n>p1 move blizzard\n>p2 switch 2\n>p1 switch 4\n>p2 move machpunch\n>p1 move flamecharge\n>p2 move machpunch\n>p1 move slackoff\n>p2 move closecombat\n>p2 switch 6\n>p1 move slackoff\n>p2 move firstimpression\n>p2 switch 2\n>p1 move shadowball\n>p2 move calmmind\n>p1 move shadowball\n>p2 move recover terastallize\n>p1 move torchsong\n>p2 move dracometeor\n>p1 switch 4\n>p1 move blizzard\n>p2 move recover\n>p1 move auroraveil\n>p2 move dracometeor\n>p1 switch 6\n>p2 move calmmind\n>p1 move focusblast\n>p2 move recover\n>p1 move focusblast\n>p2 move calmmind\n>p1 move focusblast\n>p2 move recover\n>p1 move focusblast\n>p2 move recover\n>p1 move focusblast\n>p2 move calmmind\n>p1 move focusblast\n>p2 move recover\n>p1 move focusblast\n>p2 move calmmind\n>p1 move focusblast\n>p2 move recover\n>chat \u2606Crockta|gg\n>forcelose p1", "uploadtime": 1733783612, "views": 1, "formatid": "gen9randombattle", "rating": 1970, "private": 0, "password": null}