{"id": "gen9randombattle-2166306780", "format": "[Gen 9] Random Battle", "players": ["kfc_jayd", "hammy358"], "log": "|j|\u2606kfc_jayd\n|j|\u2606hammy358\n|t:|1721781848\n|gametype|singles\n|player|p1|kfc_jayd|102|2302\n|player|p2|hammy358|1|2255\n|teamsize|p1|6\n|teamsize|p2|6\n|gen|9\n|tier|[Gen 9] Random Battle\n|rated|\n|rule|Species Clause: Limit one of each Pok\u00e9mon\n|rule|HP Percentage Mod: HP is shown in percentages\n|rule|Sleep Clause Mod: Limit one foe put to sleep\n|rule|Illusion Level Mod: Illusion disguises the Pok\u00e9mon's true level\n|\n|t:|1721781848\n|start\n|switch|p1a: Gliscor|Gliscor, L76, M|239/239\n|switch|p2a: Dodrio|Dodrio, L86, F|243/243\n|turn|1\n|inactive|Battle timer is ON: inactive players will automatically lose when time's up. (requested by hammy358)\n|\n|t:|1721781871\n|move|p2a: Dodrio|Swords Dance|p2a: Dodrio\n|-boost|p2a: Dodrio|atk|2\n|move|p1a: Gliscor|Toxic|p2a: Dodrio\n|-status|p2a: Dodrio|tox\n|\n|-damage|p2a: Dodrio|228/243 tox|[from] psn\n|-status|p1a: Gliscor|tox|[from] item: Toxic Orb\n|upkeep\n|turn|2\n|\n|t:|1721781882\n|move|p1a: Gliscor|Protect|p1a: Gliscor\n|-singleturn|p1a: Gliscor|Protect\n|move|p2a: Dodrio|Brave Bird|p1a: Gliscor\n|-activate|p1a: Gliscor|move: Protect\n|\n|-damage|p2a: Dodrio|198/243 tox|[from] psn\n|upkeep\n|turn|3\n|\n|t:|1721781896\n|switch|p1a: Revavroom|Revavroom, L79, M|256/256\n|move|p2a: Dodrio|Double-Edge|p1a: Revavroom\n|-resisted|p1a: Revavroom\n|-damage|p1a: Revavroom|112/256\n|-damage|p2a: Dodrio|150/243 tox|[from] Recoil\n|\n|-damage|p2a: Dodrio|105/243 tox|[from] psn\n|upkeep\n|turn|4\n|\n|t:|1721781910\n|move|p2a: Dodrio|Drill Run|p1a: Revavroom\n|-supereffective|p1a: Revavroom\n|-damage|p1a: Revavroom|0 fnt\n|faint|p1a: Revavroom\n|\n|-damage|p2a: Dodrio|45/243 tox|[from] psn\n|upkeep\n|\n|t:|1721781915\n|switch|p1a: Gliscor|Gliscor, L76, M|239/239 tox\n|turn|5\n|\n|t:|1721781924\n|switch|p2a: Munkidori|Munkidori, L79, M|269/269\n|move|p1a: Gliscor|Protect||[still]\n|-fail|p1a: Gliscor\n|\n|upkeep\n|turn|6\n|\n|t:|1721781932\n|move|p2a: Munkidori|Psychic Noise|p1a: Gliscor\n|-damage|p1a: Gliscor|131/239 tox\n|-start|p1a: Gliscor|move: Heal Block\n|move|p1a: Gliscor|Substitute|p1a: Gliscor\n|-start|p1a: Gliscor|Substitute\n|-damage|p1a: Gliscor|72/239 tox\n|\n|upkeep\n|turn|7\n|\n|t:|1721781939\n|move|p2a: Munkidori|Psychic Noise|p1a: Gliscor\n|-damage|p1a: Gliscor|0 fnt\n|faint|p1a: Gliscor\n|\n|upkeep\n|\n|t:|1721781948\n|switch|p1a: Galvantula|Galvantula, L82, M|249/249\n|turn|8\n|\n|t:|1721781955\n|move|p1a: Galvantula|Sticky Web|p2a: Munkidori\n|-sidestart|p2: hammy358|move: Sticky Web\n|move|p2a: Munkidori|Sludge Wave|p1a: Galvantula\n|-damage|p1a: Galvantula|101/249\n|\n|upkeep\n|turn|9\n|\n|t:|1721781963\n|move|p1a: Galvantula|Thunder|p2a: Munkidori\n|-damage|p2a: Munkidori|191/269\n|move|p2a: Munkidori|Psychic Noise|p1a: Galvantula\n|-damage|p1a: Galvantula|0 fnt\n|faint|p1a: Galvantula\n|\n|upkeep\n|\n|t:|1721781977\n|switch|p1a: Volbeat|Volbeat, L90, M|263/263\n|turn|10\n|\n|t:|1721781984\n|switch|p2a: Dedenne|Dedenne, L88, M|261/261\n|-activate|p2a: Dedenne|move: Sticky Web\n|-unboost|p2a: Dedenne|spe|1\n|move|p1a: Volbeat|Lunge|p2a: Dedenne\n|-resisted|p2a: Dedenne\n|-damage|p2a: Dedenne|212/261\n|-unboost|p2a: Dedenne|atk|1\n|\n|upkeep\n|turn|11\n|\n|t:|1721781996\n|move|p1a: Volbeat|Lunge|p2a: Dedenne\n|-resisted|p2a: Dedenne\n|-damage|p2a: Dedenne|163/261\n|-unboost|p2a: Dedenne|atk|1\n|move|p2a: Dedenne|Nuzzle|p1a: Volbeat\n|-damage|p1a: Volbeat|254/263\n|-status|p1a: Volbeat|par\n|\n|upkeep\n|turn|12\n|\n|t:|1721782008\n|cant|p1a: Volbeat|par\n|move|p2a: Dedenne|U-turn|p1a: Volbeat\n|-damage|p1a: Volbeat|233/263 par\n|\n|t:|1721782011\n|switch|p2a: Dodrio|Dodrio, L86, F|45/243 tox|[from] U-turn\n|\n|-damage|p2a: Dodrio|30/243 tox|[from] psn\n|upkeep\n|turn|13\n|\n|t:|1721782021\n|move|p1a: Volbeat|Roost|p1a: Volbeat\n|-heal|p1a: Volbeat|263/263 par\n|-singleturn|p1a: Volbeat|move: Roost\n|move|p2a: Dodrio|Brave Bird|p1a: Volbeat\n|-supereffective|p1a: Volbeat\n|-damage|p1a: Volbeat|0 fnt\n|faint|p1a: Volbeat\n|-damage|p2a: Dodrio|0 fnt|[from] Recoil\n|faint|p2a: Dodrio\n|\n|upkeep\n|\n|t:|1721782030\n|switch|p2a: Munkidori|Munkidori, L79, M|191/269\n|switch|p1a: Blaziken|Blaziken, L76, F|247/247\n|-activate|p2a: Munkidori|move: Sticky Web\n|-unboost|p2a: Munkidori|spe|1\n|turn|14\n|\n|t:|1721782037\n|move|p1a: Blaziken|Protect|p1a: Blaziken\n|-singleturn|p1a: Blaziken|Protect\n|move|p2a: Munkidori|Fake Out|p1a: Blaziken\n|-activate|p1a: Blaziken|move: Protect\n|\n|-ability|p1a: Blaziken|Speed Boost|boost\n|-boost|p1a: Blaziken|spe|1\n|upkeep\n|turn|15\n|\n|t:|1721782053\n|-terastallize|p2a: Munkidori|Dark\n|move|p1a: Blaziken|Knock Off|p2a: Munkidori\n|-resisted|p2a: Munkidori\n|-crit|p2a: Munkidori\n|-damage|p2a: Munkidori|112/269\n|-enditem|p2a: Munkidori|Assault Vest|[from] move: Knock Off|[of] p1a: Blaziken\n|-damage|p1a: Blaziken|223/247|[from] item: Life Orb\n|move|p2a: Munkidori|Psychic Noise|p1a: Blaziken\n|-supereffective|p1a: Blaziken\n|-damage|p1a: Blaziken|0 fnt\n|faint|p1a: Blaziken\n|\n|upkeep\n|\n|t:|1721782057\n|switch|p1a: Ursaluna|Ursaluna-Bloodmoon, L79, M|308/308\n|turn|16\n|\n|t:|1721782065\n|move|p2a: Munkidori|U-turn|p1a: Ursaluna\n|-crit|p1a: Ursaluna\n|-damage|p1a: Ursaluna|258/308\n|\n|t:|1721782081\n|switch|p2a: Dedenne|Dedenne, L88, M|163/261|[from] U-turn\n|-activate|p2a: Dedenne|move: Sticky Web\n|-unboost|p2a: Dedenne|spe|1\n|move|p1a: Ursaluna|Calm Mind|p1a: Ursaluna\n|-boost|p1a: Ursaluna|spa|1\n|-boost|p1a: Ursaluna|spd|1\n|\n|-heal|p1a: Ursaluna|277/308|[from] item: Leftovers\n|upkeep\n|turn|17\n|\n|t:|1721782090\n|move|p2a: Dedenne|U-turn|p1a: Ursaluna\n|-damage|p1a: Ursaluna|243/308\n|\n|t:|1721782093\n|switch|p2a: Munkidori|Munkidori, L79, M, tera:Dark|112/269|[from] U-turn\n|-activate|p2a: Munkidori|move: Sticky Web\n|-unboost|p2a: Munkidori|spe|1\n|move|p1a: Ursaluna|Calm Mind|p1a: Ursaluna\n|-boost|p1a: Ursaluna|spa|1\n|-boost|p1a: Ursaluna|spd|1\n|\n|-heal|p1a: Ursaluna|262/308|[from] item: Leftovers\n|upkeep\n|turn|18\n|\n|t:|1721782099\n|move|p2a: Munkidori|Fake Out|p1a: Ursaluna\n|-damage|p1a: Ursaluna|244/308\n|cant|p1a: Ursaluna|flinch\n|\n|-heal|p1a: Ursaluna|263/308|[from] item: Leftovers\n|upkeep\n|turn|19\n|\n|t:|1721782103\n|move|p1a: Ursaluna|Vacuum Wave|p2a: Munkidori\n|-supereffective|p2a: Munkidori\n|-damage|p2a: Munkidori|0 fnt\n|faint|p2a: Munkidori\n|\n|-heal|p1a: Ursaluna|282/308|[from] item: Leftovers\n|upkeep\n|\n|t:|1721782111\n|switch|p2a: Drifblim|Drifblim, L86, M|396/396\n|turn|20\n|\n|t:|1721782118\n|move|p2a: Drifblim|Air Slash|p1a: Ursaluna\n|-damage|p1a: Ursaluna|231/308\n|move|p1a: Ursaluna|Blood Moon|p2a: Drifblim\n|-damage|p2a: Drifblim|0 fnt\n|faint|p2a: Drifblim\n|\n|-heal|p1a: Ursaluna|250/308|[from] item: Leftovers\n|upkeep\n|\n|t:|1721782127\n|switch|p2a: Chandelure|Chandelure, L83, F|235/235\n|turn|21\n|\n|t:|1721782132\n|move|p2a: Chandelure|Fire Blast|p1a: Ursaluna\n|-damage|p1a: Ursaluna|148/308\n|move|p1a: Ursaluna|Calm Mind|p1a: Ursaluna\n|-boost|p1a: Ursaluna|spa|1\n|-boost|p1a: Ursaluna|spd|1\n|\n|-heal|p1a: Ursaluna|167/308|[from] item: Leftovers\n|upkeep\n|turn|22\n|\n|t:|1721782137\n|move|p2a: Chandelure|Calm Mind|p2a: Chandelure\n|-boost|p2a: Chandelure|spa|1\n|-boost|p2a: Chandelure|spd|1\n|move|p1a: Ursaluna|Moonlight|p1a: Ursaluna\n|-heal|p1a: Ursaluna|308/308\n|\n|upkeep\n|turn|23\n|\n|t:|1721782140\n|move|p2a: Chandelure|Fire Blast|p1a: Ursaluna\n|-damage|p1a: Ursaluna|188/308\n|-status|p1a: Ursaluna|brn\n|move|p1a: Ursaluna|Blood Moon|p2a: Chandelure\n|-damage|p2a: Chandelure|0 fnt\n|faint|p2a: Chandelure\n|\n|-heal|p1a: Ursaluna|207/308 brn|[from] item: Leftovers\n|-damage|p1a: Ursaluna|188/308 brn|[from] brn\n|upkeep\n|\n|t:|1721782148\n|switch|p2a: Dudunsparce|Dudunsparce, L82, M|339/339\n|-activate|p2a: Dudunsparce|move: Sticky Web\n|-unboost|p2a: Dudunsparce|spe|1\n|turn|24\n|\n|t:|1721782156\n|move|p1a: Ursaluna|Calm Mind|p1a: Ursaluna\n|-boost|p1a: Ursaluna|spa|1\n|-boost|p1a: Ursaluna|spd|1\n|move|p2a: Dudunsparce|Boomburst|p1a: Ursaluna\n|-damage|p1a: Ursaluna|130/308 brn\n|\n|-heal|p1a: Ursaluna|149/308 brn|[from] item: Leftovers\n|-damage|p1a: Ursaluna|130/308 brn|[from] brn\n|upkeep\n|turn|25\n|\n|t:|1721782162\n|switch|p2a: Dedenne|Dedenne, L88, M|163/261\n|-activate|p2a: Dedenne|move: Sticky Web\n|-unboost|p2a: Dedenne|spe|1\n|move|p1a: Ursaluna|Moonlight|p1a: Ursaluna\n|-heal|p1a: Ursaluna|284/308 brn\n|\n|-heal|p1a: Ursaluna|303/308 brn|[from] item: Leftovers\n|-damage|p1a: Ursaluna|284/308 brn|[from] brn\n|upkeep\n|turn|26\n|-message|hammy358 forfeited.\n|\n|win|kfc_jayd\n|raw|kfc_jayd's rating: 2302 &rarr; <strong>2319</strong><br />(+17 for winning)\n|raw|hammy358's rating: 2255 &rarr; <strong>2238</strong><br />(-17 for losing)\n|l|\u2606hammy358\n|player|p2|\n", "inputlog": ">version 16d9ffe07e6bc8e4f1c17d5198fc9cfb3141ab0a\n>start {\"formatid\":\"gen9randombattle\",\"seed\":[60942,13426,63905,22952],\"rated\":\"Rated battle\"}\n>player p1 {\"name\":\"kfc_jayd\",\"avatar\":\"102\",\"rating\":2302,\"seed\":[61444,33303,36778,22463]}\n>player p2 {\"name\":\"hammy358\",\"avatar\":\"1\",\"rating\":2255,\"seed\":[40144,33590,64983,12654]}\n>p1 move toxic\n>p2 move swordsdance\n>p1 move protect\n>p2 move bravebird\n>p1 switch 2\n>p2 move doubleedge\n>p1 move shiftgear\n>p2 move drillrun\n>p1 switch 2\n>p1 move protect\n>p2 switch 2\n>p1 move substitute\n>p2 move psychicnoise\n>p1 move earthquake\n>p2 move psychicnoise\n>p1 switch 3\n>p1 move stickyweb\n>p2 move sludgewave\n>p1 move thunder\n>p2 move psychicnoise\n>p1 switch 6\n>p1 move lunge\n>p2 switch 5\n>p1 move lunge\n>p2 move nuzzle\n>p1 move encore\n>p2 move uturn\n>p2 switch 2\n>p1 move roost\n>p2 move bravebird\n>p1 switch 4\n>p2 switch 5\n>p1 move protect\n>p2 move fakeout\n>p1 move knockoff\n>p2 move psychicnoise terastallize\n>p1 switch 5\n>p1 move calmmind\n>p2 move uturn\n>p2 switch 2\n>p1 move calmmind\n>p2 move uturn\n>p2 switch 2\n>p1 move vacuumwave\n>p2 move fakeout\n>p1 move vacuumwave\n>p2 move uturn\n>p2 switch 4\n>p1 move bloodmoon\n>p2 move airslash\n>p2 switch 6\n>p1 move calmmind\n>p2 move fireblast\n>p1 move moonlight\n>p2 move calmmind\n>p1 move bloodmoon\n>p2 move fireblast\n>p2 switch 3\n>p1 move calmmind\n>p2 move boomburst\n>p1 move moonlight\n>p2 switch 2\n>forcelose p2", "uploadtime": 1721782256, "views": 144, "formatid": "gen9randombattle", "rating": 2238, "private": 0, "password": null}