{"id": "gen9randombattle-2259952861", "format": "[Gen 9] Random Battle", "players": ["Gyneouz", "Dada hobo dweeb"], "log": "|j|\u2606Gyneouz\n|j|\u2606Dada hobo dweeb\n|t:|1733783675\n|gametype|singles\n|player|p1|Gyneouz|169|1000\n|player|p2|Dada hobo dweeb|102|1000\n|teamsize|p1|6\n|teamsize|p2|6\n|gen|9\n|tier|[Gen 9] Random Battle\n|rated|\n|rule|Species Clause: Limit one of each Pok\u00e9mon\n|rule|HP Percentage Mod: HP is shown in percentages\n|rule|Sleep Clause Mod: Limit one foe put to sleep\n|rule|Illusion Level Mod: Illusion disguises the Pok\u00e9mon's true level\n|\n|t:|1733783675\n|start\n|switch|p1a: Eternatus|Eternatus, L69|308/308\n|switch|p2a: Phione|Phione, L91|293/293\n|-ability|p1a: Eternatus|Pressure\n|turn|1\n|\n|t:|1733783687\n|move|p1a: Eternatus|Toxic Spikes|p2a: Phione\n|-sidestart|p2: Dada hobo dweeb|move: Toxic Spikes\n|move|p2a: Phione|Ice Beam|p1a: Eternatus\n|-supereffective|p1a: Eternatus\n|-damage|p1a: Eternatus|154/308\n|\n|-heal|p1a: Eternatus|173/308|[from] item: Leftovers\n|upkeep\n|turn|2\n|\n|t:|1733783707\n|switch|p1a: Arbok|Arbok, L87, F|246/246\n|-ability|p1a: Arbok|Intimidate|boost\n|-unboost|p2a: Phione|atk|1\n|move|p2a: Phione|Ice Beam|p1a: Arbok\n|-damage|p1a: Arbok|177/246\n|\n|upkeep\n|turn|3\n|\n|t:|1733783720\n|move|p2a: Phione|Scald|p1a: Arbok\n|-damage|p1a: Arbok|84/246\n|move|p1a: Arbok|Knock Off|p2a: Phione\n|-damage|p2a: Phione|197/293\n|-enditem|p2a: Phione|Leftovers|[from] move: Knock Off|[of] p1a: Arbok\n|-damage|p1a: Arbok|60/246|[from] item: Life Orb\n|\n|upkeep\n|turn|4\n|\n|t:|1733783730\n|move|p1a: Arbok|Sucker Punch|p2a: Phione\n|-damage|p2a: Phione|132/293\n|-damage|p1a: Arbok|36/246|[from] item: Life Orb\n|move|p2a: Phione|Scald|p1a: Arbok\n|-damage|p1a: Arbok|0 fnt\n|faint|p1a: Arbok\n|\n|upkeep\n|\n|t:|1733783740\n|switch|p1a: Spectrier|Spectrier, L75|274/274\n|turn|5\n|\n|t:|1733783750\n|move|p1a: Spectrier|Will-O-Wisp|p2a: Phione\n|-status|p2a: Phione|brn\n|move|p2a: Phione|Scald|p1a: Spectrier\n|-damage|p1a: Spectrier|171/274\n|-status|p1a: Spectrier|brn\n|\n|-damage|p1a: Spectrier|154/274 brn|[from] brn\n|-damage|p2a: Phione|114/293 brn|[from] brn\n|upkeep\n|turn|6\n|\n|t:|1733783764\n|switch|p1a: Latias|Latias, L79, F|256/256\n|move|p2a: Phione|Scald|p1a: Latias\n|-resisted|p1a: Latias\n|-damage|p1a: Latias|223/256\n|\n|-damage|p2a: Phione|96/293 brn|[from] brn\n|upkeep\n|turn|7\n|\n|t:|1733783785\n|move|p1a: Latias|Psyshock|p2a: Phione\n|-damage|p2a: Phione|0 fnt\n|faint|p2a: Phione\n|\n|upkeep\n|\n|t:|1733783800\n|switch|p2a: Iron Moth|Iron Moth, L78|253/253\n|-sideend|p2: Dada hobo dweeb|move: Toxic Spikes|[of] p2a: Iron Moth\n|turn|8\n|\n|t:|1733783833\n|move|p1a: Latias|Calm Mind|p1a: Latias\n|-boost|p1a: Latias|spa|1\n|-boost|p1a: Latias|spd|1\n|move|p2a: Iron Moth|Sludge Wave|p1a: Latias\n|-damage|p1a: Latias|160/256\n|\n|upkeep\n|turn|9\n|\n|t:|1733783849\n|move|p1a: Latias|Calm Mind|p1a: Latias\n|-boost|p1a: Latias|spa|1\n|-boost|p1a: Latias|spd|1\n|move|p2a: Iron Moth|Fire Blast|p1a: Latias|[miss]\n|-miss|p2a: Iron Moth|p1a: Latias\n|\n|upkeep\n|turn|10\n|\n|t:|1733783863\n|-end|p2a: Iron Moth|Quark Drive|[silent]\n|switch|p2a: Sceptile|Sceptile, L87, M|264/264\n|move|p1a: Latias|Psyshock|p2a: Sceptile\n|-damage|p2a: Sceptile|15/264\n|\n|-heal|p2a: Sceptile|31/264|[from] item: Leftovers\n|upkeep\n|turn|11\n|\n|t:|1733783876\n|move|p2a: Sceptile|Leech Seed|p1a: Latias\n|-start|p1a: Latias|move: Leech Seed\n|move|p1a: Latias|Psyshock|p2a: Sceptile\n|-damage|p2a: Sceptile|0 fnt\n|faint|p2a: Sceptile\n|\n|upkeep\n|\n|t:|1733783885\n|switch|p2a: Misdreavus|Misdreavus, L90, M|254/254\n|turn|12\n|\n|t:|1733783893\n|move|p1a: Latias|Recover|p1a: Latias\n|-heal|p1a: Latias|256/256\n|move|p2a: Misdreavus|Draining Kiss|p1a: Latias\n|-supereffective|p1a: Latias\n|-damage|p1a: Latias|228/256\n|\n|-damage|p1a: Latias|196/256|[from] Leech Seed|[of] p2a: Misdreavus\n|upkeep\n|turn|13\n|\n|t:|1733783914\n|switch|p1a: Spectrier|Spectrier, L75|154/274 brn\n|move|p2a: Misdreavus|Calm Mind|p2a: Misdreavus\n|-boost|p2a: Misdreavus|spa|1\n|-boost|p2a: Misdreavus|spd|1\n|\n|-damage|p1a: Spectrier|137/274 brn|[from] brn\n|upkeep\n|turn|14\n|\n|t:|1733783927\n|move|p1a: Spectrier|Will-O-Wisp|p2a: Misdreavus\n|-status|p2a: Misdreavus|brn\n|move|p2a: Misdreavus|Draining Kiss|p1a: Spectrier\n|-damage|p1a: Spectrier|68/274 brn\n|\n|-damage|p1a: Spectrier|51/274 brn|[from] brn\n|-damage|p2a: Misdreavus|239/254 brn|[from] brn\n|upkeep\n|turn|15\n|\n|t:|1733783936\n|move|p1a: Spectrier|Shadow Ball|p2a: Misdreavus\n|-supereffective|p2a: Misdreavus\n|-crit|p2a: Misdreavus\n|-damage|p2a: Misdreavus|2/254 brn\n|-damage|p1a: Spectrier|24/274 brn|[from] item: Life Orb\n|move|p2a: Misdreavus|Draining Kiss|p1a: Spectrier\n|-damage|p1a: Spectrier|0 fnt\n|-heal|p2a: Misdreavus|20/254 brn|[from] drain|[of] p1a: Spectrier\n|faint|p1a: Spectrier\n|\n|-damage|p2a: Misdreavus|5/254 brn|[from] brn\n|upkeep\n|\n|t:|1733783952\n|switch|p1a: Latias|Latias, L79, F|196/256\n|turn|16\n|\n|t:|1733783961\n|move|p1a: Latias|Calm Mind|p1a: Latias\n|-boost|p1a: Latias|spa|1\n|-boost|p1a: Latias|spd|1\n|move|p2a: Misdreavus|Draining Kiss|p1a: Latias\n|-supereffective|p1a: Latias\n|-damage|p1a: Latias|136/256\n|-heal|p2a: Misdreavus|50/254 brn|[from] drain|[of] p1a: Latias\n|\n|-damage|p2a: Misdreavus|35/254 brn|[from] brn\n|upkeep\n|turn|17\n|\n|t:|1733783971\n|move|p1a: Latias|Recover|p1a: Latias\n|-heal|p1a: Latias|256/256\n|move|p2a: Misdreavus|Calm Mind|p2a: Misdreavus\n|-boost|p2a: Misdreavus|spa|1\n|-boost|p2a: Misdreavus|spd|1\n|\n|-damage|p2a: Misdreavus|20/254 brn|[from] brn\n|upkeep\n|turn|18\n|\n|t:|1733783980\n|move|p1a: Latias|Psyshock|p2a: Misdreavus\n|-damage|p2a: Misdreavus|0 fnt\n|faint|p2a: Misdreavus\n|\n|upkeep\n|\n|t:|1733783987\n|switch|p2a: Clawitzer|Clawitzer, L87, M|265/265\n|turn|19\n|\n|t:|1733784005\n|switch|p1a: Tsareena|Tsareena, L87, F|267/267\n|move|p2a: Clawitzer|Dragon Pulse|p1a: Tsareena\n|-damage|p1a: Tsareena|174/267\n|\n|upkeep\n|turn|20\n|\n|t:|1733784032\n|move|p1a: Tsareena|Power Whip|p2a: Clawitzer\n|-supereffective|p2a: Clawitzer\n|-damage|p2a: Clawitzer|0 fnt\n|faint|p2a: Clawitzer\n|\n|upkeep\n|\n|t:|1733784041\n|switch|p2a: Dragalge|Dragalge, L88, F|258/258\n|turn|21\n|\n|t:|1733784056\n|switch|p1a: Latias|Latias, L79, F|256/256\n|move|p2a: Dragalge|Sludge Wave|p1a: Latias\n|-damage|p1a: Latias|142/256\n|\n|upkeep\n|turn|22\n|\n|t:|1733784065\n|move|p1a: Latias|Recover|p1a: Latias\n|-heal|p1a: Latias|256/256\n|move|p2a: Dragalge|Dragon Tail|p1a: Latias\n|-supereffective|p1a: Latias\n|-damage|p1a: Latias|108/256\n|drag|p1a: Scream Tail|Scream Tail, L84|330/330\n|\n|upkeep\n|turn|23\n|\n|t:|1733784091\n|switch|p2a: Iron Moth|Iron Moth, L78|253/253\n|move|p1a: Scream Tail|Play Rough|p2a: Iron Moth\n|-resisted|p2a: Iron Moth\n|-damage|p2a: Iron Moth|227/253\n|\n|upkeep\n|turn|24\n|\n|t:|1733784108\n|move|p1a: Scream Tail|Protect|p1a: Scream Tail\n|-singleturn|p1a: Scream Tail|Protect\n|move|p2a: Iron Moth|Sludge Wave|p1a: Scream Tail\n|-activate|p1a: Scream Tail|move: Protect\n|\n|upkeep\n|turn|25\n|\n|t:|1733784128\n|move|p1a: Scream Tail|Thunder Wave|p2a: Iron Moth\n|-status|p2a: Iron Moth|par\n|cant|p2a: Iron Moth|par\n|\n|upkeep\n|turn|26\n|\n|t:|1733784148\n|move|p1a: Scream Tail|Wish|p1a: Scream Tail\n|move|p2a: Iron Moth|Sludge Wave|p1a: Scream Tail\n|-supereffective|p1a: Scream Tail\n|-damage|p1a: Scream Tail|132/330\n|\n|-heal|p1a: Scream Tail|152/330|[from] item: Leftovers\n|upkeep\n|turn|27\n|\n|t:|1733784158\n|move|p1a: Scream Tail|Protect|p1a: Scream Tail\n|-singleturn|p1a: Scream Tail|Protect\n|move|p2a: Iron Moth|Sludge Wave|p1a: Scream Tail\n|-activate|p1a: Scream Tail|move: Protect\n|\n|-heal|p1a: Scream Tail|317/330|[from] move: Wish|[wisher] Scream Tail\n|-heal|p1a: Scream Tail|330/330|[from] item: Leftovers\n|upkeep\n|turn|28\n|\n|t:|1733784188\n|-end|p1a: Scream Tail|Protosynthesis|[silent]\n|switch|p1a: Eternatus|Eternatus, L69|173/308\n|-ability|p1a: Eternatus|Pressure\n|move|p2a: Iron Moth|Sludge Wave|p1a: Eternatus\n|-resisted|p1a: Eternatus\n|-damage|p1a: Eternatus|107/308\n|\n|-heal|p1a: Eternatus|126/308|[from] item: Leftovers\n|upkeep\n|turn|29\n|\n|t:|1733784203\n|move|p1a: Eternatus|Recover|p1a: Eternatus\n|-heal|p1a: Eternatus|280/308\n|move|p2a: Iron Moth|Fire Blast|p1a: Eternatus\n|-resisted|p1a: Eternatus\n|-crit|p1a: Eternatus\n|-damage|p1a: Eternatus|168/308\n|\n|-heal|p1a: Eternatus|187/308|[from] item: Leftovers\n|upkeep\n|turn|30\n|\n|t:|1733784215\n|move|p1a: Eternatus|Recover|p1a: Eternatus\n|-heal|p1a: Eternatus|308/308\n|cant|p2a: Iron Moth|par\n|\n|upkeep\n|turn|31\n|\n|t:|1733784227\n|move|p1a: Eternatus|Dynamax Cannon|p2a: Iron Moth\n|-damage|p2a: Iron Moth|128/253 par\n|move|p2a: Iron Moth|Energy Ball|p1a: Eternatus\n|-resisted|p1a: Eternatus\n|-damage|p1a: Eternatus|286/308\n|\n|-heal|p1a: Eternatus|305/308|[from] item: Leftovers\n|upkeep\n|turn|32\n|\n|t:|1733784239\n|-terastallize|p1a: Eternatus|Dragon\n|move|p1a: Eternatus|Dynamax Cannon|p2a: Iron Moth\n|-damage|p2a: Iron Moth|8/253 par\n|move|p2a: Iron Moth|Morning Sun|p2a: Iron Moth\n|-heal|p2a: Iron Moth|134/253 par\n|\n|-heal|p1a: Eternatus|308/308|[from] item: Leftovers\n|upkeep\n|turn|33\n|\n|t:|1733784250\n|move|p1a: Eternatus|Dynamax Cannon|p2a: Iron Moth\n|-damage|p2a: Iron Moth|4/253 par\n|move|p2a: Iron Moth|Morning Sun|p2a: Iron Moth\n|-heal|p2a: Iron Moth|130/253 par\n|\n|upkeep\n|turn|34\n|\n|t:|1733784269\n|move|p1a: Eternatus|Dynamax Cannon|p2a: Iron Moth\n|-damage|p2a: Iron Moth|0 fnt\n|faint|p2a: Iron Moth\n|-end|p2a: Iron Moth|Quark Drive|[silent]\n|\n|upkeep\n|\n|t:|1733784273\n|switch|p2a: Dragalge|Dragalge, L88, F|258/258\n|turn|35\n|\n|t:|1733784278\n|-terastallize|p2a: Dragalge|Fighting\n|move|p1a: Eternatus|Dynamax Cannon|p2a: Dragalge\n|-damage|p2a: Dragalge|198/258\n|move|p2a: Dragalge|Draco Meteor|p1a: Eternatus\n|-supereffective|p1a: Eternatus\n|-damage|p1a: Eternatus|0 fnt\n|-unboost|p2a: Dragalge|spa|2\n|faint|p1a: Eternatus\n|\n|upkeep\n|\n|t:|1733784292\n|switch|p1a: Scream Tail|Scream Tail, L84|330/330\n|turn|36\n|\n|t:|1733784299\n|move|p1a: Scream Tail|Thunder Wave|p2a: Dragalge\n|-status|p2a: Dragalge|par\n|move|p2a: Dragalge|Sludge Wave|p1a: Scream Tail\n|-supereffective|p1a: Scream Tail\n|-damage|p1a: Scream Tail|234/330\n|\n|-heal|p1a: Scream Tail|254/330|[from] item: Leftovers\n|upkeep\n|turn|37\n|\n|t:|1733784312\n|move|p1a: Scream Tail|Play Rough|p2a: Dragalge\n|-supereffective|p2a: Dragalge\n|-damage|p2a: Dragalge|70/258 par\n|move|p2a: Dragalge|Sludge Wave|p1a: Scream Tail\n|-supereffective|p1a: Scream Tail\n|-damage|p1a: Scream Tail|162/330\n|\n|-heal|p1a: Scream Tail|182/330|[from] item: Leftovers\n|upkeep\n|turn|38\n|-message|Dada hobo dweeb forfeited.\n|\n|win|Gyneouz\n|raw|Gyneouz's rating: 1000 &rarr; <strong>1040</strong><br />(+40 for winning)\n|raw|Dada hobo dweeb's rating: 1000 &rarr; <strong>1000</strong><br />(+0 for losing)\n|l|\u2606Dada hobo dweeb\n|player|p2|\n", "inputlog": ">version bfd83cad13791eb5a5a409923076391caf6fb4d4\n>start {\"formatid\":\"gen9randombattle\",\"seed\":[3038,23223,21849,23164],\"rated\":\"Rated battle\"}\n>player p1 {\"name\":\"Gyneouz\",\"avatar\":\"169\",\"rating\":1000,\"seed\":[3976,22502,18217,44000]}\n>player p2 {\"name\":\"Dada hobo dweeb\",\"avatar\":\"102\",\"rating\":1000,\"seed\":[40396,28600,51932,62415]}\n>p1 move toxicspikes\n>p2 move icebeam\n>p1 switch 2\n>p2 move icebeam\n>p1 move knockoff\n>p2 move scald\n>p1 move suckerpunch\n>p2 move scald\n>p1 switch 3\n>p1 move willowisp\n>p2 move scald\n>p1 switch 4\n>p2 move scald\n>p1 move psyshock\n>p2 move icebeam\n>p2 switch 6\n>p1 move calmmind\n>p2 move sludgewave\n>p1 move calmmind\n>p2 move fireblast\n>p1 move psyshock\n>p2 switch 5\n>p1 move psyshock\n>p2 move leechseed\n>p2 switch 2\n>p1 move recover\n>p2 move drainingkiss\n>p1 switch 4\n>p2 move calmmind\n>p1 move willowisp\n>p2 move drainingkiss\n>p1 move shadowball\n>p2 move drainingkiss\n>p1 switch 4\n>p1 move calmmind\n>p2 move drainingkiss\n>p1 move recover\n>p2 move calmmind\n>p1 move psyshock\n>p2 move drainingkiss\n>p2 switch 3\n>p1 switch 5\n>p2 move dragonpulse\n>p1 move powerwhip\n>p2 move uturn\n>p2 switch 4\n>p1 switch 5\n>p2 move sludgewave\n>p1 move recover\n>p2 move dragontail\n>p1 move playrough\n>p2 switch 5\n>p1 move protect\n>p2 move sludgewave\n>p1 move thunderwave\n>p2 move sludgewave\n>p1 move wish\n>p2 move sludgewave\n>p1 move protect\n>p2 move sludgewave\n>p1 switch 2\n>p2 move sludgewave\n>p1 move recover\n>p2 move fireblast\n>p1 move recover\n>p2 move energyball\n>p1 move dynamaxcannon\n>p2 move energyball\n>p1 move dynamaxcannon terastallize\n>p2 move morningsun\n>p1 move dynamaxcannon\n>p2 move morningsun\n>p1 move dynamaxcannon\n>p2 move sludgewave\n>p2 switch 5\n>p1 move dynamaxcannon\n>p2 move dracometeor terastallize\n>p1 switch 2\n>p1 move thunderwave\n>p2 move sludgewave\n>p1 move playrough\n>p2 move sludgewave\n>forcelose p2", "uploadtime": 1733784341, "views": 14, "formatid": "gen9randombattle", "rating": 1000, "private": 0, "password": null}