{"id": "gen9randombattle-2155655115", "format": "[Gen 9] Random Battle", "players": ["bmence", "RandomBattler231"], "log": "|j|\u203dbmence\n|j|\u2606RandomBattler231\n|t:|1720194591\n|gametype|singles\n|player|p1|bmence|1|2279\n|player|p2|RandomBattler231|janitor|2262\n|teamsize|p1|6\n|teamsize|p2|6\n|gen|9\n|tier|[Gen 9] Random Battle\n|rated|\n|rule|Species Clause: Limit one of each Pok\u00e9mon\n|rule|HP Percentage Mod: HP is shown in percentages\n|rule|Sleep Clause Mod: Limit one foe put to sleep\n|rule|Illusion Level Mod: Illusion disguises the Pok\u00e9mon's true level\n|\n|t:|1720194591\n|start\n|switch|p1a: Deoxys|Deoxys-Speed, L82|216/216\n|switch|p2a: Inteleon|Inteleon, L81, M|246/246\n|-ability|p1a: Deoxys|Pressure\n|turn|1\n|\n|t:|1720194604\n|switch|p2a: Alomomola|Alomomola, L87, M|429/429\n|move|p1a: Deoxys|Psycho Boost|p2a: Alomomola\n|-damage|p2a: Alomomola|148/429\n|-unboost|p1a: Deoxys|spa|2\n|-damage|p1a: Deoxys|195/216|[from] item: Life Orb\n|\n|-heal|p2a: Alomomola|174/429|[from] item: Leftovers\n|upkeep\n|turn|2\n|\n|t:|1720194608\n|move|p1a: Deoxys|Nasty Plot|p1a: Deoxys\n|-boost|p1a: Deoxys|spa|2\n|move|p2a: Alomomola|Wish|p2a: Alomomola\n|\n|-heal|p2a: Alomomola|200/429|[from] item: Leftovers\n|upkeep\n|turn|3\n|\n|t:|1720194619\n|switch|p2a: Farigiraf|Farigiraf, L91, F|366/366\n|move|p1a: Deoxys|Nasty Plot|p1a: Deoxys\n|-boost|p1a: Deoxys|spa|2\n|\n|upkeep\n|turn|4\n|\n|t:|1720194627\n|move|p1a: Deoxys|Dark Pulse|p2a: Farigiraf\n|-supereffective|p2a: Farigiraf\n|-damage|p2a: Farigiraf|41/366\n|-damage|p1a: Deoxys|174/216|[from] item: Life Orb\n|move|p2a: Farigiraf|Body Slam|p1a: Deoxys\n|-damage|p1a: Deoxys|65/216\n|\n|-heal|p2a: Farigiraf|63/366|[from] item: Leftovers\n|upkeep\n|turn|5\n|\n|t:|1720194638\n|switch|p2a: Frosmoth|Frosmoth, L82, F|249/249\n|move|p1a: Deoxys|Dark Pulse|p2a: Frosmoth\n|-damage|p2a: Frosmoth|180/249\n|-damage|p1a: Deoxys|44/216|[from] item: Life Orb\n|\n|upkeep\n|turn|6\n|\n|t:|1720194649\n|move|p1a: Deoxys|Psycho Boost|p2a: Frosmoth\n|-damage|p2a: Frosmoth|12/249\n|-unboost|p1a: Deoxys|spa|2\n|-damage|p1a: Deoxys|23/216|[from] item: Life Orb\n|move|p2a: Frosmoth|Giga Drain|p1a: Deoxys\n|-damage|p1a: Deoxys|0 fnt\n|-heal|p2a: Frosmoth|24/249|[from] drain|[of] p1a: Deoxys\n|faint|p1a: Deoxys\n|\n|upkeep\n|\n|t:|1720194662\n|switch|p1a: Smeargle|Smeargle, L94, M|256/256\n|turn|7\n|\n|t:|1720194669\n|move|p1a: Smeargle|Ceaseless Edge|p2a: Frosmoth\n|-damage|p2a: Frosmoth|0 fnt\n|-sidestart|p2: RandomBattler231|Spikes\n|faint|p2a: Frosmoth\n|\n|upkeep\n|\n|t:|1720194691\n|switch|p2a: Farigiraf|Farigiraf, L91, F|63/366\n|-damage|p2a: Farigiraf|18/366|[from] Spikes\n|turn|8\n|\n|t:|1720194700\n|move|p2a: Farigiraf|Protect|p2a: Farigiraf\n|-singleturn|p2a: Farigiraf|Protect\n|move|p1a: Smeargle|Ceaseless Edge|p2a: Farigiraf\n|-activate|p2a: Farigiraf|move: Protect\n|\n|-heal|p2a: Farigiraf|40/366|[from] item: Leftovers\n|upkeep\n|turn|9\n|\n|t:|1720194718\n|-terastallize|p2a: Farigiraf|Water\n|move|p2a: Farigiraf|Wish|p2a: Farigiraf\n|move|p1a: Smeargle|Whirlwind|p2a: Farigiraf\n|drag|p2a: Alomomola|Alomomola, L87, M|343/429\n|-damage|p2a: Alomomola|290/429|[from] Spikes\n|\n|-heal|p2a: Alomomola|316/429|[from] item: Leftovers\n|upkeep\n|turn|10\n|-message|RandomBattler231 forfeited.\n|\n|win|bmence\n|raw|bmence's rating: 2279 &rarr; <strong>2298</strong><br />(+19 for winning)\n|raw|RandomBattler231's rating: 2262 &rarr; <strong>2243</strong><br />(-19 for losing)\n|l|\u2606RandomBattler231\n|player|p2|\n", "inputlog": ">version dad092f06c7b3b6af0e405b2a56d8bbd7830daed\n>start {\"formatid\":\"gen9randombattle\",\"seed\":[35957,62001,23355,31755],\"rated\":\"Rated battle\"}\n>player p1 {\"name\":\"bmence\",\"avatar\":\"1\",\"rating\":2279,\"seed\":[30913,22816,25732,55141]}\n>player p2 {\"name\":\"RandomBattler231\",\"avatar\":\"janitor\",\"rating\":2262,\"seed\":[34368,11954,35929,44093]}\n>p1 move psychoboost\n>p2 switch 3\n>p1 move nastyplot\n>p2 move wish\n>p1 move nastyplot\n>p2 switch 2\n>p1 move darkpulse\n>p2 move bodyslam\n>p1 move darkpulse\n>p2 switch 5\n>p1 move psychoboost\n>p2 move gigadrain\n>p1 switch 5\n>p1 move ceaselessedge\n>p2 move quiverdance\n>p2 switch 5\n>p1 move ceaselessedge\n>p2 move protect\n>p1 move whirlwind\n>p2 move wish terastallize\n>forcelose p2", "uploadtime": 1720194761, "views": 191, "formatid": "gen9randombattle", "rating": 2243, "private": 0, "password": null}