{"id": "gen9randombattle-2260364512", "format": "[Gen 9] Random Battle", "players": ["Nexonavitan", "Infinityn't"], "log": "|j|\u2606Nexonavitan\n|j|\u2606Infinityn't\n|t:|1733844322\n|gametype|singles\n|player|p1|Nexonavitan|102|\n|player|p2|Infinityn't|wallace|\n|teamsize|p1|6\n|teamsize|p2|6\n|gen|9\n|tier|[Gen 9] Random Battle\n|rule|Species Clause: Limit one of each Pok\u00e9mon\n|rule|HP Percentage Mod: HP is shown in percentages\n|rule|Sleep Clause Mod: Limit one foe put to sleep\n|rule|Illusion Level Mod: Illusion disguises the Pok\u00e9mon's true level\n|\n|t:|1733844322\n|start\n|switch|p1a: Arceus|Arceus-Fairy, L69|280/280\n|switch|p2a: Overqwil|Overqwil, L82, M|274/274\n|-ability|p2a: Overqwil|Intimidate|boost\n|-unboost|p1a: Arceus|atk|1\n|turn|1\n|c|\u2606Infinityn't|Balls\n|\n|t:|1733844373\n|switch|p1a: Iron Treads|Iron Treads, L77|265/265\n|move|p2a: Overqwil|Swords Dance|p2a: Overqwil\n|-boost|p2a: Overqwil|atk|2\n|\n|upkeep\n|turn|2\n|\n|t:|1733844383\n|-terastallize|p2a: Overqwil|Water\n|move|p1a: Iron Treads|Volt Switch|p2a: Overqwil\n|-supereffective|p2a: Overqwil\n|-damage|p2a: Overqwil|192/274\n|\n|t:|1733844399\n|-end|p1a: Iron Treads|Quark Drive|[silent]\n|switch|p1a: Hawlucha|Hawlucha, L80, F|256/256|[from] Volt Switch\n|move|p2a: Overqwil|Liquidation|p1a: Hawlucha\n|-damage|p1a: Hawlucha|0 fnt\n|faint|p1a: Hawlucha\n|-damage|p2a: Overqwil|165/274|[from] item: Life Orb\n|\n|upkeep\n|\n|t:|1733844407\n|switch|p1a: Miraidon|Miraidon, L65|238/238\n|-fieldstart|move: Electric Terrain|[from] ability: Hadron Engine|[of] p1a: Miraidon\n|turn|3\n|\n|t:|1733844428\n|move|p1a: Miraidon|Electro Drift|p2a: Overqwil\n|-supereffective|p2a: Overqwil\n|-damage|p2a: Overqwil|0 fnt\n|faint|p2a: Overqwil\n|\n|upkeep\n|\n|t:|1733844439\n|switch|p2a: Leafeon|Leafeon, L88, F|258/258\n|turn|4\n|\n|t:|1733844447\n|move|p2a: Leafeon|Double-Edge|p1a: Miraidon\n|-damage|p1a: Miraidon|95/238\n|-damage|p2a: Leafeon|211/258|[from] Recoil\n|-damage|p2a: Leafeon|186/258|[from] item: Life Orb\n|move|p1a: Miraidon|Calm Mind|p1a: Miraidon\n|-boost|p1a: Miraidon|spa|1\n|-boost|p1a: Miraidon|spd|1\n|\n|-heal|p1a: Miraidon|109/238|[from] item: Leftovers\n|upkeep\n|turn|5\n|c|\u2606Infinityn't|Crazy\n|\n|t:|1733844460\n|switch|p1a: Ceruledge|Ceruledge, L78, M|245/245\n|move|p2a: Leafeon|Double-Edge|p1a: Ceruledge\n|-immune|p1a: Ceruledge\n|\n|upkeep\n|turn|6\n|n|\u2606Nexonavitan|nexonavitan\n|\n|t:|1733844512\n|move|p2a: Leafeon|Knock Off|p1a: Ceruledge\n|-supereffective|p1a: Ceruledge\n|-damage|p1a: Ceruledge|0 fnt\n|-enditem|p1a: Ceruledge|Heavy-Duty Boots|[from] move: Knock Off|[of] p2a: Leafeon\n|faint|p1a: Ceruledge\n|-damage|p2a: Leafeon|161/258|[from] item: Life Orb\n|\n|upkeep\n|c|\u2606Nexonavitan|jeez\n|c|\u2606Infinityn't|Oof\n|\n|t:|1733844532\n|switch|p1a: Flapple|Flapple, L88, F|266/266\n|turn|7\n|c|\u2606Infinityn't|Leafeon crazy in randoms\n|c|\u2606Nexonavitan|yh\n|\n|t:|1733844545\n|move|p2a: Leafeon|Knock Off|p1a: Flapple\n|-damage|p1a: Flapple|152/266\n|-enditem|p1a: Flapple|Lum Berry|[from] move: Knock Off|[of] p2a: Leafeon\n|-damage|p2a: Leafeon|136/258|[from] item: Life Orb\n|move|p1a: Flapple|Dragon Dance|p1a: Flapple\n|-boost|p1a: Flapple|atk|1\n|-boost|p1a: Flapple|spe|1\n|\n|-fieldend|move: Electric Terrain\n|upkeep\n|turn|8\n|\n|t:|1733844564\n|move|p1a: Flapple|Sucker Punch|p2a: Leafeon\n|-damage|p2a: Leafeon|47/258\n|move|p2a: Leafeon|Double-Edge|p1a: Flapple\n|-crit|p1a: Flapple\n|-damage|p1a: Flapple|0 fnt\n|faint|p1a: Flapple\n|-damage|p2a: Leafeon|0 fnt|[from] Recoil\n|faint|p2a: Leafeon\n|\n|upkeep\n|c|\u2606Infinityn't|Oof\n|\n|t:|1733844576\n|switch|p2a: Volcarona|Volcarona, L77, F|257/257\n|switch|p1a: Miraidon|Miraidon, L65|109/238\n|-fieldstart|move: Electric Terrain|[from] ability: Hadron Engine|[of] p1a: Miraidon\n|turn|9\n|c|\u2606Nexonavitan|atleast that thing died\n|\n|t:|1733844591\n|move|p1a: Miraidon|Substitute|p1a: Miraidon\n|-start|p1a: Miraidon|Substitute\n|-damage|p1a: Miraidon|50/238\n|move|p2a: Volcarona|Quiver Dance|p2a: Volcarona\n|-boost|p2a: Volcarona|spa|1\n|-boost|p2a: Volcarona|spd|1\n|-boost|p2a: Volcarona|spe|1\n|\n|-heal|p1a: Miraidon|64/238|[from] item: Leftovers\n|upkeep\n|turn|10\n|\n|t:|1733844601\n|move|p2a: Volcarona|Bug Buzz|p1a: Miraidon\n|-damage|p1a: Miraidon|0 fnt\n|faint|p1a: Miraidon\n|\n|upkeep\n|c|\u2606Infinityn't|:clueless:\n|c|\u2606Nexonavitan|:astonished:\n|\n|t:|1733844618\n|switch|p1a: Iron Treads|Iron Treads, L77|265/265\n|-activate|p1a: Iron Treads|ability: Quark Drive\n|-start|p1a: Iron Treads|quarkdrivedef\n|turn|11\n|\n|t:|1733844628\n|move|p2a: Volcarona|Fiery Dance|p1a: Iron Treads\n|-supereffective|p1a: Iron Treads\n|-damage|p1a: Iron Treads|29/265\n|move|p1a: Iron Treads|Earthquake|p2a: Volcarona\n|-damage|p2a: Volcarona|127/257\n|\n|upkeep\n|turn|12\n|\n|t:|1733844636\n|move|p2a: Volcarona|Fiery Dance|p1a: Iron Treads\n|-supereffective|p1a: Iron Treads\n|-damage|p1a: Iron Treads|0 fnt\n|-boost|p2a: Volcarona|spa|1\n|faint|p1a: Iron Treads\n|-end|p1a: Iron Treads|Quark Drive|[silent]\n|\n|upkeep\n|\n|t:|1733844642\n|switch|p1a: Arceus|Arceus-Fairy, L69|280/280\n|turn|13\n|c|\u2606Infinityn't|Welp\n|c|\u2606Infinityn't|Gg\n|\n|t:|1733844651\n|move|p2a: Volcarona|Fiery Dance|p1a: Arceus\n|-damage|p1a: Arceus|102/280\n|-boost|p2a: Volcarona|spa|1\n|move|p1a: Arceus|Calm Mind|p1a: Arceus\n|-boost|p1a: Arceus|spa|1\n|-boost|p1a: Arceus|spd|1\n|\n|-fieldend|move: Electric Terrain\n|upkeep\n|turn|14\n|c|\u2606Nexonavitan|lets do one more!!!!\n|c|\u2606Infinityn't|Sure\n|\n|t:|1733844663\n|-terastallize|p1a: Arceus|Ground\n|move|p2a: Volcarona|Fiery Dance|p1a: Arceus\n|-damage|p1a: Arceus|0 fnt\n|faint|p1a: Arceus\n|\n|win|Infinityn't\n|l|\u2606Nexonavitan\n|player|p1|\n", "inputlog": ">version bfd83cad13791eb5a5a409923076391caf6fb4d4\n>start {\"formatid\":\"gen9randombattle\",\"seed\":[23612,18988,8747,31098]}\n>player p1 {\"name\":\"Nexonavitan\",\"avatar\":\"102\",\"rating\":0,\"seed\":[6594,63463,29828,15818]}\n>player p2 {\"name\":\"Infinityn't\",\"avatar\":\"wallace\",\"rating\":0,\"seed\":[13164,31835,5791,38359]}\n>chat \u2606Infinityn't|Balls\n>p1 switch 6\n>p2 move swordsdance\n>p1 move voltswitch\n>p2 move liquidation terastallize\n>p1 switch 5\n>p1 switch 2\n>p1 move electrodrift\n>p2 move gunkshot\n>p2 switch 3\n>p1 move calmmind\n>p2 move doubleedge\n>chat \u2606Infinityn't|Crazy\n>p1 switch 3\n>p2 move doubleedge\n>p1 move bitterblade\n>p2 move knockoff\n>chat \u2606Nexonavitan|jeez\n>chat \u2606Infinityn't|Oof\n>p1 switch 4\n>chat \u2606Infinityn't|Leafeon crazy in randoms\n>chat \u2606Nexonavitan|yh\n>p1 move dragondance\n>p2 move knockoff\n>p1 move suckerpunch\n>p2 move doubleedge\n>chat \u2606Infinityn't|Oof\n>p1 switch 3\n>p2 switch 2\n>chat \u2606Nexonavitan|atleast that thing died\n>p1 move substitute\n>p2 move quiverdance\n>p1 move calmmind\n>p2 move bugbuzz\n>chat \u2606Infinityn't|:clueless:\n>chat \u2606Nexonavitan|:astonished:\n>p1 switch 5\n>p1 move earthquake\n>p2 move fierydance\n>p1 move earthquake\n>p2 move fierydance\n>p1 switch 6\n>chat \u2606Infinityn't|Welp\n>chat \u2606Infinityn't|Gg\n>p1 move calmmind\n>p2 move fierydance\n>chat \u2606Nexonavitan|lets do one more!!!!\n>chat \u2606Infinityn't|Sure\n>p1 move recover terastallize\n>p2 move fierydance", "uploadtime": 1733844671, "views": 2, "formatid": "gen9randombattle", "rating": null, "private": 0, "password": null}