{"id": "gen9randombattle-2260449806", "format": "[Gen 9] Random Battle", "players": ["perlin1111", "Potaboiz"], "log": "|j|\u2606perlin1111\n|j|\u2606Potaboiz\n|t:|1733852742\n|gametype|singles\n|player|p1|perlin1111|pokefan-gen4|1176\n|player|p2|Potaboiz|hiker-gen4|1176\n|teamsize|p1|6\n|teamsize|p2|6\n|gen|9\n|tier|[Gen 9] Random Battle\n|rated|\n|rule|Species Clause: Limit one of each Pok\u00e9mon\n|rule|HP Percentage Mod: HP is shown in percentages\n|rule|Sleep Clause Mod: Limit one foe put to sleep\n|rule|Illusion Level Mod: Illusion disguises the Pok\u00e9mon's true level\n|\n|t:|1733852742\n|start\n|switch|p1a: Qwilfish|Qwilfish, L86, M|252/252\n|switch|p2a: Dragapult|Dragapult, L77, M|262/262\n|-ability|p1a: Qwilfish|Intimidate|boost\n|-unboost|p2a: Dragapult|atk|1\n|turn|1\n|inactive|Battle timer is ON: inactive players will automatically lose when time's up. (requested by perlin1111)\n|\n|t:|1733852755\n|move|p2a: Dragapult|Thunderbolt|p1a: Qwilfish\n|-supereffective|p1a: Qwilfish\n|-damage|p1a: Qwilfish|30/252\n|move|p1a: Qwilfish|Toxic Spikes|p2a: Dragapult\n|-sidestart|p2: Potaboiz|move: Toxic Spikes\n|\n|-heal|p1a: Qwilfish|45/252|[from] item: Leftovers\n|upkeep\n|turn|2\n|\n|t:|1733852765\n|move|p2a: Dragapult|Thunderbolt|p1a: Qwilfish\n|-supereffective|p1a: Qwilfish\n|-crit|p1a: Qwilfish\n|-damage|p1a: Qwilfish|0 fnt\n|faint|p1a: Qwilfish\n|\n|upkeep\n|\n|t:|1733852784\n|switch|p1a: Spectrier|Spectrier, L75|274/274\n|turn|3\n|\n|t:|1733852797\n|switch|p2a: Toucannon|Toucannon, L88, M|284/284\n|-terastallize|p1a: Spectrier|Fairy\n|move|p1a: Spectrier|Nasty Plot|p1a: Spectrier\n|-boost|p1a: Spectrier|spa|2\n|\n|upkeep\n|turn|4\n|\n|t:|1733852820\n|-terastallize|p2a: Toucannon|Steel\n|move|p1a: Spectrier|Substitute|p1a: Spectrier\n|-start|p1a: Spectrier|Substitute\n|-damage|p1a: Spectrier|206/274\n|move|p2a: Toucannon|Knock Off|p1a: Spectrier\n|-resisted|p1a: Spectrier\n|-end|p1a: Spectrier|Substitute\n|\n|-heal|p1a: Spectrier|223/274|[from] item: Leftovers\n|upkeep\n|turn|5\n|\n|t:|1733852839\n|move|p1a: Spectrier|Shadow Ball|p2a: Toucannon\n|-damage|p2a: Toucannon|62/284\n|move|p2a: Toucannon|Knock Off|p1a: Spectrier\n|-resisted|p1a: Spectrier\n|-damage|p1a: Spectrier|159/274\n|-enditem|p1a: Spectrier|Leftovers|[from] move: Knock Off|[of] p2a: Toucannon\n|\n|upkeep\n|turn|6\n|inactive|Potaboiz has 120 seconds left.\n|\n|t:|1733852870\n|move|p1a: Spectrier|Shadow Ball|p2a: Toucannon\n|-damage|p2a: Toucannon|0 fnt\n|faint|p2a: Toucannon\n|-ability|p1a: Spectrier|Grim Neigh|boost\n|-boost|p1a: Spectrier|spa|1\n|\n|upkeep\n|c|\u2606perlin1111|Go\n|\n|t:|1733852882\n|switch|p2a: Dragapult|Dragapult, L77, M|262/262\n|-status|p2a: Dragapult|psn\n|turn|7\n|\n|t:|1733852894\n|move|p2a: Dragapult|Shadow Ball|p1a: Spectrier\n|-damage|p1a: Spectrier|27/274\n|move|p1a: Spectrier|Substitute|p1a: Spectrier\n|-fail|p1a: Spectrier|move: Substitute|[weak]\n|\n|-damage|p2a: Dragapult|230/262 psn|[from] psn\n|upkeep\n|turn|8\n|\n|t:|1733852903\n|move|p2a: Dragapult|Shadow Ball|p1a: Spectrier\n|-damage|p1a: Spectrier|0 fnt\n|faint|p1a: Spectrier\n|\n|-damage|p2a: Dragapult|198/262 psn|[from] psn\n|upkeep\n|\n|t:|1733852914\n|switch|p1a: Grimmsnarl|Grimmsnarl, L83, M|293/293\n|turn|9\n|inactive|Potaboiz has 120 seconds left.\n|\n|t:|1733852922\n|switch|p2a: Lucario|Lucario, L84, M|255/255\n|move|p1a: Grimmsnarl|Thunder Wave|p2a: Lucario\n|-status|p2a: Lucario|par\n|\n|upkeep\n|turn|10\n|inactive|Potaboiz has 120 seconds left.\n|\n|t:|1733852939\n|move|p1a: Grimmsnarl|Spirit Break|p2a: Lucario\n|-damage|p2a: Lucario|141/255 par\n|-unboost|p2a: Lucario|spa|1\n|move|p2a: Lucario|Meteor Mash|p1a: Grimmsnarl\n|-supereffective|p1a: Grimmsnarl\n|-damage|p1a: Grimmsnarl|0 fnt\n|faint|p1a: Grimmsnarl\n|\n|upkeep\n|\n|t:|1733852952\n|switch|p1a: Sceptile|Sceptile, L87, F|264/264\n|turn|11\n|\n|t:|1733852959\n|switch|p2a: Ogerpon|Ogerpon-Hearthflame, L74, F|239/239\n|-status|p2a: Ogerpon|psn\n|-ability|p2a: Ogerpon|Mold Breaker\n|move|p1a: Sceptile|Earthquake|p2a: Ogerpon\n|-damage|p2a: Ogerpon|134/239 psn\n|-damage|p1a: Sceptile|238/264|[from] item: Life Orb\n|\n|-damage|p2a: Ogerpon|105/239 psn|[from] psn\n|upkeep\n|turn|12\n|inactive|Potaboiz has 120 seconds left.\n|\n|t:|1733852984\n|move|p1a: Sceptile|Focus Blast|p2a: Ogerpon\n|-damage|p2a: Ogerpon|0 fnt\n|faint|p2a: Ogerpon\n|-damage|p1a: Sceptile|212/264|[from] item: Life Orb\n|\n|upkeep\n|\n|t:|1733852995\n|switch|p2a: Dragapult|Dragapult, L77, M|198/262 psn\n|turn|13\n|\n|t:|1733853009\n|move|p2a: Dragapult|Fire Blast|p1a: Sceptile|[miss]\n|-miss|p2a: Dragapult|p1a: Sceptile\n|move|p1a: Sceptile|Earthquake|p2a: Dragapult\n|-damage|p2a: Dragapult|97/262 psn\n|-damage|p1a: Sceptile|186/264|[from] item: Life Orb\n|\n|-damage|p2a: Dragapult|65/262 psn|[from] psn\n|upkeep\n|turn|14\n|\n|t:|1733853022\n|move|p2a: Dragapult|Fire Blast|p1a: Sceptile\n|-supereffective|p1a: Sceptile\n|-damage|p1a: Sceptile|2/264\n|move|p1a: Sceptile|Giga Drain|p2a: Dragapult\n|-resisted|p2a: Dragapult\n|-damage|p2a: Dragapult|0 fnt\n|-heal|p1a: Sceptile|35/264|[from] drain|[of] p2a: Dragapult\n|faint|p2a: Dragapult\n|-damage|p1a: Sceptile|9/264|[from] item: Life Orb\n|\n|upkeep\n|\n|t:|1733853038\n|switch|p2a: Lucario|Lucario, L84, M|141/255 par\n|turn|15\n|\n|t:|1733853043\n|move|p2a: Lucario|Extreme Speed|p1a: Sceptile\n|-damage|p1a: Sceptile|0 fnt\n|faint|p1a: Sceptile\n|\n|upkeep\n|\n|t:|1733853051\n|switch|p1a: Bruxish|Bruxish, L85, M|254/254\n|turn|16\n|\n|t:|1733853056\n|move|p2a: Lucario|Extreme Speed|p1a: Bruxish\n|-damage|p1a: Bruxish|148/254\n|move|p1a: Bruxish|Swords Dance|p1a: Bruxish\n|-boost|p1a: Bruxish|atk|2\n|\n|upkeep\n|turn|17\n|\n|t:|1733853064\n|move|p2a: Lucario|Extreme Speed|p1a: Bruxish\n|-damage|p1a: Bruxish|41/254\n|move|p1a: Bruxish|Psychic Fangs|p2a: Lucario\n|-damage|p2a: Lucario|0 fnt\n|faint|p2a: Lucario\n|-damage|p1a: Bruxish|16/254|[from] item: Life Orb\n|\n|upkeep\n|inactive|Potaboiz has 120 seconds left.\n|\n|t:|1733853081\n|switch|p2a: Clawitzer|Clawitzer, L87, F|265/265\n|-status|p2a: Clawitzer|psn\n|turn|18\n|inactive|Potaboiz has 120 seconds left.\n|\n|t:|1733853094\n|move|p1a: Bruxish|Psychic Fangs|p2a: Clawitzer\n|-damage|p2a: Clawitzer|0 fnt\n|faint|p2a: Clawitzer\n|-damage|p1a: Bruxish|0 fnt|[from] item: Life Orb\n|faint|p1a: Bruxish\n|\n|upkeep\n|\n|t:|1733853102\n|switch|p1a: Forretress|Forretress, L84, F|263/263\n|switch|p2a: Quaquaval|Quaquaval, L79, F|264/264\n|-status|p2a: Quaquaval|psn\n|turn|19\n|\n|t:|1733853116\n|move|p2a: Quaquaval|Swords Dance|p2a: Quaquaval\n|-boost|p2a: Quaquaval|atk|2\n|move|p1a: Forretress|Volt Switch|p2a: Quaquaval\n|-supereffective|p2a: Quaquaval\n|-damage|p2a: Quaquaval|178/264 psn\n|\n|-damage|p2a: Quaquaval|145/264 psn|[from] psn\n|upkeep\n|turn|20\n|inactive|Potaboiz has 120 seconds left.\n|\n|t:|1733853136\n|move|p2a: Quaquaval|Swords Dance|p2a: Quaquaval\n|-boost|p2a: Quaquaval|atk|2\n|move|p1a: Forretress|Volt Switch|p2a: Quaquaval\n|-supereffective|p2a: Quaquaval\n|-damage|p2a: Quaquaval|61/264 psn\n|\n|-damage|p2a: Quaquaval|28/264 psn|[from] psn\n|upkeep\n|turn|21\n|inactive|Potaboiz has 120 seconds left.\n|\n|t:|1733853145\n|move|p2a: Quaquaval|Close Combat|p1a: Forretress\n|-ability|p1a: Forretress|Sturdy\n|-damage|p1a: Forretress|1/263\n|-unboost|p2a: Quaquaval|def|1\n|-unboost|p2a: Quaquaval|spd|1\n|-damage|p2a: Quaquaval|2/264 psn|[from] item: Life Orb\n|move|p1a: Forretress|Volt Switch|p2a: Quaquaval\n|-supereffective|p2a: Quaquaval\n|-damage|p2a: Quaquaval|0 fnt\n|faint|p2a: Quaquaval\n|\n|win|perlin1111\n|raw|perlin1111's rating: 1176 &rarr; <strong>1201</strong><br />(+25 for winning)\n|raw|Potaboiz's rating: 1176 &rarr; <strong>1151</strong><br />(-25 for losing)\n|l|\u2606Potaboiz\n|player|p2|\n|c|\u2606perlin1111|OMG\n", "inputlog": ">version bfd83cad13791eb5a5a409923076391caf6fb4d4\n>start {\"formatid\":\"gen9randombattle\",\"seed\":[12302,15179,52494,17801],\"rated\":\"Rated battle\"}\n>player p1 {\"name\":\"perlin1111\",\"avatar\":\"pokefan-gen4\",\"rating\":1176,\"seed\":[16884,59520,42034,48320]}\n>player p2 {\"name\":\"Potaboiz\",\"avatar\":\"hiker-gen4\",\"rating\":1176,\"seed\":[56191,57275,54491,10237]}\n>p1 move toxicspikes\n>p2 move thunderbolt\n>p1 move gunkshot\n>p2 move thunderbolt\n>p1 switch 5\n>p1 move nastyplot terastallize\n>p2 switch 2\n>p1 move substitute\n>p2 move knockoff terastallize\n>p1 move shadowball\n>p2 move knockoff\n>p1 move shadowball\n>p2 move boomburst\n>chat \u2606perlin1111|Go\n>p2 switch 2\n>p1 move substitute\n>p2 move shadowball\n>p1 move drainingkiss\n>p2 move shadowball\n>p1 switch 6\n>p1 move thunderwave\n>p2 switch 4\n>p1 move spiritbreak\n>p2 move meteormash\n>p1 switch 3\n>p1 move earthquake\n>p2 switch 5\n>p1 move focusblast\n>p2 move ivycudgel\n>p2 switch 4\n>p1 move earthquake\n>p2 move fireblast\n>p1 move gigadrain\n>p2 move fireblast\n>p2 switch 5\n>p1 move focusblast\n>p2 move extremespeed\n>p1 switch 2\n>p1 move swordsdance\n>p2 move extremespeed\n>p1 move psychicfangs\n>p2 move extremespeed\n>p2 switch 6\n>p1 move psychicfangs\n>p2 move darkpulse\n>p1 switch 4\n>p2 switch 3\n>p1 move voltswitch\n>p2 move swordsdance\n>p1 move voltswitch\n>p2 move swordsdance\n>p1 move voltswitch\n>p2 move closecombat", "uploadtime": 1733853176, "views": 1, "formatid": "gen9randombattle", "rating": 1151, "private": 0, "password": null}