{"id": "gen9randombattle-2202364174", "format": "[Gen 9] Random Battle", "players": ["rblt tb", "RBLT Buhrito"], "log": "|badge|p1|bronze|gen9randombattle|100-2\n|uhtml|medal-msg|<div class=\"broadcast-blue\">Curious what those medals under the avatar are? PS now has Ladder Seasons! For more information, check out the <a href=\"https://www.smogon.com/forums/threads/3740067/\">thread on Smogon.</a></div>\n|badge|p2|bronze|gen9randombattle|100-2\n|uhtml|medal-msg|<div class=\"broadcast-blue\">Curious what those medals under the avatar are? PS now has Ladder Seasons! For more information, check out the <a href=\"https://www.smogon.com/forums/threads/3740067/\">thread on Smogon.</a></div>\n|raw|<div class=\"broadcast-blue\"><strong>This battle is required to be public due to a player having a name starting with 'rblt'.</div>\n|j|\u2606rblt tb\n|j|\u2606RBLT Buhrito\n|t:|1726433561\n|gametype|singles\n|player|p1|rblt tb|1|2343\n|player|p2|RBLT Buhrito|#rbtt7teamchiyuf|2421\n|teamsize|p1|6\n|teamsize|p2|6\n|gen|9\n|tier|[Gen 9] Random Battle\n|rated|\n|rule|Species Clause: Limit one of each Pok\u00e9mon\n|rule|HP Percentage Mod: HP is shown in percentages\n|rule|Sleep Clause Mod: Limit one foe put to sleep\n|rule|Illusion Level Mod: Illusion disguises the Pok\u00e9mon's true level\n|\n|t:|1726433561\n|start\n|switch|p1a: Hippowdon|Hippowdon, L82, M|311/311\n|switch|p2a: Archaludon|Archaludon, L78, F|268/268\n|-weather|Sandstorm|[from] ability: Sand Stream|[of] p1a: Hippowdon\n|turn|1\n|inactive|Battle timer is ON: inactive players will automatically lose when time's up. (requested by rblt tb)\n|\n|t:|1726433582\n|switch|p2a: Palossand|Palossand, L89, M|296/296\n|move|p1a: Hippowdon|Earthquake|p2a: Palossand\n|-damage|p2a: Palossand|208/296\n|\n|-weather|Sandstorm|[upkeep]\n|-heal|p2a: Palossand|226/296|[from] item: Leftovers\n|upkeep\n|turn|2\n|\n|t:|1726433592\n|switch|p1a: Vileplume|Vileplume, L86, M|269/269\n|move|p2a: Palossand|Sludge Bomb|p1a: Vileplume\n|-damage|p1a: Vileplume|197/269\n|\n|-weather|Sandstorm|[upkeep]\n|-damage|p1a: Vileplume|181/269|[from] Sandstorm\n|-heal|p1a: Vileplume|197/269|[from] item: Leftovers\n|-heal|p2a: Palossand|244/296|[from] item: Leftovers\n|upkeep\n|turn|3\n|\n|t:|1726433607\n|switch|p2a: Archaludon|Archaludon, L78, F|268/268\n|move|p1a: Vileplume|Sleep Powder|p2a: Archaludon|[miss]\n|-miss|p1a: Vileplume|p2a: Archaludon\n|\n|-weather|Sandstorm|[upkeep]\n|-damage|p1a: Vileplume|181/269|[from] Sandstorm\n|-heal|p1a: Vileplume|197/269|[from] item: Leftovers\n|upkeep\n|turn|4\n|\n|t:|1726433613\n|move|p2a: Archaludon|Draco Meteor|p1a: Vileplume\n|-damage|p1a: Vileplume|56/269\n|-unboost|p2a: Archaludon|spa|2\n|move|p1a: Vileplume|Strength Sap|p2a: Archaludon\n|-unboost|p2a: Archaludon|atk|1\n|-heal|p1a: Vileplume|224/269\n|\n|-weather|Sandstorm|[upkeep]\n|-damage|p1a: Vileplume|208/269|[from] Sandstorm\n|-heal|p1a: Vileplume|224/269|[from] item: Leftovers\n|upkeep\n|turn|5\n|\n|t:|1726433616\n|move|p2a: Archaludon|Thunder Wave|p1a: Vileplume\n|-status|p1a: Vileplume|par\n|move|p1a: Vileplume|Sleep Powder|p2a: Archaludon\n|-status|p2a: Archaludon|slp|[from] move: Sleep Powder\n|\n|-weather|none\n|-heal|p1a: Vileplume|240/269 par|[from] item: Leftovers\n|upkeep\n|turn|6\n|\n|t:|1726433623\n|switch|p1a: Heatran|Heatran, L79, F|273/273\n|-item|p1a: Heatran|Air Balloon\n|cant|p2a: Archaludon|slp\n|\n|upkeep\n|turn|7\n|\n|t:|1726433635\n|switch|p2a: Snorlax|Snorlax, L82, F|397/397\n|move|p1a: Heatran|Stealth Rock|p2a: Snorlax\n|-sidestart|p2: RBLT Buhrito|move: Stealth Rock\n|\n|upkeep\n|turn|8\n|\n|t:|1726433642\n|switch|p1a: Vigoroth|Vigoroth, L85, M|275/275\n|move|p2a: Snorlax|Body Slam|p1a: Vigoroth\n|-damage|p1a: Vigoroth|208/275\n|\n|upkeep\n|turn|9\n|j| RBLT Ilex\n|\n|t:|1726433653\n|switch|p2a: Arbok|Arbok, L87, F|246/246\n|-damage|p2a: Arbok|216/246|[from] Stealth Rock\n|-ability|p2a: Arbok|Intimidate|boost\n|-unboost|p1a: Vigoroth|atk|1\n|move|p1a: Vigoroth|Bulk Up|p1a: Vigoroth\n|-boost|p1a: Vigoroth|atk|1\n|-boost|p1a: Vigoroth|def|1\n|\n|-heal|p2a: Arbok|231/246|[from] item: Leftovers\n|upkeep\n|turn|10\n|\n|t:|1726433658\n|move|p1a: Vigoroth|Bulk Up|p1a: Vigoroth\n|-boost|p1a: Vigoroth|atk|1\n|-boost|p1a: Vigoroth|def|1\n|move|p2a: Arbok|Coil|p2a: Arbok\n|-boost|p2a: Arbok|atk|1\n|-boost|p2a: Arbok|def|1\n|-boost|p2a: Arbok|accuracy|1\n|\n|-heal|p2a: Arbok|246/246|[from] item: Leftovers\n|upkeep\n|turn|11\n|\n|t:|1726433661\n|move|p1a: Vigoroth|Knock Off|p2a: Arbok\n|-damage|p2a: Arbok|180/246\n|-enditem|p2a: Arbok|Leftovers|[from] move: Knock Off|[of] p1a: Vigoroth\n|move|p2a: Arbok|Trailblaze|p1a: Vigoroth\n|-damage|p1a: Vigoroth|188/275\n|-boost|p2a: Arbok|spe|1\n|\n|upkeep\n|turn|12\n|\n|t:|1726433668\n|move|p2a: Arbok|Coil|p2a: Arbok\n|-boost|p2a: Arbok|atk|1\n|-boost|p2a: Arbok|def|1\n|-boost|p2a: Arbok|accuracy|1\n|move|p1a: Vigoroth|Body Slam|p2a: Arbok\n|-crit|p2a: Arbok\n|-damage|p2a: Arbok|0 fnt\n|faint|p2a: Arbok\n|\n|upkeep\n|c|\u2606RBLT Buhrito|that is bad.\n|j| nelsoNJ\n|inactive|RBLT Buhrito has 120 seconds left.\n|c|\u2606rblt tb|i guess it isnt that bad\n|c|\u2606rblt tb|imo\n|\n|t:|1726433708\n|switch|p2a: Archaludon|Archaludon, L78, F|268/268 slp\n|-damage|p2a: Archaludon|252/268 slp|[from] Stealth Rock\n|turn|13\n|c|\u2606rblt tb|In fact\n|l| RBLT Ilex\n|\n|t:|1726433718\n|move|p1a: Vigoroth|Knock Off|p2a: Archaludon\n|-damage|p2a: Archaludon|172/268 slp\n|-ability|p2a: Archaludon|Stamina|boost\n|-boost|p2a: Archaludon|def|1\n|-enditem|p2a: Archaludon|Leftovers|[from] move: Knock Off|[of] p1a: Vigoroth\n|cant|p2a: Archaludon|slp\n|\n|upkeep\n|turn|14\n|\n|t:|1726433724\n|switch|p1a: Hippowdon|Hippowdon, L82, M|311/311\n|-weather|Sandstorm|[from] ability: Sand Stream|[of] p1a: Hippowdon\n|-curestatus|p2a: Archaludon|slp|[msg]\n|move|p2a: Archaludon|Thunder Wave|p1a: Hippowdon\n|-immune|p1a: Hippowdon\n|\n|-weather|Sandstorm|[upkeep]\n|upkeep\n|turn|15\n|\n|t:|1726433728\n|switch|p2a: Palossand|Palossand, L89, M|244/296\n|-damage|p2a: Palossand|226/296|[from] Stealth Rock\n|move|p1a: Hippowdon|Earthquake|p2a: Palossand\n|-damage|p2a: Palossand|141/296\n|\n|-weather|Sandstorm|[upkeep]\n|-heal|p2a: Palossand|159/296|[from] item: Leftovers\n|upkeep\n|turn|16\n|\n|t:|1726433732\n|switch|p1a: Vileplume|Vileplume, L86, M|240/269 par\n|move|p2a: Palossand|Shadow Ball|p1a: Vileplume\n|-damage|p1a: Vileplume|152/269 par\n|\n|-weather|Sandstorm|[upkeep]\n|-damage|p1a: Vileplume|136/269 par|[from] Sandstorm\n|-heal|p2a: Palossand|177/296|[from] item: Leftovers\n|-heal|p1a: Vileplume|152/269 par|[from] item: Leftovers\n|upkeep\n|turn|17\n|\n|t:|1726433738\n|switch|p2a: Snorlax|Snorlax, L82, F|397/397\n|-damage|p2a: Snorlax|348/397|[from] Stealth Rock\n|move|p1a: Vileplume|Giga Drain|p2a: Snorlax\n|-damage|p2a: Snorlax|263/397\n|-heal|p1a: Vileplume|195/269 par|[from] drain|[of] p2a: Snorlax\n|\n|-weather|Sandstorm|[upkeep]\n|-damage|p2a: Snorlax|239/397|[from] Sandstorm\n|-damage|p1a: Vileplume|179/269 par|[from] Sandstorm\n|-heal|p2a: Snorlax|263/397|[from] item: Leftovers\n|-heal|p1a: Vileplume|195/269 par|[from] item: Leftovers\n|upkeep\n|turn|18\n|\n|t:|1726433743\n|move|p2a: Snorlax|Curse|p2a: Snorlax\n|-unboost|p2a: Snorlax|spe|1\n|-boost|p2a: Snorlax|atk|1\n|-boost|p2a: Snorlax|def|1\n|move|p1a: Vileplume|Strength Sap|p2a: Snorlax\n|-unboost|p2a: Snorlax|atk|1\n|-heal|p1a: Vileplume|269/269 par\n|\n|-weather|none\n|-heal|p2a: Snorlax|287/397|[from] item: Leftovers\n|upkeep\n|turn|19\n|\n|t:|1726433745\n|move|p1a: Vileplume|Sleep Powder|p2a: Snorlax\n|-status|p2a: Snorlax|slp|[from] move: Sleep Powder\n|cant|p2a: Snorlax|slp\n|\n|-heal|p2a: Snorlax|311/397 slp|[from] item: Leftovers\n|upkeep\n|turn|20\n|\n|t:|1726433751\n|switch|p1a: Vigoroth|Vigoroth, L85, M|188/275\n|cant|p2a: Snorlax|slp\n|move|p2a: Snorlax|Sleep Talk|p2a: Snorlax\n|move|p2a: Snorlax|Curse|p2a: Snorlax|[from]move: Sleep Talk\n|-unboost|p2a: Snorlax|spe|1\n|-boost|p2a: Snorlax|atk|1\n|-boost|p2a: Snorlax|def|1\n|\n|-heal|p2a: Snorlax|335/397 slp|[from] item: Leftovers\n|upkeep\n|turn|21\n|\n|t:|1726433762\n|move|p1a: Vigoroth|Knock Off|p2a: Snorlax\n|-damage|p2a: Snorlax|295/397 slp\n|-enditem|p2a: Snorlax|Leftovers|[from] move: Knock Off|[of] p1a: Vigoroth\n|-curestatus|p2a: Snorlax|slp|[msg]\n|move|p2a: Snorlax|Body Slam|p1a: Vigoroth\n|-damage|p1a: Vigoroth|95/275\n|\n|upkeep\n|turn|22\n|\n|t:|1726433766\n|-terastallize|p1a: Vigoroth|Ghost\n|move|p1a: Vigoroth|Slack Off|p1a: Vigoroth\n|-heal|p1a: Vigoroth|233/275\n|move|p2a: Snorlax|Curse|p2a: Snorlax\n|-unboost|p2a: Snorlax|spe|1\n|-boost|p2a: Snorlax|atk|1\n|-boost|p2a: Snorlax|def|1\n|\n|upkeep\n|turn|23\n|\n|t:|1726433786\n|switch|p2a: Minun|Minun, L95, M|268/268\n|-damage|p2a: Minun|235/268|[from] Stealth Rock\n|move|p1a: Vigoroth|Knock Off|p2a: Minun\n|-damage|p2a: Minun|153/268\n|-enditem|p2a: Minun|Life Orb|[from] move: Knock Off|[of] p1a: Vigoroth\n|\n|upkeep\n|turn|24\n|\n|t:|1726433793\n|switch|p1a: Vileplume|Vileplume, L86, M|269/269 par\n|move|p2a: Minun|Nasty Plot|p2a: Minun\n|-boost|p2a: Minun|spa|2\n|\n|upkeep\n|turn|25\n|\n|t:|1726433805\n|switch|p2a: Archaludon|Archaludon, L78, F|172/268\n|-damage|p2a: Archaludon|156/268|[from] Stealth Rock\n|cant|p1a: Vileplume|par\n|\n|upkeep\n|turn|26\n|c|\u2606rblt tb|To be fair I just started gen 9\u2026\n|\n|t:|1726433818\n|move|p2a: Archaludon|Draco Meteor|p1a: Vileplume\n|-damage|p1a: Vileplume|128/269 par\n|-unboost|p2a: Archaludon|spa|2\n|cant|p1a: Vileplume|par\n|\n|-heal|p1a: Vileplume|144/269 par|[from] item: Leftovers\n|upkeep\n|turn|27\n|\n|t:|1726433825\n|move|p2a: Archaludon|Draco Meteor|p1a: Vileplume\n|-damage|p1a: Vileplume|72/269 par\n|-unboost|p2a: Archaludon|spa|2\n|move|p1a: Vileplume|Strength Sap|p2a: Archaludon\n|-unboost|p2a: Archaludon|atk|1\n|-heal|p1a: Vileplume|240/269 par\n|\n|-heal|p1a: Vileplume|256/269 par|[from] item: Leftovers\n|upkeep\n|turn|28\n|\n|t:|1726433828\n|move|p2a: Archaludon|Draco Meteor|p1a: Vileplume|[miss]\n|-miss|p2a: Archaludon|p1a: Vileplume\n|move|p1a: Vileplume|Sleep Powder|p2a: Archaludon\n|-status|p2a: Archaludon|slp|[from] move: Sleep Powder\n|\n|-heal|p1a: Vileplume|269/269 par|[from] item: Leftovers\n|upkeep\n|turn|29\n|\n|t:|1726433843\n|switch|p2a: Snorlax|Snorlax, L82, F|295/397\n|-damage|p2a: Snorlax|246/397|[from] Stealth Rock\n|switch|p1a: Heatran|Heatran, L79, F|273/273\n|-item|p1a: Heatran|Air Balloon\n|\n|upkeep\n|turn|30\n|\n|t:|1726433849\n|switch|p1a: Vigoroth|Vigoroth, L85, M, tera:Ghost|233/275\n|switch|p2a: Palossand|Palossand, L89, M|177/296\n|-damage|p2a: Palossand|159/296|[from] Stealth Rock\n|\n|-heal|p2a: Palossand|177/296|[from] item: Leftovers\n|upkeep\n|turn|31\n|\n|t:|1726433853\n|switch|p1a: Vileplume|Vileplume, L86, M|269/269 par\n|move|p2a: Palossand|Shadow Ball|p1a: Vileplume\n|-damage|p1a: Vileplume|172/269 par\n|\n|-heal|p2a: Palossand|195/296|[from] item: Leftovers\n|-heal|p1a: Vileplume|188/269 par|[from] item: Leftovers\n|upkeep\n|turn|32\n|\n|t:|1726433863\n|switch|p2a: Archaludon|Archaludon, L78, F|156/268 slp\n|-damage|p2a: Archaludon|140/268 slp|[from] Stealth Rock\n|move|p1a: Vileplume|Giga Drain|p2a: Archaludon\n|-resisted|p2a: Archaludon\n|-damage|p2a: Archaludon|110/268 slp\n|-heal|p1a: Vileplume|203/269 par|[from] drain|[of] p2a: Archaludon\n|-ability|p2a: Archaludon|Stamina|boost\n|-boost|p2a: Archaludon|def|1\n|\n|-heal|p1a: Vileplume|219/269 par|[from] item: Leftovers\n|upkeep\n|turn|33\n|\n|t:|1726433875\n|switch|p1a: Heatran|Heatran, L79, F|273/273\n|-item|p1a: Heatran|Air Balloon\n|cant|p2a: Archaludon|slp\n|\n|upkeep\n|turn|34\n|\n|t:|1726433880\n|cant|p2a: Archaludon|slp\n|move|p1a: Heatran|Earth Power|p2a: Archaludon\n|-supereffective|p2a: Archaludon\n|-damage|p2a: Archaludon|0 fnt\n|faint|p2a: Archaludon\n|\n|upkeep\n|\n|t:|1726433884\n|switch|p2a: Palossand|Palossand, L89, M|195/296\n|-damage|p2a: Palossand|177/296|[from] Stealth Rock\n|turn|35\n|\n|t:|1726433891\n|move|p1a: Heatran|Magma Storm|p2a: Palossand\n|-crit|p2a: Palossand\n|-damage|p2a: Palossand|0 fnt\n|faint|p2a: Palossand\n|\n|upkeep\n|\n|t:|1726433902\n|switch|p2a: Gogoat|Gogoat, L88, M|360/360\n|-damage|p2a: Gogoat|315/360|[from] Stealth Rock\n|turn|36\n|\n|t:|1726433910\n|-terastallize|p2a: Gogoat|Water\n|move|p2a: Gogoat|Bulk Up|p2a: Gogoat\n|-boost|p2a: Gogoat|atk|1\n|-boost|p2a: Gogoat|def|1\n|move|p1a: Heatran|Magma Storm|p2a: Gogoat\n|-resisted|p2a: Gogoat\n|-damage|p2a: Gogoat|255/360\n|-activate|p2a: Gogoat|move: Magma Storm|[of] p1a: Heatran\n|\n|-heal|p2a: Gogoat|277/360|[from] item: Leftovers\n|-damage|p2a: Gogoat|232/360|[from] move: Magma Storm|[partiallytrapped]\n|upkeep\n|turn|37\n|\n|t:|1726433920\n|switch|p1a: Vileplume|Vileplume, L86, M|219/269 par\n|move|p2a: Gogoat|Bulk Up|p2a: Gogoat\n|-boost|p2a: Gogoat|atk|1\n|-boost|p2a: Gogoat|def|1\n|\n|-heal|p2a: Gogoat|254/360|[from] item: Leftovers\n|-heal|p1a: Vileplume|235/269 par|[from] item: Leftovers\n|-end|p2a: Gogoat|Magma Storm|[partiallytrapped]|[silent]\n|upkeep\n|turn|38\n|\n|t:|1726433924\n|move|p2a: Gogoat|Earthquake|p1a: Vileplume\n|-damage|p1a: Vileplume|78/269 par\n|move|p1a: Vileplume|Sludge Bomb|p2a: Gogoat\n|-damage|p2a: Gogoat|145/360\n|\n|-heal|p2a: Gogoat|167/360|[from] item: Leftovers\n|-heal|p1a: Vileplume|94/269 par|[from] item: Leftovers\n|upkeep\n|turn|39\n|\n|t:|1726433929\n|move|p2a: Gogoat|Earthquake|p1a: Vileplume\n|-damage|p1a: Vileplume|0 fnt\n|faint|p1a: Vileplume\n|\n|-heal|p2a: Gogoat|189/360|[from] item: Leftovers\n|upkeep\n|\n|t:|1726433935\n|switch|p1a: Volcarona|Volcarona, L77, F|257/257\n|turn|40\n|\n|t:|1726433942\n|move|p1a: Volcarona|Bug Buzz|p2a: Gogoat\n|-damage|p2a: Gogoat|84/360\n|move|p2a: Gogoat|Horn Leech|p1a: Volcarona\n|-resisted|p1a: Volcarona\n|-crit|p1a: Volcarona\n|-damage|p1a: Volcarona|167/257\n|-heal|p2a: Gogoat|129/360|[from] drain|[of] p1a: Volcarona\n|-status|p2a: Gogoat|brn|[from] ability: Flame Body|[of] p1a: Volcarona\n|\n|-heal|p2a: Gogoat|151/360 brn|[from] item: Leftovers\n|-damage|p2a: Gogoat|129/360 brn|[from] brn\n|upkeep\n|turn|41\n|c|\u2606RBLT Buhrito|fk\n|\n|t:|1726433955\n|move|p1a: Volcarona|Quiver Dance|p1a: Volcarona\n|-boost|p1a: Volcarona|spa|1\n|-boost|p1a: Volcarona|spd|1\n|-boost|p1a: Volcarona|spe|1\n|move|p2a: Gogoat|Milk Drink|p2a: Gogoat\n|-heal|p2a: Gogoat|309/360 brn\n|\n|-heal|p2a: Gogoat|331/360 brn|[from] item: Leftovers\n|-damage|p2a: Gogoat|309/360 brn|[from] brn\n|upkeep\n|turn|42\n|c|\u2606rblt tb|??!\n|c|\u2606rblt tb|Why would u do hl\n|\n|t:|1726433969\n|move|p1a: Volcarona|Bug Buzz|p2a: Gogoat\n|-damage|p2a: Gogoat|138/360 brn\n|move|p2a: Gogoat|Earthquake|p1a: Volcarona\n|-damage|p1a: Volcarona|56/257\n|\n|-heal|p2a: Gogoat|160/360 brn|[from] item: Leftovers\n|-damage|p2a: Gogoat|138/360 brn|[from] brn\n|upkeep\n|turn|43\n|c|\u2606RBLT Buhrito|u know\n|c|\u2606RBLT Buhrito|good question\n|c|\u2606rblt tb|I guess I know\n|\n|t:|1726433985\n|switch|p2a: Minun|Minun, L95, M|153/268\n|-damage|p2a: Minun|120/268|[from] Stealth Rock\n|move|p1a: Volcarona|Bug Buzz|p2a: Minun\n|-damage|p2a: Minun|0 fnt\n|faint|p2a: Minun\n|\n|upkeep\n|\n|t:|1726433987\n|switch|p2a: Snorlax|Snorlax, L82, F|246/397\n|-damage|p2a: Snorlax|197/397|[from] Stealth Rock\n|turn|44\n|\n|t:|1726433998\n|switch|p1a: Seviper|Seviper, L93, F|287/287\n|move|p2a: Snorlax|Body Slam|p1a: Seviper\n|-damage|p1a: Seviper|164/287\n|-status|p1a: Seviper|par\n|\n|-heal|p1a: Seviper|181/287 par|[from] item: Leftovers\n|upkeep\n|turn|45\n|\n|t:|1726434003\n|switch|p2a: Gogoat|Gogoat, L88, M, tera:Water|138/360 brn\n|-damage|p2a: Gogoat|93/360 brn|[from] Stealth Rock\n|move|p1a: Seviper|Gunk Shot|p2a: Gogoat\n|-damage|p2a: Gogoat|0 fnt\n|faint|p2a: Gogoat\n|\n|-heal|p1a: Seviper|198/287 par|[from] item: Leftovers\n|upkeep\n|c|\u2606RBLT Buhrito|tried\n|c|\u2606RBLT Buhrito|gg\n|\n|t:|1726434010\n|switch|p2a: Snorlax|Snorlax, L82, F|197/397\n|-damage|p2a: Snorlax|148/397|[from] Stealth Rock\n|turn|46\n|-message|RBLT Buhrito forfeited.\n|\n|win|rblt tb\n|raw|rblt tb's rating: 2343 &rarr; <strong>2367</strong><br />(+24 for winning)\n|raw|RBLT Buhrito's rating: 2421 &rarr; <strong>2397</strong><br />(-24 for losing)\n|l|\u2606RBLT Buhrito\n|player|p2|\n", "inputlog": ">version abcf08933808d3fb39dbc2b54a8665d830b47482\n>start {\"formatid\":\"gen9randombattle\",\"seed\":[8565,64533,43875,34502],\"rated\":\"Rated battle\"}\n>player p1 {\"name\":\"rblt tb\",\"avatar\":\"1\",\"rating\":2343,\"seed\":[45938,24524,40105,1701]}\n>player p2 {\"name\":\"RBLT Buhrito\",\"avatar\":\"#rbtt7teamchiyuf\",\"rating\":2421,\"seed\":[25104,19585,29339,28136]}\n>p1 move earthquake\n>p2 switch 5\n>p1 switch 5\n>p2 move sludgebomb\n>p1 move sleeppowder\n>p2 switch 5\n>p1 move strengthsap\n>p2 move dracometeor\n>p1 move sleeppowder\n>p2 move thunderwave\n>p1 switch 4\n>p2 move bodypress\n>p1 move stealthrock\n>p2 switch 2\n>p1 switch 6\n>p2 move bodyslam\n>p1 move bulkup\n>p2 switch 3\n>p1 move bulkup\n>p2 move coil\n>p1 move knockoff\n>p2 move trailblaze\n>p1 move bodyslam\n>p2 move coil\n>chat \u2606RBLT Buhrito|that is bad.\n>chat \u2606rblt tb|i guess it isnt that bad \n>chat \u2606rblt tb|imo\n>p2 switch 2\n>chat \u2606rblt tb|In fact \n>p1 move knockoff\n>p2 move thunderwave\n>p1 switch 5\n>p2 move thunderwave\n>p1 move earthquake\n>p2 switch 5\n>p1 switch 4\n>p2 move shadowball\n>p1 move gigadrain\n>p2 switch 3\n>p1 move strengthsap\n>p2 move curse\n>p1 move sleeppowder\n>p2 move curse\n>p1 switch 5\n>p2 move sleeptalk\n>p1 move knockoff\n>p2 move bodyslam\n>p1 move slackoff terastallize\n>p2 move curse\n>p1 move knockoff\n>p2 switch 4\n>p1 switch 5\n>p2 move nastyplot\n>p1 move sleeppowder\n>p2 switch 5\n>chat \u2606rblt tb|To be fair I just started gen 9\u2026\n>p1 move strengthsap\n>p2 move dracometeor\n>p1 move strengthsap\n>p2 move dracometeor\n>p1 move sleeppowder\n>p2 move dracometeor\n>p1 switch 6\n>p2 switch 4\n>p1 switch 5\n>p2 switch 3\n>p1 switch 6\n>p2 move shadowball\n>p1 move gigadrain\n>p2 switch 4\n>p1 switch 5\n>p2 move dracometeor\n>p1 move earthpower\n>p2 move bodypress\n>p2 switch 4\n>p1 move magmastorm\n>p2 move shadowball\n>p2 switch 6\n>p1 move magmastorm\n>p2 move bulkup terastallize\n>p1 switch 5\n>p2 move bulkup\n>p1 move sludgebomb\n>p2 move earthquake\n>p1 move sludgebomb\n>p2 move earthquake\n>p1 switch 3\n>p1 move bugbuzz\n>p2 move hornleech\n>chat \u2606RBLT Buhrito|fk\n>p1 move quiverdance\n>p2 move milkdrink\n>chat \u2606rblt tb|??!\n>chat \u2606rblt tb|Why would u do hl\n>p1 move bugbuzz\n>p2 move earthquake\n>chat \u2606RBLT Buhrito|u know\n>chat \u2606RBLT Buhrito|good question\n>chat \u2606rblt tb|I guess I know \n>p1 move bugbuzz\n>p2 switch 5\n>p2 switch 3\n>p1 switch 2\n>p2 move bodyslam\n>p1 move gunkshot\n>p2 switch 5\n>chat \u2606RBLT Buhrito|tried\n>chat \u2606RBLT Buhrito|gg\n>p2 switch 5\n>forcelose p2", "uploadtime": 1726434028, "views": 87, "formatid": "gen9randombattle", "rating": 2367, "private": 0, "password": null}