{"id": "gen9randombattle-2260356247", "format": "[Gen 9] Random Battle", "players": ["kok-12", "Khrischitox"], "log": "|j|\u2606kok-12\n|j|\u2606Khrischitox\n|t:|1733843464\n|gametype|singles\n|player|p1|kok-12|wallace|1356\n|player|p2|Khrischitox|red|1338\n|teamsize|p1|6\n|teamsize|p2|6\n|gen|9\n|tier|[Gen 9] Random Battle\n|rated|\n|rule|Species Clause: Limit one of each Pok\u00e9mon\n|rule|HP Percentage Mod: HP is shown in percentages\n|rule|Sleep Clause Mod: Limit one foe put to sleep\n|rule|Illusion Level Mod: Illusion disguises the Pok\u00e9mon's true level\n|\n|t:|1733843464\n|start\n|switch|p1a: Basculin|Basculin-Blue-Striped, L86, F|261/261\n|switch|p2a: Gothitelle|Gothitelle, L90, F|272/272\n|turn|1\n|inactive|Battle timer is ON: inactive players will automatically lose when time's up. (requested by kok-12)\n|\n|t:|1733843483\n|move|p2a: Gothitelle|Trick|p1a: Basculin\n|-activate|p2a: Gothitelle|move: Trick|[of] p1a: Basculin\n|-item|p1a: Basculin|Choice Scarf|[from] move: Trick\n|-item|p2a: Gothitelle|Choice Band|[from] move: Trick\n|move|p1a: Basculin|Flip Turn|p2a: Gothitelle\n|-damage|p2a: Gothitelle|198/272\n|\n|t:|1733843503\n|switch|p1a: Perrserker|Perrserker, L89, M|269/269|[from] Flip Turn\n|\n|upkeep\n|turn|2\n|\n|t:|1733843517\n|move|p2a: Gothitelle|Focus Blast|p1a: Perrserker\n|-supereffective|p1a: Perrserker\n|-damage|p1a: Perrserker|21/269\n|move|p1a: Perrserker|Knock Off|p2a: Gothitelle\n|-supereffective|p2a: Gothitelle\n|-damage|p2a: Gothitelle|0 fnt\n|-enditem|p2a: Gothitelle|Choice Band|[from] move: Knock Off|[of] p1a: Perrserker\n|faint|p2a: Gothitelle\n|\n|upkeep\n|\n|t:|1733843524\n|switch|p2a: Rhyperior|Rhyperior, L82, F|323/323\n|turn|3\n|\n|t:|1733843530\n|move|p1a: Perrserker|Knock Off|p2a: Rhyperior\n|-damage|p2a: Rhyperior|205/323\n|-enditem|p2a: Rhyperior|Weakness Policy|[from] move: Knock Off|[of] p1a: Perrserker\n|move|p2a: Rhyperior|Rock Polish|p2a: Rhyperior\n|-boost|p2a: Rhyperior|spe|2\n|\n|upkeep\n|turn|4\n|\n|t:|1733843536\n|move|p2a: Rhyperior|Rock Polish|p2a: Rhyperior\n|-boost|p2a: Rhyperior|spe|2\n|move|p1a: Perrserker|Knock Off|p2a: Rhyperior\n|-damage|p2a: Rhyperior|121/323\n|\n|upkeep\n|turn|5\n|\n|t:|1733843541\n|move|p2a: Rhyperior|Earthquake|p1a: Perrserker\n|-supereffective|p1a: Perrserker\n|-damage|p1a: Perrserker|0 fnt\n|faint|p1a: Perrserker\n|\n|upkeep\n|\n|t:|1733843547\n|switch|p1a: Basculin|Basculin-Blue-Striped, L86, F|261/261\n|turn|6\n|\n|t:|1733843553\n|move|p1a: Basculin|Aqua Jet|p2a: Rhyperior\n|-supereffective|p2a: Rhyperior\n|-damage|p2a: Rhyperior|0 fnt\n|faint|p2a: Rhyperior\n|\n|upkeep\n|\n|t:|1733843566\n|switch|p2a: Oranguru|Oranguru, L92, F|315/315\n|turn|7\n|\n|t:|1733843575\n|switch|p1a: Clawitzer|Clawitzer, L87, M|265/265\n|move|p2a: Oranguru|Nasty Plot|p2a: Oranguru\n|-boost|p2a: Oranguru|spa|2\n|\n|upkeep\n|turn|8\n|\n|t:|1733843586\n|move|p2a: Oranguru|Thunderbolt|p1a: Clawitzer\n|-supereffective|p1a: Clawitzer\n|-damage|p1a: Clawitzer|21/265\n|-damage|p2a: Oranguru|284/315|[from] item: Life Orb\n|move|p1a: Clawitzer|Dark Pulse|p2a: Oranguru\n|-supereffective|p2a: Oranguru\n|-damage|p2a: Oranguru|124/315\n|\n|upkeep\n|turn|9\n|\n|t:|1733843595\n|move|p2a: Oranguru|Thunderbolt|p1a: Clawitzer\n|-supereffective|p1a: Clawitzer\n|-damage|p1a: Clawitzer|0 fnt\n|faint|p1a: Clawitzer\n|-damage|p2a: Oranguru|93/315|[from] item: Life Orb\n|\n|upkeep\n|\n|t:|1733843599\n|switch|p1a: Girafarig|Girafarig, L89, M|269/269\n|turn|10\n|\n|t:|1733843605\n|move|p1a: Girafarig|Hyper Voice|p2a: Oranguru\n|-damage|p2a: Oranguru|20/315\n|move|p2a: Oranguru|Hyper Voice|p1a: Girafarig\n|-damage|p1a: Girafarig|34/269\n|-damage|p2a: Oranguru|0 fnt|[from] item: Life Orb\n|faint|p2a: Oranguru\n|\n|upkeep\n|\n|t:|1733843622\n|switch|p2a: Tornadus|Tornadus, L82, M|264/264\n|turn|11\n|\n|t:|1733843629\n|move|p2a: Tornadus|U-turn|p1a: Girafarig\n|-supereffective|p1a: Girafarig\n|-damage|p1a: Girafarig|0 fnt\n|faint|p1a: Girafarig\n|\n|t:|1733843634\n|switch|p2a: Dewgong|Dewgong, L94, M|322/322|[from] U-turn\n|\n|upkeep\n|\n|t:|1733843652\n|switch|p1a: Forretress|Forretress, L84, F|263/263\n|turn|12\n|\n|t:|1733843668\n|switch|p2a: Tornadus|Tornadus, L82, M|264/264\n|move|p1a: Forretress|Spikes|p2a: Tornadus\n|-sidestart|p2: Khrischitox|Spikes\n|\n|upkeep\n|turn|13\n|\n|t:|1733843675\n|move|p2a: Tornadus|Taunt|p1a: Forretress\n|-start|p1a: Forretress|move: Taunt\n|cant|p1a: Forretress|move: Taunt|Spikes\n|\n|upkeep\n|turn|14\n|\n|t:|1733843682\n|move|p2a: Tornadus|Bleakwind Storm|p1a: Forretress\n|-damage|p1a: Forretress|100/263\n|move|p1a: Forretress|Iron Head|p2a: Tornadus\n|-damage|p2a: Tornadus|162/264\n|\n|-heal|p1a: Forretress|116/263|[from] item: Leftovers\n|upkeep\n|turn|15\n|\n|t:|1733843692\n|move|p2a: Tornadus|Bleakwind Storm|p1a: Forretress|[miss]\n|-miss|p2a: Tornadus|p1a: Forretress\n|move|p1a: Forretress|Iron Head|p2a: Tornadus\n|-damage|p2a: Tornadus|68/264\n|\n|-heal|p1a: Forretress|132/263|[from] item: Leftovers\n|-end|p1a: Forretress|move: Taunt\n|upkeep\n|turn|16\n|\n|t:|1733843700\n|move|p2a: Tornadus|Bleakwind Storm|p1a: Forretress|[miss]\n|-miss|p2a: Tornadus|p1a: Forretress\n|move|p1a: Forretress|Iron Head|p2a: Tornadus\n|-damage|p2a: Tornadus|0 fnt\n|faint|p2a: Tornadus\n|\n|-heal|p1a: Forretress|148/263|[from] item: Leftovers\n|upkeep\n|c|\u2606Khrischitox|fking blind shlt\n|\n|t:|1733843721\n|switch|p2a: Goodra|Goodra, L85, M|292/292\n|-damage|p2a: Goodra|256/292|[from] Spikes\n|turn|17\n|\n|t:|1733843726\n|move|p2a: Goodra|Fire Blast|p1a: Forretress|[miss]\n|-miss|p2a: Goodra|p1a: Forretress\n|move|p1a: Forretress|Spikes|p2a: Goodra\n|-sidestart|p2: Khrischitox|Spikes\n|\n|-heal|p1a: Forretress|164/263|[from] item: Leftovers\n|upkeep\n|turn|18\n|c|\u2606Khrischitox|all my fking team is blind\n|\n|t:|1733843735\n|-terastallize|p1a: Forretress|Water\n|move|p2a: Goodra|Fire Blast|p1a: Forretress\n|-resisted|p1a: Forretress\n|-damage|p1a: Forretress|106/263\n|move|p1a: Forretress|Spikes|p2a: Goodra\n|-sidestart|p2: Khrischitox|Spikes\n|\n|-heal|p1a: Forretress|122/263|[from] item: Leftovers\n|upkeep\n|turn|19\n|\n|t:|1733843744\n|move|p2a: Goodra|Power Whip|p1a: Forretress|[miss]\n|-miss|p2a: Goodra|p1a: Forretress\n|move|p1a: Forretress|Body Press|p2a: Goodra\n|-crit|p2a: Goodra\n|-damage|p2a: Goodra|133/292\n|\n|-heal|p1a: Forretress|138/263|[from] item: Leftovers\n|upkeep\n|turn|20\n|c|\u2606Khrischitox|SERIOUSLY?!!!!!!!!!\n|\n|t:|1733843758\n|move|p2a: Goodra|Power Whip|p1a: Forretress\n|-supereffective|p1a: Forretress\n|-damage|p1a: Forretress|16/263\n|move|p1a: Forretress|Body Press|p2a: Goodra\n|-damage|p2a: Goodra|41/292\n|\n|-heal|p1a: Forretress|32/263|[from] item: Leftovers\n|upkeep\n|turn|21\n|\n|t:|1733843766\n|move|p2a: Goodra|Sludge Bomb|p1a: Forretress\n|-damage|p1a: Forretress|0 fnt\n|faint|p1a: Forretress\n|\n|upkeep\n|\n|t:|1733843770\n|switch|p1a: Basculin|Basculin-Blue-Striped, L86, F|261/261\n|turn|22\n|\n|t:|1733843777\n|move|p1a: Basculin|Wave Crash|p2a: Goodra\n|-resisted|p2a: Goodra\n|-damage|p2a: Goodra|0 fnt\n|faint|p2a: Goodra\n|-damage|p1a: Basculin|247/261|[from] Recoil\n|\n|upkeep\n|\n|t:|1733843783\n|switch|p2a: Dewgong|Dewgong, L94, M|322/322\n|-damage|p2a: Dewgong|242/322|[from] Spikes\n|turn|23\n|c|\u2606Khrischitox|FCK THIS FKING BLIND TEAM\n|n|\u203dKhrischitox|khrischitox\n|c|~|/log Khrischitox was locked from talking by Artemis. (\u2606Khrischitox: FCK THIS FKING BLIND TEAM)\n|c|~|/raw <small>This action was done automatically. Want to learn more about the AI? <a href=\"https://www.smogon.com/forums/threads/3570628/#post-9056769\">Visit the information thread</a>.</small>\n|-message|Khrischitox forfeited.\n|\n|win|kok-12\n", "inputlog": ">version bfd83cad13791eb5a5a409923076391caf6fb4d4\n>start {\"formatid\":\"gen9randombattle\",\"seed\":[3065,22467,26071,29295],\"rated\":\"Rated battle\"}\n>player p1 {\"name\":\"kok-12\",\"avatar\":\"wallace\",\"rating\":1356,\"seed\":[5734,32239,17009,7571]}\n>player p2 {\"name\":\"Khrischitox\",\"avatar\":\"red\",\"rating\":1338,\"seed\":[61801,14007,40316,44562]}\n>p1 move flipturn\n>p2 move trick\n>p1 switch 5\n>p1 move knockoff\n>p2 move focusblast\n>p2 switch 5\n>p1 move knockoff\n>p2 move rockpolish\n>p1 move knockoff\n>p2 move rockpolish\n>p1 move knockoff\n>p2 move earthquake\n>p1 switch 5\n>p1 move aquajet\n>p2 move stoneedge\n>p2 switch 4\n>p1 switch 3\n>p2 move nastyplot\n>p1 move darkpulse\n>p2 move thunderbolt\n>p1 move uturn\n>p2 move thunderbolt\n>p1 switch 4\n>p1 move hypervoice\n>p2 move hypervoice\n>p2 switch 2\n>p1 move thunderbolt\n>p2 move uturn\n>p2 switch 6\n>p1 switch 6\n>p1 move spikes\n>p2 switch 6\n>p1 move spikes\n>p2 move taunt\n>p1 move ironhead\n>p2 move bleakwindstorm\n>p1 move ironhead\n>p2 move bleakwindstorm\n>p1 move ironhead\n>p2 move bleakwindstorm\n>chat \u2606Khrischitox|fking blind shlt\n>p2 switch 3\n>p1 move spikes\n>p2 move fireblast\n>chat \u2606Khrischitox|all my fking team is blind\n>p1 move spikes terastallize\n>p2 move fireblast\n>p1 move bodypress\n>p2 move powerwhip\n>chat \u2606Khrischitox|SERIOUSLY?!!!!!!!!!\n>p1 move bodypress\n>p2 move powerwhip\n>p1 move bodypress\n>p2 move sludgebomb\n>p1 switch 3\n>p1 move wavecrash\n>p2 move powerwhip\n>p2 switch 6\n>chat \u2606Khrischitox|FCK THIS FKING BLIND TEAM\n>forcelose p2", "uploadtime": 1733843717, "views": 1, "formatid": "gen9randombattle", "rating": null, "private": 0, "password": null}