{"id": "gen9randombattle-2260454422", "format": "[Gen 9] Random Battle", "players": ["dejdejdjede", "ruthlessweat"], "log": "|j|\u2606dejdejdjede\n|j|\u2606ruthlessweat\n|t:|1733853191\n|gametype|singles\n|player|p1|dejdejdjede|2|1000\n|player|p2|ruthlessweat|101|1000\n|teamsize|p1|6\n|teamsize|p2|6\n|gen|9\n|tier|[Gen 9] Random Battle\n|rated|\n|rule|Species Clause: Limit one of each Pok\u00e9mon\n|rule|HP Percentage Mod: HP is shown in percentages\n|rule|Sleep Clause Mod: Limit one foe put to sleep\n|rule|Illusion Level Mod: Illusion disguises the Pok\u00e9mon's true level\n|\n|t:|1733853191\n|start\n|switch|p1a: Scovillain|Scovillain, L91, F|266/266\n|switch|p2a: Glimmora|Glimmora, L75, F|248/248\n|turn|1\n|\n|t:|1733853220\n|move|p1a: Scovillain|Leaf Storm|p2a: Glimmora\n|-damage|p2a: Glimmora|0 fnt\n|-unboost|p1a: Scovillain|spa|2\n|faint|p2a: Glimmora\n|\n|upkeep\n|\n|t:|1733853259\n|switch|p2a: Medicham|Medicham, L86, F|243/243\n|turn|2\n|\n|t:|1733853269\n|move|p2a: Medicham|Close Combat|p1a: Scovillain\n|-damage|p1a: Scovillain|64/266\n|-unboost|p2a: Medicham|def|1\n|-unboost|p2a: Medicham|spd|1\n|move|p1a: Scovillain|Leaf Storm|p2a: Medicham\n|-damage|p2a: Medicham|27/243\n|-unboost|p1a: Scovillain|spa|2\n|\n|upkeep\n|turn|3\n|\n|t:|1733853285\n|switch|p1a: Spidops|Spidops, L96, M|271/271\n|move|p2a: Medicham|Close Combat|p1a: Spidops\n|-resisted|p1a: Spidops\n|-damage|p1a: Spidops|195/271\n|-unboost|p2a: Medicham|def|1\n|-unboost|p2a: Medicham|spd|1\n|\n|upkeep\n|turn|4\n|\n|t:|1733853297\n|move|p2a: Medicham|Close Combat|p1a: Spidops\n|-resisted|p1a: Spidops\n|-damage|p1a: Spidops|116/271\n|-unboost|p2a: Medicham|def|1\n|-unboost|p2a: Medicham|spd|1\n|move|p1a: Spidops|Sticky Web|p2a: Medicham\n|-sidestart|p2: ruthlessweat|move: Sticky Web\n|\n|upkeep\n|turn|5\n|\n|t:|1733853307\n|move|p2a: Medicham|Close Combat|p1a: Spidops\n|-resisted|p1a: Spidops\n|-damage|p1a: Spidops|44/271\n|-unboost|p2a: Medicham|def|1\n|-unboost|p2a: Medicham|spd|1\n|move|p1a: Spidops|Spikes|p2a: Medicham\n|-sidestart|p2: ruthlessweat|Spikes\n|\n|upkeep\n|turn|6\n|\n|t:|1733853320\n|move|p2a: Medicham|Close Combat|p1a: Spidops\n|-resisted|p1a: Spidops\n|-damage|p1a: Spidops|0 fnt\n|-unboost|p2a: Medicham|def|1\n|-unboost|p2a: Medicham|spd|1\n|faint|p1a: Spidops\n|\n|upkeep\n|\n|t:|1733853326\n|switch|p1a: Toxtricity|Toxtricity, L82, F|257/257\n|turn|7\n|\n|t:|1733853329\n|move|p2a: Medicham|Close Combat|p1a: Toxtricity\n|-resisted|p1a: Toxtricity\n|-damage|p1a: Toxtricity|140/257\n|-unboost|p2a: Medicham|def|1\n|-unboost|p2a: Medicham|spd|1\n|move|p1a: Toxtricity|Volt Switch|p2a: Medicham\n|-damage|p2a: Medicham|0 fnt\n|faint|p2a: Medicham\n|\n|t:|1733853341\n|switch|p1a: Scovillain|Scovillain, L91, F|64/266|[from] Volt Switch\n|\n|upkeep\n|\n|t:|1733853358\n|switch|p2a: Komala|Komala, L89, F|260/260\n|-activate|p2a: Komala|move: Sticky Web\n|-unboost|p2a: Komala|spe|1\n|-damage|p2a: Komala|228/260|[from] Spikes\n|-ability|p2a: Komala|Comatose\n|turn|8\n|\n|t:|1733853378\n|-terastallize|p1a: Scovillain|Fire\n|move|p1a: Scovillain|Overheat|p2a: Komala\n|-crit|p2a: Komala\n|-damage|p2a: Komala|0 fnt\n|-unboost|p1a: Scovillain|spa|2\n|faint|p2a: Komala\n|\n|upkeep\n|\n|t:|1733853387\n|switch|p2a: Cyclizar|Cyclizar, L83, M|252/252\n|turn|9\n|\n|t:|1733853407\n|switch|p1a: Araquanid|Araquanid, L82, M|246/246\n|move|p2a: Cyclizar|Draco Meteor|p1a: Araquanid\n|-damage|p1a: Araquanid|183/246\n|-unboost|p2a: Cyclizar|spa|2\n|\n|upkeep\n|turn|10\n|\n|t:|1733853416\n|move|p2a: Cyclizar|Knock Off|p1a: Araquanid\n|-damage|p1a: Araquanid|116/246\n|-enditem|p1a: Araquanid|Assault Vest|[from] move: Knock Off|[of] p2a: Cyclizar\n|move|p1a: Araquanid|Leech Life|p2a: Cyclizar\n|-damage|p2a: Cyclizar|174/252\n|-heal|p1a: Araquanid|155/246|[from] drain|[of] p2a: Cyclizar\n|\n|upkeep\n|turn|11\n|\n|t:|1733853430\n|switch|p2a: Necrozma|Necrozma, L80|286/286\n|-activate|p2a: Necrozma|move: Sticky Web\n|-unboost|p2a: Necrozma|spe|1\n|-damage|p2a: Necrozma|251/286|[from] Spikes\n|move|p1a: Araquanid|Leech Life|p2a: Necrozma\n|-supereffective|p2a: Necrozma\n|-damage|p2a: Necrozma|155/286\n|-heal|p1a: Araquanid|203/246|[from] drain|[of] p2a: Necrozma\n|\n|upkeep\n|turn|12\n|\n|t:|1733853456\n|move|p1a: Araquanid|Leech Life|p2a: Necrozma\n|-supereffective|p2a: Necrozma\n|-damage|p2a: Necrozma|64/286\n|-heal|p1a: Araquanid|246/246|[from] drain|[of] p2a: Necrozma\n|move|p2a: Necrozma|Photon Geyser|p1a: Araquanid\n|-damage|p1a: Araquanid|133/246\n|-damage|p2a: Necrozma|36/286|[from] item: Life Orb\n|\n|upkeep\n|turn|13\n|\n|t:|1733853465\n|move|p1a: Araquanid|Leech Life|p2a: Necrozma\n|-supereffective|p2a: Necrozma\n|-damage|p2a: Necrozma|0 fnt\n|-heal|p1a: Araquanid|151/246|[from] drain|[of] p2a: Necrozma\n|faint|p2a: Necrozma\n|\n|upkeep\n|\n|t:|1733853472\n|switch|p2a: Lucario|Lucario, L84, F|255/255\n|-activate|p2a: Lucario|move: Sticky Web\n|-unboost|p2a: Lucario|spe|1\n|-damage|p2a: Lucario|224/255|[from] Spikes\n|turn|14\n|\n|t:|1733853481\n|move|p2a: Lucario|Aura Sphere|p1a: Araquanid\n|-resisted|p1a: Araquanid\n|-damage|p1a: Araquanid|103/246\n|-damage|p2a: Lucario|199/255|[from] item: Life Orb\n|move|p1a: Araquanid|Liquidation|p2a: Lucario\n|-damage|p2a: Lucario|33/255\n|\n|upkeep\n|turn|15\n|inactive|Battle timer is ON: inactive players will automatically lose when time's up. (requested by dejdejdjede)\n|inactive|ruthlessweat has 120 seconds left.\n|inactive|ruthlessweat has 90 seconds left.\n|inactive|ruthlessweat has 60 seconds left.\n|inactive|ruthlessweat has 30 seconds left.\n|inactive|ruthlessweat has 20 seconds left.\n|inactive|ruthlessweat has 15 seconds left.\n|inactive|ruthlessweat has 10 seconds left.\n|inactive|ruthlessweat has 5 seconds left.\n|-message|ruthlessweat lost due to inactivity.\n|\n|win|dejdejdjede\n|raw|dejdejdjede's rating: 1000 &rarr; <strong>1040</strong><br />(+40 for winning)\n|raw|ruthlessweat's rating: 1000 &rarr; <strong>1000</strong><br />(+0 for losing)\n", "inputlog": ">version bfd83cad13791eb5a5a409923076391caf6fb4d4\n>start {\"formatid\":\"gen9randombattle\",\"seed\":[58180,4393,26574,17669],\"rated\":\"Rated battle\"}\n>player p1 {\"name\":\"dejdejdjede\",\"avatar\":\"2\",\"rating\":1000,\"seed\":[21868,44690,49526,16782]}\n>player p2 {\"name\":\"ruthlessweat\",\"avatar\":\"101\",\"rating\":1000,\"seed\":[25458,58194,35814,63415]}\n>p1 move leafstorm\n>p2 move sludgewave\n>p2 switch 2\n>p1 move leafstorm\n>p2 move closecombat\n>p1 switch 3\n>p2 move closecombat\n>p1 move stickyweb\n>p2 move closecombat\n>p1 move spikes\n>p2 move closecombat\n>p1 move spikes\n>p2 move closecombat\n>p1 switch 4\n>p1 move voltswitch\n>p2 move closecombat\n>p1 switch 3\n>p2 switch 5\n>p1 move overheat terastallize\n>p2 move knockoff\n>p2 switch 3\n>p1 switch 5\n>p2 move dracometeor\n>p1 move leechlife\n>p2 move knockoff\n>p1 move leechlife\n>p2 switch 6\n>p1 move leechlife\n>p2 move photongeyser\n>p1 move leechlife\n>p2 move knockoff\n>p2 switch 4\n>p1 move liquidation\n>p2 move aurasphere\n>forcelose p2", "uploadtime": 1733853712, "views": 1, "formatid": "gen9randombattle", "rating": 1000, "private": 0, "password": null}