{"id": "gen9randombattle-2161325108", "format": "[Gen 9] Random Battle", "players": ["Qiuescent", "orangenkopf"], "log": "|j|\u203dQiuescent\n|j|\u2606orangenkopf\n|t:|1721053735\n|gametype|singles\n|player|p1|Qiuescent|2|2216\n|player|p2|orangenkopf|waitress-gen4|2233\n|teamsize|p1|6\n|teamsize|p2|6\n|gen|9\n|tier|[Gen 9] Random Battle\n|rated|\n|rule|Species Clause: Limit one of each Pok\u00e9mon\n|rule|HP Percentage Mod: HP is shown in percentages\n|rule|Sleep Clause Mod: Limit one foe put to sleep\n|rule|Illusion Level Mod: Illusion disguises the Pok\u00e9mon's true level\n|\n|t:|1721053735\n|start\n|switch|p1a: Magcargo|Magcargo, L94, M|265/265\n|switch|p2a: Ting-Lu|Ting-Lu, L78|370/370\n|-ability|p2a: Ting-Lu|Vessel of Ruin\n|turn|1\n|\n|t:|1721053781\n|switch|p1a: Lurantis|Lurantis, L87, F|264/264\n|move|p2a: Ting-Lu|Stealth Rock|p1a: Lurantis\n|-sidestart|p1: Qiuescent|move: Stealth Rock\n|\n|upkeep\n|turn|2\n|\n|t:|1721053797\n|switch|p2a: Cryogonal|Cryogonal, L89|287/287\n|move|p1a: Lurantis|Leaf Storm|p2a: Cryogonal\n|-damage|p2a: Cryogonal|199/287\n|-boost|p1a: Lurantis|spa|2\n|\n|upkeep\n|turn|3\n|inactive|Battle timer is ON: inactive players will automatically lose when time's up. (requested by orangenkopf)\n|\n|t:|1721053817\n|switch|p1a: Beartic|Beartic, L90, M|317/317\n|move|p2a: Cryogonal|Ice Beam|p1a: Beartic\n|-resisted|p1a: Beartic\n|-damage|p1a: Beartic|265/317\n|\n|upkeep\n|turn|4\n|\n|t:|1721053841\n|switch|p2a: Camerupt|Camerupt, L91, F|275/275\n|move|p1a: Beartic|Snowscape|p1a: Beartic\n|-weather|Snow\n|\n|-weather|Snow|[upkeep]\n|upkeep\n|turn|5\n|\n|t:|1721053851\n|move|p1a: Beartic|Icicle Crash|p2a: Camerupt\n|-damage|p2a: Camerupt|133/275\n|move|p2a: Camerupt|Earthquake|p1a: Beartic\n|-damage|p1a: Beartic|183/317\n|\n|-weather|Snow|[upkeep]\n|-heal|p2a: Camerupt|150/275|[from] item: Leftovers\n|upkeep\n|turn|6\n|\n|t:|1721053855\n|move|p1a: Beartic|Icicle Crash|p2a: Camerupt\n|-damage|p2a: Camerupt|0 fnt\n|faint|p2a: Camerupt\n|\n|-weather|Snow|[upkeep]\n|upkeep\n|\n|t:|1721053865\n|switch|p2a: Iron Valiant|Iron Valiant, L79|247/247\n|turn|7\n|\n|t:|1721053869\n|move|p1a: Beartic|Icicle Crash|p2a: Iron Valiant\n|-damage|p2a: Iron Valiant|117/247\n|cant|p2a: Iron Valiant|flinch\n|\n|-weather|Snow|[upkeep]\n|upkeep\n|turn|8\n|c|\u2606orangenkopf|sure\n|\n|t:|1721053882\n|move|p1a: Beartic|Icicle Crash|p2a: Iron Valiant|[miss]\n|-miss|p1a: Beartic|p2a: Iron Valiant\n|move|p2a: Iron Valiant|Close Combat|p1a: Beartic\n|-supereffective|p1a: Beartic\n|-damage|p1a: Beartic|0 fnt\n|-unboost|p2a: Iron Valiant|def|1\n|-unboost|p2a: Iron Valiant|spd|1\n|faint|p1a: Beartic\n|-damage|p2a: Iron Valiant|93/247|[from] item: Life Orb\n|\n|-weather|none\n|upkeep\n|\n|t:|1721053891\n|switch|p1a: Toxapex|Toxapex, L82, F|216/216\n|-damage|p1a: Toxapex|189/216|[from] Stealth Rock\n|turn|9\n|\n|t:|1721053917\n|-end|p2a: Iron Valiant|Quark Drive|[silent]\n|switch|p2a: Ting-Lu|Ting-Lu, L78|370/370\n|-ability|p2a: Ting-Lu|Vessel of Ruin\n|move|p1a: Toxapex|Liquidation|p2a: Ting-Lu\n|-supereffective|p2a: Ting-Lu\n|-damage|p2a: Ting-Lu|268/370\n|-unboost|p2a: Ting-Lu|def|1\n|\n|-heal|p2a: Ting-Lu|291/370|[from] item: Leftovers\n|upkeep\n|turn|10\n|\n|t:|1721053921\n|switch|p1a: Drifblim|Drifblim, L86, F|396/396\n|-damage|p1a: Drifblim|297/396|[from] Stealth Rock\n|move|p2a: Ting-Lu|Spikes|p1a: Drifblim\n|-sidestart|p1: Qiuescent|Spikes\n|\n|-heal|p2a: Ting-Lu|314/370|[from] item: Leftovers\n|upkeep\n|turn|11\n|\n|t:|1721053928\n|move|p1a: Drifblim|Calm Mind|p1a: Drifblim\n|-boost|p1a: Drifblim|spa|1\n|-boost|p1a: Drifblim|spd|1\n|move|p2a: Ting-Lu|Throat Chop|p1a: Drifblim\n|-supereffective|p1a: Drifblim\n|-damage|p1a: Drifblim|61/396\n|-start|p1a: Drifblim|Throat Chop|[silent]\n|-enditem|p1a: Drifblim|Sitrus Berry|[eat]\n|-heal|p1a: Drifblim|160/396|[from] item: Sitrus Berry\n|\n|-heal|p2a: Ting-Lu|337/370|[from] item: Leftovers\n|upkeep\n|turn|12\n|\n|t:|1721053931\n|move|p1a: Drifblim|Strength Sap|p2a: Ting-Lu\n|-unboost|p2a: Ting-Lu|atk|1\n|-heal|p1a: Drifblim|377/396\n|move|p2a: Ting-Lu|Throat Chop|p1a: Drifblim\n|-supereffective|p1a: Drifblim\n|-damage|p1a: Drifblim|197/396\n|\n|-heal|p2a: Ting-Lu|360/370|[from] item: Leftovers\n|-end|p1a: Drifblim|Throat Chop|[silent]\n|upkeep\n|turn|13\n|\n|t:|1721053948\n|move|p1a: Drifblim|Strength Sap|p2a: Ting-Lu\n|-unboost|p2a: Ting-Lu|atk|1\n|-heal|p1a: Drifblim|341/396\n|move|p2a: Ting-Lu|Throat Chop|p1a: Drifblim\n|-supereffective|p1a: Drifblim\n|-damage|p1a: Drifblim|213/396\n|-start|p1a: Drifblim|Throat Chop|[silent]\n|\n|-heal|p2a: Ting-Lu|370/370|[from] item: Leftovers\n|upkeep\n|turn|14\n|\n|t:|1721053957\n|-terastallize|p1a: Drifblim|Fairy\n|move|p1a: Drifblim|Strength Sap|p2a: Ting-Lu\n|-unboost|p2a: Ting-Lu|atk|1\n|-heal|p1a: Drifblim|321/396\n|move|p2a: Ting-Lu|Throat Chop|p1a: Drifblim\n|-resisted|p1a: Drifblim\n|-damage|p1a: Drifblim|294/396\n|\n|-end|p1a: Drifblim|Throat Chop|[silent]\n|upkeep\n|turn|15\n|\n|t:|1721053976\n|switch|p2a: Darkrai|Darkrai, L76|231/231\n|move|p1a: Drifblim|Calm Mind|p1a: Drifblim\n|-boost|p1a: Drifblim|spa|1\n|-boost|p1a: Drifblim|spd|1\n|\n|upkeep\n|turn|16\n|\n|t:|1721053981\n|-terastallize|p2a: Darkrai|Poison\n|move|p1a: Drifblim|Air Slash|p2a: Darkrai|[miss]\n|-miss|p1a: Drifblim|p2a: Darkrai\n|move|p2a: Darkrai|Sludge Bomb|p1a: Drifblim\n|-supereffective|p1a: Drifblim\n|-damage|p1a: Drifblim|162/396\n|\n|upkeep\n|turn|17\n|\n|t:|1721053985\n|move|p1a: Drifblim|Air Slash|p2a: Darkrai\n|-damage|p2a: Darkrai|66/231\n|move|p2a: Darkrai|Sludge Bomb|p1a: Drifblim\n|-supereffective|p1a: Drifblim\n|-damage|p1a: Drifblim|24/396\n|\n|-heal|p2a: Darkrai|80/231|[from] item: Leftovers\n|upkeep\n|turn|18\n|\n|t:|1721053995\n|move|p1a: Drifblim|Shadow Ball|p2a: Darkrai\n|-damage|p2a: Darkrai|0 fnt\n|faint|p2a: Darkrai\n|\n|upkeep\n|\n|t:|1721054003\n|switch|p2a: Thundurus|Thundurus-Therian, L80, M|258/258\n|turn|19\n|\n|t:|1721054007\n|move|p1a: Drifblim|Strength Sap|p2a: Thundurus\n|-unboost|p2a: Thundurus|atk|1\n|-heal|p1a: Drifblim|197/396\n|move|p2a: Thundurus|Thunderbolt|p1a: Drifblim\n|-crit|p1a: Drifblim\n|-damage|p1a: Drifblim|0 fnt\n|faint|p1a: Drifblim\n|\n|upkeep\n|\n|t:|1721054020\n|switch|p1a: Magcargo|Magcargo, L94, M|265/265\n|turn|20\n|\n|t:|1721054027\n|move|p2a: Thundurus|Thunderbolt|p1a: Magcargo\n|-damage|p1a: Magcargo|139/265\n|move|p1a: Magcargo|Fire Blast|p2a: Thundurus|[miss]\n|-miss|p1a: Magcargo|p2a: Thundurus\n|\n|upkeep\n|turn|21\n|\n|t:|1721054032\n|move|p2a: Thundurus|Thunderbolt|p1a: Magcargo\n|-damage|p1a: Magcargo|19/265\n|move|p1a: Magcargo|Fire Blast|p2a: Thundurus\n|-damage|p2a: Thundurus|96/258\n|\n|upkeep\n|turn|22\n|\n|t:|1721054035\n|move|p2a: Thundurus|Thunderbolt|p1a: Magcargo\n|-damage|p1a: Magcargo|0 fnt\n|faint|p1a: Magcargo\n|\n|upkeep\n|\n|t:|1721054036\n|switch|p1a: Lurantis|Lurantis, L87, F|264/264\n|-damage|p1a: Lurantis|231/264|[from] Stealth Rock\n|-damage|p1a: Lurantis|198/264|[from] Spikes\n|turn|23\n|\n|t:|1721054042\n|switch|p2a: Cryogonal|Cryogonal, L89|199/287\n|move|p1a: Lurantis|Leaf Storm|p2a: Cryogonal\n|-damage|p2a: Cryogonal|112/287\n|-boost|p1a: Lurantis|spa|2\n|\n|upkeep\n|turn|24\n|\n|t:|1721054047\n|move|p2a: Cryogonal|Ice Beam|p1a: Lurantis\n|-supereffective|p1a: Lurantis\n|-damage|p1a: Lurantis|54/264\n|move|p1a: Lurantis|Leaf Storm|p2a: Cryogonal\n|-crit|p2a: Cryogonal\n|-damage|p2a: Cryogonal|0 fnt\n|-boost|p1a: Lurantis|spa|2\n|faint|p2a: Cryogonal\n|\n|upkeep\n|\n|t:|1721054057\n|switch|p2a: Iron Valiant|Iron Valiant, L79|93/247\n|turn|25\n|\n|t:|1721054060\n|move|p2a: Iron Valiant|Knock Off|p1a: Lurantis\n|-damage|p1a: Lurantis|0 fnt\n|-enditem|p1a: Lurantis|Assault Vest|[from] move: Knock Off|[of] p2a: Iron Valiant\n|faint|p1a: Lurantis\n|-damage|p2a: Iron Valiant|69/247|[from] item: Life Orb\n|\n|upkeep\n|\n|t:|1721054061\n|switch|p1a: Toxapex|Toxapex, L82, F|216/216\n|-damage|p1a: Toxapex|189/216|[from] Stealth Rock\n|-damage|p1a: Toxapex|162/216|[from] Spikes\n|turn|26\n|\n|t:|1721054069\n|move|p2a: Iron Valiant|Knock Off|p1a: Toxapex\n|-damage|p1a: Toxapex|97/216\n|-damage|p2a: Iron Valiant|28/247|[from] item: Rocky Helmet|[of] p1a: Toxapex\n|-enditem|p1a: Toxapex|Rocky Helmet|[from] move: Knock Off|[of] p2a: Iron Valiant\n|-damage|p2a: Iron Valiant|4/247|[from] item: Life Orb\n|move|p1a: Toxapex|Liquidation|p2a: Iron Valiant\n|-damage|p2a: Iron Valiant|0 fnt\n|faint|p2a: Iron Valiant\n|-end|p2a: Iron Valiant|Quark Drive|[silent]\n|\n|upkeep\n|\n|t:|1721054072\n|switch|p2a: Thundurus|Thundurus-Therian, L80, M|96/258\n|turn|27\n|\n|t:|1721054075\n|move|p2a: Thundurus|Volt Switch|p1a: Toxapex\n|-supereffective|p1a: Toxapex\n|-damage|p1a: Toxapex|0 fnt\n|faint|p1a: Toxapex\n|\n|t:|1721054078\n|switch|p2a: Ting-Lu|Ting-Lu, L78|370/370|[from] Volt Switch\n|-ability|p2a: Ting-Lu|Vessel of Ruin\n|\n|upkeep\n|\n|t:|1721054079\n|switch|p1a: Vaporeon|Vaporeon, L86, M|364/364\n|-damage|p1a: Vaporeon|319/364|[from] Stealth Rock\n|-damage|p1a: Vaporeon|274/364|[from] Spikes\n|turn|28\n|\n|t:|1721054084\n|move|p1a: Vaporeon|Calm Mind|p1a: Vaporeon\n|-boost|p1a: Vaporeon|spa|1\n|-boost|p1a: Vaporeon|spd|1\n|move|p2a: Ting-Lu|Earthquake|p1a: Vaporeon\n|-damage|p1a: Vaporeon|136/364\n|\n|-heal|p1a: Vaporeon|158/364|[from] item: Leftovers\n|upkeep\n|turn|29\n|\n|t:|1721054089\n|move|p1a: Vaporeon|Wish|p1a: Vaporeon\n|move|p2a: Ting-Lu|Earthquake|p1a: Vaporeon\n|-damage|p1a: Vaporeon|37/364\n|\n|-heal|p1a: Vaporeon|59/364|[from] item: Leftovers\n|upkeep\n|turn|30\n|\n|t:|1721054094\n|switch|p2a: Thundurus|Thundurus-Therian, L80, M|96/258\n|move|p1a: Vaporeon|Protect||[still]\n|-fail|p1a: Vaporeon\n|\n|-heal|p1a: Vaporeon|241/364|[from] move: Wish|[wisher] Vaporeon\n|-heal|p1a: Vaporeon|263/364|[from] item: Leftovers\n|upkeep\n|turn|31\n|\n|t:|1721054097\n|move|p1a: Vaporeon|Protect|p1a: Vaporeon\n|-singleturn|p1a: Vaporeon|Protect\n|move|p2a: Thundurus|Thunderbolt|p1a: Vaporeon\n|-activate|p1a: Vaporeon|move: Protect\n|\n|-heal|p1a: Vaporeon|285/364|[from] item: Leftovers\n|upkeep\n|turn|32\n|\n|t:|1721054102\n|move|p2a: Thundurus|Thunderbolt|p1a: Vaporeon\n|-supereffective|p1a: Vaporeon\n|-damage|p1a: Vaporeon|139/364\n|move|p1a: Vaporeon|Scald|p2a: Thundurus\n|-damage|p2a: Thundurus|0 fnt\n|faint|p2a: Thundurus\n|\n|-heal|p1a: Vaporeon|161/364|[from] item: Leftovers\n|upkeep\n|j| nelsoNJ\n|\n|t:|1721054106\n|switch|p2a: Ting-Lu|Ting-Lu, L78|370/370\n|-ability|p2a: Ting-Lu|Vessel of Ruin\n|turn|33\n|\n|t:|1721054111\n|move|p1a: Vaporeon|Protect|p1a: Vaporeon\n|-singleturn|p1a: Vaporeon|Protect\n|move|p2a: Ting-Lu|Earthquake|p1a: Vaporeon\n|-activate|p1a: Vaporeon|move: Protect\n|\n|-heal|p1a: Vaporeon|183/364|[from] item: Leftovers\n|upkeep\n|turn|34\n|\n|t:|1721054114\n|move|p1a: Vaporeon|Wish|p1a: Vaporeon\n|move|p2a: Ting-Lu|Earthquake|p1a: Vaporeon\n|-damage|p1a: Vaporeon|45/364\n|\n|-heal|p1a: Vaporeon|67/364|[from] item: Leftovers\n|upkeep\n|turn|35\n|\n|t:|1721054119\n|move|p1a: Vaporeon|Protect|p1a: Vaporeon\n|-singleturn|p1a: Vaporeon|Protect\n|move|p2a: Ting-Lu|Earthquake|p1a: Vaporeon\n|-activate|p1a: Vaporeon|move: Protect\n|\n|-heal|p1a: Vaporeon|249/364|[from] move: Wish|[wisher] Vaporeon\n|-heal|p1a: Vaporeon|271/364|[from] item: Leftovers\n|upkeep\n|turn|36\n|\n|t:|1721054121\n|move|p1a: Vaporeon|Wish|p1a: Vaporeon\n|move|p2a: Ting-Lu|Earthquake|p1a: Vaporeon\n|-damage|p1a: Vaporeon|130/364\n|\n|-heal|p1a: Vaporeon|152/364|[from] item: Leftovers\n|upkeep\n|turn|37\n|\n|t:|1721054125\n|move|p1a: Vaporeon|Protect|p1a: Vaporeon\n|-singleturn|p1a: Vaporeon|Protect\n|move|p2a: Ting-Lu|Spikes|p1a: Vaporeon\n|-sidestart|p1: Qiuescent|Spikes\n|\n|-heal|p1a: Vaporeon|334/364|[from] move: Wish|[wisher] Vaporeon\n|-heal|p1a: Vaporeon|356/364|[from] item: Leftovers\n|upkeep\n|turn|38\n|\n|t:|1721054128\n|move|p1a: Vaporeon|Wish|p1a: Vaporeon\n|move|p2a: Ting-Lu|Earthquake|p1a: Vaporeon\n|-damage|p1a: Vaporeon|214/364\n|\n|-heal|p1a: Vaporeon|236/364|[from] item: Leftovers\n|upkeep\n|turn|39\n|\n|t:|1721054130\n|move|p1a: Vaporeon|Protect|p1a: Vaporeon\n|-singleturn|p1a: Vaporeon|Protect\n|move|p2a: Ting-Lu|Spikes|p1a: Vaporeon\n|-sidestart|p1: Qiuescent|Spikes\n|\n|-heal|p1a: Vaporeon|364/364|[from] move: Wish|[wisher] Vaporeon\n|upkeep\n|turn|40\n|\n|t:|1721054132\n|move|p1a: Vaporeon|Wish|p1a: Vaporeon\n|move|p2a: Ting-Lu|Throat Chop|p1a: Vaporeon\n|-damage|p1a: Vaporeon|255/364\n|-start|p1a: Vaporeon|Throat Chop|[silent]\n|\n|-heal|p1a: Vaporeon|277/364|[from] item: Leftovers\n|upkeep\n|turn|41\n|\n|t:|1721054135\n|move|p1a: Vaporeon|Calm Mind|p1a: Vaporeon\n|-boost|p1a: Vaporeon|spa|1\n|-boost|p1a: Vaporeon|spd|1\n|move|p2a: Ting-Lu|Throat Chop|p1a: Vaporeon\n|-damage|p1a: Vaporeon|166/364\n|\n|-heal|p1a: Vaporeon|348/364|[from] move: Wish|[wisher] Vaporeon\n|-heal|p1a: Vaporeon|364/364|[from] item: Leftovers\n|-end|p1a: Vaporeon|Throat Chop|[silent]\n|upkeep\n|turn|42\n|\n|t:|1721054137\n|move|p1a: Vaporeon|Scald|p2a: Ting-Lu\n|-supereffective|p2a: Ting-Lu\n|-damage|p2a: Ting-Lu|52/370\n|move|p2a: Ting-Lu|Earthquake|p1a: Vaporeon\n|-damage|p1a: Vaporeon|238/364\n|\n|-heal|p1a: Vaporeon|260/364|[from] item: Leftovers\n|-heal|p2a: Ting-Lu|75/370|[from] item: Leftovers\n|upkeep\n|turn|43\n|\n|t:|1721054141\n|move|p1a: Vaporeon|Protect|p1a: Vaporeon\n|-singleturn|p1a: Vaporeon|Protect\n|move|p2a: Ting-Lu|Earthquake|p1a: Vaporeon\n|-activate|p1a: Vaporeon|move: Protect\n|\n|-heal|p1a: Vaporeon|282/364|[from] item: Leftovers\n|-heal|p2a: Ting-Lu|98/370|[from] item: Leftovers\n|upkeep\n|turn|44\n|\n|t:|1721054144\n|move|p1a: Vaporeon|Wish|p1a: Vaporeon\n|move|p2a: Ting-Lu|Earthquake|p1a: Vaporeon\n|-damage|p1a: Vaporeon|141/364\n|\n|-heal|p1a: Vaporeon|163/364|[from] item: Leftovers\n|-heal|p2a: Ting-Lu|121/370|[from] item: Leftovers\n|upkeep\n|turn|45\n|\n|t:|1721054147\n|move|p1a: Vaporeon|Protect|p1a: Vaporeon\n|-singleturn|p1a: Vaporeon|Protect\n|move|p2a: Ting-Lu|Earthquake|p1a: Vaporeon\n|-activate|p1a: Vaporeon|move: Protect\n|\n|-heal|p1a: Vaporeon|345/364|[from] move: Wish|[wisher] Vaporeon\n|-heal|p1a: Vaporeon|364/364|[from] item: Leftovers\n|-heal|p2a: Ting-Lu|144/370|[from] item: Leftovers\n|upkeep\n|turn|46\n|\n|t:|1721054150\n|move|p1a: Vaporeon|Calm Mind|p1a: Vaporeon\n|-boost|p1a: Vaporeon|spa|1\n|-boost|p1a: Vaporeon|spd|1\n|move|p2a: Ting-Lu|Earthquake|p1a: Vaporeon\n|-damage|p1a: Vaporeon|220/364\n|\n|-heal|p1a: Vaporeon|242/364|[from] item: Leftovers\n|-heal|p2a: Ting-Lu|167/370|[from] item: Leftovers\n|upkeep\n|turn|47\n|\n|t:|1721054153\n|move|p1a: Vaporeon|Protect|p1a: Vaporeon\n|-singleturn|p1a: Vaporeon|Protect\n|move|p2a: Ting-Lu|Earthquake|p1a: Vaporeon\n|-activate|p1a: Vaporeon|move: Protect\n|\n|-heal|p1a: Vaporeon|264/364|[from] item: Leftovers\n|-heal|p2a: Ting-Lu|190/370|[from] item: Leftovers\n|upkeep\n|turn|48\n|\n|t:|1721054155\n|move|p1a: Vaporeon|Wish|p1a: Vaporeon\n|move|p2a: Ting-Lu|Earthquake|p1a: Vaporeon\n|-damage|p1a: Vaporeon|140/364\n|\n|-heal|p1a: Vaporeon|162/364|[from] item: Leftovers\n|-heal|p2a: Ting-Lu|213/370|[from] item: Leftovers\n|upkeep\n|turn|49\n|\n|t:|1721054159\n|move|p1a: Vaporeon|Protect|p1a: Vaporeon\n|-singleturn|p1a: Vaporeon|Protect\n|move|p2a: Ting-Lu|Stealth Rock||[still]\n|-fail|p2a: Ting-Lu\n|\n|-heal|p1a: Vaporeon|344/364|[from] move: Wish|[wisher] Vaporeon\n|-heal|p1a: Vaporeon|364/364|[from] item: Leftovers\n|-heal|p2a: Ting-Lu|236/370|[from] item: Leftovers\n|upkeep\n|turn|50\n|\n|t:|1721054161\n|move|p1a: Vaporeon|Scald|p2a: Ting-Lu\n|-supereffective|p2a: Ting-Lu\n|-crit|p2a: Ting-Lu\n|-damage|p2a: Ting-Lu|0 fnt\n|faint|p2a: Ting-Lu\n|\n|win|Qiuescent\n|raw|Qiuescent's rating: 2216 &rarr; <strong>2237</strong><br />(+21 for winning)\n|raw|orangenkopf's rating: 2233 &rarr; <strong>2212</strong><br />(-21 for losing)\n", "inputlog": ">version f7ad7c1b8a6ce355e8dbcd95eca255f5f71ead83\n>start {\"formatid\":\"gen9randombattle\",\"seed\":[34638,53970,62626,54100],\"rated\":\"Rated battle\"}\n>player p1 {\"name\":\"Qiuescent\",\"avatar\":\"2\",\"rating\":2216,\"seed\":[9177,48430,28286,21296]}\n>player p2 {\"name\":\"orangenkopf\",\"avatar\":\"waitress-gen4\",\"rating\":2233,\"seed\":[7788,30701,37191,12726]}\n>p1 switch 4\n>p2 move stealthrock\n>p1 move leafstorm\n>p2 switch 3\n>p1 switch 5\n>p2 move icebeam\n>p1 move snowscape\n>p2 switch 6\n>p1 move iciclecrash\n>p2 move earthquake\n>p1 move iciclecrash\n>p2 move overheat\n>p2 switch 5\n>p1 move iciclecrash\n>p2 move closecombat\n>chat \u2606orangenkopf|sure\n>p1 move iciclecrash\n>p2 move closecombat\n>p1 switch 2\n>p1 move liquidation\n>p2 switch 3\n>p1 switch 6\n>p2 move spikes\n>p1 move calmmind\n>p2 move throatchop\n>p1 move strengthsap\n>p2 move throatchop\n>p1 move strengthsap\n>p2 move throatchop\n>p1 move strengthsap terastallize\n>p2 move throatchop\n>p1 move calmmind\n>p2 switch 2\n>p1 move airslash\n>p2 move sludgebomb terastallize\n>p1 move airslash\n>p2 move sludgebomb\n>p1 move shadowball\n>p2 move sludgebomb\n>p2 switch 4\n>p1 move strengthsap\n>p2 move thunderbolt\n>p1 switch 4\n>p1 move fireblast\n>p2 move thunderbolt\n>p1 move fireblast\n>p2 move thunderbolt\n>p1 move fireblast\n>p2 move thunderbolt\n>p1 switch 5\n>p1 move leafstorm\n>p2 switch 6\n>p1 move leafstorm\n>p2 move icebeam\n>p2 switch 3\n>p1 move leafstorm\n>p2 move knockoff\n>p1 switch 6\n>p1 move liquidation\n>p2 move knockoff\n>p2 switch 6\n>p1 move liquidation\n>p2 move voltswitch\n>p2 switch 2\n>p1 switch 3\n>p1 move calmmind\n>p2 move earthquake\n>p1 move wish\n>p2 move earthquake\n>p1 move protect\n>p2 switch 2\n>p1 move protect\n>p2 move thunderbolt\n>p1 move scald\n>p2 move thunderbolt\n>p2 switch 2\n>p1 move protect\n>p2 move earthquake\n>p1 move wish\n>p2 move earthquake\n>p1 move protect\n>p2 move earthquake\n>p1 move wish\n>p2 move earthquake\n>p1 move protect\n>p2 move spikes\n>p1 move wish\n>p2 move earthquake\n>p1 move protect\n>p2 move spikes\n>p1 move wish\n>p2 move throatchop\n>p1 move calmmind\n>p2 move throatchop\n>p1 move scald\n>p2 move earthquake\n>p1 move protect\n>p2 move earthquake\n>p1 move wish\n>p2 move earthquake\n>p1 move protect\n>p2 move earthquake\n>p1 move calmmind\n>p2 move earthquake\n>p1 move protect\n>p2 move earthquake\n>p1 move wish\n>p2 move earthquake\n>p1 move protect\n>p2 move stealthrock\n>p1 move scald\n>p2 move throatchop", "uploadtime": 1721054167, "views": 157, "formatid": "gen9randombattle", "rating": 2212, "private": 0, "password": null}