{"id": "gen9randombattle-2260490687", "format": "[Gen 9] Random Battle", "players": ["cheri05", "aceeeeeee"], "log": "|j|\u2606cheri05\n|j|\u2606aceeeeeee\n|t:|1733856665\n|gametype|singles\n|player|p1|cheri05|ethan|1787\n|player|p2|aceeeeeee|dawn|1737\n|teamsize|p1|6\n|teamsize|p2|6\n|gen|9\n|tier|[Gen 9] Random Battle\n|rated|\n|rule|Species Clause: Limit one of each Pok\u00e9mon\n|rule|HP Percentage Mod: HP is shown in percentages\n|rule|Sleep Clause Mod: Limit one foe put to sleep\n|rule|Illusion Level Mod: Illusion disguises the Pok\u00e9mon's true level\n|\n|t:|1733856665\n|start\n|switch|p1a: Toxtricity|Toxtricity, L82, M|257/257\n|switch|p2a: Toxtricity|Toxtricity, L82, F|257/257\n|turn|1\n|\n|t:|1733856674\n|move|p2a: Toxtricity|Volt Switch|p1a: Toxtricity\n|-resisted|p1a: Toxtricity\n|-damage|p1a: Toxtricity|189/257\n|inactive|Battle timer is ON: inactive players will automatically lose when time's up. (requested by cheri05)\n|\n|t:|1733856693\n|switch|p2a: Typhlosion|Typhlosion-Hisui, L83, M|257/257|[from] Volt Switch\n|move|p1a: Toxtricity|Volt Switch|p2a: Typhlosion\n|-damage|p2a: Typhlosion|143/257\n|\n|t:|1733856707\n|switch|p1a: Terapagos|Terapagos, L76, M|262/262|[from] Volt Switch\n|-activate|p1a: Terapagos|ability: Tera Shift\n|detailschange|p1a: Terapagos|Terapagos-Terastal, L76, M\n|-heal|p1a: Terapagos|269/269|[silent]\n|\n|upkeep\n|turn|2\n|\n|t:|1733856719\n|switch|p2a: Poliwrath|Poliwrath, L88, F|302/302\n|move|p1a: Terapagos|Dark Pulse|p2a: Poliwrath\n|-resisted|p2a: Poliwrath\n|-damage|p2a: Poliwrath|279/302\n|\n|upkeep\n|turn|3\n|\n|t:|1733856725\n|switch|p1a: Toxtricity|Toxtricity, L82, M|189/257\n|move|p2a: Poliwrath|Rain Dance|p2a: Poliwrath\n|-weather|RainDance\n|\n|-weather|RainDance|[upkeep]\n|upkeep\n|turn|4\n|\n|t:|1733856728\n|move|p2a: Poliwrath|Liquidation|p1a: Toxtricity\n|-damage|p1a: Toxtricity|0 fnt\n|faint|p1a: Toxtricity\n|-damage|p2a: Poliwrath|249/302|[from] item: Life Orb\n|\n|-weather|RainDance|[upkeep]\n|upkeep\n|\n|t:|1733856733\n|switch|p1a: Decidueye|Decidueye-Hisui, L87, F|295/295\n|turn|5\n|\n|t:|1733856748\n|move|p2a: Poliwrath|Knock Off|p1a: Decidueye\n|-resisted|p1a: Decidueye\n|-damage|p1a: Decidueye|242/295\n|-enditem|p1a: Decidueye|Leftovers|[from] move: Knock Off|[of] p2a: Poliwrath\n|-damage|p2a: Poliwrath|219/302|[from] item: Life Orb\n|move|p1a: Decidueye|Triple Arrows|p2a: Poliwrath\n|-damage|p2a: Poliwrath|113/302\n|\n|-weather|RainDance|[upkeep]\n|upkeep\n|turn|6\n|\n|t:|1733856756\n|switch|p2a: Grafaiai|Grafaiai, L86, M|249/249\n|move|p1a: Decidueye|Leaf Blade|p2a: Grafaiai\n|-resisted|p2a: Grafaiai\n|-damage|p2a: Grafaiai|185/249\n|\n|-weather|RainDance|[upkeep]\n|upkeep\n|turn|7\n|\n|t:|1733856773\n|move|p2a: Grafaiai|Gunk Shot|p1a: Decidueye\n|-supereffective|p1a: Decidueye\n|-damage|p1a: Decidueye|0 fnt\n|faint|p1a: Decidueye\n|\n|-weather|none\n|upkeep\n|\n|t:|1733856779\n|switch|p1a: Piloswine|Piloswine, L85, M|309/309\n|turn|8\n|\n|t:|1733856784\n|move|p2a: Grafaiai|Parting Shot|p1a: Piloswine\n|-unboost|p1a: Piloswine|atk|1\n|-unboost|p1a: Piloswine|spa|1\n|\n|t:|1733856793\n|switch|p2a: Poliwrath|Poliwrath, L88, F|113/302|[from] Parting Shot\n|move|p1a: Piloswine|Stealth Rock|p2a: Poliwrath\n|-sidestart|p2: aceeeeeee|move: Stealth Rock\n|\n|upkeep\n|turn|9\n|\n|t:|1733856799\n|move|p2a: Poliwrath|Rain Dance|p2a: Poliwrath\n|-weather|RainDance\n|move|p1a: Piloswine|Earthquake|p2a: Poliwrath\n|-damage|p2a: Poliwrath|47/302\n|\n|-weather|RainDance|[upkeep]\n|upkeep\n|turn|10\n|\n|t:|1733856803\n|move|p2a: Poliwrath|Liquidation|p1a: Piloswine\n|-supereffective|p1a: Piloswine\n|-damage|p1a: Piloswine|20/309\n|-damage|p2a: Poliwrath|17/302|[from] item: Life Orb\n|move|p1a: Piloswine|Earthquake|p2a: Poliwrath\n|-damage|p2a: Poliwrath|0 fnt\n|faint|p2a: Poliwrath\n|\n|-weather|RainDance|[upkeep]\n|upkeep\n|\n|t:|1733856811\n|switch|p2a: Grafaiai|Grafaiai, L86, M|185/249\n|turn|11\n|\n|t:|1733856815\n|move|p2a: Grafaiai|Knock Off|p1a: Piloswine\n|-damage|p1a: Piloswine|0 fnt\n|-enditem|p1a: Piloswine|Eviolite|[from] move: Knock Off|[of] p2a: Grafaiai\n|faint|p1a: Piloswine\n|\n|-weather|RainDance|[upkeep]\n|upkeep\n|\n|t:|1733856823\n|switch|p1a: Zacian|Zacian-Crowned, L64|225/225\n|-ability|p1a: Zacian|Intrepid Sword|boost\n|-boost|p1a: Zacian|atk|1\n|turn|12\n|\n|t:|1733856829\n|move|p2a: Grafaiai|Parting Shot|p1a: Zacian\n|-unboost|p1a: Zacian|atk|1\n|-unboost|p1a: Zacian|spa|1\n|\n|t:|1733856835\n|switch|p2a: Basculegion|Basculegion, L81, M|327/327|[from] Parting Shot\n|-damage|p2a: Basculegion|287/327|[from] Stealth Rock\n|move|p1a: Zacian|Behemoth Blade|p2a: Basculegion\n|-resisted|p2a: Basculegion\n|-damage|p2a: Basculegion|229/327\n|\n|-weather|RainDance|[upkeep]\n|upkeep\n|turn|13\n|\n|t:|1733856843\n|move|p1a: Zacian|Swords Dance|p1a: Zacian\n|-boost|p1a: Zacian|atk|2\n|move|p2a: Basculegion|Wave Crash|p1a: Zacian\n|-damage|p1a: Zacian|0 fnt\n|faint|p1a: Zacian\n|-damage|p2a: Basculegion|155/327|[from] Recoil\n|\n|-weather|none\n|upkeep\n|\n|t:|1733856854\n|switch|p1a: Pawmot|Pawmot, L80, F|243/243\n|turn|14\n|\n|t:|1733856864\n|move|p1a: Pawmot|Double Shock|p2a: Basculegion\n|-supereffective|p2a: Basculegion\n|-damage|p2a: Basculegion|0 fnt\n|-start|p1a: Pawmot|typechange|???/Fighting|[from] move: Double Shock\n|faint|p2a: Basculegion\n|-damage|p1a: Pawmot|219/243|[from] item: Life Orb\n|\n|upkeep\n|\n|t:|1733856881\n|switch|p2a: Typhlosion|Typhlosion-Hisui, L83, M|143/257\n|-damage|p2a: Typhlosion|79/257|[from] Stealth Rock\n|turn|15\n|\n|t:|1733856889\n|move|p2a: Typhlosion|Fire Blast|p1a: Pawmot|[miss]\n|-miss|p2a: Typhlosion|p1a: Pawmot\n|move|p1a: Pawmot|Revival Blessing|p1a: Pawmot\n|\n|t:|1733856893\n|-heal|p1: Zacian|112/225|[from] move: Revival Blessing\n|\n|upkeep\n|turn|16\n|\n|t:|1733856896\n|switch|p1a: Terapagos|Terapagos-Terastal, L76, M|269/269\n|move|p2a: Typhlosion|Fire Blast|p1a: Terapagos\n|-activate|p1a: Terapagos|ability: Tera Shell\n|-resisted|p1a: Terapagos\n|-damage|p1a: Terapagos|170/269\n|\n|upkeep\n|turn|17\n|\n|t:|1733856913\n|-terastallize|p1a: Terapagos|Stellar\n|detailschange|p1a: Terapagos|Terapagos-Stellar, L76, M, tera:Stellar\n|-heal|p1a: Terapagos|269/368|[silent]\n|move|p2a: Typhlosion|Fire Blast|p1a: Terapagos\n|-damage|p1a: Terapagos|76/368\n|move|p1a: Terapagos|Dark Pulse|p2a: Typhlosion\n|-supereffective|p2a: Typhlosion\n|-damage|p2a: Typhlosion|0 fnt\n|faint|p2a: Typhlosion\n|\n|upkeep\n|\n|t:|1733856927\n|switch|p2a: Grafaiai|Grafaiai, L86, M|185/249\n|turn|18\n|\n|t:|1733856932\n|switch|p1a: Zacian|Zacian-Crowned, L64|112/225\n|move|p2a: Grafaiai|Gunk Shot|p1a: Zacian\n|-immune|p1a: Zacian\n|\n|upkeep\n|turn|19\n|\n|t:|1733856943\n|move|p2a: Grafaiai|Parting Shot|p1a: Zacian\n|-unboost|p1a: Zacian|atk|1\n|-unboost|p1a: Zacian|spa|1\n|\n|t:|1733856949\n|switch|p2a: Toxtricity|Toxtricity, L82, F|257/257|[from] Parting Shot\n|-damage|p2a: Toxtricity|225/257|[from] Stealth Rock\n|move|p1a: Zacian|Swords Dance|p1a: Zacian\n|-boost|p1a: Zacian|atk|2\n|\n|upkeep\n|turn|20\n|\n|t:|1733856963\n|move|p1a: Zacian|Behemoth Blade|p2a: Toxtricity\n|-resisted|p2a: Toxtricity\n|-damage|p2a: Toxtricity|150/257\n|move|p2a: Toxtricity|Volt Switch|p1a: Zacian\n|-damage|p1a: Zacian|0 fnt\n|faint|p1a: Zacian\n|\n|t:|1733856973\n|switch|p2a: Grafaiai|Grafaiai, L86, M|185/249|[from] Volt Switch\n|\n|upkeep\n|\n|t:|1733856980\n|switch|p1a: Pawmot|Pawmot, L80, F|219/243\n|turn|21\n|\n|t:|1733856989\n|move|p2a: Grafaiai|Parting Shot|p1a: Pawmot\n|-unboost|p1a: Pawmot|atk|1\n|-unboost|p1a: Pawmot|spa|1\n|\n|t:|1733856999\n|switch|p2a: Terapagos|Terapagos, L76, F|262/262|[from] Parting Shot\n|-activate|p2a: Terapagos|ability: Tera Shift\n|detailschange|p2a: Terapagos|Terapagos-Terastal, L76, F\n|-heal|p2a: Terapagos|269/269|[silent]\n|move|p1a: Pawmot|Ice Punch|p2a: Terapagos\n|-activate|p2a: Terapagos|ability: Tera Shell\n|-resisted|p2a: Terapagos\n|-damage|p2a: Terapagos|239/269\n|-damage|p1a: Pawmot|195/243|[from] item: Life Orb\n|\n|upkeep\n|turn|22\n|\n|t:|1733857010\n|move|p1a: Pawmot|Close Combat|p2a: Terapagos\n|-supereffective|p2a: Terapagos\n|-damage|p2a: Terapagos|36/269\n|-unboost|p1a: Pawmot|def|1\n|-unboost|p1a: Pawmot|spd|1\n|-damage|p1a: Pawmot|171/243|[from] item: Life Orb\n|move|p2a: Terapagos|Earth Power|p1a: Pawmot\n|-supereffective|p1a: Pawmot\n|-damage|p1a: Pawmot|0 fnt\n|faint|p1a: Pawmot\n|\n|upkeep\n|\n|t:|1733857016\n|switch|p1a: Terapagos|Terapagos-Stellar, L76, M, tera:Stellar|76/368\n|turn|23\n|\n|t:|1733857022\n|move|p1a: Terapagos|Rapid Spin|p2a: Terapagos\n|-damage|p2a: Terapagos|0 fnt\n|-boost|p1a: Terapagos|spe|1\n|faint|p2a: Terapagos\n|\n|upkeep\n|\n|t:|1733857028\n|switch|p2a: Grafaiai|Grafaiai, L86, M|185/249\n|turn|24\n|\n|t:|1733857032\n|move|p2a: Grafaiai|Encore|p1a: Terapagos\n|-start|p1a: Terapagos|Encore\n|move|p1a: Terapagos|Rapid Spin|p2a: Grafaiai\n|-damage|p2a: Grafaiai|93/249\n|-boost|p1a: Terapagos|spe|1\n|\n|upkeep\n|turn|25\n|\n|t:|1733857035\n|move|p1a: Terapagos|Rapid Spin|p2a: Grafaiai\n|-damage|p2a: Grafaiai|5/249\n|-boost|p1a: Terapagos|spe|1\n|move|p2a: Grafaiai|Gunk Shot|p1a: Terapagos\n|-damage|p1a: Terapagos|0 fnt\n|faint|p1a: Terapagos\n|\n|win|aceeeeeee\n|raw|cheri05's rating: 1787 &rarr; <strong>1764</strong><br />(-23 for losing)\n|raw|aceeeeeee's rating: 1737 &rarr; <strong>1760</strong><br />(+23 for winning)\n|c|\u2606aceeeeeee|gg\n|c|\u2606aceeeeeee|nice match\n|l|\u2606cheri05\n|player|p1|\n", "inputlog": ">version bfd83cad13791eb5a5a409923076391caf6fb4d4\n>start {\"formatid\":\"gen9randombattle\",\"seed\":[2121,46180,55876,11077],\"rated\":\"Rated battle\"}\n>player p1 {\"name\":\"cheri05\",\"avatar\":\"ethan\",\"rating\":1787,\"seed\":[32333,40780,43417,59036]}\n>player p2 {\"name\":\"aceeeeeee\",\"avatar\":\"dawn\",\"rating\":1737,\"seed\":[34678,28597,27398,38343]}\n>p1 move voltswitch\n>p2 move voltswitch\n>p2 switch 4\n>p1 switch 6\n>p1 move darkpulse\n>p2 switch 3\n>p1 switch 6\n>p2 move raindance\n>p1 move overdrive\n>p2 move liquidation\n>p1 switch 3\n>p1 move triplearrows\n>p2 move knockoff\n>p1 move leafblade\n>p2 switch 2\n>p1 move knockoff\n>p2 move gunkshot\n>p1 switch 2\n>p1 move stealthrock\n>p2 move partingshot\n>p2 switch 2\n>p1 move earthquake\n>p2 move raindance\n>p1 move earthquake\n>p2 move liquidation\n>p2 switch 2\n>p1 move earthquake\n>p2 move knockoff\n>p1 switch 4\n>p1 move behemothblade\n>p2 move partingshot\n>p2 switch 6\n>p1 move swordsdance\n>p2 move wavecrash\n>p1 switch 5\n>p1 move doubleshock\n>p2 move flipturn\n>p2 switch 3\n>p1 move revivalblessing\n>p2 move fireblast\n>p1 switch 5\n>p1 switch 6\n>p2 move fireblast\n>p1 move darkpulse terastallize\n>p2 move fireblast\n>p2 switch 6\n>p1 switch 5\n>p2 move gunkshot\n>p1 move swordsdance\n>p2 move partingshot\n>p2 switch 4\n>p1 move behemothblade\n>p2 move voltswitch\n>p2 switch 4\n>p1 switch 6\n>p1 move icepunch\n>p2 move partingshot\n>p2 switch 5\n>p1 move closecombat\n>p2 move earthpower\n>p1 switch 5\n>p1 move rapidspin\n>p2 move terastarstorm\n>p2 switch 5\n>p1 move terastarstorm\n>p2 move encore\n>p1 move rapidspin\n>p2 move gunkshot", "uploadtime": 1733857044, "views": 2, "formatid": "gen9randombattle", "rating": 1760, "private": 0, "password": null}