{"id": "gen9randombattle-2237176422", "format": "[Gen 9] Random Battle", "players": ["useemstohavefun", "jgola13"], "log": "|badge|p1|bronze|gen9randombattle|100-3\n|uhtml|medal-msg|<div class=\"broadcast-blue\">Curious what those medals under the avatar are? PS now has Ladder Seasons! For more information, check out the <a href=\"https://www.smogon.com/forums/threads/3740067/\">thread on Smogon.</a></div>\n|j|\u2606useemstohavefun\n|j|\u2606jgola13\n|t:|1730729818\n|gametype|singles\n|player|p1|useemstohavefun|thorton|2318\n|player|p2|jgola13|101|2242\n|teamsize|p1|6\n|teamsize|p2|6\n|gen|9\n|tier|[Gen 9] Random Battle\n|rated|\n|rule|Species Clause: Limit one of each Pok\u00e9mon\n|rule|HP Percentage Mod: HP is shown in percentages\n|rule|Sleep Clause Mod: Limit one foe put to sleep\n|rule|Illusion Level Mod: Illusion disguises the Pok\u00e9mon's true level\n|\n|t:|1730729818\n|start\n|switch|p1a: Toedscruel|Toedscruel, L87, F|281/281\n|switch|p2a: Scrafty|Scrafty, L84, F|246/246\n|turn|1\n|inactive|Battle timer is ON: inactive players will automatically lose when time's up. (requested by useemstohavefun)\n|j| randbatman\n|l| randbatman\n|j| randbatman\n|\n|t:|1730729842\n|move|p2a: Scrafty|Bulk Up|p2a: Scrafty\n|-boost|p2a: Scrafty|atk|1\n|-boost|p2a: Scrafty|def|1\n|move|p1a: Toedscruel|Spore|p2a: Scrafty\n|-status|p2a: Scrafty|slp|[from] move: Spore\n|\n|-activate|p2a: Scrafty|ability: Shed Skin\n|-curestatus|p2a: Scrafty|slp|[msg]\n|upkeep\n|turn|2\n|\n|t:|1730729845\n|switch|p1a: Malamar|Malamar, L82, F|275/275\n|move|p2a: Scrafty|Knock Off|p1a: Malamar\n|-damage|p1a: Malamar|136/275\n|-enditem|p1a: Malamar|Leftovers|[from] move: Knock Off|[of] p2a: Scrafty\n|\n|upkeep\n|turn|3\n|j| Nikinn03\n|inactive|jgola13 has 120 seconds left.\n|\n|t:|1730729880\n|move|p1a: Malamar|Superpower|p2a: Scrafty\n|-supereffective|p2a: Scrafty\n|-damage|p2a: Scrafty|168/246\n|-boost|p1a: Malamar|atk|1\n|-boost|p1a: Malamar|def|1\n|move|p2a: Scrafty|Drain Punch|p1a: Malamar\n|-damage|p1a: Malamar|54/275\n|-heal|p2a: Scrafty|209/246|[from] drain|[of] p1a: Malamar\n|\n|-heal|p2a: Scrafty|224/246|[from] item: Leftovers\n|upkeep\n|turn|4\n|\n|t:|1730729898\n|move|p1a: Malamar|Rest|p1a: Malamar\n|-status|p1a: Malamar|slp|[from] move: Rest\n|-heal|p1a: Malamar|275/275 slp|[silent]\n|move|p2a: Scrafty|Drain Punch|p1a: Malamar\n|-damage|p1a: Malamar|196/275 slp\n|-heal|p2a: Scrafty|246/246|[from] drain|[of] p1a: Malamar\n|\n|upkeep\n|turn|5\n|\n|t:|1730729905\n|switch|p2a: Cramorant|Cramorant, L86, M|261/261\n|cant|p1a: Malamar|slp\n|move|p1a: Malamar|Sleep Talk|p1a: Malamar\n|move|p1a: Malamar|Superpower|p2a: Cramorant|[from]move: Sleep Talk\n|-resisted|p2a: Cramorant\n|-damage|p2a: Cramorant|183/261\n|-boost|p1a: Malamar|atk|1\n|-boost|p1a: Malamar|def|1\n|\n|upkeep\n|turn|6\n|\n|t:|1730729917\n|move|p2a: Cramorant|Surf|p1a: Malamar\n|-formechange|p2a: Cramorant|Cramorant-Gulping|\n|-damage|p1a: Malamar|87/275 slp\n|cant|p1a: Malamar|slp\n|move|p1a: Malamar|Sleep Talk|p1a: Malamar\n|move|p1a: Malamar|Knock Off|p2a: Cramorant|[from]move: Sleep Talk\n|-damage|p2a: Cramorant|0 fnt\n|-damage|p1a: Malamar|19/275 slp|[from] ability: Gulp Missile|[of] p2a: Cramorant\n|-boost|p1a: Malamar|def|1\n|-formechange|p2a: Cramorant|Cramorant|\n|-enditem|p2a: Cramorant|Heavy-Duty Boots|[from] move: Knock Off|[of] p1a: Malamar\n|faint|p2a: Cramorant\n|\n|upkeep\n|\n|t:|1730729932\n|switch|p2a: Vigoroth|Vigoroth, L85, F|275/275\n|turn|7\n|\n|t:|1730729937\n|move|p2a: Vigoroth|Body Slam|p1a: Malamar\n|-damage|p1a: Malamar|0 fnt\n|faint|p1a: Malamar\n|\n|upkeep\n|\n|t:|1730729945\n|switch|p1a: Skuntank|Skuntank, L84, F|310/310\n|turn|8\n|\n|t:|1730729968\n|switch|p2a: Archaludon|Archaludon, L78, M|268/268\n|move|p1a: Skuntank|Knock Off|p2a: Archaludon\n|-damage|p2a: Archaludon|189/268\n|-ability|p2a: Archaludon|Stamina|boost\n|-boost|p2a: Archaludon|def|1\n|-enditem|p2a: Archaludon|Lum Berry|[from] move: Knock Off|[of] p1a: Skuntank\n|\n|upkeep\n|turn|9\n|\n|t:|1730729980\n|switch|p1a: Toedscruel|Toedscruel, L87, F|281/281\n|move|p2a: Archaludon|Iron Head|p1a: Toedscruel\n|-damage|p1a: Toedscruel|182/281\n|\n|-heal|p1a: Toedscruel|199/281|[from] item: Leftovers\n|upkeep\n|turn|10\n|\n|t:|1730729991\n|switch|p2a: Grumpig|Grumpig, L92, M|297/297\n|move|p1a: Toedscruel|Earth Power|p2a: Grumpig\n|-damage|p2a: Grumpig|224/297\n|\n|-heal|p1a: Toedscruel|216/281|[from] item: Leftovers\n|upkeep\n|turn|11\n|\n|t:|1730729997\n|move|p2a: Grumpig|Shadow Ball|p1a: Toedscruel\n|-damage|p1a: Toedscruel|149/281\n|move|p1a: Toedscruel|Spore|p2a: Grumpig\n|-status|p2a: Grumpig|slp|[from] move: Spore\n|\n|-heal|p1a: Toedscruel|166/281|[from] item: Leftovers\n|upkeep\n|turn|12\n|\n|t:|1730730002\n|switch|p2a: Vigoroth|Vigoroth, L85, F|275/275\n|move|p1a: Toedscruel|Giga Drain|p2a: Vigoroth\n|-damage|p2a: Vigoroth|206/275\n|-heal|p1a: Toedscruel|201/281|[from] drain|[of] p2a: Vigoroth\n|\n|-heal|p1a: Toedscruel|218/281|[from] item: Leftovers\n|upkeep\n|turn|13\n|\n|t:|1730730006\n|switch|p1a: Skuntank|Skuntank, L84, F|310/310\n|move|p2a: Vigoroth|Body Slam|p1a: Skuntank\n|-damage|p1a: Skuntank|213/310\n|\n|-heal|p1a: Skuntank|232/310|[from] item: Leftovers\n|upkeep\n|turn|14\n|\n|t:|1730730010\n|switch|p2a: Archaludon|Archaludon, L78, M|189/268\n|move|p1a: Skuntank|Knock Off|p2a: Archaludon\n|-damage|p2a: Archaludon|140/268\n|-ability|p2a: Archaludon|Stamina|boost\n|-boost|p2a: Archaludon|def|1\n|\n|-heal|p1a: Skuntank|251/310|[from] item: Leftovers\n|upkeep\n|turn|15\n|\n|t:|1730730014\n|move|p1a: Skuntank|Toxic Spikes|p2a: Archaludon\n|-sidestart|p2: jgola13|move: Toxic Spikes\n|move|p2a: Archaludon|Iron Head|p1a: Skuntank\n|-damage|p1a: Skuntank|151/310\n|\n|-heal|p1a: Skuntank|170/310|[from] item: Leftovers\n|upkeep\n|turn|16\n|\n|t:|1730730023\n|switch|p1a: Toedscruel|Toedscruel, L87, F|218/281\n|move|p2a: Archaludon|Earthquake|p1a: Toedscruel\n|-resisted|p1a: Toedscruel\n|-damage|p1a: Toedscruel|177/281\n|\n|-heal|p1a: Toedscruel|194/281|[from] item: Leftovers\n|upkeep\n|turn|17\n|\n|t:|1730730026\n|switch|p2a: Grumpig|Grumpig, L92, M|224/297 slp\n|move|p1a: Toedscruel|Earth Power|p2a: Grumpig\n|-damage|p2a: Grumpig|149/297 slp\n|\n|-heal|p1a: Toedscruel|211/281|[from] item: Leftovers\n|upkeep\n|turn|18\n|\n|t:|1730730029\n|move|p1a: Toedscruel|Giga Drain|p2a: Grumpig\n|-damage|p2a: Grumpig|91/297 slp\n|-heal|p1a: Toedscruel|240/281|[from] drain|[of] p2a: Grumpig\n|cant|p2a: Grumpig|slp\n|\n|-heal|p1a: Toedscruel|257/281|[from] item: Leftovers\n|upkeep\n|turn|19\n|\n|t:|1730730044\n|move|p1a: Toedscruel|Earth Power|p2a: Grumpig\n|-damage|p2a: Grumpig|22/297 slp\n|cant|p2a: Grumpig|slp\n|\n|-heal|p1a: Toedscruel|274/281|[from] item: Leftovers\n|upkeep\n|turn|20\n|\n|t:|1730730048\n|move|p1a: Toedscruel|Giga Drain|p2a: Grumpig\n|-damage|p2a: Grumpig|0 fnt\n|-heal|p1a: Toedscruel|281/281|[from] drain|[of] p2a: Grumpig\n|faint|p2a: Grumpig\n|\n|upkeep\n|\n|t:|1730730051\n|switch|p2a: Vigoroth|Vigoroth, L85, F|206/275\n|-status|p2a: Vigoroth|psn\n|turn|21\n|\n|t:|1730730059\n|switch|p1a: Minior|Minior-Indigo, L79|224/224\n|-formechange|p1a: Minior|Minior-Meteor||[from] ability: Shields Down\n|move|p2a: Vigoroth|Body Slam|p1a: Minior\n|-resisted|p1a: Minior\n|-damage|p1a: Minior|188/224\n|\n|-damage|p2a: Vigoroth|172/275 psn|[from] psn\n|upkeep\n|turn|22\n|\n|t:|1730730065\n|move|p2a: Vigoroth|Body Slam|p1a: Minior\n|-resisted|p1a: Minior\n|-damage|p1a: Minior|146/224\n|move|p1a: Minior|Shell Smash|p1a: Minior\n|-unboost|p1a: Minior|def|1\n|-unboost|p1a: Minior|spd|1\n|-boost|p1a: Minior|atk|2\n|-boost|p1a: Minior|spa|2\n|-boost|p1a: Minior|spe|2\n|-enditem|p1a: Minior|White Herb\n|-clearnegativeboost|p1a: Minior|[silent]\n|\n|-damage|p2a: Vigoroth|138/275 psn|[from] psn\n|upkeep\n|turn|23\n|\n|t:|1730730074\n|move|p1a: Minior|Acrobatics|p2a: Vigoroth\n|-damage|p2a: Vigoroth|32/275 psn\n|move|p2a: Vigoroth|Body Slam|p1a: Minior\n|-resisted|p1a: Minior\n|-damage|p1a: Minior|107/224\n|\n|-damage|p2a: Vigoroth|0 fnt|[from] psn\n|faint|p2a: Vigoroth\n|-formechange|p1a: Minior|Minior-Indigo||[from] ability: Shields Down\n|upkeep\n|\n|t:|1730730085\n|switch|p2a: Scrafty|Scrafty, L84, F|246/246\n|-status|p2a: Scrafty|psn\n|turn|24\n|\n|t:|1730730093\n|-terastallize|p2a: Scrafty|Poison\n|move|p1a: Minior|Acrobatics|p2a: Scrafty\n|-damage|p2a: Scrafty|81/246 psn\n|move|p2a: Scrafty|Drain Punch|p1a: Minior\n|-damage|p1a: Minior|11/224\n|-heal|p2a: Scrafty|129/246 psn|[from] drain|[of] p1a: Minior\n|\n|-heal|p2a: Scrafty|144/246 psn|[from] item: Leftovers\n|-damage|p2a: Scrafty|114/246 psn|[from] psn\n|upkeep\n|turn|25\n|-message|jgola13 forfeited.\n|\n|win|useemstohavefun\n|raw|useemstohavefun's rating: 2318 &rarr; <strong>2334</strong><br />(+16 for winning)\n|raw|jgola13's rating: 2242 &rarr; <strong>2226</strong><br />(-16 for losing)\n|l|\u2606jgola13\n|player|p2|\n", "inputlog": ">version a4f42d48c0ba8c19aa1220fc847216ad1267a0d1\n>start {\"formatid\":\"gen9randombattle\",\"seed\":[17806,38471,18292,42749],\"rated\":\"Rated battle\"}\n>player p1 {\"name\":\"useemstohavefun\",\"avatar\":\"thorton\",\"rating\":2318,\"seed\":[59682,30955,47545,11989]}\n>player p2 {\"name\":\"jgola13\",\"avatar\":\"101\",\"rating\":2242,\"seed\":[58376,35568,59248,13332]}\n>p1 move spore\n>p2 move bulkup\n>p1 switch 3\n>p2 move knockoff\n>p1 move superpower\n>p2 move drainpunch\n>p1 move rest\n>p2 move drainpunch\n>p1 move sleeptalk\n>p2 switch 3\n>p1 move sleeptalk\n>p2 move surf\n>p2 switch 5\n>p1 move rest\n>p2 move bodyslam\n>p1 switch 5\n>p1 move knockoff\n>p2 switch 4\n>p1 switch 3\n>p2 move ironhead\n>p1 move earthpower\n>p2 switch 6\n>p1 move spore\n>p2 move shadowball\n>p1 move gigadrain\n>p2 switch 4\n>p1 switch 3\n>p2 move bodyslam\n>p1 move knockoff\n>p2 switch 6\n>p1 move toxicspikes\n>p2 move ironhead\n>p1 switch 3\n>p2 move earthquake\n>p1 move earthpower\n>p2 switch 4\n>p1 move gigadrain\n>p2 move psyshock\n>p1 move earthpower\n>p2 move psyshock\n>p1 move gigadrain\n>p2 move psyshock\n>p2 switch 6\n>p1 switch 4\n>p2 move bodyslam\n>p1 move shellsmash\n>p2 move bodyslam\n>p1 move acrobatics\n>p2 move bodyslam\n>p2 switch 3\n>p1 move acrobatics\n>p2 move drainpunch terastallize\n>forcelose p2", "uploadtime": 1730730105, "views": 38, "formatid": "gen9randombattle", "rating": 2226, "private": 0, "password": null}