{"id": "gen9randombattle-2202403852", "format": "[Gen 9] Random Battle", "players": ["VentisH12", "RBLT Unstoppable"], "log": "|raw|<div class=\"broadcast-blue\"><strong>This battle is required to be public due to a player having a name starting with 'rblt'.</div>\n|j|\u2606VentisH12\n|j|\u2606RBLT Unstoppable\n|t:|1726437844\n|gametype|singles\n|player|p1|VentisH12|101|2243\n|player|p2|RBLT Unstoppable|jasmine|2281\n|teamsize|p1|6\n|teamsize|p2|6\n|gen|9\n|tier|[Gen 9] Random Battle\n|rated|\n|rule|Species Clause: Limit one of each Pok\u00e9mon\n|rule|HP Percentage Mod: HP is shown in percentages\n|rule|Sleep Clause Mod: Limit one foe put to sleep\n|rule|Illusion Level Mod: Illusion disguises the Pok\u00e9mon's true level\n|\n|t:|1726437844\n|start\n|switch|p1a: Gothitelle|Gothitelle, L90, F|272/272\n|switch|p2a: Dondozo|Dondozo, L78, M|362/362\n|turn|1\n|inactive|Battle timer is ON: inactive players will automatically lose when time's up. (requested by RBLT Unstoppable)\n|\n|t:|1726437862\n|move|p1a: Gothitelle|Trick|p2a: Dondozo\n|-activate|p1a: Gothitelle|move: Trick|[of] p2a: Dondozo\n|-item|p2a: Dondozo|Choice Scarf|[from] move: Trick\n|-item|p1a: Gothitelle|Leftovers|[from] move: Trick\n|move|p2a: Dondozo|Wave Crash|p1a: Gothitelle\n|-damage|p1a: Gothitelle|173/272\n|-damage|p2a: Dondozo|329/362|[from] Recoil\n|\n|-heal|p1a: Gothitelle|190/272|[from] item: Leftovers\n|upkeep\n|turn|2\n|\n|t:|1726437870\n|switch|p1a: Miraidon|Miraidon, L65|238/238\n|-fieldstart|move: Electric Terrain|[from] ability: Hadron Engine|[of] p1a: Miraidon\n|move|p2a: Dondozo|Wave Crash|p1a: Miraidon\n|-resisted|p1a: Miraidon\n|-damage|p1a: Miraidon|166/238\n|-damage|p2a: Dondozo|305/362|[from] Recoil\n|\n|-heal|p1a: Miraidon|180/238|[from] item: Leftovers\n|upkeep\n|turn|3\n|\n|t:|1726437899\n|switch|p2a: Shaymin|Shaymin, L82|298/298\n|move|p1a: Miraidon|Calm Mind|p1a: Miraidon\n|-boost|p1a: Miraidon|spa|1\n|-boost|p1a: Miraidon|spd|1\n|\n|-heal|p1a: Miraidon|194/238|[from] item: Leftovers\n|upkeep\n|turn|4\n|inactive|RBLT Unstoppable has 120 seconds left.\n|inactive|VentisH12 has 120 seconds left.\n|\n|t:|1726437931\n|move|p1a: Miraidon|Draco Meteor|p2a: Shaymin\n|-damage|p2a: Shaymin|109/298\n|-unboost|p1a: Miraidon|spa|2\n|move|p2a: Shaymin|Earth Power|p1a: Miraidon\n|-supereffective|p1a: Miraidon\n|-damage|p1a: Miraidon|106/238\n|\n|-heal|p1a: Miraidon|120/238|[from] item: Leftovers\n|-heal|p2a: Shaymin|127/298|[from] item: Leftovers\n|upkeep\n|turn|5\n|\n|t:|1726437939\n|switch|p1a: Sableye|Sableye, L90, M|236/236\n|move|p2a: Shaymin|Synthesis|p2a: Shaymin\n|-heal|p2a: Shaymin|276/298\n|\n|-heal|p2a: Shaymin|294/298|[from] item: Leftovers\n|upkeep\n|turn|6\n|\n|t:|1726437950\n|switch|p2a: Mandibuzz|Mandibuzz, L85, F|326/326\n|move|p1a: Sableye|Thunder Wave|p2a: Mandibuzz\n|-hint|Since gen 7, Dark is immune to Prankster moves.\n|-immune|p2a: Mandibuzz\n|\n|-fieldend|move: Electric Terrain\n|upkeep\n|turn|7\n|inactive|RBLT Unstoppable has 120 seconds left.\n|\n|t:|1726437972\n|switch|p1a: Rampardos|Rampardos, L90, F|321/321\n|move|p2a: Mandibuzz|Toxic|p1a: Rampardos\n|-status|p1a: Rampardos|tox\n|\n|-damage|p1a: Rampardos|301/321 tox|[from] psn\n|upkeep\n|turn|8\n|inactive|RBLT Unstoppable has 120 seconds left.\n|\n|t:|1726437986\n|switch|p2a: Annihilape|Annihilape, L76, F|292/292\n|move|p1a: Rampardos|Rock Slide|p2a: Annihilape\n|-resisted|p2a: Annihilape\n|-damage|p2a: Annihilape|191/292\n|\n|-heal|p2a: Annihilape|209/292|[from] item: Leftovers\n|-damage|p1a: Rampardos|261/321 tox|[from] psn\n|upkeep\n|turn|9\n|inactive|RBLT Unstoppable has 120 seconds left.\n|\n|t:|1726438009\n|switch|p1a: Sableye|Sableye, L90, M|236/236\n|move|p2a: Annihilape|Rage Fist|p1a: Sableye\n|-damage|p1a: Sableye|127/236\n|\n|-heal|p2a: Annihilape|227/292|[from] item: Leftovers\n|-heal|p1a: Sableye|141/236|[from] item: Leftovers\n|upkeep\n|turn|10\n|\n|t:|1726438020\n|switch|p2a: Mandibuzz|Mandibuzz, L85, F|326/326\n|move|p1a: Sableye|Knock Off|p2a: Mandibuzz\n|-resisted|p2a: Mandibuzz\n|-damage|p2a: Mandibuzz|285/326\n|-enditem|p2a: Mandibuzz|Heavy-Duty Boots|[from] move: Knock Off|[of] p1a: Sableye\n|\n|-heal|p1a: Sableye|155/236|[from] item: Leftovers\n|upkeep\n|turn|11\n|\n|t:|1726438030\n|switch|p1a: Falinks|Falinks, L85|249/249\n|move|p2a: Mandibuzz|Foul Play|p1a: Falinks\n|-resisted|p1a: Falinks\n|-damage|p1a: Falinks|204/249\n|\n|upkeep\n|turn|12\n|inactive|RBLT Unstoppable has 120 seconds left.\n|\n|t:|1726438042\n|switch|p2a: Illumise|Illumise, L91, F|266/266\n|-terastallize|p1a: Falinks|Steel\n|move|p1a: Falinks|No Retreat|p1a: Falinks\n|-boost|p1a: Falinks|atk|1\n|-boost|p1a: Falinks|def|1\n|-boost|p1a: Falinks|spa|1\n|-boost|p1a: Falinks|spd|1\n|-boost|p1a: Falinks|spe|1\n|-start|p1a: Falinks|move: No Retreat\n|\n|upkeep\n|turn|13\n|inactive|RBLT Unstoppable has 120 seconds left.\n|\n|t:|1726438054\n|move|p2a: Illumise|Encore|p1a: Falinks\n|-start|p1a: Falinks|Encore\n|move|p1a: Falinks|No Retreat||[still]\n|-fail|p1a: Falinks\n|\n|upkeep\n|turn|14\n|-message|VentisH12 forfeited.\n|\n|win|RBLT Unstoppable\n|raw|VentisH12's rating: 2243 &rarr; <strong>2225</strong><br />(-18 for losing)\n|raw|RBLT Unstoppable's rating: 2281 &rarr; <strong>2299</strong><br />(+18 for winning)\n|c|\u2606RBLT Unstoppable|YEAH\n|l|\u2606VentisH12\n|player|p1|\n|l|\u2606RBLT Unstoppable\n|player|p2|\n|j|\u2606RBLT Unstoppable\n|player|p2|RBLT Unstoppable|jasmine|\n|l|\u2606RBLT Unstoppable\n|player|p2|\n|j|\u2606RBLT Unstoppable\n|player|p2|RBLT Unstoppable|jasmine|\n", "inputlog": ">version abcf08933808d3fb39dbc2b54a8665d830b47482\n>start {\"formatid\":\"gen9randombattle\",\"seed\":[1743,26072,23424,2870],\"rated\":\"Rated battle\"}\n>player p1 {\"name\":\"VentisH12\",\"avatar\":\"101\",\"rating\":2243,\"seed\":[16822,25312,8056,22934]}\n>player p2 {\"name\":\"RBLT Unstoppable\",\"avatar\":\"jasmine\",\"rating\":2281,\"seed\":[61353,5419,26589,51064]}\n>p1 move trick\n>p2 move wavecrash\n>p1 switch 2\n>p2 move wavecrash\n>p1 move calmmind\n>p2 switch 2\n>p1 move dracometeor\n>p2 move earthpower\n>p1 switch 4\n>p2 move synthesis\n>p1 move thunderwave\n>p2 switch 3\n>p1 switch 5\n>p2 move toxic\n>p1 move rockslide\n>p2 switch 4\n>p1 switch 5\n>p2 move ragefist\n>p1 move knockoff\n>p2 switch 4\n>p1 switch 3\n>p2 move foulplay\n>p1 move noretreat terastallize\n>p2 switch 6\n>p1 move ironhead\n>p2 move encore\n>forcelose p1", "uploadtime": 1726438256, "views": 87, "formatid": "gen9randombattle", "rating": 2225, "private": 0, "password": null}