{"id": "gen9randombattle-2260485590", "format": "[Gen 9] Random Battle", "players": ["gsgzysts", "1gma 80Y"], "log": "|j|\u2606gsgzysts\n|j|\u26061gma 80Y\n|t:|1733856187\n|gametype|singles\n|player|p1|gsgzysts|alder|1000\n|player|p2|1gma 80Y|preschooler|1000\n|teamsize|p1|6\n|teamsize|p2|6\n|gen|9\n|tier|[Gen 9] Random Battle\n|rated|\n|rule|Species Clause: Limit one of each Pok\u00e9mon\n|rule|HP Percentage Mod: HP is shown in percentages\n|rule|Sleep Clause Mod: Limit one foe put to sleep\n|rule|Illusion Level Mod: Illusion disguises the Pok\u00e9mon's true level\n|\n|t:|1733856187\n|start\n|switch|p1a: Falinks|Falinks, L84|246/246\n|switch|p2a: Toxtricity|Toxtricity, L82, F|257/257\n|turn|1\n|\n|t:|1733856213\n|switch|p1a: Solgaleo|Solgaleo, L74|325/325\n|move|p2a: Toxtricity|Shift Gear|p2a: Toxtricity\n|-boost|p2a: Toxtricity|spe|2\n|-boost|p2a: Toxtricity|atk|1\n|\n|upkeep\n|turn|2\n|\n|t:|1733856233\n|move|p2a: Toxtricity|Boomburst|p1a: Solgaleo\n|-resisted|p1a: Solgaleo\n|-damage|p1a: Solgaleo|249/325\n|-enditem|p2a: Toxtricity|Throat Spray\n|-boost|p2a: Toxtricity|spa|1|[from] item: Throat Spray\n|move|p1a: Solgaleo|Sunsteel Strike|p2a: Toxtricity\n|-resisted|p2a: Toxtricity\n|-damage|p2a: Toxtricity|194/257\n|\n|-heal|p1a: Solgaleo|269/325|[from] item: Leftovers\n|upkeep\n|turn|3\n|\n|t:|1733856259\n|move|p2a: Toxtricity|Shift Gear|p2a: Toxtricity\n|-boost|p2a: Toxtricity|spe|2\n|-boost|p2a: Toxtricity|atk|1\n|move|p1a: Solgaleo|Sunsteel Strike|p2a: Toxtricity\n|-resisted|p2a: Toxtricity\n|-damage|p2a: Toxtricity|127/257\n|\n|-heal|p1a: Solgaleo|289/325|[from] item: Leftovers\n|upkeep\n|turn|4\n|\n|t:|1733856295\n|switch|p2a: Crawdaunt|Crawdaunt, L84, M|243/243\n|move|p1a: Solgaleo|Sunsteel Strike|p2a: Crawdaunt\n|-resisted|p2a: Crawdaunt\n|-damage|p2a: Crawdaunt|185/243\n|\n|-heal|p1a: Solgaleo|309/325|[from] item: Leftovers\n|upkeep\n|turn|5\n|\n|t:|1733856311\n|move|p1a: Solgaleo|Close Combat|p2a: Crawdaunt\n|-supereffective|p2a: Crawdaunt\n|-damage|p2a: Crawdaunt|11/243\n|-unboost|p1a: Solgaleo|def|1\n|-unboost|p1a: Solgaleo|spd|1\n|move|p2a: Crawdaunt|Knock Off|p1a: Solgaleo\n|-supereffective|p1a: Solgaleo\n|-damage|p1a: Solgaleo|0 fnt\n|-enditem|p1a: Solgaleo|Leftovers|[from] move: Knock Off|[of] p2a: Crawdaunt\n|faint|p1a: Solgaleo\n|\n|upkeep\n|\n|t:|1733856323\n|switch|p1a: Chien-Pao|Chien-Pao, L72|234/234\n|-ability|p1a: Chien-Pao|Sword of Ruin\n|turn|6\n|\n|t:|1733856356\n|switch|p2a: Appletun|Appletun, L92, F|352/352\n|move|p1a: Chien-Pao|Sucker Punch||[still]\n|-fail|p1a: Chien-Pao\n|\n|upkeep\n|turn|7\n|\n|t:|1733856389\n|move|p1a: Chien-Pao|Icicle Crash|p2a: Appletun\n|-supereffective|p2a: Appletun\n|-crit|p2a: Appletun\n|-damage|p2a: Appletun|52/352\n|move|p2a: Appletun|Dragon Pulse|p1a: Chien-Pao\n|-damage|p1a: Chien-Pao|63/234\n|\n|-heal|p2a: Appletun|74/352|[from] item: Leftovers\n|upkeep\n|turn|8\n|\n|t:|1733856426\n|move|p1a: Chien-Pao|Icicle Crash|p2a: Appletun\n|-supereffective|p2a: Appletun\n|-damage|p2a: Appletun|0 fnt\n|faint|p2a: Appletun\n|\n|upkeep\n|\n|t:|1733856431\n|switch|p2a: Persian|Persian, L92, M|269/269\n|turn|9\n|\n|t:|1733856457\n|switch|p1a: Komala|Komala, L89, F|260/260\n|-ability|p1a: Komala|Comatose\n|move|p2a: Persian|U-turn|p1a: Komala\n|-damage|p1a: Komala|209/260\n|\n|t:|1733856467\n|switch|p2a: Ogerpon|Ogerpon-Hearthflame, L74, F|239/239|[from] U-turn\n|-ability|p2a: Ogerpon|Mold Breaker\n|\n|upkeep\n|turn|10\n|\n|t:|1733856487\n|switch|p1a: Eternatus|Eternatus, L69|308/308\n|-ability|p1a: Eternatus|Pressure\n|move|p2a: Ogerpon|Power Whip|p1a: Eternatus\n|-resisted|p1a: Eternatus\n|-damage|p1a: Eternatus|268/308\n|\n|upkeep\n|turn|11\n|\n|t:|1733856507\n|move|p1a: Eternatus|Sludge Bomb|p2a: Ogerpon\n|-supereffective|p2a: Ogerpon\n|-damage|p2a: Ogerpon|63/239\n|move|p2a: Ogerpon|Power Whip|p1a: Eternatus|[miss]\n|-miss|p2a: Ogerpon|p1a: Eternatus\n|\n|upkeep\n|turn|12\n|\n|t:|1733856515\n|move|p1a: Eternatus|Sludge Bomb|p2a: Ogerpon\n|-supereffective|p2a: Ogerpon\n|-damage|p2a: Ogerpon|0 fnt\n|faint|p2a: Ogerpon\n|\n|upkeep\n|\n|t:|1733856521\n|switch|p2a: Slaking|Slaking, L84, F|389/389\n|turn|13\n|\n|t:|1733856537\n|move|p2a: Slaking|Double-Edge|p1a: Eternatus\n|-damage|p1a: Eternatus|39/308\n|-damage|p2a: Slaking|313/389|[from] Recoil\n|move|p1a: Eternatus|Meteor Beam||[still]\n|-prepare|p1a: Eternatus|Meteor Beam\n|-boost|p1a: Eternatus|spa|1\n|-enditem|p1a: Eternatus|Power Herb\n|-anim|p1a: Eternatus|Meteor Beam|p2a: Slaking\n|-damage|p2a: Slaking|173/389\n|\n|upkeep\n|turn|14\n|\n|t:|1733856555\n|cant|p2a: Slaking|ability: Truant\n|move|p1a: Eternatus|Dynamax Cannon|p2a: Slaking\n|-damage|p2a: Slaking|1/389\n|\n|upkeep\n|turn|15\n|\n|t:|1733856573\n|switch|p1a: Falinks|Falinks, L84|246/246\n|move|p2a: Slaking|Double-Edge|p1a: Falinks\n|-damage|p1a: Falinks|71/246\n|-damage|p2a: Slaking|0 fnt|[from] Recoil\n|faint|p2a: Slaking\n|\n|upkeep\n|\n|t:|1733856592\n|switch|p2a: Persian|Persian, L92, M|269/269\n|turn|16\n|\n|t:|1733856605\n|move|p2a: Persian|Knock Off|p1a: Falinks\n|-resisted|p1a: Falinks\n|-damage|p1a: Falinks|41/246\n|-enditem|p1a: Falinks|Life Orb|[from] move: Knock Off|[of] p2a: Persian\n|move|p1a: Falinks|Knock Off|p2a: Persian\n|-damage|p2a: Persian|178/269\n|-enditem|p2a: Persian|Silk Scarf|[from] move: Knock Off|[of] p1a: Falinks\n|\n|upkeep\n|turn|17\n|\n|t:|1733856621\n|move|p2a: Persian|Double-Edge|p1a: Falinks\n|-damage|p1a: Falinks|0 fnt\n|faint|p1a: Falinks\n|-damage|p2a: Persian|164/269|[from] Recoil\n|\n|upkeep\n|\n|t:|1733856627\n|switch|p1a: Komala|Komala, L89, F|209/260\n|-ability|p1a: Komala|Comatose\n|turn|18\n|\n|t:|1733856632\n|move|p2a: Persian|Double-Edge|p1a: Komala\n|-damage|p1a: Komala|68/260\n|-damage|p2a: Persian|117/269|[from] Recoil\n|move|p1a: Komala|Body Slam|p2a: Persian\n|-damage|p2a: Persian|0 fnt\n|faint|p2a: Persian\n|\n|upkeep\n|\n|t:|1733856642\n|switch|p2a: Crawdaunt|Crawdaunt, L84, M|11/243\n|turn|19\n|\n|t:|1733856664\n|move|p2a: Crawdaunt|Aqua Jet|p1a: Komala\n|-damage|p1a: Komala|0 fnt\n|faint|p1a: Komala\n|\n|upkeep\n|\n|t:|1733856669\n|switch|p1a: Chien-Pao|Chien-Pao, L72|63/234\n|-ability|p1a: Chien-Pao|Sword of Ruin\n|turn|20\n|\n|t:|1733856681\n|move|p1a: Chien-Pao|Sucker Punch|p2a: Crawdaunt\n|-resisted|p2a: Crawdaunt\n|-damage|p2a: Crawdaunt|0 fnt\n|faint|p2a: Crawdaunt\n|\n|upkeep\n|\n|t:|1733856685\n|switch|p2a: Toxtricity|Toxtricity, L82, F|127/257\n|turn|21\n|\n|t:|1733856691\n|move|p1a: Chien-Pao|Swords Dance|p1a: Chien-Pao\n|-boost|p1a: Chien-Pao|atk|2\n|move|p2a: Toxtricity|Gunk Shot|p1a: Chien-Pao\n|-damage|p1a: Chien-Pao|0 fnt\n|faint|p1a: Chien-Pao\n|\n|upkeep\n|\n|t:|1733856698\n|switch|p1a: Florges|Florges-Blue, L85, F|271/271\n|turn|22\n|\n|t:|1733856704\n|-terastallize|p1a: Florges|Ground\n|move|p1a: Florges|Tera Blast|p2a: Toxtricity|[anim] Tera Blast Ground\n|-supereffective|p2a: Toxtricity\n|-damage|p2a: Toxtricity|0 fnt\n|faint|p2a: Toxtricity\n|\n|win|gsgzysts\n|raw|gsgzysts's rating: 1000 &rarr; <strong>1040</strong><br />(+40 for winning)\n|raw|1gma 80Y's rating: 1000 &rarr; <strong>1000</strong><br />(+0 for losing)\n", "inputlog": ">version bfd83cad13791eb5a5a409923076391caf6fb4d4\n>start {\"formatid\":\"gen9randombattle\",\"seed\":[4778,15063,3265,17442],\"rated\":\"Rated battle\"}\n>player p1 {\"name\":\"gsgzysts\",\"avatar\":\"alder\",\"rating\":1000,\"seed\":[36954,42097,47765,51004]}\n>player p2 {\"name\":\"1gma 80Y\",\"avatar\":\"preschooler\",\"rating\":1000,\"seed\":[26885,29432,49741,5297]}\n>p1 switch 5\n>p2 move shiftgear\n>p1 move sunsteelstrike\n>p2 move boomburst\n>p1 move sunsteelstrike\n>p2 move shiftgear\n>p1 move sunsteelstrike\n>p2 switch 3\n>p1 move closecombat\n>p2 move knockoff\n>p1 switch 6\n>p1 move suckerpunch\n>p2 switch 6\n>p1 move iciclecrash\n>p2 move dragonpulse\n>p1 move iciclecrash\n>p2 move recover\n>p2 switch 4\n>p1 switch 2\n>p2 move uturn\n>p2 switch 2\n>p1 switch 4\n>p2 move powerwhip\n>p1 move sludgebomb\n>p2 move powerwhip\n>p1 move sludgebomb\n>p2 move swordsdance\n>p2 switch 5\n>p1 move meteorbeam\n>p2 move doubleedge\n>p1 move dynamaxcannon\n>p2 move doubleedge\n>p1 switch 5\n>p2 move doubleedge\n>p2 switch 2\n>p1 move knockoff\n>p2 move knockoff\n>p1 move noretreat\n>p2 move doubleedge\n>p1 switch 4\n>p1 move bodyslam\n>p2 move doubleedge\n>p2 switch 6\n>p1 move rapidspin\n>p2 move aquajet\n>p1 switch 2\n>p1 move suckerpunch\n>p2 move aquajet\n>p2 switch 3\n>p1 move swordsdance\n>p2 move gunkshot\n>p1 switch 3\n>p1 move terablast terastallize\n>p2 move overdrive", "uploadtime": 1733856711, "views": 1, "formatid": "gen9randombattle", "rating": 1000, "private": 0, "password": null}