{"id": "gen9randombattle-2136051594", "format": "[Gen 9] Random Battle", "players": ["Delta 2777", "Teres bahji"], "log": "|badge|p1|bronze|gen9randombattle|100-1\n|uhtml|medal-msg|<div class=\"broadcast-blue\">Curious what those medals under the avatar are? PS now has Ladder Seasons! For more information, check out the <a href=\"https://www.smogon.com/forums/threads/3740067/\">thread on Smogon.</a></div>\n|j|\u2606Delta 2777\n|j|\u2606Teres bahji\n|t:|1717423928\n|gametype|singles\n|player|p1|Delta 2777|2|2364\n|player|p2|Teres bahji|#rbtt7teamrayquazaf|2308\n|teamsize|p1|6\n|teamsize|p2|6\n|gen|9\n|tier|[Gen 9] Random Battle\n|rated|\n|rule|Species Clause: Limit one of each Pok\u00e9mon\n|rule|HP Percentage Mod: HP is shown in percentages\n|rule|Sleep Clause Mod: Limit one foe put to sleep\n|rule|Illusion Level Mod: Illusion disguises the Pok\u00e9mon's true level\n|\n|t:|1717423928\n|start\n|switch|p1a: Scream Tail|Scream Tail, L84|330/330\n|switch|p2a: Golem|Golem, L87, F|281/281\n|turn|1\n|inactive|Battle timer is ON: inactive players will automatically lose when time's up. (requested by Delta 2777)\n|c|\u2606Teres bahji|huh\n|\n|t:|1717423944\n|switch|p2a: Ribombee|Ribombee, L82, M|233/233\n|move|p1a: Scream Tail|Dazzling Gleam|p2a: Ribombee\n|-damage|p2a: Ribombee|152/233\n|\n|upkeep\n|turn|2\n|c|\u2606Teres bahji|dou know how the medal things works ?\n|c|\u2606Delta 2777|wdym\n|\n|t:|1717423968\n|-end|p1a: Scream Tail|Protosynthesis|[silent]\n|switch|p1a: Altaria|Altaria, L88, F|275/275\n|move|p2a: Ribombee|Stun Spore|p1a: Altaria|[miss]\n|-miss|p2a: Ribombee|p1a: Altaria\n|\n|upkeep\n|turn|3\n|c|\u2606Teres bahji|sometimes it doesnt force the battles\n|c|\u2606Teres bahji|to be public\n|c|\u2606Delta 2777|idk\n|\n|t:|1717423996\n|switch|p2a: Golem|Golem, L87, F|281/281\n|move|p1a: Altaria|Brave Bird|p2a: Golem\n|-resisted|p2a: Golem\n|-damage|p2a: Golem|245/281\n|-damage|p1a: Altaria|263/275|[from] Recoil\n|\n|upkeep\n|turn|4\n|c|\u2606Delta 2777|I think it's public only if you have a steel type\n|c|\u2606Delta 2777|that's why it's\n|c|\u2606Delta 2777|metal\n|c|\u2606Teres bahji|nope\n|\n|t:|1717424014\n|move|p1a: Altaria|Will-O-Wisp|p2a: Golem\n|-status|p2a: Golem|brn\n|move|p2a: Golem|Stone Edge|p1a: Altaria|[miss]\n|-miss|p2a: Golem|p1a: Altaria\n|\n|-damage|p2a: Golem|228/281 brn|[from] brn\n|upkeep\n|turn|5\n|c|\u2606Teres bahji|yesterday i played crimson\n|c|\u2606Teres bahji|we both had thagt\n|c|\u2606Teres bahji|but he was able to hide\n|c|\u2606Teres bahji|the room\n|inactive|Teres bahji has 120 seconds left.\n|\n|t:|1717424037\n|switch|p1a: Crawdaunt|Crawdaunt, L84, M|243/243\n|move|p2a: Golem|Explosion|p1a: Crawdaunt\n|-damage|p1a: Crawdaunt|125/243\n|faint|p2a: Golem\n|\n|upkeep\n|inactive|Teres bahji has 120 seconds left.\n|\n|t:|1717424052\n|switch|p2a: Ribombee|Ribombee, L82, M|152/233\n|turn|6\n|\n|t:|1717424060\n|switch|p1a: Tentacruel|Tentacruel, L84, F|272/272\n|move|p2a: Ribombee|Moonblast|p1a: Tentacruel\n|-resisted|p1a: Tentacruel\n|-crit|p1a: Tentacruel\n|-damage|p1a: Tentacruel|217/272\n|\n|-heal|p1a: Tentacruel|234/272|[from] item: Leftovers\n|upkeep\n|turn|7\n|\n|t:|1717424073\n|move|p2a: Ribombee|Stun Spore|p1a: Tentacruel|[miss]\n|-miss|p2a: Ribombee|p1a: Tentacruel\n|move|p1a: Tentacruel|Sludge Bomb|p2a: Ribombee\n|-supereffective|p2a: Ribombee\n|-damage|p2a: Ribombee|0 fnt\n|faint|p2a: Ribombee\n|\n|-heal|p1a: Tentacruel|251/272|[from] item: Leftovers\n|upkeep\n|c|\u2606Teres bahji|oh\n|c|\u2606Delta 2777|sry\n|inactive|Teres bahji has 120 seconds left.\n|c|\u2606Teres bahji|it misses so much\n|c|\u2606Teres bahji|smh\n|\n|t:|1717424088\n|switch|p2a: Grafaiai|Grafaiai, L86, M|249/249\n|turn|8\n|c|\u2606Delta 2777|yeah\n|c|\u2606Teres bahji|im convinced\n|\n|t:|1717424109\n|switch|p1a: Bastiodon|Bastiodon, L89, F|252/252\n|move|p2a: Grafaiai|Swords Dance|p2a: Grafaiai\n|-boost|p2a: Grafaiai|atk|2\n|\n|upkeep\n|turn|9\n|c|\u2606Teres bahji|rng in pokemon showdown works\n|c|\u2606Teres bahji|different\n|\n|t:|1717424116\n|switch|p1a: Scream Tail|Scream Tail, L84|330/330\n|move|p2a: Grafaiai|Low Kick|p1a: Scream Tail\n|-resisted|p1a: Scream Tail\n|-damage|p1a: Scream Tail|322/330\n|-status|p1a: Scream Tail|psn|[from] ability: Poison Touch|[of] p2a: Grafaiai\n|-damage|p2a: Grafaiai|225/249|[from] item: Life Orb\n|\n|-heal|p1a: Scream Tail|330/330 psn|[from] item: Leftovers\n|-damage|p1a: Scream Tail|289/330 psn|[from] psn\n|upkeep\n|turn|10\n|\n|t:|1717424141\n|-terastallize|p1a: Scream Tail|Poison\n|move|p2a: Grafaiai|Gunk Shot|p1a: Scream Tail\n|-resisted|p1a: Scream Tail\n|-damage|p1a: Scream Tail|146/330 psn\n|-damage|p2a: Grafaiai|201/249|[from] item: Life Orb\n|move|p1a: Scream Tail|Thunder Wave|p2a: Grafaiai|[miss]\n|-miss|p1a: Scream Tail|p2a: Grafaiai\n|\n|-heal|p1a: Scream Tail|166/330 psn|[from] item: Leftovers\n|-damage|p1a: Scream Tail|125/330 psn|[from] psn\n|upkeep\n|turn|11\n|\n|t:|1717424149\n|move|p2a: Grafaiai|Knock Off|p1a: Scream Tail\n|-damage|p1a: Scream Tail|0 fnt\n|-enditem|p1a: Scream Tail|Leftovers|[from] move: Knock Off|[of] p2a: Grafaiai\n|faint|p1a: Scream Tail\n|-end|p1a: Scream Tail|Protosynthesis|[silent]\n|-damage|p2a: Grafaiai|177/249|[from] item: Life Orb\n|\n|upkeep\n|inactive|Delta 2777 has 120 seconds left.\n|\n|t:|1717424171\n|switch|p1a: Tentacruel|Tentacruel, L84, F|251/272\n|turn|12\n|inactive|Delta 2777 has 120 seconds left.\n|inactive|Teres bahji has 120 seconds left.\n|\n|t:|1717424207\n|move|p2a: Grafaiai|Knock Off|p1a: Tentacruel\n|-damage|p1a: Tentacruel|31/272\n|-enditem|p1a: Tentacruel|Leftovers|[from] move: Knock Off|[of] p2a: Grafaiai\n|-damage|p2a: Grafaiai|153/249|[from] item: Life Orb\n|move|p1a: Tentacruel|Surf|p2a: Grafaiai\n|-crit|p2a: Grafaiai\n|-damage|p2a: Grafaiai|21/249\n|\n|upkeep\n|turn|13\n|\n|t:|1717424214\n|move|p2a: Grafaiai|Knock Off|p1a: Tentacruel\n|-crit|p1a: Tentacruel\n|-damage|p1a: Tentacruel|0 fnt\n|faint|p1a: Tentacruel\n|-damage|p2a: Grafaiai|0 fnt|[from] item: Life Orb\n|faint|p2a: Grafaiai\n|\n|upkeep\n|inactive|Delta 2777 has 120 seconds left.\n|\n|t:|1717424221\n|switch|p2a: Enamorus|Enamorus, L79, F|247/247\n|switch|p1a: Altaria|Altaria, L88, F|263/275\n|turn|14\n|c|\u2606Teres bahji|hm\n|\n|t:|1717424226\n|switch|p1a: Farigiraf|Farigiraf, L91, F|366/366\n|move|p2a: Enamorus|Moonblast|p1a: Farigiraf\n|-damage|p1a: Farigiraf|243/366\n|-unboost|p1a: Farigiraf|spa|1\n|\n|-heal|p1a: Farigiraf|265/366|[from] item: Leftovers\n|upkeep\n|turn|15\n|inactive|Delta 2777 has 120 seconds left.\n|\n|t:|1717424261\n|move|p2a: Enamorus|Substitute|p2a: Enamorus\n|-start|p2a: Enamorus|Substitute\n|-damage|p2a: Enamorus|186/247\n|move|p1a: Farigiraf|Future Sight|p2a: Enamorus\n|-start|p1a: Farigiraf|move: Future Sight\n|\n|-heal|p2a: Enamorus|201/247|[from] item: Leftovers\n|-heal|p1a: Farigiraf|287/366|[from] item: Leftovers\n|upkeep\n|turn|16\n|inactive|Delta 2777 has 120 seconds left.\n|\n|t:|1717424273\n|switch|p1a: Crawdaunt|Crawdaunt, L84, M|125/243\n|move|p2a: Enamorus|Calm Mind|p2a: Enamorus\n|-boost|p2a: Enamorus|spa|1\n|-boost|p2a: Enamorus|spd|1\n|\n|-heal|p2a: Enamorus|216/247|[from] item: Leftovers\n|upkeep\n|turn|17\n|\n|t:|1717424283\n|move|p1a: Crawdaunt|Aqua Jet|p2a: Enamorus\n|-end|p2a: Enamorus|Substitute\n|-damage|p1a: Crawdaunt|101/243|[from] item: Life Orb\n|move|p2a: Enamorus|Moonblast|p1a: Crawdaunt\n|-supereffective|p1a: Crawdaunt\n|-damage|p1a: Crawdaunt|0 fnt\n|faint|p1a: Crawdaunt\n|\n|-end|p2a: Enamorus|move: Future Sight\n|-damage|p2a: Enamorus|96/247\n|-heal|p2a: Enamorus|111/247|[from] item: Leftovers\n|upkeep\n|c|\u2606Teres bahji|oh\n|\n|t:|1717424289\n|switch|p1a: Farigiraf|Farigiraf, L91, F|287/366\n|turn|18\n|c|\u2606Teres bahji|it did quite a lot\n|inactive|Delta 2777 has 120 seconds left.\n|\n|t:|1717424310\n|move|p1a: Farigiraf|Protect|p1a: Farigiraf\n|-singleturn|p1a: Farigiraf|Protect\n|move|p2a: Enamorus|Moonblast|p1a: Farigiraf\n|-activate|p1a: Farigiraf|move: Protect\n|\n|-heal|p2a: Enamorus|126/247|[from] item: Leftovers\n|-heal|p1a: Farigiraf|309/366|[from] item: Leftovers\n|upkeep\n|turn|19\n|inactive|Delta 2777 has 120 seconds left.\n|c|\u2606Teres bahji|you r joinning next year rbtt\n|c|\u2606Teres bahji|aint u?\n|c|\u2606Delta 2777|idk\n|c|\u2606Teres bahji|hm\n|c|\u2606Delta 2777|if I feel like it\n|c|\u2606Teres bahji|is a free avy tournament\n|c|\u2606Teres bahji|basically\n|inactive|Delta 2777 has 90 seconds left.\n|\n|t:|1717424367\n|move|p2a: Enamorus|Moonblast|p1a: Farigiraf\n|-damage|p1a: Farigiraf|104/366\n|-unboost|p1a: Farigiraf|spa|1\n|move|p1a: Farigiraf|Wish|p1a: Farigiraf\n|\n|-heal|p2a: Enamorus|141/247|[from] item: Leftovers\n|-heal|p1a: Farigiraf|126/366|[from] item: Leftovers\n|upkeep\n|turn|20\n|\n|t:|1717424377\n|move|p1a: Farigiraf|Protect|p1a: Farigiraf\n|-singleturn|p1a: Farigiraf|Protect\n|move|p2a: Enamorus|Calm Mind|p2a: Enamorus\n|-boost|p2a: Enamorus|spa|1\n|-boost|p2a: Enamorus|spd|1\n|\n|-heal|p1a: Farigiraf|309/366|[from] move: Wish|[wisher] Farigiraf\n|-heal|p2a: Enamorus|156/247|[from] item: Leftovers\n|-heal|p1a: Farigiraf|331/366|[from] item: Leftovers\n|upkeep\n|turn|21\n|\n|t:|1717424381\n|move|p2a: Enamorus|Moonblast|p1a: Farigiraf\n|-damage|p1a: Farigiraf|96/366\n|-unboost|p1a: Farigiraf|spa|1\n|move|p1a: Farigiraf|Hyper Voice|p2a: Enamorus\n|-damage|p2a: Enamorus|120/247\n|\n|-heal|p2a: Enamorus|135/247|[from] item: Leftovers\n|-heal|p1a: Farigiraf|118/366|[from] item: Leftovers\n|upkeep\n|turn|22\n|-message|Delta 2777 forfeited.\n|\n|win|Teres bahji\n|raw|Delta 2777's rating: 2364 &rarr; <strong>2341</strong><br />(-23 for losing)\n|raw|Teres bahji's rating: 2308 &rarr; <strong>2331</strong><br />(+23 for winning)\n|l|\u2606Delta 2777\n|player|p1|\n", "inputlog": ">version 44ea4080b22383dffbfbbbc072caa3821a8e16c7\n>start {\"formatid\":\"gen9randombattle\",\"seed\":[62092,5345,6434,18803],\"rated\":\"Rated battle\"}\n>player p1 {\"name\":\"Delta 2777\",\"avatar\":\"2\",\"rating\":2364,\"seed\":[47153,28850,36749,48652]}\n>player p2 {\"name\":\"Teres bahji\",\"avatar\":\"#rbtt7teamrayquazaf\",\"rating\":2308,\"seed\":[63364,53980,20501,17403]}\n>chat \u2606Teres bahji|huh\n>p1 move dazzlinggleam\n>p2 switch 6\n>chat \u2606Teres bahji|dou know how the medal things works ?\n>chat \u2606Delta 2777|wdym\n>p1 switch 2\n>p2 move stunspore\n>chat \u2606Teres bahji|sometimes it doesnt force the battles\n>chat \u2606Teres bahji|to be public\n>chat \u2606Delta 2777|idk\n>p1 move bravebird\n>p2 switch 6\n>chat \u2606Delta 2777|I think it's public only if you have a steel type\n>chat \u2606Delta 2777|that's why it's\n>chat \u2606Delta 2777|metal\n>chat \u2606Teres bahji|nope\n>p1 move willowisp\n>p2 move stoneedge\n>chat \u2606Teres bahji|yesterday i played crimson\n>chat \u2606Teres bahji|we both had thagt\n>chat \u2606Teres bahji|but he was able to hide\n>chat \u2606Teres bahji|the room\n>p1 switch 4\n>p2 move explosion\n>p2 switch 6\n>p1 switch 6\n>p2 move moonblast\n>p1 move sludgebomb\n>p2 move stunspore\n>chat \u2606Teres bahji|oh\n>chat \u2606Delta 2777|sry\n>chat \u2606Teres bahji|it misses so much\n>chat \u2606Teres bahji|smh\n>p2 switch 5\n>chat \u2606Delta 2777|yeah\n>chat \u2606Teres bahji|im convinced\n>p1 switch 3\n>p2 move swordsdance\n>chat \u2606Teres bahji|rng in pokemon showdown works\n>chat \u2606Teres bahji|different\n>p1 switch 2\n>p2 move lowkick\n>p1 move thunderwave terastallize\n>p2 move gunkshot\n>p1 move thunderwave\n>p2 move knockoff\n>p1 switch 3\n>p1 move surf\n>p2 move knockoff\n>p1 move toxic\n>p2 move knockoff\n>p1 switch 4\n>p2 switch 3\n>chat \u2606Teres bahji|hm\n>p1 switch 5\n>p2 move moonblast\n>p1 move futuresight\n>p2 move substitute\n>p1 switch 6\n>p2 move calmmind\n>p1 move aquajet\n>p2 move moonblast\n>chat \u2606Teres bahji|oh\n>p1 switch 6\n>chat \u2606Teres bahji|it did quite a lot\n>p1 move protect\n>p2 move moonblast\n>chat \u2606Teres bahji|you r joinning next year rbtt\n>chat \u2606Teres bahji|aint u?\n>chat \u2606Delta 2777|idk\n>chat \u2606Teres bahji|hm\n>chat \u2606Delta 2777|if I feel like it\n>chat \u2606Teres bahji|is a free avy tournament\n>chat \u2606Teres bahji|basically\n>p1 move wish\n>p2 move moonblast\n>p1 move protect\n>p2 move calmmind\n>p1 move hypervoice\n>p2 move moonblast\n>forcelose p1", "uploadtime": 1717424392, "views": 216, "formatid": "gen9randombattle", "rating": 2331, "private": 0, "password": null}