{"id": "gen9randombattle-2260801805", "format": "[Gen 9] Random Battle", "players": ["Wahbit", "RoboWahbit"], "log": "|j|\u2606Wahbit\n|j|\u2606RoboWahbit\n|t:|1733894516\n|gametype|singles\n|player|p1|Wahbit|169|\n|player|p2|RoboWahbit|101|\n|teamsize|p1|6\n|teamsize|p2|6\n|gen|9\n|tier|[Gen 9] Random Battle\n|rule|Species Clause: Limit one of each Pok\u00e9mon\n|rule|HP Percentage Mod: HP is shown in percentages\n|rule|Sleep Clause Mod: Limit one foe put to sleep\n|rule|Illusion Level Mod: Illusion disguises the Pok\u00e9mon's true level\n|\n|t:|1733894516\n|start\n|switch|p1a: Bruxish|Bruxish, L85, M|254/254\n|switch|p2a: Suicune|Suicune, L82|298/298\n|-ability|p2a: Suicune|Pressure\n|turn|1\n|c|\u2606RoboWahbit|hf\n|inactive|Battle timer is ON: inactive players will automatically lose when time's up. (requested by RoboWahbit)\n|\n|t:|1733894524\n|switch|p2a: Chi-Yu|Chi-Yu, L77|211/211\n|-ability|p2a: Chi-Yu|Beads of Ruin\n|move|p1a: Bruxish|Psychic Fangs|p2a: Chi-Yu\n|-immune|p2a: Chi-Yu\n|\n|upkeep\n|turn|2\n|\n|t:|1733894540\n|switch|p1a: Bellibolt|Bellibolt, L84, F|320/320\n|move|p2a: Chi-Yu|Dark Pulse|p1a: Bellibolt\n|-damage|p1a: Bellibolt|187/320\n|-start|p1a: Bellibolt|Charge|Dark Pulse|[from] ability: Electromorphosis\n|\n|-heal|p1a: Bellibolt|207/320|[from] item: Leftovers\n|upkeep\n|turn|3\n|\n|t:|1733894548\n|move|p2a: Chi-Yu|Dark Pulse|p1a: Bellibolt\n|-damage|p1a: Bellibolt|74/320\n|-start|p1a: Bellibolt|Charge|Dark Pulse|[from] ability: Electromorphosis\n|move|p1a: Bellibolt|Muddy Water|p2a: Chi-Yu\n|-supereffective|p2a: Chi-Yu\n|-damage|p2a: Chi-Yu|105/211\n|\n|-heal|p1a: Bellibolt|94/320|[from] item: Leftovers\n|upkeep\n|turn|4\n|\n|t:|1733894573\n|switch|p2a: Espathra|Espathra, L80, F|283/283\n|switch|p1a: Moltres|Moltres-Galar, L79|271/271\n|\n|upkeep\n|turn|5\n|\n|t:|1733894580\n|switch|p2a: Beartic|Beartic, L91, F|321/321\n|move|p1a: Moltres|Nasty Plot|p1a: Moltres\n|-boost|p1a: Moltres|spa|2\n|\n|upkeep\n|turn|6\n|\n|t:|1733894587\n|-terastallize|p1a: Moltres|Dark\n|move|p1a: Moltres|Fiery Wrath|p2a: Beartic\n|-damage|p2a: Beartic|91/321\n|move|p2a: Beartic|Icicle Crash|p1a: Moltres\n|-damage|p1a: Moltres|141/271\n|\n|upkeep\n|turn|7\n|\n|t:|1733894593\n|switch|p2a: Chi-Yu|Chi-Yu, L77|105/211\n|-ability|p2a: Chi-Yu|Beads of Ruin\n|move|p1a: Moltres|Fiery Wrath|p2a: Chi-Yu\n|-resisted|p2a: Chi-Yu\n|-damage|p2a: Chi-Yu|9/211\n|\n|upkeep\n|turn|8\n|\n|t:|1733894598\n|move|p2a: Chi-Yu|Overheat|p1a: Moltres|[miss]\n|-miss|p2a: Chi-Yu|p1a: Moltres\n|move|p1a: Moltres|Fiery Wrath|p2a: Chi-Yu\n|-resisted|p2a: Chi-Yu\n|-damage|p2a: Chi-Yu|0 fnt\n|faint|p2a: Chi-Yu\n|\n|upkeep\n|\n|t:|1733894598\n|switch|p2a: Alomomola|Alomomola, L87, M|429/429\n|turn|9\n|\n|t:|1733894604\n|move|p1a: Moltres|Fiery Wrath|p2a: Alomomola\n|-damage|p2a: Alomomola|97/429\n|move|p2a: Alomomola|Wish|p2a: Alomomola\n|\n|upkeep\n|turn|10\n|\n|t:|1733894608\n|move|p2a: Alomomola|Protect|p2a: Alomomola\n|-singleturn|p2a: Alomomola|Protect\n|move|p1a: Moltres|Fiery Wrath|p2a: Alomomola\n|-activate|p2a: Alomomola|move: Protect\n|\n|-heal|p2a: Alomomola|311/429|[from] move: Wish|[wisher] Alomomola\n|upkeep\n|turn|11\n|\n|t:|1733894611\n|switch|p2a: Beartic|Beartic, L91, F|91/321\n|move|p1a: Moltres|Fiery Wrath|p2a: Beartic\n|-crit|p2a: Beartic\n|-damage|p2a: Beartic|0 fnt\n|faint|p2a: Beartic\n|\n|upkeep\n|\n|t:|1733894611\n|switch|p2a: Alomomola|Alomomola, L87, M|429/429\n|turn|12\n|\n|t:|1733894615\n|move|p1a: Moltres|Fiery Wrath|p2a: Alomomola\n|-damage|p2a: Alomomola|47/429\n|move|p2a: Alomomola|Wish|p2a: Alomomola\n|\n|upkeep\n|turn|13\n|\n|t:|1733894619\n|move|p2a: Alomomola|Protect|p2a: Alomomola\n|-singleturn|p2a: Alomomola|Protect\n|move|p1a: Moltres|Agility|p1a: Moltres\n|-boost|p1a: Moltres|spe|2\n|\n|-heal|p2a: Alomomola|261/429|[from] move: Wish|[wisher] Alomomola\n|upkeep\n|turn|14\n|\n|t:|1733894622\n|move|p1a: Moltres|Fiery Wrath|p2a: Alomomola\n|-damage|p2a: Alomomola|0 fnt\n|faint|p2a: Alomomola\n|\n|upkeep\n|\n|t:|1733894622\n|switch|p2a: Suicune|Suicune, L82|298/298\n|-ability|p2a: Suicune|Pressure\n|turn|15\n|\n|t:|1733894627\n|move|p1a: Moltres|Fiery Wrath|p2a: Suicune\n|-damage|p2a: Suicune|108/298\n|move|p2a: Suicune|Rest|p2a: Suicune\n|-status|p2a: Suicune|slp|[from] move: Rest\n|-heal|p2a: Suicune|298/298 slp|[silent]\n|\n|upkeep\n|turn|16\n|\n|t:|1733894631\n|move|p1a: Moltres|Fiery Wrath|p2a: Suicune\n|-damage|p2a: Suicune|98/298 slp\n|cant|p2a: Suicune|slp\n|\n|-heal|p2a: Suicune|116/298 slp|[from] item: Leftovers\n|upkeep\n|turn|17\n|\n|t:|1733894634\n|move|p1a: Moltres|Fiery Wrath|p2a: Suicune\n|-damage|p2a: Suicune|0 fnt\n|faint|p2a: Suicune\n|\n|upkeep\n|\n|t:|1733894634\n|switch|p2a: Ninetales|Ninetales, L85, M|263/263\n|-weather|SunnyDay|[from] ability: Drought|[of] p2a: Ninetales\n|turn|18\n|\n|t:|1733894638\n|move|p1a: Moltres|Fiery Wrath|p2a: Ninetales\n|-damage|p2a: Ninetales|63/263\n|move|p2a: Ninetales|Fire Blast|p1a: Moltres\n|-damage|p1a: Moltres|12/271\n|-ability|p1a: Moltres|Berserk|boost\n|-boost|p1a: Moltres|spa|1\n|\n|-weather|SunnyDay|[upkeep]\n|upkeep\n|turn|19\n|\n|t:|1733894641\n|move|p1a: Moltres|Fiery Wrath|p2a: Ninetales\n|-damage|p2a: Ninetales|0 fnt\n|faint|p2a: Ninetales\n|\n|-weather|SunnyDay|[upkeep]\n|upkeep\n|\n|t:|1733894641\n|switch|p2a: Espathra|Espathra, L80, F|283/283\n|turn|20\n|\n|t:|1733894645\n|-terastallize|p2a: Espathra|Psychic\n|move|p1a: Moltres|Hurricane|p2a: Espathra\n|-damage|p2a: Espathra|0 fnt\n|faint|p2a: Espathra\n|\n|win|Wahbit\n|c|\u2606RoboWahbit|gg\n", "inputlog": ">version bfd83cad13791eb5a5a409923076391caf6fb4d4\n>start {\"formatid\":\"gen9randombattle\",\"seed\":[23930,64538,21350,18970]}\n>player p1 {\"name\":\"Wahbit\",\"avatar\":\"169\",\"rating\":0,\"seed\":[61103,39963,37112,58708]}\n>player p2 {\"name\":\"RoboWahbit\",\"avatar\":\"101\",\"rating\":0,\"seed\":[42388,40564,7466,12665]}\n>chat \u2606RoboWahbit|hf\n>p1 move psychicfangs\n>p2 switch 4\n>p1 switch 3\n>p2 move darkpulse\n>p1 move muddywater\n>p2 move darkpulse\n>p1 switch 5\n>p2 switch 6\n>p1 move nastyplot\n>p2 switch 5\n>p1 move fierywrath terastallize\n>p2 move iciclecrash\n>p1 move fierywrath\n>p2 switch 6\n>p1 move fierywrath\n>p2 move overheat\n>p2 switch 3\n>p1 move fierywrath\n>p2 move wish\n>p1 move fierywrath\n>p2 move protect\n>p1 move fierywrath\n>p2 switch 6\n>p2 switch 6\n>p1 move fierywrath\n>p2 move wish\n>p1 move agility\n>p2 move protect\n>p1 move fierywrath\n>p2 move scald\n>p2 switch 4\n>p1 move fierywrath\n>p2 move rest\n>p1 move fierywrath\n>p2 move rest\n>p1 move fierywrath\n>p2 move rest\n>p2 switch 2\n>p1 move fierywrath\n>p2 move fireblast\n>p1 move fierywrath\n>p2 move fireblast\n>p2 switch 5\n>p1 move hurricane\n>p2 move dazzlinggleam terastallize", "uploadtime": 1733894645, "views": 1, "formatid": "gen9randombattle", "rating": null, "private": 0, "password": null}