{"id": "gen9randombattle-2260426099", "format": "[Gen 9] Random Battle", "players": ["Red ash hop leon", "mullankolli"], "log": "|j|\u203dRed ash hop leon\n|j|\u2606mullankolli\n|t:|1733850458\n|gametype|singles\n|player|p1|Red ash hop leon|102|1303\n|player|p2|mullankolli|102|1316\n|teamsize|p1|6\n|teamsize|p2|6\n|gen|9\n|tier|[Gen 9] Random Battle\n|rated|\n|rule|Species Clause: Limit one of each Pok\u00e9mon\n|rule|HP Percentage Mod: HP is shown in percentages\n|rule|Sleep Clause Mod: Limit one foe put to sleep\n|rule|Illusion Level Mod: Illusion disguises the Pok\u00e9mon's true level\n|\n|t:|1733850458\n|start\n|switch|p1a: Azumarill|Azumarill, L82, M|298/298\n|switch|p2a: Kyogre|Kyogre, L71|259/259\n|-weather|RainDance|[from] ability: Drizzle|[of] p2a: Kyogre\n|turn|1\n|inactive|Battle timer is ON: inactive players will automatically lose when time's up. (requested by mullankolli)\n|\n|t:|1733850478\n|move|p2a: Kyogre|Thunder|p1a: Azumarill\n|-supereffective|p1a: Azumarill\n|-damage|p1a: Azumarill|128/298\n|-enditem|p1a: Azumarill|Sitrus Berry|[eat]\n|-heal|p1a: Azumarill|202/298|[from] item: Sitrus Berry\n|move|p1a: Azumarill|Belly Drum|p1a: Azumarill\n|-damage|p1a: Azumarill|53/298\n|-setboost|p1a: Azumarill|atk|6|[from] move: Belly Drum\n|\n|-weather|RainDance|[upkeep]\n|upkeep\n|turn|2\n|\n|t:|1733850492\n|-terastallize|p1a: Azumarill|Water\n|move|p1a: Azumarill|Aqua Jet|p2a: Kyogre\n|-resisted|p2a: Kyogre\n|-damage|p2a: Kyogre|33/259\n|move|p2a: Kyogre|Thunder|p1a: Azumarill\n|-supereffective|p1a: Azumarill\n|-damage|p1a: Azumarill|0 fnt\n|faint|p1a: Azumarill\n|\n|-weather|RainDance|[upkeep]\n|upkeep\n|\n|t:|1733850513\n|switch|p1a: Serperior|Serperior, L79, M|248/248\n|turn|3\n|\n|t:|1733850527\n|switch|p2a: Leavanny|Leavanny, L86, M|269/269\n|move|p1a: Serperior|Substitute|p1a: Serperior\n|-start|p1a: Serperior|Substitute\n|-damage|p1a: Serperior|186/248\n|\n|-weather|RainDance|[upkeep]\n|-heal|p1a: Serperior|201/248|[from] item: Leftovers\n|upkeep\n|turn|4\n|\n|t:|1733850535\n|move|p1a: Serperior|Leaf Storm|p2a: Leavanny\n|-resisted|p2a: Leavanny\n|-damage|p2a: Leavanny|243/269\n|-boost|p1a: Serperior|spa|2\n|move|p2a: Leavanny|Lunge|p1a: Serperior\n|-supereffective|p1a: Serperior\n|-end|p1a: Serperior|Substitute\n|\n|-weather|RainDance|[upkeep]\n|-heal|p1a: Serperior|216/248|[from] item: Leftovers\n|upkeep\n|turn|5\n|\n|t:|1733850546\n|move|p1a: Serperior|Dragon Pulse|p2a: Leavanny\n|-damage|p2a: Leavanny|147/269\n|move|p2a: Leavanny|Lunge|p1a: Serperior\n|-supereffective|p1a: Serperior\n|-damage|p1a: Serperior|28/248\n|-boost|p1a: Serperior|atk|1\n|\n|-weather|none\n|-heal|p1a: Serperior|43/248|[from] item: Leftovers\n|upkeep\n|turn|6\n|\n|t:|1733850562\n|move|p1a: Serperior|Leaf Storm|p2a: Leavanny\n|-resisted|p2a: Leavanny\n|-damage|p2a: Leavanny|92/269\n|-boost|p1a: Serperior|spa|2\n|move|p2a: Leavanny|Sticky Web|p1a: Serperior\n|-sidestart|p1: Red ash hop leon|move: Sticky Web\n|\n|-heal|p1a: Serperior|58/248|[from] item: Leftovers\n|upkeep\n|turn|7\n|\n|t:|1733850571\n|move|p1a: Serperior|Dragon Pulse|p2a: Leavanny\n|-damage|p2a: Leavanny|0 fnt\n|faint|p2a: Leavanny\n|\n|-heal|p1a: Serperior|73/248|[from] item: Leftovers\n|upkeep\n|\n|t:|1733850579\n|switch|p2a: Kyogre|Kyogre, L71|33/259\n|-weather|RainDance|[from] ability: Drizzle|[of] p2a: Kyogre\n|turn|8\n|\n|t:|1733850584\n|move|p2a: Kyogre|Ice Beam|p1a: Serperior\n|-supereffective|p1a: Serperior\n|-damage|p1a: Serperior|0 fnt\n|faint|p1a: Serperior\n|\n|-weather|RainDance|[upkeep]\n|upkeep\n|\n|t:|1733850598\n|switch|p1a: Lugia|Lugia, L72|272/272\n|turn|9\n|\n|t:|1733850603\n|move|p2a: Kyogre|Ice Beam|p1a: Lugia\n|-supereffective|p1a: Lugia\n|-damage|p1a: Lugia|225/272\n|move|p1a: Lugia|Earth Power|p2a: Kyogre\n|-damage|p2a: Kyogre|0 fnt\n|faint|p2a: Kyogre\n|\n|-weather|RainDance|[upkeep]\n|upkeep\n|\n|t:|1733850623\n|switch|p2a: Toxicroak|Toxicroak, L84, F|277/277\n|turn|10\n|\n|t:|1733850629\n|-terastallize|p2a: Toxicroak|Dark\n|move|p1a: Lugia|Aeroblast|p2a: Toxicroak\n|-damage|p2a: Toxicroak|177/277\n|move|p2a: Toxicroak|Knock Off|p1a: Lugia\n|-supereffective|p1a: Lugia\n|-damage|p1a: Lugia|0 fnt\n|-enditem|p1a: Lugia|Heavy-Duty Boots|[from] move: Knock Off|[of] p2a: Toxicroak\n|faint|p1a: Lugia\n|-damage|p2a: Toxicroak|150/277|[from] item: Life Orb\n|\n|-weather|RainDance|[upkeep]\n|-heal|p2a: Toxicroak|184/277|[from] ability: Dry Skin\n|upkeep\n|\n|t:|1733850647\n|switch|p1a: Urshifu|Urshifu-Rapid-Strike, L75, F|274/274\n|-activate|p1a: Urshifu|move: Sticky Web\n|-unboost|p1a: Urshifu|spe|1\n|turn|11\n|inactive|Red ash hop leon has 120 seconds left.\n|\n|t:|1733850673\n|switch|p2a: Uxie|Uxie, L83|260/260\n|move|p1a: Urshifu|Swords Dance|p1a: Urshifu\n|-boost|p1a: Urshifu|atk|2\n|\n|-weather|RainDance|[upkeep]\n|upkeep\n|turn|12\n|\n|t:|1733850682\n|move|p2a: Uxie|Yawn|p1a: Urshifu\n|-start|p1a: Urshifu|move: Yawn|[of] p2a: Uxie\n|move|p1a: Urshifu|Surging Strikes|p2a: Uxie\n|-crit|p2a: Uxie\n|-damage|p2a: Uxie|139/260\n|-crit|p2a: Uxie\n|-damage|p2a: Uxie|22/260\n|-crit|p2a: Uxie\n|-damage|p2a: Uxie|0 fnt\n|faint|p2a: Uxie\n|-hitcount|p2: Uxie|3\n|-damage|p1a: Urshifu|247/274|[from] item: Life Orb\n|\n|-weather|none\n|upkeep\n|\n|t:|1733850690\n|switch|p2a: Toxicroak|Toxicroak, L84, F, tera:Dark|184/277\n|turn|13\n|\n|t:|1733850697\n|switch|p2a: Mamoswine|Mamoswine, L81, F|311/311\n|move|p1a: Urshifu|Surging Strikes|p2a: Mamoswine\n|-supereffective|p2a: Mamoswine\n|-crit|p2a: Mamoswine\n|-damage|p2a: Mamoswine|82/311\n|-supereffective|p2a: Mamoswine\n|-crit|p2a: Mamoswine\n|-damage|p2a: Mamoswine|0 fnt\n|faint|p2a: Mamoswine\n|-hitcount|p2: Mamoswine|2\n|-damage|p1a: Urshifu|220/274|[from] item: Life Orb\n|\n|-end|p1a: Urshifu|move: Yawn|[silent]\n|-status|p1a: Urshifu|slp\n|upkeep\n|\n|t:|1733850722\n|switch|p2a: Toxicroak|Toxicroak, L84, F, tera:Dark|184/277\n|turn|14\n|\n|t:|1733850734\n|move|p2a: Toxicroak|Swords Dance|p2a: Toxicroak\n|-boost|p2a: Toxicroak|atk|2\n|cant|p1a: Urshifu|slp\n|\n|upkeep\n|turn|15\n|\n|t:|1733850745\n|move|p2a: Toxicroak|Swords Dance|p2a: Toxicroak\n|-boost|p2a: Toxicroak|atk|2\n|-curestatus|p1a: Urshifu|slp|[msg]\n|move|p1a: Urshifu|Close Combat|p2a: Toxicroak\n|-supereffective|p2a: Toxicroak\n|-damage|p2a: Toxicroak|0 fnt\n|-unboost|p1a: Urshifu|def|1\n|-unboost|p1a: Urshifu|spd|1\n|faint|p2a: Toxicroak\n|-damage|p1a: Urshifu|193/274|[from] item: Life Orb\n|\n|upkeep\n|l|\u2606mullankolli\n|inactive|mullankolli disconnected and has a minute to reconnect!\n|player|p2|\n|inactive|mullankolli has 30 seconds to reconnect!\n|inactive|mullankolli has 20 seconds to reconnect!\n|inactive|mullankolli has 15 seconds to reconnect!\n|inactive|mullankolli has 10 seconds to reconnect!\n|inactive|mullankolli has 5 seconds to reconnect!\n|-message|mullankolli lost due to inactivity.\n|\n|win|Red ash hop leon\n|raw|Red ash hop leon's rating: 1303 &rarr; <strong>1324</strong><br />(+21 for winning)\n|raw|mullankolli's rating: 1316 &rarr; <strong>1295</strong><br />(-21 for losing)\n", "inputlog": ">version bfd83cad13791eb5a5a409923076391caf6fb4d4\n>start {\"formatid\":\"gen9randombattle\",\"seed\":[55292,14531,3959,61677],\"rated\":\"Rated battle\"}\n>player p1 {\"name\":\"Red ash hop leon\",\"avatar\":\"102\",\"rating\":1303,\"seed\":[11199,23461,6910,24895]}\n>player p2 {\"name\":\"mullankolli\",\"avatar\":\"102\",\"rating\":1316,\"seed\":[37474,5890,6319,46170]}\n>p1 move bellydrum\n>p2 move thunder\n>p1 move aquajet terastallize\n>p2 move thunder\n>p1 switch 6\n>p1 move substitute\n>p2 switch 3\n>p1 move leafstorm\n>p2 move lunge\n>p1 move dragonpulse\n>p2 move lunge\n>p1 move leafstorm\n>p2 move stickyweb\n>p1 move dragonpulse\n>p2 move lunge\n>p2 switch 3\n>p1 move substitute\n>p2 move icebeam\n>p1 switch 2\n>p1 move earthpower\n>p2 move icebeam\n>p2 switch 6\n>p1 move aeroblast\n>p2 move knockoff terastallize\n>p1 switch 5\n>p1 move swordsdance\n>p2 switch 5\n>p1 move surgingstrikes\n>p2 move yawn\n>p2 switch 5\n>p1 move surgingstrikes\n>p2 switch 2\n>p2 switch 2\n>p1 move surgingstrikes\n>p2 move swordsdance\n>p1 move closecombat\n>p2 move swordsdance\n>forcelose p2", "uploadtime": 1733850815, "views": 1, "formatid": "gen9randombattle", "rating": 1295, "private": 0, "password": null}