{"id": "gen9randombattle-2232461198", "format": "[Gen 9] Random Battle", "players": ["Qiuescent", "bao2022"], "log": "|badge|p1|bronze|gen9randombattle|100-3\n|uhtml|medal-msg|<div class=\"broadcast-blue\">Curious what those medals under the avatar are? PS now has Ladder Seasons! For more information, check out the <a href=\"https://www.smogon.com/forums/threads/3740067/\">thread on Smogon.</a></div>\n|badge|p2|bronze|gen9randombattle|100-3\n|uhtml|medal-msg|<div class=\"broadcast-blue\">Curious what those medals under the avatar are? PS now has Ladder Seasons! For more information, check out the <a href=\"https://www.smogon.com/forums/threads/3740067/\">thread on Smogon.</a></div>\n|j|\u203dQiuescent\n|j|\u2606bao2022\n|t:|1730108217\n|gametype|singles\n|player|p1|Qiuescent|266|2278\n|player|p2|bao2022|266|2312\n|teamsize|p1|6\n|teamsize|p2|6\n|gen|9\n|tier|[Gen 9] Random Battle\n|rated|\n|rule|Species Clause: Limit one of each Pok\u00e9mon\n|rule|HP Percentage Mod: HP is shown in percentages\n|rule|Sleep Clause Mod: Limit one foe put to sleep\n|rule|Illusion Level Mod: Illusion disguises the Pok\u00e9mon's true level\n|\n|t:|1730108217\n|start\n|switch|p1a: Dragalge|Dragalge, L88, M|258/258\n|switch|p2a: Coalossal|Coalossal, L89, F|341/341\n|turn|1\n|inactive|Battle timer is ON: inactive players will automatically lose when time's up. (requested by bao2022)\n|\n|t:|1730108231\n|move|p1a: Dragalge|Focus Blast|p2a: Coalossal\n|-supereffective|p2a: Coalossal\n|-damage|p2a: Coalossal|161/341\n|move|p2a: Coalossal|Spikes|p1a: Dragalge\n|-sidestart|p1: Qiuescent|Spikes\n|\n|upkeep\n|turn|2\n|\n|t:|1730108236\n|switch|p2a: Toedscruel|Toedscruel, L87, F|281/281\n|move|p1a: Dragalge|Draco Meteor|p2a: Toedscruel\n|-damage|p2a: Toedscruel|139/281\n|-unboost|p1a: Dragalge|spa|2\n|\n|-heal|p2a: Toedscruel|156/281|[from] item: Leftovers\n|upkeep\n|turn|3\n|\n|t:|1730108242\n|switch|p1a: Meowscarada|Meowscarada, L78, M|247/247\n|-damage|p1a: Meowscarada|217/247|[from] Spikes\n|move|p2a: Toedscruel|Spore|p1a: Meowscarada\n|-immune|p1a: Meowscarada\n|\n|-heal|p2a: Toedscruel|173/281|[from] item: Leftovers\n|upkeep\n|turn|4\n|\n|t:|1730108246\n|switch|p2a: Talonflame|Talonflame, L84, M|268/268\n|move|p1a: Meowscarada|U-turn|p2a: Talonflame\n|-start|p1a: Meowscarada|typechange|Bug|[from] ability: Protean\n|-resisted|p2a: Talonflame\n|-damage|p2a: Talonflame|239/268\n|\n|t:|1730108250\n|switch|p1a: Kleavor|Kleavor, L78, F|237/237|[from] U-turn\n|\n|upkeep\n|turn|5\n|\n|t:|1730108255\n|switch|p2a: Iron Crown|Iron Crown, L79|272/272\n|move|p1a: Kleavor|Stone Axe|p2a: Iron Crown\n|-resisted|p2a: Iron Crown\n|-damage|p2a: Iron Crown|218/272\n|-sidestart|p2: bao2022|move: Stealth Rock\n|\n|-heal|p2a: Iron Crown|235/272|[from] item: Leftovers\n|upkeep\n|turn|6\n|\n|t:|1730108267\n|move|p2a: Iron Crown|Focus Blast|p1a: Kleavor\n|-damage|p1a: Kleavor|116/237\n|move|p1a: Kleavor|X-Scissor|p2a: Iron Crown\n|-damage|p2a: Iron Crown|94/272\n|\n|-heal|p2a: Iron Crown|111/272|[from] item: Leftovers\n|upkeep\n|turn|7\n|\n|t:|1730108271\n|move|p2a: Iron Crown|Tachyon Cutter|p1a: Kleavor\n|-supereffective|p1a: Kleavor\n|-damage|p1a: Kleavor|0 fnt\n|faint|p1a: Kleavor\n|-hitcount|p1: Kleavor|1\n|\n|-heal|p2a: Iron Crown|128/272|[from] item: Leftovers\n|upkeep\n|\n|t:|1730108283\n|switch|p1a: Glalie|Glalie, L96, M|309/309\n|turn|8\n|\n|t:|1730108292\n|-end|p2a: Iron Crown|Quark Drive|[silent]\n|switch|p2a: Wyrdeer|Wyrdeer, L87, M|321/321\n|-damage|p2a: Wyrdeer|281/321|[from] Stealth Rock\n|-ability|p2a: Wyrdeer|Intimidate|boost\n|-fail|p1a: Glalie|unboost|Attack|[from] ability: Inner Focus|[of] p1a: Glalie\n|move|p1a: Glalie|Earthquake|p2a: Wyrdeer\n|-damage|p2a: Wyrdeer|185/321\n|\n|-heal|p2a: Wyrdeer|205/321|[from] item: Leftovers\n|upkeep\n|turn|9\n|\n|t:|1730108300\n|move|p1a: Glalie|Freeze-Dry|p2a: Wyrdeer\n|-damage|p2a: Wyrdeer|111/321\n|move|p2a: Wyrdeer|Thunder Wave|p1a: Glalie\n|-status|p1a: Glalie|par\n|\n|-heal|p2a: Wyrdeer|131/321|[from] item: Leftovers\n|upkeep\n|turn|10\n|\n|t:|1730108304\n|move|p2a: Wyrdeer|Psychic Noise|p1a: Glalie\n|-damage|p1a: Glalie|218/309 par\n|-start|p1a: Glalie|move: Heal Block\n|move|p1a: Glalie|Spikes|p2a: Wyrdeer\n|-sidestart|p2: bao2022|Spikes\n|\n|-heal|p2a: Wyrdeer|151/321|[from] item: Leftovers\n|upkeep\n|turn|11\n|\n|t:|1730108310\n|move|p2a: Wyrdeer|Psychic Noise|p1a: Glalie\n|-damage|p1a: Glalie|140/309 par\n|move|p1a: Glalie|Freeze-Dry|p2a: Wyrdeer\n|-damage|p2a: Wyrdeer|63/321\n|\n|-heal|p2a: Wyrdeer|83/321|[from] item: Leftovers\n|-end|p1a: Glalie|move: Heal Block\n|upkeep\n|turn|12\n|\n|t:|1730108331\n|move|p2a: Wyrdeer|Psychic Noise|p1a: Glalie\n|-damage|p1a: Glalie|53/309 par\n|-start|p1a: Glalie|move: Heal Block\n|move|p1a: Glalie|Freeze-Dry|p2a: Wyrdeer\n|-damage|p2a: Wyrdeer|0 fnt\n|faint|p2a: Wyrdeer\n|\n|upkeep\n|\n|t:|1730108339\n|switch|p2a: Coalossal|Coalossal, L89, F|161/341\n|turn|13\n|\n|t:|1730108342\n|move|p1a: Glalie|Earthquake|p2a: Coalossal\n|-supereffective|p2a: Coalossal\n|-damage|p2a: Coalossal|0 fnt\n|faint|p2a: Coalossal\n|\n|-end|p1a: Glalie|move: Heal Block\n|upkeep\n|\n|t:|1730108349\n|switch|p2a: Talonflame|Talonflame, L84, M|239/268\n|turn|14\n|\n|t:|1730108378\n|move|p2a: Talonflame|Brave Bird|p1a: Glalie\n|-damage|p1a: Glalie|0 fnt\n|faint|p1a: Glalie\n|-damage|p2a: Talonflame|222/268|[from] Recoil\n|\n|upkeep\n|\n|t:|1730108382\n|switch|p1a: Dragalge|Dragalge, L88, M|258/258\n|-damage|p1a: Dragalge|226/258|[from] Spikes\n|turn|15\n|\n|t:|1730108386\n|switch|p2a: Toedscruel|Toedscruel, L87, F|173/281\n|-damage|p2a: Toedscruel|156/281|[from] Stealth Rock\n|-damage|p2a: Toedscruel|121/281|[from] Spikes\n|move|p1a: Dragalge|Sludge Wave|p2a: Toedscruel\n|-damage|p2a: Toedscruel|9/281\n|\n|-heal|p2a: Toedscruel|26/281|[from] item: Leftovers\n|-heal|p1a: Dragalge|242/258|[from] item: Leftovers\n|upkeep\n|turn|16\n|\n|t:|1730108410\n|move|p2a: Toedscruel|Earth Power|p1a: Dragalge\n|-supereffective|p1a: Dragalge\n|-damage|p1a: Dragalge|102/258\n|move|p1a: Dragalge|Sludge Wave|p2a: Toedscruel\n|-damage|p2a: Toedscruel|0 fnt\n|faint|p2a: Toedscruel\n|\n|-heal|p1a: Dragalge|118/258|[from] item: Leftovers\n|upkeep\n|\n|t:|1730108414\n|switch|p2a: Meowscarada|Meowscarada, L78, M|247/247\n|-damage|p2a: Meowscarada|217/247|[from] Stealth Rock\n|-damage|p2a: Meowscarada|187/247|[from] Spikes\n|turn|17\n|\n|t:|1730108423\n|move|p2a: Meowscarada|Triple Axel|p1a: Dragalge\n|-start|p2a: Meowscarada|typechange|Ice|[from] ability: Protean\n|-supereffective|p1a: Dragalge\n|-damage|p1a: Dragalge|69/258\n|-hitcount|p1a: Dragalge|1\n|-damage|p2a: Meowscarada|163/247|[from] item: Life Orb\n|move|p1a: Dragalge|Sludge Wave|p2a: Meowscarada\n|-damage|p2a: Meowscarada|0 fnt\n|faint|p2a: Meowscarada\n|\n|-heal|p1a: Dragalge|85/258|[from] item: Leftovers\n|upkeep\n|c|\u2606bao2022|\ud83d\ude2d\n|\n|t:|1730108438\n|switch|p2a: Iron Crown|Iron Crown, L79|128/272\n|-damage|p2a: Iron Crown|111/272|[from] Stealth Rock\n|-damage|p2a: Iron Crown|77/272|[from] Spikes\n|turn|18\n|\n|t:|1730108454\n|move|p2a: Iron Crown|Tachyon Cutter|p1a: Dragalge\n|-damage|p1a: Dragalge|45/258\n|-damage|p1a: Dragalge|2/258\n|-hitcount|p1a: Dragalge|2\n|move|p1a: Dragalge|Focus Blast|p2a: Iron Crown|[miss]\n|-miss|p1a: Dragalge|p2a: Iron Crown\n|\n|-heal|p2a: Iron Crown|94/272|[from] item: Leftovers\n|-heal|p1a: Dragalge|18/258|[from] item: Leftovers\n|upkeep\n|turn|19\n|\n|t:|1730108463\n|move|p2a: Iron Crown|Tachyon Cutter|p1a: Dragalge\n|-damage|p1a: Dragalge|0 fnt\n|faint|p1a: Dragalge\n|-hitcount|p1: Dragalge|1\n|\n|-heal|p2a: Iron Crown|111/272|[from] item: Leftovers\n|upkeep\n|\n|t:|1730108492\n|switch|p1a: Meowscarada|Meowscarada, L78, M|217/247\n|-damage|p1a: Meowscarada|187/247|[from] Spikes\n|turn|20\n|j| MNSD-1\n|\n|t:|1730108513\n|-terastallize|p2a: Iron Crown|Steel\n|move|p1a: Meowscarada|Knock Off|p2a: Iron Crown\n|-start|p1a: Meowscarada|typechange|Dark|[from] ability: Protean\n|-damage|p2a: Iron Crown|0 fnt\n|-enditem|p2a: Iron Crown|Leftovers|[from] move: Knock Off|[of] p1a: Meowscarada\n|faint|p2a: Iron Crown\n|-end|p2a: Iron Crown|Quark Drive|[silent]\n|\n|upkeep\n|\n|t:|1730108518\n|switch|p2a: Talonflame|Talonflame, L84, M|222/268\n|turn|21\n|\n|t:|1730108521\n|move|p2a: Talonflame|Will-O-Wisp|p1a: Meowscarada\n|-status|p1a: Meowscarada|brn\n|move|p1a: Meowscarada|Knock Off|p2a: Talonflame\n|-damage|p2a: Talonflame|129/268\n|-enditem|p2a: Talonflame|Heavy-Duty Boots|[from] move: Knock Off|[of] p1a: Meowscarada\n|\n|-damage|p1a: Meowscarada|172/247 brn|[from] brn\n|upkeep\n|turn|22\n|\n|t:|1730108526\n|move|p2a: Talonflame|Roost|p2a: Talonflame\n|-heal|p2a: Talonflame|263/268\n|-singleturn|p2a: Talonflame|move: Roost\n|move|p1a: Meowscarada|Knock Off|p2a: Talonflame\n|-damage|p2a: Talonflame|209/268\n|\n|-damage|p1a: Meowscarada|157/247 brn|[from] brn\n|upkeep\n|turn|23\n|inactive|bao2022 has 120 seconds left.\n|\n|t:|1730108557\n|move|p2a: Talonflame|Brave Bird|p1a: Meowscarada\n|-damage|p1a: Meowscarada|9/247 brn\n|-damage|p2a: Talonflame|160/268|[from] Recoil\n|move|p1a: Meowscarada|Knock Off|p2a: Talonflame\n|-damage|p2a: Talonflame|106/268\n|\n|-damage|p1a: Meowscarada|0 fnt|[from] brn\n|faint|p1a: Meowscarada\n|upkeep\n|\n|t:|1730108564\n|switch|p1a: Eiscue|Eiscue, L88, M|274/274\n|-damage|p1a: Eiscue|240/274|[from] Spikes\n|turn|24\n|\n|t:|1730108576\n|move|p2a: Talonflame|Overheat|p1a: Eiscue\n|-supereffective|p1a: Eiscue\n|-damage|p1a: Eiscue|46/274\n|-unboost|p2a: Talonflame|spa|2\n|-enditem|p1a: Eiscue|Sitrus Berry|[eat]\n|-heal|p1a: Eiscue|114/274|[from] item: Sitrus Berry\n|move|p1a: Eiscue|Belly Drum||[still]\n|-fail|p1a: Eiscue\n|\n|upkeep\n|turn|25\n|\n|t:|1730108586\n|move|p2a: Talonflame|Roost|p2a: Talonflame\n|-heal|p2a: Talonflame|240/268\n|-singleturn|p2a: Talonflame|move: Roost\n|move|p1a: Eiscue|Liquidation|p2a: Talonflame\n|-supereffective|p2a: Talonflame\n|-damage|p2a: Talonflame|116/268\n|-status|p1a: Eiscue|brn|[from] ability: Flame Body|[of] p2a: Talonflame\n|\n|-damage|p1a: Eiscue|97/274 brn|[from] brn\n|upkeep\n|turn|26\n|\n|t:|1730108590\n|move|p2a: Talonflame|Roost|p2a: Talonflame\n|-heal|p2a: Talonflame|250/268\n|-singleturn|p2a: Talonflame|move: Roost\n|move|p1a: Eiscue|Liquidation|p2a: Talonflame\n|-supereffective|p2a: Talonflame\n|-damage|p2a: Talonflame|180/268\n|\n|-damage|p1a: Eiscue|80/274 brn|[from] brn\n|upkeep\n|turn|27\n|\n|t:|1730108601\n|move|p2a: Talonflame|Roost|p2a: Talonflame\n|-heal|p2a: Talonflame|268/268\n|-singleturn|p2a: Talonflame|move: Roost\n|move|p1a: Eiscue|Liquidation|p2a: Talonflame\n|-supereffective|p2a: Talonflame\n|-damage|p2a: Talonflame|206/268\n|-unboost|p2a: Talonflame|def|1\n|\n|-damage|p1a: Eiscue|63/274 brn|[from] brn\n|upkeep\n|turn|28\n|\n|t:|1730108607\n|move|p2a: Talonflame|Overheat|p1a: Eiscue\n|-supereffective|p1a: Eiscue\n|-damage|p1a: Eiscue|0 fnt\n|-unboost|p2a: Talonflame|spa|2\n|faint|p1a: Eiscue\n|\n|upkeep\n|\n|t:|1730108609\n|switch|p1a: Iron Hands|Iron Hands, L79|373/373\n|-damage|p1a: Iron Hands|327/373|[from] Spikes\n|turn|29\n|\n|t:|1730108611\n|move|p2a: Talonflame|Will-O-Wisp|p1a: Iron Hands\n|-status|p1a: Iron Hands|brn\n|move|p1a: Iron Hands|Swords Dance|p1a: Iron Hands\n|-boost|p1a: Iron Hands|atk|2\n|\n|-heal|p1a: Iron Hands|350/373 brn|[from] item: Leftovers\n|-damage|p1a: Iron Hands|327/373 brn|[from] brn\n|upkeep\n|turn|30\n|\n|t:|1730108619\n|move|p2a: Talonflame|Roost|p2a: Talonflame\n|-heal|p2a: Talonflame|268/268\n|-singleturn|p2a: Talonflame|move: Roost\n|move|p1a: Iron Hands|Thunder Punch|p2a: Talonflame\n|-damage|p2a: Talonflame|96/268\n|\n|-heal|p1a: Iron Hands|350/373 brn|[from] item: Leftovers\n|-damage|p1a: Iron Hands|327/373 brn|[from] brn\n|upkeep\n|turn|31\n|\n|t:|1730108622\n|move|p2a: Talonflame|Roost|p2a: Talonflame\n|-heal|p2a: Talonflame|230/268\n|-singleturn|p2a: Talonflame|move: Roost\n|move|p1a: Iron Hands|Thunder Punch|p2a: Talonflame\n|-damage|p2a: Talonflame|65/268\n|\n|-heal|p1a: Iron Hands|350/373 brn|[from] item: Leftovers\n|-damage|p1a: Iron Hands|327/373 brn|[from] brn\n|upkeep\n|turn|32\n|\n|t:|1730108626\n|move|p2a: Talonflame|Brave Bird|p1a: Iron Hands\n|-damage|p1a: Iron Hands|227/373 brn\n|-damage|p2a: Talonflame|32/268|[from] Recoil\n|move|p1a: Iron Hands|Drain Punch|p2a: Talonflame\n|-resisted|p2a: Talonflame\n|-damage|p2a: Talonflame|0 fnt\n|-heal|p1a: Iron Hands|243/373 brn|[from] drain|[of] p2a: Talonflame\n|faint|p2a: Talonflame\n|\n|win|Qiuescent\n|raw|Qiuescent's rating: 2259 &rarr; <strong>2282</strong><br />(+23 for winning)\n|raw|bao2022's rating: 2312 &rarr; <strong>2289</strong><br />(-23 for losing)\n", "inputlog": ">version 477f30e240a7ed7b39cd1259dc3a52c35227dcfd\n>start {\"formatid\":\"gen9randombattle\",\"seed\":[36211,25585,7211,41534],\"rated\":\"Rated battle\"}\n>player p1 {\"name\":\"Qiuescent\",\"avatar\":\"266\",\"rating\":2278,\"seed\":[53100,20286,22221,28096]}\n>player p2 {\"name\":\"bao2022\",\"avatar\":\"266\",\"rating\":2312,\"seed\":[10276,48403,58169,11179]}\n>p1 move focusblast\n>p2 move spikes\n>p1 move dracometeor\n>p2 switch 2\n>p1 switch 5\n>p2 move spore\n>p1 move uturn\n>p2 switch 4\n>p1 switch 6\n>p1 move stoneaxe\n>p2 switch 5\n>p1 move xscissor\n>p2 move focusblast\n>p1 move xscissor\n>p2 move tachyoncutter\n>p1 switch 4\n>p1 move earthquake\n>p2 switch 6\n>p1 move freezedry\n>p2 move thunderwave\n>p1 move spikes\n>p2 move psychicnoise\n>p1 move freezedry\n>p2 move psychicnoise\n>p1 move freezedry\n>p2 move psychicnoise\n>p2 switch 2\n>p1 move earthquake\n>p2 move rapidspin\n>p2 switch 5\n>p1 move freezedry\n>p2 move bravebird\n>p1 switch 5\n>p1 move sludgewave\n>p2 switch 4\n>p1 move sludgewave\n>p2 move earthpower\n>p2 switch 3\n>p1 move sludgewave\n>p2 move tripleaxel\n>chat \u2606bao2022|\ud83d\ude2d \n>p2 switch 6\n>p1 move focusblast\n>p2 move tachyoncutter\n>p1 move focusblast\n>p2 move tachyoncutter\n>p1 switch 6\n>p1 move knockoff\n>p2 move focusblast terastallize\n>p2 switch 4\n>p1 move knockoff\n>p2 move willowisp\n>p1 move knockoff\n>p2 move roost\n>p1 move knockoff\n>p2 move bravebird\n>p1 switch 2\n>p1 move bellydrum\n>p2 move overheat\n>p1 move liquidation\n>p2 move roost\n>p1 move liquidation\n>p2 move roost\n>p1 move liquidation\n>p2 move roost\n>p1 move liquidation\n>p2 move overheat\n>p1 switch 3\n>p1 move swordsdance\n>p2 move willowisp\n>p1 move thunderpunch\n>p2 move roost\n>p1 move thunderpunch\n>p2 move roost\n>p1 move drainpunch\n>p2 move bravebird", "uploadtime": 1730108629, "views": 54, "formatid": "gen9randombattle", "rating": 2282, "private": 0, "password": null}