{"id": "gen9randombattle-2260095534", "format": "[Gen 9] Random Battle", "players": ["memimic", "CrippledAxes"], "log": "|j|\u2606memimic\n|j|\u2606CrippledAxes\n|t:|1733801751\n|gametype|singles\n|player|p1|memimic|iris|1672\n|player|p2|CrippledAxes|266|1685\n|teamsize|p1|6\n|teamsize|p2|6\n|gen|9\n|tier|[Gen 9] Random Battle\n|rated|\n|rule|Species Clause: Limit one of each Pok\u00e9mon\n|rule|HP Percentage Mod: HP is shown in percentages\n|rule|Sleep Clause Mod: Limit one foe put to sleep\n|rule|Illusion Level Mod: Illusion disguises the Pok\u00e9mon's true level\n|\n|t:|1733801751\n|start\n|switch|p1a: Bastiodon|Bastiodon, L89, F|252/252\n|switch|p2a: Iron Crown|Iron Crown, L78|268/268\n|turn|1\n|inactive|Battle timer is ON: inactive players will automatically lose when time's up. (requested by CrippledAxes)\n|inactive|memimic has 120 seconds left.\n|\n|t:|1733801789\n|switch|p1a: Trevenant|Trevenant, L88, M|293/293\n|move|p2a: Iron Crown|Focus Blast|p1a: Trevenant\n|-immune|p1a: Trevenant\n|\n|upkeep\n|turn|2\n|\n|t:|1733801800\n|-end|p2a: Iron Crown|Quark Drive|[silent]\n|switch|p2a: Wyrdeer|Wyrdeer, L87, M|321/321\n|-ability|p2a: Wyrdeer|Intimidate|boost\n|-unboost|p1a: Trevenant|atk|1\n|move|p1a: Trevenant|Toxic|p2a: Wyrdeer\n|-status|p2a: Wyrdeer|tox\n|\n|-damage|p2a: Wyrdeer|301/321 tox|[from] psn\n|upkeep\n|turn|3\n|\n|t:|1733801810\n|switch|p1a: Rhydon|Rhydon, L85, M|317/317\n|move|p2a: Wyrdeer|Thunder Wave|p1a: Rhydon\n|-ability|p1a: Rhydon|Lightning Rod|boost\n|-boost|p1a: Rhydon|spa|1\n|\n|-heal|p2a: Wyrdeer|321/321 tox|[from] item: Leftovers\n|-damage|p2a: Wyrdeer|281/321 tox|[from] psn\n|upkeep\n|turn|4\n|\n|t:|1733801829\n|move|p2a: Wyrdeer|Earthquake|p1a: Rhydon\n|-supereffective|p1a: Rhydon\n|-damage|p1a: Rhydon|239/317\n|move|p1a: Rhydon|Megahorn|p2a: Wyrdeer\n|-supereffective|p2a: Wyrdeer\n|-damage|p2a: Wyrdeer|41/321 tox\n|\n|-heal|p2a: Wyrdeer|61/321 tox|[from] item: Leftovers\n|-damage|p2a: Wyrdeer|1/321 tox|[from] psn\n|upkeep\n|turn|5\n|\n|t:|1733801848\n|switch|p1a: Trevenant|Trevenant, L88, M|293/293\n|move|p2a: Wyrdeer|Thunder Wave|p1a: Trevenant\n|-status|p1a: Trevenant|par\n|\n|-heal|p2a: Wyrdeer|21/321 tox|[from] item: Leftovers\n|-damage|p2a: Wyrdeer|0 fnt|[from] psn\n|faint|p2a: Wyrdeer\n|upkeep\n|\n|t:|1733801859\n|switch|p2a: Wo-Chien|Wo-Chien, L83|277/277\n|-ability|p2a: Wo-Chien|Tablets of Ruin\n|turn|6\n|\n|t:|1733801879\n|switch|p2a: Iron Crown|Iron Crown, L78|268/268\n|move|p1a: Trevenant|Toxic|p2a: Iron Crown\n|-immune|p2a: Iron Crown\n|\n|upkeep\n|turn|7\n|\n|t:|1733801886\n|move|p2a: Iron Crown|Tachyon Cutter|p1a: Trevenant\n|-damage|p1a: Trevenant|215/293 par\n|-damage|p1a: Trevenant|131/293 par\n|-enditem|p1a: Trevenant|Sitrus Berry|[eat]\n|-heal|p1a: Trevenant|204/293 par|[from] item: Sitrus Berry\n|-hitcount|p1a: Trevenant|2\n|move|p1a: Trevenant|Poltergeist|p2a: Iron Crown\n|-activate|p2a: Iron Crown|move: Poltergeist|Choice Specs\n|-supereffective|p2a: Iron Crown\n|-damage|p2a: Iron Crown|0 fnt\n|faint|p2a: Iron Crown\n|-end|p2a: Iron Crown|Quark Drive|[silent]\n|\n|upkeep\n|\n|t:|1733801899\n|switch|p2a: Sandslash|Sandslash-Alola, L88, F|275/275\n|turn|8\n|\n|t:|1733801926\n|switch|p1a: Bastiodon|Bastiodon, L89, F|252/252\n|move|p2a: Sandslash|Swords Dance|p2a: Sandslash\n|-boost|p2a: Sandslash|atk|2\n|\n|upkeep\n|turn|9\n|\n|t:|1733801936\n|-terastallize|p1a: Bastiodon|Fighting\n|move|p2a: Sandslash|Earthquake|p1a: Bastiodon\n|-damage|p1a: Bastiodon|134/252\n|-damage|p2a: Sandslash|248/275|[from] item: Life Orb\n|move|p1a: Bastiodon|Body Press|p2a: Sandslash\n|-supereffective|p2a: Sandslash\n|-damage|p2a: Sandslash|0 fnt\n|faint|p2a: Sandslash\n|\n|upkeep\n|\n|t:|1733801950\n|switch|p2a: Sandy Shocks|Sandy Shocks, L80|267/267\n|turn|10\n|\n|t:|1733801960\n|move|p2a: Sandy Shocks|Spikes|p1a: Bastiodon\n|-sidestart|p1: memimic|Spikes\n|move|p1a: Bastiodon|Rest|p1a: Bastiodon\n|-status|p1a: Bastiodon|slp|[from] move: Rest\n|-heal|p1a: Bastiodon|252/252 slp|[silent]\n|-enditem|p1a: Bastiodon|Chesto Berry|[eat]\n|-curestatus|p1a: Bastiodon|slp|[msg]\n|\n|upkeep\n|turn|11\n|\n|t:|1733801968\n|move|p2a: Sandy Shocks|Thunder Wave|p1a: Bastiodon\n|-status|p1a: Bastiodon|par\n|move|p1a: Bastiodon|Body Press|p2a: Sandy Shocks\n|-crit|p2a: Sandy Shocks\n|-damage|p2a: Sandy Shocks|65/267\n|\n|-heal|p2a: Sandy Shocks|81/267|[from] item: Leftovers\n|upkeep\n|turn|12\n|\n|t:|1733801976\n|move|p2a: Sandy Shocks|Spikes|p1a: Bastiodon\n|-sidestart|p1: memimic|Spikes\n|cant|p1a: Bastiodon|par\n|\n|-heal|p2a: Sandy Shocks|97/267|[from] item: Leftovers\n|upkeep\n|turn|13\n|\n|t:|1733801981\n|move|p2a: Sandy Shocks|Spikes|p1a: Bastiodon\n|-sidestart|p1: memimic|Spikes\n|cant|p1a: Bastiodon|par\n|\n|-heal|p2a: Sandy Shocks|113/267|[from] item: Leftovers\n|upkeep\n|turn|14\n|\n|t:|1733801985\n|move|p2a: Sandy Shocks|Thunderbolt|p1a: Bastiodon\n|-damage|p1a: Bastiodon|185/252 par\n|cant|p1a: Bastiodon|par\n|\n|-heal|p2a: Sandy Shocks|129/267|[from] item: Leftovers\n|upkeep\n|turn|15\n|c|\u2606memimic|dasdasda\n|\n|t:|1733801989\n|move|p2a: Sandy Shocks|Thunderbolt|p1a: Bastiodon\n|-damage|p1a: Bastiodon|119/252 par\n|move|p1a: Bastiodon|Body Press|p2a: Sandy Shocks\n|-damage|p2a: Sandy Shocks|0 fnt\n|faint|p2a: Sandy Shocks\n|-end|p2a: Sandy Shocks|Protosynthesis|[silent]\n|\n|upkeep\n|c|\u2606memimic|LMAO\n|\n|t:|1733801995\n|switch|p2a: Wigglytuff|Wigglytuff, L96, F|424/424\n|turn|16\n|\n|t:|1733802004\n|move|p2a: Wigglytuff|Dazzling Gleam|p1a: Bastiodon\n|-supereffective|p1a: Bastiodon\n|-damage|p1a: Bastiodon|0 fnt\n|faint|p1a: Bastiodon\n|\n|upkeep\n|inactive|memimic has 120 seconds left.\n|\n|t:|1733802044\n|switch|p1a: Tatsugiri|Tatsugiri, L87, F|260/260\n|turn|17\n|inactive|memimic has 120 seconds left.\n|\n|t:|1733802062\n|move|p1a: Tatsugiri|Nasty Plot|p1a: Tatsugiri\n|-boost|p1a: Tatsugiri|spa|2\n|move|p2a: Wigglytuff|Dazzling Gleam|p1a: Tatsugiri\n|-supereffective|p1a: Tatsugiri\n|-damage|p1a: Tatsugiri|74/260\n|\n|upkeep\n|turn|18\n|\n|t:|1733802067\n|move|p1a: Tatsugiri|Surf|p2a: Wigglytuff\n|-damage|p2a: Wigglytuff|138/424\n|move|p2a: Wigglytuff|Dazzling Gleam|p1a: Tatsugiri\n|-supereffective|p1a: Tatsugiri\n|-damage|p1a: Tatsugiri|0 fnt\n|faint|p1a: Tatsugiri\n|\n|-heal|p2a: Wigglytuff|164/424|[from] item: Leftovers\n|upkeep\n|\n|t:|1733802074\n|switch|p1a: Rhydon|Rhydon, L85, M|239/317\n|-damage|p1a: Rhydon|160/317|[from] Spikes\n|turn|19\n|\n|t:|1733802085\n|move|p2a: Wigglytuff|Protect|p2a: Wigglytuff\n|-singleturn|p2a: Wigglytuff|Protect\n|move|p1a: Rhydon|Earthquake|p2a: Wigglytuff\n|-activate|p2a: Wigglytuff|move: Protect\n|\n|-heal|p2a: Wigglytuff|190/424|[from] item: Leftovers\n|upkeep\n|turn|20\n|\n|t:|1733802089\n|move|p2a: Wigglytuff|Wish|p2a: Wigglytuff\n|move|p1a: Rhydon|Earthquake|p2a: Wigglytuff\n|-damage|p2a: Wigglytuff|0 fnt\n|faint|p2a: Wigglytuff\n|\n|upkeep\n|\n|t:|1733802093\n|switch|p2a: Wo-Chien|Wo-Chien, L83|277/277\n|-ability|p2a: Wo-Chien|Tablets of Ruin\n|turn|21\n|\n|t:|1733802098\n|-terastallize|p2a: Wo-Chien|Poison\n|move|p2a: Wo-Chien|Giga Drain|p1a: Rhydon\n|-supereffective|p1a: Rhydon\n|-crit|p1a: Rhydon\n|-damage|p1a: Rhydon|0 fnt\n|faint|p1a: Rhydon\n|\n|upkeep\n|inactive|memimic has 120 seconds left.\n|\n|t:|1733802129\n|switch|p1a: Trevenant|Trevenant, L88, M|204/293 par\n|-damage|p1a: Trevenant|131/293 par|[from] Spikes\n|turn|22\n|\n|t:|1733802136\n|move|p2a: Wo-Chien|Knock Off|p1a: Trevenant\n|-supereffective|p1a: Trevenant\n|-damage|p1a: Trevenant|0 fnt\n|faint|p1a: Trevenant\n|\n|upkeep\n|\n|t:|1733802138\n|switch|p1a: Leafeon|Leafeon, L88, F|258/258\n|-damage|p1a: Leafeon|194/258|[from] Spikes\n|turn|23\n|\n|t:|1733802145\n|move|p1a: Leafeon|Swords Dance|p1a: Leafeon\n|-boost|p1a: Leafeon|atk|2\n|move|p2a: Wo-Chien|Knock Off|p1a: Leafeon\n|-damage|p1a: Leafeon|127/258\n|-enditem|p1a: Leafeon|Leftovers|[from] move: Knock Off|[of] p2a: Wo-Chien\n|\n|upkeep\n|turn|24\n|\n|t:|1733802167\n|move|p1a: Leafeon|Swords Dance|p1a: Leafeon\n|-boost|p1a: Leafeon|atk|2\n|move|p2a: Wo-Chien|Giga Drain|p1a: Leafeon\n|-resisted|p1a: Leafeon\n|-damage|p1a: Leafeon|85/258\n|\n|upkeep\n|turn|25\n|\n|t:|1733802181\n|move|p1a: Leafeon|Swords Dance|p1a: Leafeon\n|-boost|p1a: Leafeon|atk|2\n|move|p2a: Wo-Chien|Knock Off|p1a: Leafeon\n|-damage|p1a: Leafeon|39/258\n|\n|upkeep\n|turn|26\n|\n|t:|1733802197\n|move|p1a: Leafeon|Double-Edge|p2a: Wo-Chien\n|-damage|p2a: Wo-Chien|0 fnt\n|faint|p2a: Wo-Chien\n|-damage|p1a: Leafeon|0 fnt|[from] Recoil\n|faint|p1a: Leafeon\n|\n|win|memimic\n|raw|memimic's rating: 1672 &rarr; <strong>1693</strong><br />(+21 for winning)\n|raw|CrippledAxes's rating: 1685 &rarr; <strong>1664</strong><br />(-21 for losing)\n|l|\u2606CrippledAxes\n|player|p2|\n|c|\u2606memimic|gg\n", "inputlog": ">version bfd83cad13791eb5a5a409923076391caf6fb4d4\n>start {\"formatid\":\"gen9randombattle\",\"seed\":[37718,46084,7966,1237],\"rated\":\"Rated battle\"}\n>player p1 {\"name\":\"memimic\",\"avatar\":\"iris\",\"rating\":1672,\"seed\":[14519,21280,6778,15872]}\n>player p2 {\"name\":\"CrippledAxes\",\"avatar\":\"266\",\"rating\":1685,\"seed\":[33705,24824,11744,45013]}\n>p1 switch 5\n>p2 move focusblast\n>p1 move toxic\n>p2 switch 6\n>p1 switch 3\n>p2 move thunderwave\n>p1 move megahorn\n>p2 move earthquake\n>p1 switch 3\n>p2 move thunderwave\n>p2 switch 2\n>p1 move toxic\n>p2 switch 6\n>p1 move poltergeist\n>p2 move tachyoncutter\n>p2 switch 4\n>p1 switch 5\n>p2 move swordsdance\n>p1 move bodypress terastallize\n>p2 move earthquake\n>p2 switch 5\n>p1 move rest\n>p2 move spikes\n>p1 move bodypress\n>p2 move thunderwave\n>p1 move bodypress\n>p2 move spikes\n>p1 move bodypress\n>p2 move spikes\n>p1 move bodypress\n>p2 move thunderbolt\n>chat \u2606memimic|dasdasda\n>p1 move bodypress\n>p2 move thunderbolt\n>chat \u2606memimic|LMAO\n>p2 switch 3\n>p1 move bodypress\n>p2 move dazzlinggleam\n>p1 switch 2\n>p1 move nastyplot\n>p2 move dazzlinggleam\n>p1 move surf\n>p2 move dazzlinggleam\n>p1 switch 3\n>p1 move earthquake\n>p2 move protect\n>p1 move earthquake\n>p2 move wish\n>p2 switch 6\n>p1 move megahorn\n>p2 move gigadrain terastallize\n>p1 switch 5\n>p1 move toxic\n>p2 move knockoff\n>p1 switch 4\n>p1 move swordsdance\n>p2 move knockoff\n>p1 move swordsdance\n>p2 move gigadrain\n>p1 move swordsdance\n>p2 move knockoff\n>p1 move doubleedge\n>p2 move knockoff", "uploadtime": 1733802208, "views": 16, "formatid": "gen9randombattle", "rating": 1664, "private": 0, "password": null}