{"id": "gen9randombattle-2260837186", "format": "[Gen 9] Random Battle", "players": ["palworld lover", "ebizi"], "log": "|j|\u2606palworld lover\n|j|\u2606ebizi\n|t:|1733901357\n|gametype|singles\n|player|p1|palworld lover|2|1445\n|player|p2|ebizi|wattson|1452\n|teamsize|p1|6\n|teamsize|p2|6\n|gen|9\n|tier|[Gen 9] Random Battle\n|rated|\n|rule|Species Clause: Limit one of each Pok\u00e9mon\n|rule|HP Percentage Mod: HP is shown in percentages\n|rule|Sleep Clause Mod: Limit one foe put to sleep\n|rule|Illusion Level Mod: Illusion disguises the Pok\u00e9mon's true level\n|\n|t:|1733901357\n|start\n|switch|p1a: Volcanion|Volcanion, L79|256/256\n|switch|p2a: Lilligant|Lilligant-Hisui, L79, F|240/240\n|turn|1\n|\n|t:|1733901371\n|switch|p2a: Fezandipiti|Fezandipiti, L82, M|278/278\n|move|p1a: Volcanion|Flamethrower|p2a: Fezandipiti\n|-damage|p2a: Fezandipiti|197/278\n|-status|p2a: Fezandipiti|brn\n|\n|-heal|p2a: Fezandipiti|214/278 brn|[from] item: Leftovers\n|-damage|p2a: Fezandipiti|197/278 brn|[from] brn\n|upkeep\n|turn|2\n|inactive|Battle timer is ON: inactive players will automatically lose when time's up. (requested by ebizi)\n|\n|t:|1733901388\n|move|p2a: Fezandipiti|Beat Up|p1a: Volcanion\n|-damage|p1a: Volcanion|252/256\n|-status|p1a: Volcanion|tox|[from] ability: Toxic Chain|[of] p2a: Fezandipiti\n|-damage|p1a: Volcanion|248/256 tox\n|-damage|p1a: Volcanion|244/256 tox\n|-damage|p1a: Volcanion|241/256 tox\n|-damage|p1a: Volcanion|237/256 tox\n|-damage|p1a: Volcanion|233/256 tox\n|-hitcount|p1a: Volcanion|6\n|move|p1a: Volcanion|Steam Eruption|p2a: Fezandipiti\n|-crit|p2a: Fezandipiti\n|-damage|p2a: Fezandipiti|31/278 brn\n|\n|-heal|p2a: Fezandipiti|48/278 brn|[from] item: Leftovers\n|-damage|p1a: Volcanion|217/256 tox|[from] psn\n|-damage|p2a: Fezandipiti|31/278 brn|[from] brn\n|upkeep\n|turn|3\n|\n|t:|1733901408\n|move|p2a: Fezandipiti|Roost|p2a: Fezandipiti\n|-heal|p2a: Fezandipiti|170/278 brn\n|-singleturn|p2a: Fezandipiti|move: Roost\n|move|p1a: Volcanion|Flamethrower|p2a: Fezandipiti\n|-damage|p2a: Fezandipiti|91/278 brn\n|\n|-heal|p2a: Fezandipiti|108/278 brn|[from] item: Leftovers\n|-damage|p1a: Volcanion|185/256 tox|[from] psn\n|-damage|p2a: Fezandipiti|91/278 brn|[from] brn\n|upkeep\n|turn|4\n|\n|t:|1733901426\n|switch|p1a: Hypno|Hypno, L95, M|315/315\n|move|p2a: Fezandipiti|Roost|p2a: Fezandipiti\n|-heal|p2a: Fezandipiti|230/278 brn\n|-singleturn|p2a: Fezandipiti|move: Roost\n|\n|-heal|p2a: Fezandipiti|247/278 brn|[from] item: Leftovers\n|-damage|p2a: Fezandipiti|230/278 brn|[from] brn\n|upkeep\n|turn|5\n|\n|t:|1733901442\n|switch|p2a: Persian|Persian-Alola, L86, F|252/252\n|move|p1a: Hypno|Psychic Noise|p2a: Persian\n|-immune|p2a: Persian\n|\n|upkeep\n|turn|6\n|\n|t:|1733901452\n|-terastallize|p1a: Hypno|Dark\n|move|p2a: Persian|Nasty Plot|p2a: Persian\n|-boost|p2a: Persian|spa|2\n|move|p1a: Hypno|Focus Blast|p2a: Persian|[miss]\n|-miss|p1a: Hypno|p2a: Persian\n|\n|upkeep\n|turn|7\n|\n|t:|1733901468\n|-terastallize|p2a: Persian|Fairy\n|move|p2a: Persian|Tera Blast|p1a: Hypno|[anim] Tera Blast Fairy\n|-supereffective|p1a: Hypno\n|-damage|p1a: Hypno|32/315\n|-damage|p2a: Persian|227/252|[from] item: Life Orb\n|move|p1a: Hypno|Focus Blast|p2a: Persian|[miss]\n|-miss|p1a: Hypno|p2a: Persian\n|\n|-heal|p1a: Hypno|51/315|[from] item: Leftovers\n|upkeep\n|turn|8\n|\n|t:|1733901484\n|move|p2a: Persian|Tera Blast|p1a: Hypno|[anim] Tera Blast Fairy\n|-supereffective|p1a: Hypno\n|-damage|p1a: Hypno|0 fnt\n|faint|p1a: Hypno\n|-damage|p2a: Persian|202/252|[from] item: Life Orb\n|\n|upkeep\n|\n|t:|1733901498\n|switch|p1a: Basculin|Basculin-Blue-Striped, L86, M|261/261\n|turn|9\n|\n|t:|1733901502\n|move|p2a: Persian|Thunderbolt|p1a: Basculin\n|-supereffective|p1a: Basculin\n|-damage|p1a: Basculin|0 fnt\n|faint|p1a: Basculin\n|-damage|p2a: Persian|177/252|[from] item: Life Orb\n|\n|upkeep\n|\n|t:|1733901511\n|switch|p1a: Gurdurr|Gurdurr, L85, M|283/283\n|turn|10\n|\n|t:|1733901518\n|switch|p1a: Charizard|Charizard, L85, M|271/271\n|move|p2a: Persian|Tera Blast|p1a: Charizard|[anim] Tera Blast Fairy\n|-resisted|p1a: Charizard\n|-damage|p1a: Charizard|177/271\n|-damage|p2a: Persian|152/252|[from] item: Life Orb\n|\n|upkeep\n|turn|11\n|\n|t:|1733901527\n|move|p2a: Persian|Thunderbolt|p1a: Charizard\n|-supereffective|p1a: Charizard\n|-damage|p1a: Charizard|0 fnt\n|faint|p1a: Charizard\n|-damage|p2a: Persian|127/252|[from] item: Life Orb\n|\n|upkeep\n|-message|palworld lover forfeited.\n|\n|win|ebizi\n|raw|palworld lover's rating: 1445 &rarr; <strong>1425</strong><br />(-20 for losing)\n|raw|ebizi's rating: 1452 &rarr; <strong>1472</strong><br />(+20 for winning)\n|l|\u2606palworld lover\n|player|p1|\n|c|\u2606ebizi|GET ROLLED\n", "inputlog": ">version bfd83cad13791eb5a5a409923076391caf6fb4d4\n>start {\"formatid\":\"gen9randombattle\",\"seed\":[27712,7032,3267,12749],\"rated\":\"Rated battle\"}\n>player p1 {\"name\":\"palworld lover\",\"avatar\":\"2\",\"rating\":1445,\"seed\":[22545,12826,21861,50526]}\n>player p2 {\"name\":\"ebizi\",\"avatar\":\"wattson\",\"rating\":1452,\"seed\":[4857,57933,46206,20767]}\n>p1 move flamethrower\n>p2 switch 6\n>p1 move steameruption\n>p2 move beatup\n>p1 move flamethrower\n>p2 move roost\n>p1 switch 4\n>p2 move roost\n>p1 move psychicnoise\n>p2 switch 4\n>p1 move focusblast terastallize\n>p2 move nastyplot\n>p1 move focusblast\n>p2 move terablast terastallize\n>p1 move psychicnoise\n>p2 move terablast\n>p1 switch 5\n>p1 move wavecrash\n>p2 move thunderbolt\n>p1 switch 6\n>p1 switch 2\n>p2 move terablast\n>p1 move outrage\n>p2 move thunderbolt\n>forcelose p1", "uploadtime": 1733901538, "views": 1, "formatid": "gen9randombattle", "rating": 1425, "private": 0, "password": null}