{"id": "gen9randombattle-2149111597", "format": "[Gen 9] Random Battle", "players": ["Derpidd", "Vitoran"], "log": "|badge|p2|silver|gen9randombattle|30-1\n|uhtml|medal-msg|<div class=\"broadcast-blue\">Curious what those medals under the avatar are? PS now has Ladder Seasons! For more information, check out the <a href=\"https://www.smogon.com/forums/threads/3740067/\">thread on Smogon.</a></div>\n|j|\u2606Derpidd\n|j|\u2606Vitoran\n|t:|1719231245\n|gametype|singles\n|player|p1|Derpidd|drayden|2296\n|player|p2|Vitoran|nemona-v|2415\n|teamsize|p1|6\n|teamsize|p2|6\n|gen|9\n|tier|[Gen 9] Random Battle\n|rated|\n|rule|Species Clause: Limit one of each Pok\u00e9mon\n|rule|HP Percentage Mod: HP is shown in percentages\n|rule|Sleep Clause Mod: Limit one foe put to sleep\n|rule|Illusion Level Mod: Illusion disguises the Pok\u00e9mon's true level\n|\n|t:|1719231245\n|start\n|switch|p1a: Farigiraf|Farigiraf, L91, M|366/366\n|switch|p2a: Frosmoth|Frosmoth, L82, F|249/249\n|turn|1\n|inactive|Battle timer is ON: inactive players will automatically lose when time's up. (requested by Vitoran)\n|c|\u2606Vitoran|glhf\n|\n|t:|1719231267\n|switch|p2a: Volbeat|Volbeat, L90, M|263/263\n|move|p1a: Farigiraf|Body Slam|p2a: Volbeat\n|-damage|p2a: Volbeat|149/263\n|-status|p2a: Volbeat|par\n|\n|upkeep\n|turn|2\n|\n|t:|1719231271\n|switch|p1a: Rotom|Rotom-Wash, L82|216/216\n|move|p2a: Volbeat|Thunder Wave|p1a: Rotom\n|-immune|p1a: Rotom\n|\n|upkeep\n|turn|3\n|\n|t:|1719231276\n|move|p2a: Volbeat|Roost|p2a: Volbeat\n|-heal|p2a: Volbeat|263/263 par\n|-singleturn|p2a: Volbeat|move: Roost\n|move|p1a: Rotom|Thunderbolt|p2a: Volbeat\n|-damage|p2a: Volbeat|166/263 par\n|\n|upkeep\n|turn|4\n|\n|t:|1719231282\n|switch|p2a: Gastrodon|Gastrodon, L86, F|331/331\n|move|p1a: Rotom|Thunderbolt|p2a: Gastrodon\n|-immune|p2a: Gastrodon\n|\n|upkeep\n|turn|5\n|\n|t:|1719231292\n|switch|p1a: Bombirdier|Bombirdier, L85, M|258/258\n|move|p2a: Gastrodon|Stealth Rock|p1a: Bombirdier\n|-sidestart|p1: Derpidd|move: Stealth Rock\n|\n|upkeep\n|turn|6\n|inactive|Vitoran has 120 seconds left.\n|\n|t:|1719231332\n|move|p1a: Bombirdier|Knock Off|p2a: Gastrodon\n|-damage|p2a: Gastrodon|190/331\n|-enditem|p2a: Gastrodon|Leftovers|[from] move: Knock Off|[of] p1a: Bombirdier\n|move|p2a: Gastrodon|Recover|p2a: Gastrodon\n|-heal|p2a: Gastrodon|331/331\n|\n|upkeep\n|turn|7\n|inactive|Vitoran has 120 seconds left.\n|\n|t:|1719231339\n|move|p1a: Bombirdier|Knock Off|p2a: Gastrodon\n|-damage|p2a: Gastrodon|235/331\n|move|p2a: Gastrodon|Surf|p1a: Bombirdier\n|-damage|p1a: Bombirdier|159/258\n|\n|upkeep\n|turn|8\n|\n|t:|1719231344\n|move|p1a: Bombirdier|Brave Bird|p2a: Gastrodon\n|-damage|p2a: Gastrodon|85/331\n|-damage|p1a: Bombirdier|109/258|[from] Recoil\n|move|p2a: Gastrodon|Recover|p2a: Gastrodon\n|-heal|p2a: Gastrodon|251/331\n|\n|upkeep\n|turn|9\n|\n|t:|1719231348\n|move|p1a: Bombirdier|Roost|p1a: Bombirdier\n|-heal|p1a: Bombirdier|238/258\n|-singleturn|p1a: Bombirdier|move: Roost\n|move|p2a: Gastrodon|Recover|p2a: Gastrodon\n|-heal|p2a: Gastrodon|331/331\n|\n|upkeep\n|turn|10\n|\n|t:|1719231366\n|move|p1a: Bombirdier|Knock Off|p2a: Gastrodon\n|-damage|p2a: Gastrodon|249/331\n|move|p2a: Gastrodon|Surf|p1a: Bombirdier\n|-damage|p1a: Bombirdier|142/258\n|\n|upkeep\n|turn|11\n|\n|t:|1719231375\n|switch|p2a: Grafaiai|Grafaiai, L86, F|249/249\n|move|p1a: Bombirdier|Roost|p1a: Bombirdier\n|-heal|p1a: Bombirdier|258/258\n|-singleturn|p1a: Bombirdier|move: Roost\n|\n|upkeep\n|turn|12\n|\n|t:|1719231382\n|move|p2a: Grafaiai|Knock Off|p1a: Bombirdier\n|-resisted|p1a: Bombirdier\n|-damage|p1a: Bombirdier|219/258\n|-enditem|p1a: Bombirdier|Heavy-Duty Boots|[from] move: Knock Off|[of] p2a: Grafaiai\n|move|p1a: Bombirdier|Knock Off|p2a: Grafaiai\n|-damage|p2a: Grafaiai|108/249\n|-enditem|p2a: Grafaiai|Assault Vest|[from] move: Knock Off|[of] p1a: Bombirdier\n|\n|upkeep\n|turn|13\n|\n|t:|1719231388\n|move|p2a: Grafaiai|Gunk Shot|p1a: Bombirdier\n|-damage|p1a: Bombirdier|78/258\n|-status|p1a: Bombirdier|psn\n|move|p1a: Bombirdier|Brave Bird|p2a: Grafaiai\n|-damage|p2a: Grafaiai|0 fnt\n|faint|p2a: Grafaiai\n|-damage|p1a: Bombirdier|42/258 psn|[from] Recoil\n|\n|-damage|p1a: Bombirdier|10/258 psn|[from] psn\n|upkeep\n|\n|t:|1719231401\n|switch|p2a: Sneasler|Sneasler, L74, M|240/240\n|turn|14\n|\n|t:|1719231406\n|move|p2a: Sneasler|Acrobatics|p1a: Bombirdier\n|-damage|p1a: Bombirdier|0 fnt\n|faint|p1a: Bombirdier\n|\n|upkeep\n|\n|t:|1719231409\n|switch|p1a: Skarmory|Skarmory, L80, F|235/235\n|-damage|p1a: Skarmory|206/235|[from] Stealth Rock\n|turn|15\n|\n|t:|1719231416\n|switch|p2a: Vaporeon|Vaporeon, L86, F|364/364\n|move|p1a: Skarmory|Iron Defense|p1a: Skarmory\n|-boost|p1a: Skarmory|def|2\n|\n|-heal|p1a: Skarmory|220/235|[from] item: Leftovers\n|upkeep\n|turn|16\n|\n|t:|1719231430\n|move|p2a: Vaporeon|Scald|p1a: Skarmory\n|-damage|p1a: Skarmory|99/235\n|move|p1a: Skarmory|Body Press|p2a: Vaporeon\n|-damage|p2a: Vaporeon|177/364\n|\n|-heal|p2a: Vaporeon|199/364|[from] item: Leftovers\n|-heal|p1a: Skarmory|113/235|[from] item: Leftovers\n|upkeep\n|turn|17\n|\n|t:|1719231439\n|move|p2a: Vaporeon|Scald|p1a: Skarmory\n|-damage|p1a: Skarmory|0 fnt\n|faint|p1a: Skarmory\n|\n|-heal|p2a: Vaporeon|221/364|[from] item: Leftovers\n|upkeep\n|\n|t:|1719231441\n|switch|p1a: Latias|Latias, L79, F|256/256\n|-damage|p1a: Latias|224/256|[from] Stealth Rock\n|turn|18\n|\n|t:|1719231449\n|switch|p2a: Volbeat|Volbeat, L90, M|166/263 par\n|move|p1a: Latias|Psyshock|p2a: Volbeat\n|-crit|p2a: Volbeat\n|-damage|p2a: Volbeat|6/263 par\n|\n|upkeep\n|turn|19\n|\n|t:|1719231455\n|switch|p1a: Rotom|Rotom-Wash, L82|216/216\n|-damage|p1a: Rotom|189/216|[from] Stealth Rock\n|cant|p2a: Volbeat|par\n|\n|-heal|p1a: Rotom|202/216|[from] item: Leftovers\n|upkeep\n|turn|20\n|\n|t:|1719231464\n|switch|p2a: Gastrodon|Gastrodon, L86, F|249/331\n|move|p1a: Rotom|Nasty Plot|p1a: Rotom\n|-boost|p1a: Rotom|spa|2\n|\n|-heal|p1a: Rotom|215/216|[from] item: Leftovers\n|upkeep\n|turn|21\n|j| hansinho\n|\n|t:|1719231474\n|switch|p1a: Farigiraf|Farigiraf, L91, M|366/366\n|-damage|p1a: Farigiraf|321/366|[from] Stealth Rock\n|move|p2a: Gastrodon|Surf|p1a: Farigiraf\n|-damage|p1a: Farigiraf|212/366\n|\n|-heal|p1a: Farigiraf|234/366|[from] item: Leftovers\n|upkeep\n|turn|22\n|\n|t:|1719231487\n|switch|p2a: Vaporeon|Vaporeon, L86, F|221/364\n|move|p1a: Farigiraf|Body Slam|p2a: Vaporeon\n|-damage|p2a: Vaporeon|83/364\n|\n|-heal|p1a: Farigiraf|256/366|[from] item: Leftovers\n|-heal|p2a: Vaporeon|105/364|[from] item: Leftovers\n|upkeep\n|turn|23\n|\n|t:|1719231495\n|move|p2a: Vaporeon|Protect|p2a: Vaporeon\n|-singleturn|p2a: Vaporeon|Protect\n|move|p1a: Farigiraf|Psychic Noise|p2a: Vaporeon\n|-activate|p2a: Vaporeon|move: Protect\n|\n|-heal|p2a: Vaporeon|127/364|[from] item: Leftovers\n|-heal|p1a: Farigiraf|278/366|[from] item: Leftovers\n|upkeep\n|turn|24\n|\n|t:|1719231502\n|move|p2a: Vaporeon|Wish|p2a: Vaporeon\n|move|p1a: Farigiraf|Body Slam|p2a: Vaporeon\n|-damage|p2a: Vaporeon|0 fnt\n|faint|p2a: Vaporeon\n|\n|-heal|p1a: Farigiraf|300/366|[from] item: Leftovers\n|upkeep\n|\n|t:|1719231505\n|switch|p2a: Frosmoth|Frosmoth, L82, F|249/249\n|turn|25\n|\n|t:|1719231513\n|-terastallize|p1a: Farigiraf|Water\n|move|p1a: Farigiraf|Psychic Noise|p2a: Frosmoth\n|-damage|p2a: Frosmoth|195/249\n|-start|p2a: Frosmoth|move: Heal Block\n|move|p2a: Frosmoth|Quiver Dance|p2a: Frosmoth\n|-boost|p2a: Frosmoth|spa|1\n|-boost|p2a: Frosmoth|spd|1\n|-boost|p2a: Frosmoth|spe|1\n|\n|-heal|p1a: Farigiraf|322/366|[from] item: Leftovers\n|upkeep\n|turn|26\n|\n|t:|1719231520\n|move|p2a: Frosmoth|Bug Buzz|p1a: Farigiraf\n|-damage|p1a: Farigiraf|150/366\n|move|p1a: Farigiraf|Body Slam|p2a: Frosmoth\n|-damage|p2a: Frosmoth|54/249\n|\n|-heal|p1a: Farigiraf|172/366|[from] item: Leftovers\n|-end|p2a: Frosmoth|move: Heal Block\n|upkeep\n|turn|27\n|\n|t:|1719231525\n|move|p1a: Farigiraf|Protect|p1a: Farigiraf\n|-singleturn|p1a: Farigiraf|Protect\n|move|p2a: Frosmoth|Bug Buzz|p1a: Farigiraf\n|-activate|p1a: Farigiraf|move: Protect\n|\n|-heal|p1a: Farigiraf|194/366|[from] item: Leftovers\n|upkeep\n|turn|28\n|\n|t:|1719231528\n|move|p2a: Frosmoth|Bug Buzz|p1a: Farigiraf\n|-damage|p1a: Farigiraf|26/366\n|-unboost|p1a: Farigiraf|spd|1\n|move|p1a: Farigiraf|Body Slam|p2a: Frosmoth\n|-damage|p2a: Frosmoth|0 fnt\n|faint|p2a: Frosmoth\n|\n|-heal|p1a: Farigiraf|48/366|[from] item: Leftovers\n|upkeep\n|\n|t:|1719231538\n|switch|p2a: Sneasler|Sneasler, L74, M|240/240\n|turn|29\n|\n|t:|1719231543\n|switch|p1a: Rotom|Rotom-Wash, L82|215/216\n|-damage|p1a: Rotom|188/216|[from] Stealth Rock\n|-terastallize|p2a: Sneasler|Flying\n|move|p2a: Sneasler|Swords Dance|p2a: Sneasler\n|-boost|p2a: Sneasler|atk|2\n|\n|-heal|p1a: Rotom|201/216|[from] item: Leftovers\n|upkeep\n|turn|30\n|\n|t:|1719231548\n|move|p2a: Sneasler|Close Combat|p1a: Rotom\n|-damage|p1a: Rotom|0 fnt\n|-unboost|p2a: Sneasler|def|1\n|-unboost|p2a: Sneasler|spd|1\n|-enditem|p2a: Sneasler|White Herb\n|-clearnegativeboost|p2a: Sneasler|[silent]\n|faint|p1a: Rotom\n|\n|upkeep\n|\n|t:|1719231556\n|switch|p1a: Latias|Latias, L79, F|224/256\n|-damage|p1a: Latias|192/256|[from] Stealth Rock\n|turn|31\n|\n|t:|1719231560\n|move|p2a: Sneasler|Acrobatics|p1a: Latias\n|-damage|p1a: Latias|0 fnt\n|faint|p1a: Latias\n|\n|upkeep\n|-message|Derpidd forfeited.\n|\n|win|Vitoran\n|raw|Derpidd's rating: 2296 &rarr; <strong>2283</strong><br />(-13 for losing)\n|raw|Vitoran's rating: 2415 &rarr; <strong>2428</strong><br />(+13 for winning)\n|l|\u2606Derpidd\n|player|p1|\n|c|\u2606Vitoran|gg\n", "inputlog": ">version fa2fcbefacd9ec28b920d1fe3a63da14f50ab6c0\n>start {\"formatid\":\"gen9randombattle\",\"seed\":[38499,21101,32982,50465],\"rated\":\"Rated battle\"}\n>player p1 {\"name\":\"Derpidd\",\"avatar\":\"drayden\",\"rating\":2296,\"seed\":[41525,40416,3794,10872]}\n>player p2 {\"name\":\"Vitoran\",\"avatar\":\"nemona-v\",\"rating\":2415,\"seed\":[58491,13891,62776,64808]}\n>chat \u2606Vitoran|glhf\n>p1 move bodyslam\n>p2 switch 6\n>p1 switch 5\n>p2 move thunderwave\n>p1 move thunderbolt\n>p2 move roost\n>p1 move thunderbolt\n>p2 switch 4\n>p1 switch 3\n>p2 move stealthrock\n>p1 move knockoff\n>p2 move recover\n>p1 move knockoff\n>p2 move surf\n>p1 move bravebird\n>p2 move recover\n>p1 move roost\n>p2 move recover\n>p1 move knockoff\n>p2 move surf\n>p1 move roost\n>p2 switch 3\n>p1 move knockoff\n>p2 move knockoff\n>p1 move bravebird\n>p2 move gunkshot\n>p2 switch 5\n>p1 move bravebird\n>p2 move acrobatics\n>p1 switch 2\n>p1 move irondefense\n>p2 switch 2\n>p1 move bodypress\n>p2 move scald\n>p1 move bodypress\n>p2 move scald\n>p1 switch 6\n>p1 move psyshock\n>p2 switch 4\n>p1 switch 3\n>p2 move roost\n>p1 move nastyplot\n>p2 switch 3\n>p1 switch 5\n>p2 move surf\n>p1 move bodyslam\n>p2 switch 4\n>p1 move psychicnoise\n>p2 move protect\n>p1 move bodyslam\n>p2 move wish\n>p2 switch 6\n>p1 move psychicnoise terastallize\n>p2 move quiverdance\n>p1 move bodyslam\n>p2 move bugbuzz\n>p1 move protect\n>p2 move bugbuzz\n>p1 move bodyslam\n>p2 move bugbuzz\n>p2 switch 2\n>p1 switch 5\n>p2 move swordsdance terastallize\n>p1 move thunderbolt\n>p2 move closecombat\n>p1 switch 3\n>p1 move dracometeor\n>p2 move acrobatics\n>forcelose p1", "uploadtime": 1719231569, "views": 178, "formatid": "gen9randombattle", "rating": 2283, "private": 0, "password": null}