{"id": "gen9randombattle-2260487468", "format": "[Gen 9] Random Battle", "players": ["dizbomb", "Kanecao"], "log": "|j|\u2606dizbomb\n|j|\u2606Kanecao\n|t:|1733856363\n|gametype|singles\n|player|p1|dizbomb|rood|1120\n|player|p2|Kanecao|red|1155\n|teamsize|p1|6\n|teamsize|p2|6\n|gen|9\n|tier|[Gen 9] Random Battle\n|rated|\n|rule|Species Clause: Limit one of each Pok\u00e9mon\n|rule|HP Percentage Mod: HP is shown in percentages\n|rule|Sleep Clause Mod: Limit one foe put to sleep\n|rule|Illusion Level Mod: Illusion disguises the Pok\u00e9mon's true level\n|\n|t:|1733856363\n|start\n|switch|p1a: Zekrom|Zekrom, L71|259/259\n|switch|p2a: Azumarill|Azumarill, L82, M|298/298\n|-ability|p1a: Zekrom|Teravolt\n|turn|1\n|inactive|Battle timer is ON: inactive players will automatically lose when time's up. (requested by dizbomb)\n|\n|t:|1733856384\n|switch|p2a: Pecharunt|Pecharunt, L77|262/262\n|move|p1a: Zekrom|Dragon Dance|p1a: Zekrom\n|-boost|p1a: Zekrom|atk|1\n|-boost|p1a: Zekrom|spe|1\n|\n|upkeep\n|turn|2\n|\n|t:|1733856397\n|move|p1a: Zekrom|Substitute|p1a: Zekrom\n|-start|p1a: Zekrom|Substitute\n|-damage|p1a: Zekrom|195/259\n|move|p2a: Pecharunt|Malignant Chain|p1a: Zekrom\n|-end|p1a: Zekrom|Substitute\n|\n|-heal|p1a: Zekrom|211/259|[from] item: Leftovers\n|upkeep\n|turn|3\n|\n|t:|1733856405\n|move|p1a: Zekrom|Outrage|p2a: Pecharunt\n|-damage|p2a: Pecharunt|135/262\n|move|p2a: Pecharunt|Malignant Chain|p1a: Zekrom\n|-damage|p1a: Zekrom|123/259\n|-status|p1a: Zekrom|tox\n|-start|p1a: Zekrom|confusion|[from] ability: Poison Puppeteer|[of] p2a: Pecharunt\n|\n|-heal|p1a: Zekrom|139/259 tox|[from] item: Leftovers\n|-heal|p2a: Pecharunt|151/262|[from] item: Leftovers\n|-damage|p1a: Zekrom|123/259 tox|[from] psn\n|upkeep\n|turn|4\n|\n|t:|1733856417\n|-activate|p1a: Zekrom|confusion\n|move|p1a: Zekrom|Outrage|p2a: Pecharunt|[from]lockedmove\n|-damage|p2a: Pecharunt|25/262\n|move|p2a: Pecharunt|Recover|p2a: Pecharunt\n|-heal|p2a: Pecharunt|156/262\n|\n|-heal|p1a: Zekrom|139/259 tox|[from] item: Leftovers\n|-heal|p2a: Pecharunt|172/262|[from] item: Leftovers\n|-damage|p1a: Zekrom|107/259 tox|[from] psn\n|upkeep\n|turn|5\n|\n|t:|1733856428\n|-activate|p1a: Zekrom|confusion\n|move|p1a: Zekrom|Outrage|p2a: Pecharunt|[from]lockedmove\n|-damage|p2a: Pecharunt|36/262\n|move|p2a: Pecharunt|Recover|p2a: Pecharunt\n|-heal|p2a: Pecharunt|167/262\n|\n|-heal|p1a: Zekrom|123/259 tox|[from] item: Leftovers\n|-heal|p2a: Pecharunt|183/262|[from] item: Leftovers\n|-damage|p1a: Zekrom|75/259 tox|[from] psn\n|upkeep\n|turn|6\n|\n|t:|1733856440\n|-end|p1a: Zekrom|confusion\n|move|p1a: Zekrom|Bolt Strike|p2a: Pecharunt\n|-damage|p2a: Pecharunt|50/262\n|move|p2a: Pecharunt|Shadow Ball|p1a: Zekrom\n|-damage|p1a: Zekrom|3/259 tox\n|-unboost|p1a: Zekrom|spd|1\n|\n|-heal|p1a: Zekrom|19/259 tox|[from] item: Leftovers\n|-heal|p2a: Pecharunt|66/262|[from] item: Leftovers\n|-damage|p1a: Zekrom|0 fnt|[from] psn\n|faint|p1a: Zekrom\n|upkeep\n|\n|t:|1733856458\n|switch|p1a: Brute Bonnet|Brute Bonnet, L81|312/312\n|turn|7\n|\n|t:|1733856463\n|move|p1a: Brute Bonnet|Sucker Punch||[still]\n|-fail|p1a: Brute Bonnet\n|move|p2a: Pecharunt|Recover|p2a: Pecharunt\n|-heal|p2a: Pecharunt|197/262\n|\n|-heal|p2a: Pecharunt|213/262|[from] item: Leftovers\n|upkeep\n|turn|8\n|\n|t:|1733856471\n|-terastallize|p2a: Pecharunt|Dark\n|move|p1a: Brute Bonnet|Sucker Punch||[still]\n|-fail|p1a: Brute Bonnet\n|move|p2a: Pecharunt|Nasty Plot|p2a: Pecharunt\n|-boost|p2a: Pecharunt|spa|2\n|\n|-heal|p2a: Pecharunt|229/262|[from] item: Leftovers\n|upkeep\n|turn|9\n|\n|t:|1733856481\n|move|p1a: Brute Bonnet|Sucker Punch||[still]\n|-fail|p1a: Brute Bonnet\n|move|p2a: Pecharunt|Nasty Plot|p2a: Pecharunt\n|-boost|p2a: Pecharunt|spa|2\n|\n|-heal|p2a: Pecharunt|245/262|[from] item: Leftovers\n|upkeep\n|turn|10\n|\n|t:|1733856496\n|-end|p1a: Brute Bonnet|Protosynthesis|[silent]\n|switch|p1a: Vaporeon|Vaporeon, L86, M|364/364\n|move|p2a: Pecharunt|Malignant Chain|p1a: Vaporeon\n|-damage|p1a: Vaporeon|148/364\n|\n|-heal|p2a: Pecharunt|261/262|[from] item: Leftovers\n|-heal|p1a: Vaporeon|170/364|[from] item: Leftovers\n|upkeep\n|turn|11\n|\n|t:|1733856506\n|move|p2a: Pecharunt|Malignant Chain|p1a: Vaporeon\n|-damage|p1a: Vaporeon|0 fnt\n|faint|p1a: Vaporeon\n|\n|-heal|p2a: Pecharunt|262/262|[from] item: Leftovers\n|upkeep\n|\n|t:|1733856511\n|switch|p1a: Incineroar|Incineroar, L82, F|290/290\n|-ability|p1a: Incineroar|Intimidate|boost\n|-unboost|p2a: Pecharunt|atk|1\n|turn|12\n|\n|t:|1733856516\n|move|p1a: Incineroar|Close Combat|p2a: Pecharunt\n|-supereffective|p2a: Pecharunt\n|-damage|p2a: Pecharunt|132/262\n|-unboost|p1a: Incineroar|def|1\n|-unboost|p1a: Incineroar|spd|1\n|move|p2a: Pecharunt|Malignant Chain|p1a: Incineroar\n|-damage|p1a: Incineroar|0 fnt\n|faint|p1a: Incineroar\n|\n|-heal|p2a: Pecharunt|148/262|[from] item: Leftovers\n|upkeep\n|\n|t:|1733856529\n|switch|p1a: Ogerpon|Ogerpon-Cornerstone, L76, F|247/247\n|turn|13\n|\n|t:|1733856533\n|move|p1a: Ogerpon|Superpower|p2a: Pecharunt\n|-supereffective|p2a: Pecharunt\n|-damage|p2a: Pecharunt|24/262\n|-unboost|p1a: Ogerpon|atk|1\n|-unboost|p1a: Ogerpon|def|1\n|move|p2a: Pecharunt|Recover|p2a: Pecharunt\n|-heal|p2a: Pecharunt|155/262\n|\n|-heal|p2a: Pecharunt|171/262|[from] item: Leftovers\n|upkeep\n|turn|14\n|\n|t:|1733856554\n|move|p1a: Ogerpon|Ivy Cudgel|p2a: Pecharunt|[anim] Ivy Cudgel Rock\n|-damage|p2a: Pecharunt|111/262\n|move|p2a: Pecharunt|Shadow Ball|p1a: Ogerpon\n|-damage|p1a: Ogerpon|49/247\n|\n|-heal|p2a: Pecharunt|127/262|[from] item: Leftovers\n|upkeep\n|turn|15\n|\n|t:|1733856562\n|move|p1a: Ogerpon|Horn Leech|p2a: Pecharunt\n|-damage|p2a: Pecharunt|87/262\n|-heal|p1a: Ogerpon|69/247|[from] drain|[of] p2a: Pecharunt\n|move|p2a: Pecharunt|Recover|p2a: Pecharunt\n|-heal|p2a: Pecharunt|218/262\n|\n|-heal|p2a: Pecharunt|234/262|[from] item: Leftovers\n|upkeep\n|turn|16\n|\n|t:|1733856570\n|move|p1a: Ogerpon|Superpower|p2a: Pecharunt\n|-supereffective|p2a: Pecharunt\n|-damage|p2a: Pecharunt|152/262\n|-unboost|p1a: Ogerpon|atk|1\n|-unboost|p1a: Ogerpon|def|1\n|move|p2a: Pecharunt|Shadow Ball|p1a: Ogerpon\n|-damage|p1a: Ogerpon|0 fnt\n|faint|p1a: Ogerpon\n|\n|-heal|p2a: Pecharunt|168/262|[from] item: Leftovers\n|upkeep\n|\n|t:|1733856582\n|switch|p1a: Frosmoth|Frosmoth, L82, F|249/249\n|turn|17\n|\n|t:|1733856588\n|move|p2a: Pecharunt|Malignant Chain|p1a: Frosmoth\n|-damage|p1a: Frosmoth|117/249\n|move|p1a: Frosmoth|Quiver Dance|p1a: Frosmoth\n|-boost|p1a: Frosmoth|spa|1\n|-boost|p1a: Frosmoth|spd|1\n|-boost|p1a: Frosmoth|spe|1\n|\n|-heal|p2a: Pecharunt|184/262|[from] item: Leftovers\n|upkeep\n|turn|18\n|\n|t:|1733856598\n|move|p1a: Frosmoth|Ice Beam|p2a: Pecharunt\n|-damage|p2a: Pecharunt|1/262\n|move|p2a: Pecharunt|Malignant Chain|p1a: Frosmoth\n|-damage|p1a: Frosmoth|30/249\n|\n|-heal|p2a: Pecharunt|17/262|[from] item: Leftovers\n|upkeep\n|turn|19\n|\n|t:|1733856606\n|move|p1a: Frosmoth|Giga Drain|p2a: Pecharunt\n|-damage|p2a: Pecharunt|0 fnt\n|-heal|p1a: Frosmoth|39/249|[from] drain|[of] p2a: Pecharunt\n|faint|p2a: Pecharunt\n|\n|upkeep\n|\n|t:|1733856609\n|switch|p2a: Azumarill|Azumarill, L82, M|298/298\n|turn|20\n|\n|t:|1733856614\n|move|p2a: Azumarill|Aqua Jet|p1a: Frosmoth\n|-damage|p1a: Frosmoth|0 fnt\n|faint|p1a: Frosmoth\n|\n|upkeep\n|\n|t:|1733856618\n|switch|p1a: Brute Bonnet|Brute Bonnet, L81|312/312\n|turn|21\n|\n|t:|1733856622\n|switch|p2a: Pyroar|Pyroar, L88, F|295/295\n|-ability|p2a: Pyroar|Unnerve\n|move|p1a: Brute Bonnet|Seed Bomb|p2a: Pyroar\n|-resisted|p2a: Pyroar\n|-damage|p2a: Pyroar|218/295\n|\n|upkeep\n|turn|22\n|\n|t:|1733856629\n|move|p2a: Pyroar|Fire Blast|p1a: Brute Bonnet\n|-supereffective|p1a: Brute Bonnet\n|-damage|p1a: Brute Bonnet|66/312\n|-status|p1a: Brute Bonnet|brn\n|move|p1a: Brute Bonnet|Seed Bomb|p2a: Pyroar\n|-resisted|p2a: Pyroar\n|-damage|p2a: Pyroar|179/295\n|\n|-damage|p1a: Brute Bonnet|47/312 brn|[from] brn\n|upkeep\n|turn|23\n|\n|t:|1733856640\n|-terastallize|p1a: Brute Bonnet|Fighting\n|move|p2a: Pyroar|Hyper Voice|p1a: Brute Bonnet\n|-damage|p1a: Brute Bonnet|0 fnt\n|faint|p1a: Brute Bonnet\n|-end|p1a: Brute Bonnet|Protosynthesis|[silent]\n|\n|win|Kanecao\n|raw|dizbomb's rating: 1120 &rarr; <strong>1098</strong><br />(-22 for losing)\n|raw|Kanecao's rating: 1155 &rarr; <strong>1177</strong><br />(+22 for winning)\n", "inputlog": ">version bfd83cad13791eb5a5a409923076391caf6fb4d4\n>start {\"formatid\":\"gen9randombattle\",\"seed\":[5017,64903,31366,16914],\"rated\":\"Rated battle\"}\n>player p1 {\"name\":\"dizbomb\",\"avatar\":\"rood\",\"rating\":1120,\"seed\":[55077,51112,26518,51920]}\n>player p2 {\"name\":\"Kanecao\",\"avatar\":\"red\",\"rating\":1155,\"seed\":[44180,62597,47243,47384]}\n>p1 move dragondance\n>p2 switch 5\n>p1 move substitute\n>p2 move malignantchain\n>p1 move outrage\n>p2 move malignantchain\n>p1 move outrage\n>p2 move recover\n>p1 move outrage\n>p2 move recover\n>p1 move boltstrike\n>p2 move shadowball\n>p1 switch 3\n>p1 move suckerpunch\n>p2 move recover\n>p1 move suckerpunch\n>p2 move nastyplot terastallize\n>p1 move suckerpunch\n>p2 move nastyplot\n>p1 switch 5\n>p2 move malignantchain\n>p1 move roar\n>p2 move malignantchain\n>p1 switch 4\n>p1 move closecombat\n>p2 move malignantchain\n>p1 switch 2\n>p1 move superpower\n>p2 move recover\n>p1 move ivycudgel\n>p2 move shadowball\n>p1 move hornleech\n>p2 move recover\n>p1 move superpower\n>p2 move shadowball\n>p1 switch 6\n>p1 move quiverdance\n>p2 move malignantchain\n>p1 move icebeam\n>p2 move malignantchain\n>p1 move gigadrain\n>p2 move shadowball\n>p2 switch 5\n>p1 move gigadrain\n>p2 move aquajet\n>p1 switch 5\n>p1 move seedbomb\n>p2 switch 2\n>p1 move seedbomb\n>p2 move fireblast\n>p1 move seedbomb terastallize\n>p2 move hypervoice", "uploadtime": 1733856643, "views": 9, "formatid": "gen9randombattle", "rating": 1098, "private": 0, "password": null}