{"id": "gen9randombattle-2260718574", "format": "[Gen 9] Random Battle", "players": ["Pastesy", "mi1kweed"], "log": "|j|\u2606Pastesy\n|j|\u2606mi1kweed\n|t:|1733882477\n|gametype|singles\n|player|p1|Pastesy|hugh|1158\n|player|p2|mi1kweed|pokemonranger-gen4|1164\n|teamsize|p1|6\n|teamsize|p2|6\n|gen|9\n|tier|[Gen 9] Random Battle\n|rated|\n|rule|Species Clause: Limit one of each Pok\u00e9mon\n|rule|HP Percentage Mod: HP is shown in percentages\n|rule|Sleep Clause Mod: Limit one foe put to sleep\n|rule|Illusion Level Mod: Illusion disguises the Pok\u00e9mon's true level\n|\n|t:|1733882477\n|start\n|switch|p1a: Cacturne|Cacturne, L92, F|278/278\n|switch|p2a: Grimmsnarl|Grimmsnarl, L83, M|293/293\n|turn|1\n|inactive|Battle timer is ON: inactive players will automatically lose when time's up. (requested by Pastesy)\n|\n|t:|1733882496\n|move|p2a: Grimmsnarl|Reflect|p2a: Grimmsnarl\n|-sidestart|p2: mi1kweed|Reflect\n|move|p1a: Cacturne|Knock Off|p2a: Grimmsnarl\n|-resisted|p2a: Grimmsnarl\n|-damage|p2a: Grimmsnarl|264/293\n|-enditem|p2a: Grimmsnarl|Light Clay|[from] move: Knock Off|[of] p1a: Cacturne\n|-damage|p1a: Cacturne|251/278|[from] item: Life Orb\n|\n|upkeep\n|turn|2\n|inactive|mi1kweed has 120 seconds left.\n|\n|t:|1733882533\n|switch|p2a: Heracross|Heracross, L80, F|259/259\n|move|p1a: Cacturne|Swords Dance|p1a: Cacturne\n|-boost|p1a: Cacturne|atk|2\n|\n|-status|p2a: Heracross|brn|[from] item: Flame Orb\n|upkeep\n|turn|3\n|inactive|mi1kweed has 120 seconds left.\n|\n|t:|1733882553\n|move|p1a: Cacturne|Sucker Punch|p2a: Heracross\n|-resisted|p2a: Heracross\n|-damage|p2a: Heracross|176/259 brn\n|-damage|p1a: Cacturne|224/278|[from] item: Life Orb\n|move|p2a: Heracross|Trailblaze|p1a: Cacturne\n|-resisted|p1a: Cacturne\n|-damage|p1a: Cacturne|187/278\n|-boost|p2a: Heracross|spe|1\n|\n|-damage|p2a: Heracross|160/259 brn|[from] brn\n|upkeep\n|turn|4\n|inactive|mi1kweed has 120 seconds left.\n|\n|t:|1733882565\n|move|p2a: Heracross|Facade|p1a: Cacturne\n|-crit|p1a: Cacturne\n|-damage|p1a: Cacturne|0 fnt\n|faint|p1a: Cacturne\n|\n|-damage|p2a: Heracross|144/259 brn|[from] brn\n|upkeep\n|\n|t:|1733882574\n|switch|p1a: Carbink|Carbink, L90|236/236\n|turn|5\n|\n|t:|1733882589\n|switch|p2a: Grimmsnarl|Grimmsnarl, L83, M|264/293\n|move|p1a: Carbink|Iron Defense|p1a: Carbink\n|-boost|p1a: Carbink|def|2\n|\n|upkeep\n|turn|6\n|\n|t:|1733882601\n|move|p2a: Grimmsnarl|Thunder Wave|p1a: Carbink|[miss]\n|-miss|p2a: Grimmsnarl|p1a: Carbink\n|move|p1a: Carbink|Body Press|p2a: Grimmsnarl\n|-damage|p2a: Grimmsnarl|152/293\n|\n|upkeep\n|turn|7\n|\n|t:|1733882611\n|move|p2a: Grimmsnarl|Light Screen|p2a: Grimmsnarl\n|-sidestart|p2: mi1kweed|move: Light Screen\n|move|p1a: Carbink|Iron Defense|p1a: Carbink\n|-boost|p1a: Carbink|def|2\n|\n|upkeep\n|turn|8\n|\n|t:|1733882620\n|move|p2a: Grimmsnarl|Thunder Wave|p1a: Carbink\n|-status|p1a: Carbink|par\n|move|p1a: Carbink|Body Press|p2a: Grimmsnarl\n|-damage|p2a: Grimmsnarl|0 fnt\n|faint|p2a: Grimmsnarl\n|\n|-sideend|p2: mi1kweed|Reflect\n|upkeep\n|\n|t:|1733882626\n|switch|p2a: Dusknoir|Dusknoir, L89, M|225/225\n|-item|p1a: Carbink|Chesto Berry|[from] ability: Frisk|[of] p2a: Dusknoir\n|turn|9\n|\n|t:|1733882641\n|move|p2a: Dusknoir|Earthquake|p1a: Carbink\n|-supereffective|p1a: Carbink\n|-damage|p1a: Carbink|189/236 par\n|-damage|p2a: Dusknoir|203/225|[from] item: Life Orb\n|move|p1a: Carbink|Moonblast|p2a: Dusknoir\n|-damage|p2a: Dusknoir|179/225\n|-unboost|p2a: Dusknoir|spa|1\n|\n|upkeep\n|turn|10\n|\n|t:|1733882655\n|switch|p2a: Azelf|Azelf, L82|257/257\n|cant|p1a: Carbink|par\n|\n|upkeep\n|turn|11\n|\n|t:|1733882660\n|move|p2a: Azelf|Trick|p1a: Carbink\n|-activate|p2a: Azelf|move: Trick|[of] p1a: Carbink\n|-item|p1a: Carbink|Choice Specs|[from] move: Trick\n|-item|p2a: Azelf|Chesto Berry|[from] move: Trick\n|move|p1a: Carbink|Iron Defense|p1a: Carbink\n|-boost|p1a: Carbink|def|2\n|\n|-sideend|p2: mi1kweed|move: Light Screen\n|upkeep\n|turn|12\n|\n|t:|1733882675\n|switch|p2a: Heracross|Heracross, L80, F|144/259 brn\n|cant|p1a: Carbink|par\n|\n|-damage|p2a: Heracross|128/259 brn|[from] brn\n|upkeep\n|turn|13\n|\n|t:|1733882682\n|move|p2a: Heracross|Trailblaze|p1a: Carbink\n|-supereffective|p1a: Carbink\n|-damage|p1a: Carbink|169/236 par\n|-boost|p2a: Heracross|spe|1\n|cant|p1a: Carbink|par\n|\n|-damage|p2a: Heracross|112/259 brn|[from] brn\n|upkeep\n|turn|14\n|\n|t:|1733882693\n|switch|p1a: Vespiquen|Vespiquen, L98, F|296/296\n|-ability|p1a: Vespiquen|Pressure\n|move|p2a: Heracross|Trailblaze|p1a: Vespiquen\n|-resisted|p1a: Vespiquen\n|-damage|p1a: Vespiquen|284/296\n|-boost|p2a: Heracross|spe|1\n|\n|-damage|p2a: Heracross|96/259 brn|[from] brn\n|upkeep\n|turn|15\n|\n|t:|1733882697\n|move|p2a: Heracross|Facade|p1a: Vespiquen\n|-damage|p1a: Vespiquen|162/296\n|move|p1a: Vespiquen|Toxic||[still]\n|-fail|p1a: Vespiquen\n|\n|-damage|p2a: Heracross|80/259 brn|[from] brn\n|upkeep\n|turn|16\n|\n|t:|1733882703\n|move|p2a: Heracross|Facade|p1a: Vespiquen\n|-damage|p1a: Vespiquen|28/296\n|move|p1a: Vespiquen|Roost|p1a: Vespiquen\n|-heal|p1a: Vespiquen|176/296\n|-singleturn|p1a: Vespiquen|move: Roost\n|\n|-damage|p2a: Heracross|64/259 brn|[from] brn\n|upkeep\n|turn|17\n|\n|t:|1733882708\n|move|p2a: Heracross|Knock Off|p1a: Vespiquen\n|-damage|p1a: Vespiquen|84/296\n|-enditem|p1a: Vespiquen|Heavy-Duty Boots|[from] move: Knock Off|[of] p2a: Heracross\n|move|p1a: Vespiquen|Roost|p1a: Vespiquen\n|-heal|p1a: Vespiquen|232/296\n|-singleturn|p1a: Vespiquen|move: Roost\n|\n|-damage|p2a: Heracross|48/259 brn|[from] brn\n|upkeep\n|turn|18\n|\n|t:|1733882720\n|move|p2a: Heracross|Facade|p1a: Vespiquen\n|-crit|p1a: Vespiquen\n|-damage|p1a: Vespiquen|33/296\n|move|p1a: Vespiquen|Roost|p1a: Vespiquen\n|-heal|p1a: Vespiquen|181/296\n|-singleturn|p1a: Vespiquen|move: Roost\n|\n|-damage|p2a: Heracross|32/259 brn|[from] brn\n|upkeep\n|turn|19\n|\n|t:|1733882729\n|move|p2a: Heracross|Knock Off|p1a: Vespiquen\n|-damage|p1a: Vespiquen|121/296\n|move|p1a: Vespiquen|Roost|p1a: Vespiquen\n|-heal|p1a: Vespiquen|269/296\n|-singleturn|p1a: Vespiquen|move: Roost\n|\n|-damage|p2a: Heracross|16/259 brn|[from] brn\n|upkeep\n|turn|20\n|\n|t:|1733882737\n|move|p2a: Heracross|Facade|p1a: Vespiquen\n|-crit|p1a: Vespiquen\n|-damage|p1a: Vespiquen|84/296\n|move|p1a: Vespiquen|Roost|p1a: Vespiquen\n|-heal|p1a: Vespiquen|232/296\n|-singleturn|p1a: Vespiquen|move: Roost\n|\n|-damage|p2a: Heracross|0 fnt|[from] brn\n|faint|p2a: Heracross\n|upkeep\n|\n|t:|1733882759\n|switch|p2a: Phione|Phione, L91|293/293\n|turn|21\n|\n|t:|1733882765\n|move|p2a: Phione|Take Heart|p2a: Phione\n|-boost|p2a: Phione|spa|1\n|-boost|p2a: Phione|spd|1\n|move|p1a: Vespiquen|Toxic|p2a: Phione\n|-status|p2a: Phione|tox\n|\n|-damage|p2a: Phione|275/293 tox|[from] psn\n|upkeep\n|turn|22\n|\n|t:|1733882775\n|move|p2a: Phione|Take Heart|p2a: Phione\n|-boost|p2a: Phione|spa|1\n|-boost|p2a: Phione|spd|1\n|-curestatus|p2a: Phione|tox|[msg]\n|move|p1a: Vespiquen|Air Slash|p2a: Phione\n|-damage|p2a: Phione|227/293\n|\n|-heal|p2a: Phione|245/293|[from] item: Leftovers\n|upkeep\n|turn|23\n|\n|t:|1733882783\n|move|p2a: Phione|Take Heart|p2a: Phione\n|-boost|p2a: Phione|spa|1\n|-boost|p2a: Phione|spd|1\n|move|p1a: Vespiquen|U-turn|p2a: Phione\n|-damage|p2a: Phione|158/293\n|\n|t:|1733882788\n|switch|p1a: Carbink|Carbink, L90|169/236 par|[from] U-turn\n|\n|-heal|p2a: Phione|176/293|[from] item: Leftovers\n|upkeep\n|turn|24\n|\n|t:|1733882796\n|move|p2a: Phione|Scald|p1a: Carbink\n|-supereffective|p1a: Carbink\n|-damage|p1a: Carbink|0 fnt\n|faint|p1a: Carbink\n|\n|-heal|p2a: Phione|194/293|[from] item: Leftovers\n|upkeep\n|-message|Pastesy forfeited.\n|\n|win|mi1kweed\n|raw|Pastesy's rating: 1158 &rarr; <strong>1133</strong><br />(-25 for losing)\n|raw|mi1kweed's rating: 1164 &rarr; <strong>1189</strong><br />(+25 for winning)\n|l|\u2606Pastesy\n|player|p1|\n", "inputlog": ">version bfd83cad13791eb5a5a409923076391caf6fb4d4\n>start {\"formatid\":\"gen9randombattle\",\"seed\":[33920,47507,10158,16972],\"rated\":\"Rated battle\"}\n>player p1 {\"name\":\"Pastesy\",\"avatar\":\"hugh\",\"rating\":1158,\"seed\":[5906,34774,26685,20793]}\n>player p2 {\"name\":\"mi1kweed\",\"avatar\":\"pokemonranger-gen4\",\"rating\":1164,\"seed\":[7716,42945,30197,17577]}\n>p1 move knockoff\n>p2 move reflect\n>p1 move swordsdance\n>p2 switch 2\n>p1 move suckerpunch\n>p2 move trailblaze\n>p1 move swordsdance\n>p2 move facade\n>p1 switch 5\n>p1 move irondefense\n>p2 switch 2\n>p1 move bodypress\n>p2 move thunderwave\n>p1 move irondefense\n>p2 move lightscreen\n>p1 move bodypress\n>p2 move thunderwave\n>p2 switch 3\n>p1 move moonblast\n>p2 move earthquake\n>p1 move irondefense\n>p2 switch 6\n>p1 move irondefense\n>p2 move trick\n>p1 move irondefense\n>p2 switch 2\n>p1 move irondefense\n>p2 move trailblaze\n>p1 switch 2\n>p2 move trailblaze\n>p1 move toxic\n>p2 move facade\n>p1 move roost\n>p2 move facade\n>p1 move roost\n>p2 move knockoff\n>p1 move roost\n>p2 move facade\n>p1 move roost\n>p2 move knockoff\n>p1 move roost\n>p2 move facade\n>p2 switch 5\n>p1 move toxic\n>p2 move takeheart\n>p1 move airslash\n>p2 move takeheart\n>p1 move uturn\n>p2 move takeheart\n>p1 switch 2\n>p1 move moonblast\n>p2 move scald\n>forcelose p1", "uploadtime": 1733882813, "views": 1, "formatid": "gen9randombattle", "rating": 1133, "private": 0, "password": null}