{"id": "gen9randombattle-2260390631", "format": "[Gen 9] Random Battle", "players": ["thebeansontoast22", "ToastyGOAT69"], "log": "|j|\u2606thebeansontoast22\n|j|\u2606ToastyGOAT69\n|t:|1733846965\n|gametype|singles\n|player|p1|thebeansontoast22|juan|1604\n|player|p2|ToastyGOAT69|drayden|1652\n|teamsize|p1|6\n|teamsize|p2|6\n|gen|9\n|tier|[Gen 9] Random Battle\n|rated|\n|rule|Species Clause: Limit one of each Pok\u00e9mon\n|rule|HP Percentage Mod: HP is shown in percentages\n|rule|Sleep Clause Mod: Limit one foe put to sleep\n|rule|Illusion Level Mod: Illusion disguises the Pok\u00e9mon's true level\n|\n|t:|1733846965\n|start\n|switch|p1a: Gallade|Gallade, L81, M|243/243\n|switch|p2a: Golurk|Golurk, L87|297/297\n|turn|1\n|\n|t:|1733846973\n|switch|p1a: Ursaring|Ursaring, L84, F|288/288\n|move|p2a: Golurk|Poltergeist|p1a: Ursaring\n|-immune|p1a: Ursaring\n|\n|-status|p1a: Ursaring|tox|[from] item: Toxic Orb\n|upkeep\n|turn|2\n|\n|t:|1733846983\n|switch|p1a: Kricketune|Kricketune, L99, M|312/312\n|switch|p2a: Amoonguss|Amoonguss, L82, M|321/321\n|\n|upkeep\n|turn|3\n|\n|t:|1733846990\n|move|p1a: Kricketune|Sticky Web|p2a: Amoonguss\n|-sidestart|p2: ToastyGOAT69|move: Sticky Web\n|move|p2a: Amoonguss|Spore|p1a: Kricketune\n|-status|p1a: Kricketune|slp|[from] move: Spore\n|\n|upkeep\n|turn|4\n|inactive|Battle timer is ON: inactive players will automatically lose when time's up. (requested by ToastyGOAT69)\n|\n|t:|1733847007\n|switch|p1a: Ursaring|Ursaring, L84, F|288/288 tox\n|move|p2a: Amoonguss|Sludge Bomb|p1a: Ursaring\n|-damage|p1a: Ursaring|200/288 tox\n|\n|-damage|p1a: Ursaring|182/288 tox|[from] psn\n|upkeep\n|turn|5\n|\n|t:|1733847015\n|move|p1a: Ursaring|Swords Dance|p1a: Ursaring\n|-boost|p1a: Ursaring|atk|2\n|move|p2a: Amoonguss|Giga Drain|p1a: Ursaring\n|-damage|p1a: Ursaring|104/288 tox\n|\n|-damage|p1a: Ursaring|68/288 tox|[from] psn\n|upkeep\n|turn|6\n|\n|t:|1733847024\n|move|p1a: Ursaring|Facade|p2a: Amoonguss\n|-damage|p2a: Amoonguss|0 fnt\n|-damage|p1a: Ursaring|20/288 tox|[from] item: Rocky Helmet|[of] p2a: Amoonguss\n|faint|p2a: Amoonguss\n|\n|-damage|p1a: Ursaring|0 fnt|[from] psn\n|faint|p1a: Ursaring\n|upkeep\n|\n|t:|1733847031\n|switch|p1a: Quagsire|Quagsire, L84, M|297/297\n|switch|p2a: Reuniclus|Reuniclus, L88, M|337/337\n|-activate|p2a: Reuniclus|move: Sticky Web\n|-unboost|p2a: Reuniclus|spe|1\n|turn|7\n|\n|t:|1733847039\n|switch|p1a: Chimecho|Chimecho, L93, F|290/290\n|move|p2a: Reuniclus|Psyshock|p1a: Chimecho\n|-resisted|p1a: Chimecho\n|-damage|p1a: Chimecho|212/290\n|\n|-heal|p1a: Chimecho|230/290|[from] item: Leftovers\n|upkeep\n|turn|8\n|\n|t:|1733847043\n|move|p1a: Chimecho|Calm Mind|p1a: Chimecho\n|-boost|p1a: Chimecho|spa|1\n|-boost|p1a: Chimecho|spd|1\n|move|p2a: Reuniclus|Calm Mind|p2a: Reuniclus\n|-boost|p2a: Reuniclus|spa|1\n|-boost|p2a: Reuniclus|spd|1\n|\n|-heal|p1a: Chimecho|248/290|[from] item: Leftovers\n|upkeep\n|turn|9\n|\n|t:|1733847047\n|move|p1a: Chimecho|Calm Mind|p1a: Chimecho\n|-boost|p1a: Chimecho|spa|1\n|-boost|p1a: Chimecho|spd|1\n|move|p2a: Reuniclus|Calm Mind|p2a: Reuniclus\n|-boost|p2a: Reuniclus|spa|1\n|-boost|p2a: Reuniclus|spd|1\n|\n|-heal|p1a: Chimecho|266/290|[from] item: Leftovers\n|upkeep\n|turn|10\n|\n|t:|1733847049\n|move|p1a: Chimecho|Calm Mind|p1a: Chimecho\n|-boost|p1a: Chimecho|spa|1\n|-boost|p1a: Chimecho|spd|1\n|move|p2a: Reuniclus|Calm Mind|p2a: Reuniclus\n|-boost|p2a: Reuniclus|spa|1\n|-boost|p2a: Reuniclus|spd|1\n|\n|-heal|p1a: Chimecho|284/290|[from] item: Leftovers\n|upkeep\n|turn|11\n|\n|t:|1733847051\n|move|p1a: Chimecho|Calm Mind|p1a: Chimecho\n|-boost|p1a: Chimecho|spa|1\n|-boost|p1a: Chimecho|spd|1\n|move|p2a: Reuniclus|Calm Mind|p2a: Reuniclus\n|-boost|p2a: Reuniclus|spa|1\n|-boost|p2a: Reuniclus|spd|1\n|\n|-heal|p1a: Chimecho|290/290|[from] item: Leftovers\n|upkeep\n|turn|12\n|\n|t:|1733847054\n|move|p1a: Chimecho|Calm Mind|p1a: Chimecho\n|-boost|p1a: Chimecho|spa|1\n|-boost|p1a: Chimecho|spd|1\n|move|p2a: Reuniclus|Calm Mind|p2a: Reuniclus\n|-boost|p2a: Reuniclus|spa|1\n|-boost|p2a: Reuniclus|spd|1\n|\n|upkeep\n|turn|13\n|\n|t:|1733847057\n|move|p1a: Chimecho|Calm Mind|p1a: Chimecho\n|-boost|p1a: Chimecho|spa|1\n|-boost|p1a: Chimecho|spd|1\n|move|p2a: Reuniclus|Calm Mind|p2a: Reuniclus\n|-boost|p2a: Reuniclus|spa|1\n|-boost|p2a: Reuniclus|spd|1\n|\n|upkeep\n|turn|14\n|\n|t:|1733847060\n|move|p1a: Chimecho|Psyshock|p2a: Reuniclus\n|-resisted|p2a: Reuniclus\n|-damage|p2a: Reuniclus|136/337\n|move|p2a: Reuniclus|Psyshock|p1a: Chimecho\n|-resisted|p1a: Chimecho\n|-damage|p1a: Chimecho|0 fnt\n|faint|p1a: Chimecho\n|\n|upkeep\n|\n|t:|1733847067\n|switch|p1a: Gallade|Gallade, L81, M|243/243\n|turn|15\n|\n|t:|1733847073\n|-terastallize|p2a: Reuniclus|Fighting\n|move|p1a: Gallade|Night Slash|p2a: Reuniclus\n|-resisted|p2a: Reuniclus\n|-damage|p2a: Reuniclus|72/337\n|-damage|p1a: Gallade|219/243|[from] item: Life Orb\n|move|p2a: Reuniclus|Psyshock|p1a: Gallade\n|-damage|p1a: Gallade|0 fnt\n|faint|p1a: Gallade\n|\n|upkeep\n|\n|t:|1733847079\n|switch|p1a: Chesnaught|Chesnaught, L84, M|285/285\n|turn|16\n|\n|t:|1733847100\n|-terastallize|p1a: Chesnaught|Steel\n|move|p1a: Chesnaught|Iron Defense|p1a: Chesnaught\n|-boost|p1a: Chesnaught|def|2\n|move|p2a: Reuniclus|Psyshock|p1a: Chesnaught\n|-resisted|p1a: Chesnaught\n|-damage|p1a: Chesnaught|160/285\n|\n|-heal|p1a: Chesnaught|177/285|[from] item: Leftovers\n|upkeep\n|turn|17\n|\n|t:|1733847109\n|move|p1a: Chesnaught|Iron Defense|p1a: Chesnaught\n|-boost|p1a: Chesnaught|def|2\n|move|p2a: Reuniclus|Focus Blast|p1a: Chesnaught\n|-immune|p1a: Chesnaught|[from] ability: Bulletproof\n|\n|-heal|p1a: Chesnaught|194/285|[from] item: Leftovers\n|upkeep\n|turn|18\n|\n|t:|1733847115\n|move|p1a: Chesnaught|Synthesis|p1a: Chesnaught\n|-heal|p1a: Chesnaught|285/285\n|move|p2a: Reuniclus|Focus Blast|p1a: Chesnaught\n|-immune|p1a: Chesnaught|[from] ability: Bulletproof\n|\n|upkeep\n|turn|19\n|\n|t:|1733847120\n|move|p1a: Chesnaught|Iron Defense|p1a: Chesnaught\n|-boost|p1a: Chesnaught|def|2\n|move|p2a: Reuniclus|Recover|p2a: Reuniclus\n|-heal|p2a: Reuniclus|241/337\n|\n|upkeep\n|turn|20\n|\n|t:|1733847127\n|move|p1a: Chesnaught|Body Press|p2a: Reuniclus\n|-damage|p2a: Reuniclus|0 fnt\n|faint|p2a: Reuniclus\n|\n|upkeep\n|\n|t:|1733847135\n|switch|p2a: Inteleon|Inteleon, L81, M|246/246\n|-activate|p2a: Inteleon|move: Sticky Web\n|-unboost|p2a: Inteleon|spe|1\n|turn|21\n|\n|t:|1733847141\n|move|p2a: Inteleon|Hydro Pump|p1a: Chesnaught|[miss]\n|-miss|p2a: Inteleon|p1a: Chesnaught\n|move|p1a: Chesnaught|Trailblaze|p2a: Inteleon\n|-supereffective|p2a: Inteleon\n|-damage|p2a: Inteleon|100/246\n|-boost|p1a: Chesnaught|spe|1\n|\n|upkeep\n|turn|22\n|\n|t:|1733847144\n|move|p1a: Chesnaught|Body Press|p2a: Inteleon\n|-damage|p2a: Inteleon|0 fnt\n|faint|p2a: Inteleon\n|\n|upkeep\n|\n|t:|1733847147\n|switch|p2a: Probopass|Probopass, L92, M|260/260\n|-activate|p2a: Probopass|move: Sticky Web\n|-unboost|p2a: Probopass|spe|1\n|turn|23\n|\n|t:|1733847152\n|move|p1a: Chesnaught|Body Press|p2a: Probopass\n|-supereffective|p2a: Probopass\n|-damage|p2a: Probopass|0 fnt\n|faint|p2a: Probopass\n|\n|upkeep\n|\n|t:|1733847153\n|switch|p2a: Golurk|Golurk, L87|297/297\n|-activate|p2a: Golurk|move: Sticky Web\n|-unboost|p2a: Golurk|spe|1\n|turn|24\n|\n|t:|1733847158\n|move|p1a: Chesnaught|Trailblaze|p2a: Golurk\n|-supereffective|p2a: Golurk\n|-damage|p2a: Golurk|181/297\n|-boost|p1a: Chesnaught|spe|1\n|move|p2a: Golurk|Dynamic Punch|p1a: Chesnaught\n|-supereffective|p1a: Chesnaught\n|-damage|p1a: Chesnaught|227/285\n|-start|p1a: Chesnaught|confusion\n|\n|-heal|p1a: Chesnaught|244/285|[from] item: Leftovers\n|upkeep\n|turn|25\n|\n|t:|1733847166\n|-activate|p1a: Chesnaught|confusion\n|move|p1a: Chesnaught|Trailblaze|p2a: Golurk\n|-supereffective|p2a: Golurk\n|-damage|p2a: Golurk|71/297\n|-boost|p1a: Chesnaught|spe|1\n|move|p2a: Golurk|Dynamic Punch|p1a: Chesnaught\n|-supereffective|p1a: Chesnaught\n|-damage|p1a: Chesnaught|190/285\n|\n|-heal|p1a: Chesnaught|207/285|[from] item: Leftovers\n|upkeep\n|turn|26\n|\n|t:|1733847171\n|-activate|p1a: Chesnaught|confusion\n|-damage|p1a: Chesnaught|199/285|[from] confusion\n|move|p2a: Golurk|Dynamic Punch|p1a: Chesnaught\n|-supereffective|p1a: Chesnaught\n|-damage|p1a: Chesnaught|145/285\n|\n|-heal|p1a: Chesnaught|162/285|[from] item: Leftovers\n|upkeep\n|turn|27\n|\n|t:|1733847174\n|-activate|p1a: Chesnaught|confusion\n|move|p1a: Chesnaught|Synthesis|p1a: Chesnaught\n|-heal|p1a: Chesnaught|285/285\n|move|p2a: Golurk|Dynamic Punch|p1a: Chesnaught\n|-supereffective|p1a: Chesnaught\n|-damage|p1a: Chesnaught|233/285\n|\n|-heal|p1a: Chesnaught|250/285|[from] item: Leftovers\n|upkeep\n|turn|28\n|\n|t:|1733847177\n|-end|p1a: Chesnaught|confusion\n|move|p1a: Chesnaught|Trailblaze|p2a: Golurk\n|-supereffective|p2a: Golurk\n|-damage|p2a: Golurk|0 fnt\n|-boost|p1a: Chesnaught|spe|1\n|faint|p2a: Golurk\n|\n|-heal|p1a: Chesnaught|267/285|[from] item: Leftovers\n|upkeep\n|\n|t:|1733847179\n|switch|p2a: Lapras|Lapras, L87, M|367/367\n|-activate|p2a: Lapras|move: Sticky Web\n|-unboost|p2a: Lapras|spe|1\n|turn|29\n|\n|t:|1733847182\n|move|p1a: Chesnaught|Body Press|p2a: Lapras\n|-supereffective|p2a: Lapras\n|-damage|p2a: Lapras|0 fnt\n|faint|p2a: Lapras\n|\n|win|thebeansontoast22\n|raw|thebeansontoast22's rating: 1604 &rarr; <strong>1627</strong><br />(+23 for winning)\n|raw|ToastyGOAT69's rating: 1652 &rarr; <strong>1629</strong><br />(-23 for losing)\n|c|\u2606ToastyGOAT69|Gg\n|l|\u2606ToastyGOAT69\n|player|p2|\n|c|\u2606thebeansontoast22|gg\n", "inputlog": ">version bfd83cad13791eb5a5a409923076391caf6fb4d4\n>start {\"formatid\":\"gen9randombattle\",\"seed\":[17945,27203,11353,54533],\"rated\":\"Rated battle\"}\n>player p1 {\"name\":\"thebeansontoast22\",\"avatar\":\"juan\",\"rating\":1604,\"seed\":[2819,61379,9378,64787]}\n>player p2 {\"name\":\"ToastyGOAT69\",\"avatar\":\"drayden\",\"rating\":1652,\"seed\":[8062,49983,28756,64695]}\n>p1 switch 6\n>p2 move poltergeist\n>p1 switch 3\n>p2 switch 6\n>p1 move stickyweb\n>p2 move spore\n>p1 switch 3\n>p2 move sludgebomb\n>p1 move swordsdance\n>p2 move gigadrain\n>p1 move facade\n>p2 move gigadrain\n>p1 switch 5\n>p2 switch 3\n>p1 switch 2\n>p2 move psyshock\n>p1 move calmmind\n>p2 move calmmind\n>p1 move calmmind\n>p2 move calmmind\n>p1 move calmmind\n>p2 move calmmind\n>p1 move calmmind\n>p2 move calmmind\n>p1 move calmmind\n>p2 move calmmind\n>p1 move calmmind\n>p2 move calmmind\n>p1 move psyshock\n>p2 move psyshock\n>p1 switch 6\n>p1 move nightslash\n>p2 move psyshock terastallize\n>p1 switch 4\n>p1 move irondefense terastallize\n>p2 move psyshock\n>p1 move irondefense\n>p2 move focusblast\n>p1 move synthesis\n>p2 move focusblast\n>p1 move irondefense\n>p2 move recover\n>p1 move bodypress\n>p2 move psyshock\n>p2 switch 4\n>p1 move trailblaze\n>p2 move hydropump\n>p1 move bodypress\n>p2 move hydropump\n>p2 switch 5\n>p1 move bodypress\n>p2 move bodypress\n>p2 switch 6\n>p1 move trailblaze\n>p2 move dynamicpunch\n>p1 move trailblaze\n>p2 move dynamicpunch\n>p1 move trailblaze\n>p2 move dynamicpunch\n>p1 move synthesis\n>p2 move dynamicpunch\n>p1 move trailblaze\n>p2 move dynamicpunch\n>p2 switch 2\n>p1 move bodypress\n>p2 move dragondance", "uploadtime": 1733847198, "views": 2, "formatid": "gen9randombattle", "rating": 1627, "private": 0, "password": null}