{"id": "gen9randombattle-2260834541", "format": "[Gen 9] Random Battle", "players": ["wriris", "mak7xz"], "log": "|j|\u2606wriris\n|j|\u203dmak7xz\n|t:|1733900819\n|gametype|singles\n|player|p1|wriris|169|1526\n|player|p2|mak7xz|worker-gen4|1487\n|teamsize|p1|6\n|teamsize|p2|6\n|gen|9\n|tier|[Gen 9] Random Battle\n|rated|\n|rule|Species Clause: Limit one of each Pok\u00e9mon\n|rule|HP Percentage Mod: HP is shown in percentages\n|rule|Sleep Clause Mod: Limit one foe put to sleep\n|rule|Illusion Level Mod: Illusion disguises the Pok\u00e9mon's true level\n|\n|t:|1733900819\n|start\n|switch|p1a: Magcargo|Magcargo, L95, F|268/268\n|switch|p2a: Quagsire|Quagsire, L84, F|297/297\n|turn|1\n|inactive|Battle timer is ON: inactive players will automatically lose when time's up. (requested by mak7xz)\n|inactive|wriris also wants the timer to be on.\n|\n|t:|1733900841\n|switch|p1a: Iron Jugulis|Iron Jugulis, L78|275/275\n|move|p2a: Quagsire|Toxic|p1a: Iron Jugulis\n|-status|p1a: Iron Jugulis|tox\n|\n|-damage|p1a: Iron Jugulis|258/275 tox|[from] psn\n|upkeep\n|turn|2\n|\n|t:|1733900856\n|switch|p2a: Flygon|Flygon, L82, F|265/265\n|move|p1a: Iron Jugulis|Hurricane|p2a: Flygon|[miss]\n|-miss|p1a: Iron Jugulis|p2a: Flygon\n|\n|-damage|p1a: Iron Jugulis|224/275 tox|[from] psn\n|upkeep\n|turn|3\n|\n|t:|1733900873\n|-end|p1a: Iron Jugulis|Quark Drive|[silent]\n|switch|p1a: Mabosstiff|Mabosstiff, L86, F|278/278\n|move|p2a: Flygon|Stone Edge|p1a: Mabosstiff\n|-damage|p1a: Mabosstiff|216/278\n|\n|upkeep\n|turn|4\n|\n|t:|1733900882\n|move|p2a: Flygon|Stone Edge|p1a: Mabosstiff\n|-damage|p1a: Mabosstiff|151/278\n|move|p1a: Mabosstiff|Play Rough|p2a: Flygon\n|-supereffective|p2a: Flygon\n|-damage|p2a: Flygon|0 fnt\n|faint|p2a: Flygon\n|\n|upkeep\n|\n|t:|1733900891\n|switch|p2a: Quagsire|Quagsire, L84, F|297/297\n|turn|5\n|\n|t:|1733900910\n|move|p1a: Mabosstiff|Play Rough|p2a: Quagsire\n|-damage|p2a: Quagsire|177/297\n|move|p2a: Quagsire|Spikes|p1a: Mabosstiff\n|-sidestart|p1: wriris|Spikes\n|\n|-heal|p2a: Quagsire|195/297|[from] item: Leftovers\n|upkeep\n|turn|6\n|\n|t:|1733900914\n|move|p1a: Mabosstiff|Play Rough|p2a: Quagsire|[miss]\n|-miss|p1a: Mabosstiff|p2a: Quagsire\n|move|p2a: Quagsire|Recover|p2a: Quagsire\n|-heal|p2a: Quagsire|297/297\n|\n|upkeep\n|turn|7\n|\n|t:|1733900917\n|move|p1a: Mabosstiff|Play Rough|p2a: Quagsire\n|-damage|p2a: Quagsire|172/297\n|move|p2a: Quagsire|Spikes|p1a: Mabosstiff\n|-sidestart|p1: wriris|Spikes\n|\n|-heal|p2a: Quagsire|190/297|[from] item: Leftovers\n|upkeep\n|turn|8\n|\n|t:|1733900920\n|move|p1a: Mabosstiff|Play Rough|p2a: Quagsire\n|-damage|p2a: Quagsire|72/297\n|move|p2a: Quagsire|Recover|p2a: Quagsire\n|-heal|p2a: Quagsire|221/297\n|\n|-heal|p2a: Quagsire|239/297|[from] item: Leftovers\n|upkeep\n|turn|9\n|\n|t:|1733900922\n|move|p1a: Mabosstiff|Play Rough|p2a: Quagsire|[miss]\n|-miss|p1a: Mabosstiff|p2a: Quagsire\n|move|p2a: Quagsire|Recover|p2a: Quagsire\n|-heal|p2a: Quagsire|297/297\n|\n|upkeep\n|turn|10\n|\n|t:|1733900927\n|move|p1a: Mabosstiff|Play Rough|p2a: Quagsire|[miss]\n|-miss|p1a: Mabosstiff|p2a: Quagsire\n|move|p2a: Quagsire|Toxic|p1a: Mabosstiff\n|-status|p1a: Mabosstiff|tox\n|\n|-damage|p1a: Mabosstiff|134/278 tox|[from] psn\n|upkeep\n|turn|11\n|\n|t:|1733900931\n|move|p1a: Mabosstiff|Play Rough|p2a: Quagsire\n|-damage|p2a: Quagsire|168/297\n|move|p2a: Quagsire|Spikes|p1a: Mabosstiff\n|-sidestart|p1: wriris|Spikes\n|\n|-heal|p2a: Quagsire|186/297|[from] item: Leftovers\n|-damage|p1a: Mabosstiff|100/278 tox|[from] psn\n|upkeep\n|turn|12\n|\n|t:|1733900934\n|move|p1a: Mabosstiff|Play Rough|p2a: Quagsire|[miss]\n|-miss|p1a: Mabosstiff|p2a: Quagsire\n|move|p2a: Quagsire|Recover|p2a: Quagsire\n|-heal|p2a: Quagsire|297/297\n|\n|-damage|p1a: Mabosstiff|49/278 tox|[from] psn\n|upkeep\n|turn|13\n|c|\u2606wriris|sometimes i wonder why i play this game\n|-message|wriris forfeited.\n|\n|win|mak7xz\n|raw|wriris's rating: 1526 &rarr; <strong>1504</strong><br />(-22 for losing)\n|raw|mak7xz's rating: 1487 &rarr; <strong>1509</strong><br />(+22 for winning)\n|l|\u2606wriris\n|player|p1|\n", "inputlog": ">version bfd83cad13791eb5a5a409923076391caf6fb4d4\n>start {\"formatid\":\"gen9randombattle\",\"seed\":[7033,52860,63299,9915],\"rated\":\"Rated battle\"}\n>player p1 {\"name\":\"wriris\",\"avatar\":\"169\",\"rating\":1526,\"seed\":[46346,33551,54576,35141]}\n>player p2 {\"name\":\"mak7xz\",\"avatar\":\"worker-gen4\",\"rating\":1487,\"seed\":[43669,21797,60413,18295]}\n>p1 switch 5\n>p2 move toxic\n>p1 move hurricane\n>p2 switch 5\n>p1 switch 4\n>p2 move stoneedge\n>p1 move playrough\n>p2 move stoneedge\n>p2 switch 5\n>p1 move playrough\n>p2 move spikes\n>p1 move playrough\n>p2 move recover\n>p1 move playrough\n>p2 move spikes\n>p1 move playrough\n>p2 move recover\n>p1 move playrough\n>p2 move recover\n>p1 move playrough\n>p2 move toxic\n>p1 move playrough\n>p2 move spikes\n>p1 move playrough\n>p2 move recover\n>chat \u2606wriris|sometimes i wonder why i play this game\n>forcelose p1", "uploadtime": 1733900971, "views": 1, "formatid": "gen9randombattle", "rating": 1504, "private": 0, "password": null}