{"id": "gen9randombattle-2260555461", "format": "[Gen 9] Random Battle", "players": ["Alexisjra", "Az1anSensation2"], "log": "|j|\u203dAlexisjra\n|j|\u203dAz1anSensation2\n|t:|1733863122\n|gametype|singles\n|player|p1|Alexisjra|265|2213\n|player|p2|Az1anSensation2|265|2177\n|teamsize|p1|6\n|teamsize|p2|6\n|gen|9\n|tier|[Gen 9] Random Battle\n|rated|\n|rule|Species Clause: Limit one of each Pok\u00e9mon\n|rule|HP Percentage Mod: HP is shown in percentages\n|rule|Sleep Clause Mod: Limit one foe put to sleep\n|rule|Illusion Level Mod: Illusion disguises the Pok\u00e9mon's true level\n|\n|t:|1733863122\n|start\n|switch|p1a: Magearna|Magearna-Original, L77|250/250\n|switch|p2a: Skeledirge|Skeledirge, L79, M|294/294\n|turn|1\n|inactive|Battle timer is ON: inactive players will automatically lose when time's up. (requested by Az1anSensation2)\n|\n|t:|1733863141\n|switch|p1a: Poliwrath|Poliwrath, L88, M, shiny|302/302\n|move|p2a: Skeledirge|Will-O-Wisp|p1a: Poliwrath\n|-status|p1a: Poliwrath|brn\n|\n|-damage|p1a: Poliwrath|284/302 brn|[from] brn\n|upkeep\n|turn|2\n|\n|t:|1733863163\n|switch|p2a: Toxapex|Toxapex, L82, F|216/216\n|move|p1a: Poliwrath|Knock Off|p2a: Toxapex\n|-damage|p2a: Toxapex|186/216\n|-damage|p1a: Poliwrath|234/302 brn|[from] item: Rocky Helmet|[of] p2a: Toxapex\n|-enditem|p2a: Toxapex|Rocky Helmet|[from] move: Knock Off|[of] p1a: Poliwrath\n|-damage|p1a: Poliwrath|204/302 brn|[from] item: Life Orb\n|\n|-damage|p1a: Poliwrath|186/302 brn|[from] brn\n|upkeep\n|turn|3\n|\n|t:|1733863177\n|switch|p1a: Magearna|Magearna-Original, L77|250/250\n|move|p2a: Toxapex|Toxic|p1a: Magearna\n|-immune|p1a: Magearna\n|\n|upkeep\n|turn|4\n|\n|t:|1733863189\n|move|p1a: Magearna|Spikes|p2a: Toxapex\n|-sidestart|p2: Az1anSensation2|Spikes\n|move|p2a: Toxapex|Liquidation|p1a: Magearna\n|-damage|p1a: Magearna|189/250\n|\n|-heal|p1a: Magearna|204/250|[from] item: Leftovers\n|upkeep\n|turn|5\n|\n|t:|1733863203\n|switch|p2a: Skeledirge|Skeledirge, L79, M|294/294\n|move|p1a: Magearna|Spikes|p2a: Skeledirge\n|-sidestart|p2: Az1anSensation2|Spikes\n|\n|-heal|p1a: Magearna|219/250|[from] item: Leftovers\n|upkeep\n|turn|6\n|\n|t:|1733863210\n|switch|p1a: Poliwrath|Poliwrath, L88, M, shiny|186/302 brn\n|move|p2a: Skeledirge|Torch Song|p1a: Poliwrath\n|-resisted|p1a: Poliwrath\n|-damage|p1a: Poliwrath|149/302 brn\n|-boost|p2a: Skeledirge|spa|1\n|\n|-damage|p1a: Poliwrath|131/302 brn|[from] brn\n|upkeep\n|turn|7\n|\n|t:|1733863214\n|move|p1a: Poliwrath|Knock Off|p2a: Skeledirge\n|-supereffective|p2a: Skeledirge\n|-damage|p2a: Skeledirge|200/294\n|-enditem|p2a: Skeledirge|Heavy-Duty Boots|[from] move: Knock Off|[of] p1a: Poliwrath\n|-damage|p1a: Poliwrath|101/302 brn|[from] item: Life Orb\n|move|p2a: Skeledirge|Hex|p1a: Poliwrath\n|-damage|p1a: Poliwrath|0 fnt\n|faint|p1a: Poliwrath\n|\n|upkeep\n|\n|t:|1733863221\n|switch|p1a: Gliscor|Gliscor, L76, M|239/239\n|turn|8\n|\n|t:|1733863231\n|move|p1a: Gliscor|Protect|p1a: Gliscor\n|-singleturn|p1a: Gliscor|Protect\n|move|p2a: Skeledirge|Will-O-Wisp|p1a: Gliscor\n|-activate|p1a: Gliscor|move: Protect\n|\n|-status|p1a: Gliscor|tox|[from] item: Toxic Orb\n|upkeep\n|turn|9\n|\n|t:|1733863235\n|move|p1a: Gliscor|Earthquake|p2a: Skeledirge\n|-supereffective|p2a: Skeledirge\n|-damage|p2a: Skeledirge|30/294\n|move|p2a: Skeledirge|Hex|p1a: Gliscor\n|-crit|p1a: Gliscor\n|-damage|p1a: Gliscor|0 fnt\n|faint|p1a: Gliscor\n|\n|upkeep\n|\n|t:|1733863242\n|switch|p1a: Cinccino|Cinccino, L83, F|260/260\n|turn|10\n|\n|t:|1733863252\n|move|p1a: Cinccino|Bullet Seed|p2a: Skeledirge\n|-resisted|p2a: Skeledirge\n|-damage|p2a: Skeledirge|18/294\n|-resisted|p2a: Skeledirge\n|-damage|p2a: Skeledirge|5/294\n|-resisted|p2a: Skeledirge\n|-damage|p2a: Skeledirge|0 fnt\n|faint|p2a: Skeledirge\n|-hitcount|p2: Skeledirge|3\n|\n|upkeep\n|\n|t:|1733863276\n|switch|p2a: Toxapex|Toxapex, L82, F|216/216\n|-damage|p2a: Toxapex|180/216|[from] Spikes\n|turn|11\n|\n|t:|1733863283\n|switch|p1a: Magearna|Magearna-Original, L77|219/250\n|move|p2a: Toxapex|Liquidation|p1a: Magearna\n|-damage|p1a: Magearna|167/250\n|-unboost|p1a: Magearna|def|1\n|\n|-heal|p1a: Magearna|182/250|[from] item: Leftovers\n|upkeep\n|turn|12\n|\n|t:|1733863298\n|switch|p1a: Haxorus|Haxorus, L77, F|244/244\n|-ability|p1a: Haxorus|Mold Breaker\n|move|p2a: Toxapex|Liquidation|p1a: Haxorus\n|-resisted|p1a: Haxorus\n|-damage|p1a: Haxorus|214/244\n|-unboost|p1a: Haxorus|def|1\n|\n|upkeep\n|turn|13\n|inactive|Az1anSensation2 has 120 seconds left.\n|\n|t:|1733863342\n|switch|p2a: Kleavor|Kleavor, L78, F|237/237\n|move|p1a: Haxorus|Dragon Dance|p1a: Haxorus\n|-boost|p1a: Haxorus|atk|1\n|-boost|p1a: Haxorus|spe|1\n|\n|upkeep\n|turn|14\n|\n|t:|1733863353\n|move|p1a: Haxorus|Iron Head|p2a: Kleavor\n|-supereffective|p2a: Kleavor\n|-damage|p2a: Kleavor|51/237\n|cant|p2a: Kleavor|flinch\n|\n|upkeep\n|turn|15\n|inactive|Az1anSensation2 has 120 seconds left.\n|\n|t:|1733863358\n|move|p1a: Haxorus|Iron Head|p2a: Kleavor\n|-supereffective|p2a: Kleavor\n|-crit|p2a: Kleavor\n|-damage|p2a: Kleavor|0 fnt\n|faint|p2a: Kleavor\n|\n|upkeep\n|inactive|Az1anSensation2 has 120 seconds left.\n|inactive|Az1anSensation2 has 90 seconds left.\n|\n|t:|1733863411\n|switch|p2a: Glimmora|Glimmora, L75, F|248/248\n|-damage|p2a: Glimmora|207/248|[from] Spikes\n|turn|16\n|inactive|Az1anSensation2 has 60 seconds left.\n|\n|t:|1733863440\n|-terastallize|p2a: Glimmora|Ground\n|move|p1a: Haxorus|Outrage|p2a: Glimmora\n|-damage|p2a: Glimmora|0 fnt\n|-activate|p2a: Glimmora|ability: Toxic Debris\n|-sidestart|p1: Alexisjra|move: Toxic Spikes\n|faint|p2a: Glimmora\n|\n|upkeep\n|inactive|Az1anSensation2 has 60 seconds left.\n|\n|t:|1733863446\n|switch|p2a: Gogoat|Gogoat, L88, F|360/360\n|-damage|p2a: Gogoat|300/360|[from] Spikes\n|turn|17\n|inactive|Az1anSensation2 has 60 seconds left.\n|\n|t:|1733863457\n|move|p1a: Haxorus|Outrage|p2a: Gogoat|[from]lockedmove\n|-crit|p2a: Gogoat\n|-damage|p2a: Gogoat|0 fnt\n|faint|p2a: Gogoat\n|\n|upkeep\n|inactive|Az1anSensation2 has 60 seconds left.\n|\n|t:|1733863465\n|switch|p2a: Toxapex|Toxapex, L82, F|216/216\n|-damage|p2a: Toxapex|180/216|[from] Spikes\n|turn|18\n|\n|t:|1733863472\n|move|p1a: Haxorus|Outrage|p2a: Toxapex|[from]lockedmove\n|-damage|p2a: Toxapex|38/216\n|-start|p1a: Haxorus|confusion|[fatigue]\n|-enditem|p1a: Haxorus|Lum Berry|[eat]\n|-end|p1a: Haxorus|confusion\n|move|p2a: Toxapex|Recover|p2a: Toxapex\n|-heal|p2a: Toxapex|146/216\n|\n|upkeep\n|turn|19\n|\n|t:|1733863481\n|move|p1a: Haxorus|Dragon Dance|p1a: Haxorus\n|-boost|p1a: Haxorus|atk|1\n|-boost|p1a: Haxorus|spe|1\n|move|p2a: Toxapex|Toxic|p1a: Haxorus\n|-status|p1a: Haxorus|tox\n|\n|-damage|p1a: Haxorus|199/244 tox|[from] psn\n|upkeep\n|turn|20\n|\n|t:|1733863488\n|move|p1a: Haxorus|Outrage|p2a: Toxapex\n|-damage|p2a: Toxapex|0 fnt\n|faint|p2a: Toxapex\n|\n|-damage|p1a: Haxorus|169/244 tox|[from] psn\n|upkeep\n|\n|t:|1733863489\n|switch|p2a: Ogerpon|Ogerpon, L80, F|259/259\n|-damage|p2a: Ogerpon|216/259|[from] Spikes\n|turn|21\n|\n|t:|1733863491\n|move|p1a: Haxorus|Outrage|p2a: Ogerpon|[from]lockedmove\n|-damage|p2a: Ogerpon|0 fnt\n|faint|p2a: Ogerpon\n|\n|win|Alexisjra\n|raw|Alexisjra's rating: 2213 &rarr; <strong>2231</strong><br />(+18 for winning)\n|raw|Az1anSensation2's rating: 2177 &rarr; <strong>2159</strong><br />(-18 for losing)\n", "inputlog": ">version bfd83cad13791eb5a5a409923076391caf6fb4d4\n>start {\"formatid\":\"gen9randombattle\",\"seed\":[29314,44830,56604,14908],\"rated\":\"Rated battle\"}\n>player p1 {\"name\":\"Alexisjra\",\"avatar\":\"265\",\"rating\":2213,\"seed\":[29171,48050,30085,1402]}\n>player p2 {\"name\":\"Az1anSensation2\",\"avatar\":\"265\",\"rating\":2177,\"seed\":[51549,32909,41254,6786]}\n>p1 switch 2\n>p2 move willowisp\n>p1 move knockoff\n>p2 switch 6\n>p1 switch 2\n>p2 move toxic\n>p1 move spikes\n>p2 move liquidation\n>p1 move spikes\n>p2 switch 6\n>p1 switch 2\n>p2 move torchsong\n>p1 move knockoff\n>p2 move hex\n>p1 switch 6\n>p1 move protect\n>p2 move willowisp\n>p1 move earthquake\n>p2 move hex\n>p1 switch 5\n>p1 move bulletseed\n>p2 move slackoff\n>p2 switch 6\n>p1 switch 2\n>p2 move liquidation\n>p1 switch 4\n>p2 move liquidation\n>p1 move dragondance\n>p2 switch 2\n>p1 move ironhead\n>p2 move xscissor\n>p1 move ironhead\n>p2 move xscissor\n>p2 switch 5\n>p1 move outrage\n>p2 move mortalspin terastallize\n>p2 switch 4\n>p1 move outrage\n>p2 move bulkup\n>p2 switch 2\n>p1 move outrage\n>p2 move recover\n>p1 move dragondance\n>p2 move toxic\n>p1 move outrage\n>p2 move recover\n>p2 switch 3\n>p1 move outrage\n>p2 move knockoff", "uploadtime": 1733863493, "views": 8, "formatid": "gen9randombattle", "rating": 2159, "private": 0, "password": null}