{"id": "gen9randombattle-2124051840", "format": "[Gen 9] Random Battle", "players": ["Aqua", "Norman2!"], "log": "|badge|p1|bronze|gen9randombattle|100-1\n|uhtml|medal-msg|<div class=\"broadcast-blue\">Curious what those medals under the avatar are? PS now has Ladder Seasons! For more information, check out the <a href=\"https://www.smogon.com/forums/threads/3740067/\">thread on Smogon.</a></div>\n|j|\u2606Aqua\n|j|\u203dNorman2!\n|t:|1715633793\n|gametype|singles\n|player|p1|Aqua|#rbtt6teamlatiasf|2399\n|player|p2|Norman2!|169|2346\n|teamsize|p1|6\n|teamsize|p2|6\n|gen|9\n|tier|[Gen 9] Random Battle\n|rated|\n|rule|Species Clause: Limit one of each Pok\u00e9mon\n|rule|HP Percentage Mod: HP is shown in percentages\n|rule|Sleep Clause Mod: Limit one foe put to sleep\n|rule|Illusion Level Mod: Illusion disguises the Pok\u00e9mon's true level\n|\n|t:|1715633793\n|start\n|switch|p1a: Landorus|Landorus-Therian, L76, M|260/260\n|switch|p2a: Jumpluff|Jumpluff, L87, F|271/271\n|-ability|p1a: Landorus|Intimidate|boost\n|-unboost|p2a: Jumpluff|atk|1\n|turn|1\n|inactive|Battle timer is ON: inactive players will automatically lose when time's up. (requested by Aqua)\n|\n|t:|1715633807\n|move|p2a: Jumpluff|Sleep Powder|p1a: Landorus\n|-status|p1a: Landorus|slp|[from] move: Sleep Powder\n|cant|p1a: Landorus|slp\n|\n|upkeep\n|turn|2\n|\n|t:|1715633813\n|move|p2a: Jumpluff|U-turn|p1a: Landorus\n|-resisted|p1a: Landorus\n|-damage|p1a: Landorus|248/260 slp\n|\n|t:|1715633818\n|switch|p2a: Zangoose|Zangoose, L86, M|266/266|[from] U-turn\n|cant|p1a: Landorus|slp\n|\n|-heal|p1a: Landorus|260/260 slp|[from] item: Leftovers\n|-status|p2a: Zangoose|tox|[from] item: Toxic Orb\n|upkeep\n|turn|3\n|\n|t:|1715633832\n|switch|p1a: Rhyperior|Rhyperior, L83, F|327/327\n|move|p2a: Zangoose|Facade|p1a: Rhyperior\n|-resisted|p1a: Rhyperior\n|-damage|p1a: Rhyperior|228/327\n|\n|-damage|p2a: Zangoose|250/266 tox|[from] psn\n|upkeep\n|turn|4\n|\n|t:|1715633860\n|switch|p2a: Rhyperior|Rhyperior, L83, F|327/327\n|move|p1a: Rhyperior|Stone Edge|p2a: Rhyperior\n|-resisted|p2a: Rhyperior\n|-damage|p2a: Rhyperior|250/327\n|\n|upkeep\n|turn|5\n|inactive|Aqua has 120 seconds left.\n|\n|t:|1715633884\n|switch|p1a: Porygon2|Porygon2, L82|274/274\n|-ability|p1a: Porygon2|Download|boost\n|-boost|p1a: Porygon2|spa|1\n|move|p2a: Rhyperior|Stone Edge|p1a: Porygon2\n|-damage|p1a: Porygon2|187/274\n|\n|upkeep\n|turn|6\n|inactive|Aqua has 120 seconds left.\n|\n|t:|1715633897\n|move|p1a: Porygon2|Recover|p1a: Porygon2\n|-heal|p1a: Porygon2|274/274\n|move|p2a: Rhyperior|Dragon Tail|p1a: Porygon2\n|-damage|p1a: Porygon2|235/274\n|drag|p1a: Reuniclus|Reuniclus, L88, F|337/337\n|\n|upkeep\n|turn|7\n|inactive|Aqua has 120 seconds left.\n|\n|t:|1715633908\n|switch|p1a: Porygon2|Porygon2, L82|235/274\n|-ability|p1a: Porygon2|Download|boost\n|-boost|p1a: Porygon2|spa|1\n|move|p2a: Rhyperior|Megahorn|p1a: Porygon2\n|-damage|p1a: Porygon2|154/274\n|\n|upkeep\n|turn|8\n|\n|t:|1715633930\n|switch|p2a: Greedent|Greedent, L86, M|347/347\n|move|p1a: Porygon2|Recover|p1a: Porygon2\n|-heal|p1a: Porygon2|274/274\n|\n|upkeep\n|turn|9\n|inactive|Aqua has 120 seconds left.\n|\n|t:|1715633946\n|switch|p1a: Landorus|Landorus-Therian, L76, M|260/260 slp\n|-ability|p1a: Landorus|Intimidate|boost\n|-unboost|p2a: Greedent|atk|1\n|move|p2a: Greedent|Swords Dance|p2a: Greedent\n|-boost|p2a: Greedent|atk|2\n|\n|upkeep\n|turn|10\n|\n|t:|1715633951\n|cant|p1a: Landorus|slp\n|move|p2a: Greedent|Double-Edge|p1a: Landorus\n|-damage|p1a: Landorus|37/260 slp\n|-damage|p2a: Greedent|273/347|[from] Recoil\n|\n|-heal|p1a: Landorus|53/260 slp|[from] item: Leftovers\n|upkeep\n|turn|11\n|\n|t:|1715633962\n|-curestatus|p1a: Landorus|slp|[msg]\n|move|p1a: Landorus|U-turn|p2a: Greedent\n|-damage|p2a: Greedent|221/347\n|\n|t:|1715633966\n|switch|p1a: Rhyperior|Rhyperior, L83, F|228/327|[from] U-turn\n|move|p2a: Greedent|Knock Off|p1a: Rhyperior\n|-damage|p1a: Rhyperior|155/327\n|-enditem|p1a: Rhyperior|Choice Band|[from] move: Knock Off|[of] p2a: Greedent\n|\n|upkeep\n|turn|12\n|\n|t:|1715633976\n|switch|p1a: Landorus|Landorus-Therian, L76, M|53/260\n|-ability|p1a: Landorus|Intimidate|boost\n|-unboost|p2a: Greedent|atk|1\n|move|p2a: Greedent|Earthquake|p1a: Landorus\n|-immune|p1a: Landorus\n|\n|-heal|p1a: Landorus|69/260|[from] item: Leftovers\n|upkeep\n|turn|13\n|\n|t:|1715633982\n|move|p1a: Landorus|Stealth Rock|p2a: Greedent\n|-sidestart|p2: Norman2!|move: Stealth Rock\n|move|p2a: Greedent|Swords Dance|p2a: Greedent\n|-boost|p2a: Greedent|atk|2\n|\n|-heal|p1a: Landorus|85/260|[from] item: Leftovers\n|upkeep\n|turn|14\n|inactive|Aqua has 120 seconds left.\n|\n|t:|1715634019\n|move|p1a: Landorus|U-turn|p2a: Greedent\n|-damage|p2a: Greedent|164/347\n|-enditem|p2a: Greedent|Sitrus Berry|[eat]\n|-heal|p2a: Greedent|250/347|[from] item: Sitrus Berry\n|-heal|p2a: Greedent|347/347|[from] ability: Cheek Pouch\n|\n|t:|1715634023\n|switch|p1a: Rhyperior|Rhyperior, L83, F|155/327|[from] U-turn\n|move|p2a: Greedent|Knock Off|p1a: Rhyperior\n|-damage|p1a: Rhyperior|89/327\n|\n|upkeep\n|turn|15\n|\n|t:|1715634029\n|move|p1a: Rhyperior|Earthquake|p2a: Greedent\n|-damage|p2a: Greedent|218/347\n|move|p2a: Greedent|Earthquake|p1a: Rhyperior\n|-supereffective|p1a: Rhyperior\n|-damage|p1a: Rhyperior|0 fnt\n|faint|p1a: Rhyperior\n|\n|upkeep\n|inactive|Aqua has 120 seconds left.\n|\n|t:|1715634040\n|switch|p1a: Reuniclus|Reuniclus, L88, F|337/337\n|turn|16\n|\n|t:|1715634067\n|-terastallize|p2a: Greedent|Ghost\n|move|p1a: Reuniclus|Focus Blast|p2a: Greedent\n|-immune|p2a: Greedent\n|move|p2a: Greedent|Knock Off|p1a: Reuniclus\n|-supereffective|p1a: Reuniclus\n|-damage|p1a: Reuniclus|27/337\n|-enditem|p1a: Reuniclus|Life Orb|[from] move: Knock Off|[of] p2a: Greedent\n|\n|upkeep\n|turn|17\n|\n|t:|1715634073\n|move|p1a: Reuniclus|Psychic|p2a: Greedent\n|-damage|p2a: Greedent|76/347\n|move|p2a: Greedent|Double-Edge|p1a: Reuniclus\n|-crit|p1a: Reuniclus\n|-damage|p1a: Reuniclus|0 fnt\n|faint|p1a: Reuniclus\n|-damage|p2a: Greedent|67/347|[from] Recoil\n|\n|upkeep\n|\n|t:|1715634084\n|switch|p1a: Porygon2|Porygon2, L82|274/274\n|-ability|p1a: Porygon2|Download|boost\n|-boost|p1a: Porygon2|spa|1\n|turn|18\n|\n|t:|1715634092\n|move|p1a: Porygon2|Discharge|p2a: Greedent\n|-damage|p2a: Greedent|0 fnt\n|faint|p2a: Greedent\n|\n|upkeep\n|\n|t:|1715634106\n|switch|p2a: Zangoose|Zangoose, L86, M|250/266 tox\n|-damage|p2a: Zangoose|217/266 tox|[from] Stealth Rock\n|turn|19\n|\n|t:|1715634113\n|move|p2a: Zangoose|Knock Off|p1a: Porygon2\n|-damage|p1a: Porygon2|188/274\n|-enditem|p1a: Porygon2|Eviolite|[from] move: Knock Off|[of] p2a: Zangoose\n|move|p1a: Porygon2|Tri Attack|p2a: Zangoose\n|-damage|p2a: Zangoose|42/266 tox\n|\n|-damage|p2a: Zangoose|26/266 tox|[from] psn\n|upkeep\n|turn|20\n|\n|t:|1715634121\n|switch|p1a: Landorus|Landorus-Therian, L76, M|85/260\n|-ability|p1a: Landorus|Intimidate|boost\n|-unboost|p2a: Zangoose|atk|1\n|move|p2a: Zangoose|Facade|p1a: Landorus\n|-damage|p1a: Landorus|0 fnt\n|faint|p1a: Landorus\n|\n|-damage|p2a: Zangoose|0 fnt|[from] psn\n|faint|p2a: Zangoose\n|upkeep\n|\n|t:|1715634137\n|switch|p2a: Jumpluff|Jumpluff, L87, F|271/271\n|switch|p1a: Granbull|Granbull, L88, F|302/302\n|-damage|p2a: Jumpluff|204/271|[from] Stealth Rock\n|-ability|p1a: Granbull|Intimidate|boost\n|-unboost|p2a: Jumpluff|atk|1\n|turn|21\n|\n|t:|1715634150\n|move|p2a: Jumpluff|Sleep Powder|p1a: Granbull\n|-status|p1a: Granbull|slp|[from] move: Sleep Powder\n|cant|p1a: Granbull|slp\n|\n|upkeep\n|turn|22\n|\n|t:|1715634155\n|switch|p1a: Porygon2|Porygon2, L82|188/274\n|-ability|p1a: Porygon2|Download|boost\n|-boost|p1a: Porygon2|atk|1\n|move|p2a: Jumpluff|U-turn|p1a: Porygon2\n|-damage|p1a: Porygon2|163/274\n|\n|t:|1715634173\n|switch|p2a: Rhyperior|Rhyperior, L83, F|250/327|[from] U-turn\n|-damage|p2a: Rhyperior|230/327|[from] Stealth Rock\n|\n|upkeep\n|turn|23\n|\n|t:|1715634186\n|switch|p1a: Bellossom|Bellossom, L84, F|263/263\n|move|p2a: Rhyperior|Earthquake|p1a: Bellossom\n|-resisted|p1a: Bellossom\n|-damage|p1a: Bellossom|202/263\n|\n|-heal|p1a: Bellossom|218/263|[from] item: Leftovers\n|upkeep\n|turn|24\n|\n|t:|1715634215\n|switch|p2a: Ho-Oh|Ho-Oh, L71|268/268\n|move|p1a: Bellossom|Quiver Dance|p1a: Bellossom\n|-boost|p1a: Bellossom|spa|1\n|-boost|p1a: Bellossom|spd|1\n|-boost|p1a: Bellossom|spe|1\n|\n|-heal|p1a: Bellossom|234/263|[from] item: Leftovers\n|upkeep\n|turn|25\n|\n|t:|1715634221\n|move|p1a: Bellossom|Sleep Powder|p2a: Ho-Oh\n|-status|p2a: Ho-Oh|slp|[from] move: Sleep Powder\n|cant|p2a: Ho-Oh|slp\n|\n|-heal|p1a: Bellossom|250/263|[from] item: Leftovers\n|upkeep\n|turn|26\n|\n|t:|1715634227\n|move|p1a: Bellossom|Quiver Dance|p1a: Bellossom\n|-boost|p1a: Bellossom|spa|1\n|-boost|p1a: Bellossom|spd|1\n|-boost|p1a: Bellossom|spe|1\n|cant|p2a: Ho-Oh|slp\n|\n|-heal|p1a: Bellossom|263/263|[from] item: Leftovers\n|upkeep\n|turn|27\n|\n|t:|1715634233\n|move|p1a: Bellossom|Quiver Dance|p1a: Bellossom\n|-boost|p1a: Bellossom|spa|1\n|-boost|p1a: Bellossom|spd|1\n|-boost|p1a: Bellossom|spe|1\n|-curestatus|p2a: Ho-Oh|slp|[msg]\n|move|p2a: Ho-Oh|Sacred Fire|p1a: Bellossom\n|-supereffective|p1a: Bellossom\n|-damage|p1a: Bellossom|81/263\n|\n|-heal|p1a: Bellossom|97/263|[from] item: Leftovers\n|upkeep\n|turn|28\n|\n|t:|1715634239\n|move|p1a: Bellossom|Strength Sap|p2a: Ho-Oh\n|-unboost|p2a: Ho-Oh|atk|1\n|-heal|p1a: Bellossom|263/263\n|move|p2a: Ho-Oh|Brave Bird|p1a: Bellossom\n|-supereffective|p1a: Bellossom\n|-damage|p1a: Bellossom|117/263\n|-damage|p2a: Ho-Oh|220/268|[from] Recoil\n|\n|-heal|p1a: Bellossom|133/263|[from] item: Leftovers\n|upkeep\n|turn|29\n|\n|t:|1715634247\n|switch|p2a: Metagross|Metagross, L79|256/256\n|-damage|p2a: Metagross|240/256|[from] Stealth Rock\n|move|p1a: Bellossom|Strength Sap|p2a: Metagross\n|-fail|p2a: Metagross|unboost|[from] ability: Clear Body|[of] p2a: Metagross\n|-heal|p1a: Bellossom|263/263\n|\n|-heal|p2a: Metagross|256/256|[from] item: Leftovers\n|upkeep\n|turn|30\n|\n|t:|1715634262\n|move|p1a: Bellossom|Giga Drain|p2a: Metagross\n|-resisted|p2a: Metagross\n|-damage|p2a: Metagross|154/256\n|move|p2a: Metagross|Heavy Slam|p1a: Bellossom\n|-damage|p1a: Bellossom|136/263\n|\n|-heal|p1a: Bellossom|152/263|[from] item: Leftovers\n|-heal|p2a: Metagross|170/256|[from] item: Leftovers\n|upkeep\n|turn|31\n|\n|t:|1715634269\n|switch|p2a: Ho-Oh|Ho-Oh, L71|268/268\n|move|p1a: Bellossom|Giga Drain|p2a: Ho-Oh\n|-resisted|p2a: Ho-Oh\n|-damage|p2a: Ho-Oh|236/268\n|-heal|p1a: Bellossom|168/263|[from] drain|[of] p2a: Ho-Oh\n|\n|-heal|p1a: Bellossom|184/263|[from] item: Leftovers\n|upkeep\n|turn|32\n|\n|t:|1715634279\n|move|p1a: Bellossom|Strength Sap|p2a: Ho-Oh\n|-unboost|p2a: Ho-Oh|atk|1\n|-heal|p1a: Bellossom|263/263\n|move|p2a: Ho-Oh|Sacred Fire|p1a: Bellossom\n|-supereffective|p1a: Bellossom\n|-damage|p1a: Bellossom|143/263\n|\n|-heal|p1a: Bellossom|159/263|[from] item: Leftovers\n|upkeep\n|turn|33\n|\n|t:|1715634286\n|move|p1a: Bellossom|Sleep Powder|p2a: Ho-Oh\n|-status|p2a: Ho-Oh|slp|[from] move: Sleep Powder\n|cant|p2a: Ho-Oh|slp\n|\n|-heal|p1a: Bellossom|175/263|[from] item: Leftovers\n|upkeep\n|turn|34\n|\n|t:|1715634288\n|move|p1a: Bellossom|Quiver Dance|p1a: Bellossom\n|-boost|p1a: Bellossom|spa|1\n|-boost|p1a: Bellossom|spd|1\n|-boost|p1a: Bellossom|spe|1\n|-curestatus|p2a: Ho-Oh|slp|[msg]\n|move|p2a: Ho-Oh|Sacred Fire|p1a: Bellossom\n|-supereffective|p1a: Bellossom\n|-damage|p1a: Bellossom|55/263\n|-status|p1a: Bellossom|brn\n|\n|-heal|p1a: Bellossom|71/263 brn|[from] item: Leftovers\n|-damage|p1a: Bellossom|55/263 brn|[from] brn\n|upkeep\n|turn|35\n|\n|t:|1715634293\n|move|p1a: Bellossom|Strength Sap|p2a: Ho-Oh\n|-unboost|p2a: Ho-Oh|atk|1\n|-heal|p1a: Bellossom|205/263 brn\n|move|p2a: Ho-Oh|Brave Bird|p1a: Bellossom\n|-supereffective|p1a: Bellossom\n|-damage|p1a: Bellossom|97/263 brn\n|-damage|p2a: Ho-Oh|200/268|[from] Recoil\n|\n|-heal|p1a: Bellossom|113/263 brn|[from] item: Leftovers\n|-damage|p1a: Bellossom|97/263 brn|[from] brn\n|upkeep\n|turn|36\n|\n|t:|1715634306\n|move|p1a: Bellossom|Strength Sap|p2a: Ho-Oh\n|-unboost|p2a: Ho-Oh|atk|1\n|-heal|p1a: Bellossom|210/263 brn\n|move|p2a: Ho-Oh|Brave Bird|p1a: Bellossom\n|-supereffective|p1a: Bellossom\n|-damage|p1a: Bellossom|126/263 brn\n|-damage|p2a: Ho-Oh|172/268|[from] Recoil\n|\n|-heal|p1a: Bellossom|142/263 brn|[from] item: Leftovers\n|-damage|p1a: Bellossom|126/263 brn|[from] brn\n|upkeep\n|turn|37\n|\n|t:|1715634313\n|move|p1a: Bellossom|Sleep Powder|p2a: Ho-Oh\n|-status|p2a: Ho-Oh|slp|[from] move: Sleep Powder\n|cant|p2a: Ho-Oh|slp\n|\n|-heal|p1a: Bellossom|142/263 brn|[from] item: Leftovers\n|-damage|p1a: Bellossom|126/263 brn|[from] brn\n|upkeep\n|turn|38\n|\n|t:|1715634316\n|move|p1a: Bellossom|Giga Drain|p2a: Ho-Oh\n|-resisted|p2a: Ho-Oh\n|-damage|p2a: Ho-Oh|130/268 slp\n|-heal|p1a: Bellossom|147/263 brn|[from] drain|[of] p2a: Ho-Oh\n|cant|p2a: Ho-Oh|slp\n|\n|-heal|p1a: Bellossom|163/263 brn|[from] item: Leftovers\n|-damage|p1a: Bellossom|147/263 brn|[from] brn\n|upkeep\n|turn|39\n|\n|t:|1715634322\n|move|p1a: Bellossom|Giga Drain|p2a: Ho-Oh\n|-resisted|p2a: Ho-Oh\n|-damage|p2a: Ho-Oh|85/268 slp\n|-heal|p1a: Bellossom|170/263 brn|[from] drain|[of] p2a: Ho-Oh\n|cant|p2a: Ho-Oh|slp\n|\n|-heal|p1a: Bellossom|186/263 brn|[from] item: Leftovers\n|-damage|p1a: Bellossom|170/263 brn|[from] brn\n|upkeep\n|turn|40\n|\n|t:|1715634326\n|move|p1a: Bellossom|Quiver Dance|p1a: Bellossom\n|-boost|p1a: Bellossom|spa|1\n|-boost|p1a: Bellossom|spd|1\n|-boost|p1a: Bellossom|spe|1\n|-curestatus|p2a: Ho-Oh|slp|[msg]\n|move|p2a: Ho-Oh|Recover|p2a: Ho-Oh\n|-heal|p2a: Ho-Oh|219/268\n|\n|-heal|p1a: Bellossom|186/263 brn|[from] item: Leftovers\n|-damage|p1a: Bellossom|170/263 brn|[from] brn\n|upkeep\n|turn|41\n|\n|t:|1715634338\n|move|p1a: Bellossom|Giga Drain|p2a: Ho-Oh\n|-resisted|p2a: Ho-Oh\n|-damage|p2a: Ho-Oh|166/268\n|-heal|p1a: Bellossom|197/263 brn|[from] drain|[of] p2a: Ho-Oh\n|move|p2a: Ho-Oh|Brave Bird|p1a: Bellossom\n|-supereffective|p1a: Bellossom\n|-damage|p1a: Bellossom|111/263 brn\n|-damage|p2a: Ho-Oh|138/268|[from] Recoil\n|\n|-heal|p1a: Bellossom|127/263 brn|[from] item: Leftovers\n|-damage|p1a: Bellossom|111/263 brn|[from] brn\n|upkeep\n|turn|42\n|\n|t:|1715634345\n|move|p1a: Bellossom|Sleep Powder|p2a: Ho-Oh\n|-status|p2a: Ho-Oh|slp|[from] move: Sleep Powder\n|cant|p2a: Ho-Oh|slp\n|\n|-heal|p1a: Bellossom|127/263 brn|[from] item: Leftovers\n|-damage|p1a: Bellossom|111/263 brn|[from] brn\n|upkeep\n|turn|43\n|\n|t:|1715634348\n|move|p1a: Bellossom|Giga Drain|p2a: Ho-Oh\n|-resisted|p2a: Ho-Oh\n|-damage|p2a: Ho-Oh|86/268 slp\n|-heal|p1a: Bellossom|137/263 brn|[from] drain|[of] p2a: Ho-Oh\n|-curestatus|p2a: Ho-Oh|slp|[msg]\n|move|p2a: Ho-Oh|Sacred Fire|p1a: Bellossom\n|-supereffective|p1a: Bellossom\n|-damage|p1a: Bellossom|65/263 brn\n|\n|-heal|p1a: Bellossom|81/263 brn|[from] item: Leftovers\n|-damage|p1a: Bellossom|65/263 brn|[from] brn\n|upkeep\n|turn|44\n|\n|t:|1715634356\n|move|p1a: Bellossom|Sleep Powder|p2a: Ho-Oh|[miss]\n|-miss|p1a: Bellossom|p2a: Ho-Oh\n|move|p2a: Ho-Oh|Brave Bird|p1a: Bellossom\n|-supereffective|p1a: Bellossom\n|-damage|p1a: Bellossom|0 fnt\n|faint|p1a: Bellossom\n|-damage|p2a: Ho-Oh|65/268|[from] Recoil\n|\n|upkeep\n|c|\u2606Aqua|cute\n|\n|t:|1715634363\n|switch|p1a: Granbull|Granbull, L88, F|302/302 slp\n|-ability|p1a: Granbull|Intimidate|boost\n|-unboost|p2a: Ho-Oh|atk|1\n|turn|45\n|c|\u2606Aqua|but I had a very shit set on that mon anyway\n|inactive|Norman2! has 120 seconds left.\n|\n|t:|1715634394\n|switch|p2a: Metagross|Metagross, L79|170/256\n|-damage|p2a: Metagross|154/256|[from] Stealth Rock\n|cant|p1a: Granbull|slp\n|\n|-heal|p2a: Metagross|170/256|[from] item: Leftovers\n|upkeep\n|turn|46\n|\n|t:|1715634409\n|move|p2a: Metagross|Heavy Slam|p1a: Granbull\n|-supereffective|p1a: Granbull\n|-damage|p1a: Granbull|0 fnt\n|faint|p1a: Granbull\n|\n|-heal|p2a: Metagross|186/256|[from] item: Leftovers\n|upkeep\n|\n|t:|1715634412\n|switch|p1a: Porygon2|Porygon2, L82|163/274\n|-ability|p1a: Porygon2|Download|boost\n|-boost|p1a: Porygon2|spa|1\n|turn|47\n|\n|t:|1715634420\n|move|p2a: Metagross|Heavy Slam|p1a: Porygon2\n|-damage|p1a: Porygon2|21/274\n|move|p1a: Porygon2|Recover|p1a: Porygon2\n|-heal|p1a: Porygon2|158/274\n|\n|-heal|p2a: Metagross|202/256|[from] item: Leftovers\n|upkeep\n|turn|48\n|\n|t:|1715634425\n|move|p2a: Metagross|Heavy Slam|p1a: Porygon2\n|-damage|p1a: Porygon2|0 fnt\n|faint|p1a: Porygon2\n|\n|win|Norman2!\n|raw|Aqua's rating: 2399 &rarr; <strong>2376</strong><br />(-23 for losing)\n|raw|Norman2!'s rating: 2346 &rarr; <strong>2369</strong><br />(+23 for winning)\n|l|\u2606Aqua\n|player|p1|\n", "inputlog": ">version 80ea9d1f890aa30f79744790e00b820c91be1203\n>start {\"formatid\":\"gen9randombattle\",\"seed\":[844,4614,61981,43167],\"rated\":\"Rated battle\"}\n>player p1 {\"name\":\"Aqua\",\"avatar\":\"#rbtt6teamlatiasf\",\"rating\":2399,\"seed\":[8361,3139,55347,13291]}\n>player p2 {\"name\":\"Norman2!\",\"avatar\":\"169\",\"rating\":2346,\"seed\":[53363,44659,18367,29784]}\n>p1 move stoneedge\n>p2 move sleeppowder\n>p1 move uturn\n>p2 move uturn\n>p2 switch 6\n>p1 switch 5\n>p2 move facade\n>p1 move stoneedge\n>p2 switch 2\n>p1 switch 3\n>p2 move stoneedge\n>p1 move recover\n>p2 move dragontail\n>p1 switch 6\n>p2 move megahorn\n>p1 move recover\n>p2 switch 5\n>p1 switch 5\n>p2 move swordsdance\n>p1 move stealthrock\n>p2 move doubleedge\n>p1 move uturn\n>p2 move knockoff\n>p1 switch 3\n>p1 switch 3\n>p2 move earthquake\n>p1 move stealthrock\n>p2 move swordsdance\n>p1 move uturn\n>p2 move knockoff\n>p1 switch 3\n>p1 move earthquake\n>p2 move earthquake\n>p1 switch 6\n>p1 move focusblast\n>p2 move knockoff terastallize\n>p1 move psychic\n>p2 move doubleedge\n>p1 switch 5\n>p1 move discharge\n>p2 move knockoff\n>p2 switch 2\n>p1 move triattack\n>p2 move knockoff\n>p1 switch 3\n>p2 move facade\n>p1 switch 4\n>p2 switch 6\n>p1 move thunderwave\n>p2 move sleeppowder\n>p1 switch 3\n>p2 move uturn\n>p2 switch 5\n>p1 switch 2\n>p2 move earthquake\n>p1 move quiverdance\n>p2 switch 3\n>p1 move sleeppowder\n>p2 move sacredfire\n>p1 move quiverdance\n>p2 move sacredfire\n>p1 move quiverdance\n>p2 move sacredfire\n>p1 move strengthsap\n>p2 move bravebird\n>p1 move strengthsap\n>p2 switch 4\n>p1 move gigadrain\n>p2 move heavyslam\n>p1 move gigadrain\n>p2 switch 4\n>p1 move strengthsap\n>p2 move sacredfire\n>p1 move sleeppowder\n>p2 move sacredfire\n>p1 move quiverdance\n>p2 move sacredfire\n>p1 move strengthsap\n>p2 move bravebird\n>p1 move strengthsap\n>p2 move bravebird\n>p1 move sleeppowder\n>p2 move bravebird\n>p1 move gigadrain\n>p2 move bravebird\n>p1 move gigadrain\n>p2 move recover\n>p1 move quiverdance\n>p2 move recover\n>p1 move gigadrain\n>p2 move bravebird\n>p1 move sleeppowder\n>p2 move recover\n>p1 move gigadrain\n>p2 move sacredfire\n>p1 move sleeppowder\n>p2 move bravebird\n>chat \u2606Aqua|cute\n>p1 switch 3\n>chat \u2606Aqua|but I had a very shit set on that mon anyway\n>p1 move thunderwave\n>p2 switch 4\n>p1 move thunderwave\n>p2 move heavyslam\n>p1 switch 2\n>p1 move recover\n>p2 move heavyslam\n>p1 move discharge\n>p2 move heavyslam", "uploadtime": 1715634427, "views": 238, "formatid": "gen9randombattle", "rating": 2369, "private": 0, "password": null}