{"id": "gen9randombattle-2206212920", "format": "[Gen 9] Random Battle", "players": ["huntikle", "dingalingading"], "log": "|j|\u2606huntikle\n|j|\u2606dingalingading\n|t:|1726876897\n|gametype|singles\n|player|p1|huntikle|102|2233\n|player|p2|dingalingading|lady|2303\n|teamsize|p1|6\n|teamsize|p2|6\n|gen|9\n|tier|[Gen 9] Random Battle\n|rated|\n|rule|Species Clause: Limit one of each Pok\u00e9mon\n|rule|HP Percentage Mod: HP is shown in percentages\n|rule|Sleep Clause Mod: Limit one foe put to sleep\n|rule|Illusion Level Mod: Illusion disguises the Pok\u00e9mon's true level\n|\n|t:|1726876897\n|start\n|switch|p1a: Oricorio|Oricorio-Sensu, L85, F|266/266\n|switch|p2a: Inteleon|Inteleon, L81, M|246/246\n|turn|1\n|\n|t:|1726876923\n|move|p2a: Inteleon|Ice Beam|p1a: Oricorio\n|-supereffective|p1a: Oricorio\n|-damage|p1a: Oricorio|18/266\n|move|p1a: Oricorio|Revelation Dance|p2a: Inteleon\n|-damage|p2a: Inteleon|126/246\n|\n|upkeep\n|turn|2\n|inactive|Battle timer is ON: inactive players will automatically lose when time's up. (requested by dingalingading)\n|\n|t:|1726876940\n|switch|p1a: Incineroar|Incineroar, L83, M|293/293\n|-ability|p1a: Incineroar|Intimidate|boost\n|-unboost|p2a: Inteleon|atk|1\n|move|p2a: Inteleon|Ice Beam|p1a: Incineroar\n|-resisted|p1a: Incineroar\n|-damage|p1a: Incineroar|235/293\n|\n|upkeep\n|turn|3\n|\n|t:|1726876952\n|switch|p2a: Oinkologne|Oinkologne, L92, M|352/352\n|move|p1a: Incineroar|Parting Shot|p2a: Oinkologne\n|-unboost|p2a: Oinkologne|atk|1\n|-unboost|p2a: Oinkologne|spa|1\n|\n|t:|1726876963\n|switch|p1a: Mandibuzz|Mandibuzz, L85, F|326/326|[from] Parting Shot\n|\n|upkeep\n|turn|4\n|\n|t:|1726876979\n|move|p1a: Mandibuzz|Toxic|p2a: Oinkologne\n|-status|p2a: Oinkologne|tox\n|move|p2a: Oinkologne|Body Slam|p1a: Mandibuzz\n|-damage|p1a: Mandibuzz|262/326\n|\n|-damage|p2a: Oinkologne|330/352 tox|[from] psn\n|upkeep\n|turn|5\n|\n|t:|1726876997\n|switch|p1a: Incineroar|Incineroar, L83, M|235/293\n|-ability|p1a: Incineroar|Intimidate|boost\n|-unboost|p2a: Oinkologne|atk|1\n|switch|p2a: Inteleon|Inteleon, L81, M|126/246\n|\n|upkeep\n|turn|6\n|\n|t:|1726877005\n|move|p2a: Inteleon|Scald|p1a: Incineroar\n|-supereffective|p1a: Incineroar\n|-damage|p1a: Incineroar|0 fnt\n|faint|p1a: Incineroar\n|\n|upkeep\n|\n|t:|1726877011\n|switch|p1a: Mandibuzz|Mandibuzz, L85, F|262/326\n|turn|7\n|\n|t:|1726877031\n|switch|p2a: Avalugg|Avalugg, L88, M|310/310\n|move|p1a: Mandibuzz|Foul Play|p2a: Avalugg\n|-damage|p2a: Avalugg|244/310\n|\n|upkeep\n|turn|8\n|\n|t:|1726877038\n|switch|p2a: Oinkologne|Oinkologne, L92, M|330/352 tox\n|move|p1a: Mandibuzz|Toxic|p2a: Oinkologne\n|-fail|p2a: Oinkologne|tox\n|\n|-heal|p2a: Oinkologne|352/352 tox|[from] item: Leftovers\n|-damage|p2a: Oinkologne|330/352 tox|[from] psn\n|upkeep\n|turn|9\n|\n|t:|1726877046\n|switch|p1a: Oricorio|Oricorio-Sensu, L85, F|18/266\n|switch|p2a: Inteleon|Inteleon, L81, M|126/246\n|\n|upkeep\n|turn|10\n|\n|t:|1726877051\n|switch|p1a: Clefable|Clefable, L83, F|293/293\n|move|p2a: Inteleon|Scald|p1a: Clefable\n|-damage|p1a: Clefable|154/293\n|\n|-heal|p1a: Clefable|172/293|[from] item: Leftovers\n|upkeep\n|turn|11\n|\n|t:|1726877074\n|-terastallize|p2a: Inteleon|Water\n|move|p2a: Inteleon|Scald|p1a: Clefable\n|-damage|p1a: Clefable|0 fnt\n|faint|p1a: Clefable\n|\n|upkeep\n|\n|t:|1726877083\n|switch|p1a: Mandibuzz|Mandibuzz, L85, F|262/326\n|turn|12\n|\n|t:|1726877088\n|move|p2a: Inteleon|Scald|p1a: Mandibuzz\n|-damage|p1a: Mandibuzz|72/326\n|move|p1a: Mandibuzz|Toxic|p2a: Inteleon\n|-status|p2a: Inteleon|tox\n|\n|-damage|p2a: Inteleon|111/246 tox|[from] psn\n|upkeep\n|turn|13\n|\n|t:|1726877096\n|move|p2a: Inteleon|Scald|p1a: Mandibuzz\n|-damage|p1a: Mandibuzz|0 fnt\n|faint|p1a: Mandibuzz\n|\n|-damage|p2a: Inteleon|81/246 tox|[from] psn\n|upkeep\n|\n|t:|1726877101\n|switch|p1a: Revavroom|Revavroom, L79, M|256/256\n|turn|14\n|\n|t:|1726877105\n|move|p2a: Inteleon|Scald|p1a: Revavroom\n|-damage|p1a: Revavroom|0 fnt\n|faint|p1a: Revavroom\n|\n|-damage|p2a: Inteleon|36/246 tox|[from] psn\n|upkeep\n|\n|t:|1726877111\n|switch|p1a: Garchomp|Garchomp, L74, M|282/282\n|turn|15\n|inactive|dingalingading has 120 seconds left.\n|\n|t:|1726877146\n|move|p2a: Inteleon|Scald|p1a: Garchomp\n|-damage|p1a: Garchomp|0 fnt\n|faint|p1a: Garchomp\n|\n|-damage|p2a: Inteleon|0 fnt|[from] psn\n|faint|p2a: Inteleon\n|upkeep\n|inactive|dingalingading has 120 seconds left.\n|\n|t:|1726877165\n|switch|p2a: Lunala|Lunala, L70|308/308\n|switch|p1a: Oricorio|Oricorio-Sensu, L85, F|18/266\n|turn|16\n|\n|t:|1726877174\n|-terastallize|p1a: Oricorio|Fighting\n|move|p1a: Oricorio|Roost|p1a: Oricorio\n|-heal|p1a: Oricorio|151/266\n|move|p2a: Lunala|Moongeist Beam|p1a: Oricorio\n|-damage|p1a: Oricorio|36/266\n|\n|upkeep\n|turn|17\n|\n|t:|1726877179\n|move|p1a: Oricorio|Roost|p1a: Oricorio\n|-heal|p1a: Oricorio|169/266\n|move|p2a: Lunala|Psyshock|p1a: Oricorio\n|-supereffective|p1a: Oricorio\n|-damage|p1a: Oricorio|0 fnt\n|faint|p1a: Oricorio\n|\n|win|dingalingading\n|raw|huntikle's rating: 2233 &rarr; <strong>2217</strong><br />(-16 for losing)\n|raw|dingalingading's rating: 2303 &rarr; <strong>2319</strong><br />(+16 for winning)\n|l|\u2606huntikle\n|player|p1|\n", "inputlog": ">version ddf5848a381b6afa3b8db755b9bdef59b522c4eb\n>start {\"formatid\":\"gen9randombattle\",\"seed\":[60047,60833,59783,21953],\"rated\":\"Rated battle\"}\n>player p1 {\"name\":\"huntikle\",\"avatar\":\"102\",\"rating\":2233,\"seed\":[40229,16963,15114,42417]}\n>player p2 {\"name\":\"dingalingading\",\"avatar\":\"lady\",\"rating\":2303,\"seed\":[58812,619,14852,49504]}\n>p1 move revelationdance\n>p2 move icebeam\n>p1 switch 3\n>p2 move icebeam\n>p1 move partingshot\n>p2 switch 3\n>p1 switch 5\n>p1 move toxic\n>p2 move bodyslam\n>p1 switch 5\n>p2 switch 3\n>p1 move partingshot\n>p2 move scald\n>p1 switch 5\n>p1 move foulplay\n>p2 switch 4\n>p1 move toxic\n>p2 switch 3\n>p1 switch 3\n>p2 switch 4\n>p1 switch 2\n>p2 move scald\n>p1 move knockoff\n>p2 move scald terastallize\n>p1 switch 3\n>p1 move toxic\n>p2 move scald\n>p1 move roost\n>p2 move scald\n>p1 switch 6\n>p1 move shiftgear\n>p2 move scald\n>p1 switch 4\n>p1 move stealthrock\n>p2 move scald\n>p1 switch 2\n>p2 switch 6\n>p1 move roost terastallize\n>p2 move moongeistbeam\n>p1 move roost\n>p2 move psyshock", "uploadtime": 1726877183, "views": 124, "formatid": "gen9randombattle", "rating": 2217, "private": 0, "password": null}