{"id": "gen9randombattle-2006891226", "format": "[Gen 9] Random Battle", "players": ["peepee no poopoo", "villains dont die"], "log": "|j|\u2606peepee no poopoo\n|j|\u2606villains dont die\n|t:|1701976971\n|gametype|singles\n|player|p1|peepee no poopoo|sage-gen2jp|2281\n|player|p2|villains dont die|unknown|2328\n|teamsize|p1|6\n|teamsize|p2|6\n|gen|9\n|tier|[Gen 9] Random Battle\n|rated|\n|rule|Species Clause: Limit one of each Pok\u00e9mon\n|rule|HP Percentage Mod: HP is shown in percentages\n|rule|Sleep Clause Mod: Limit one foe put to sleep\n|rule|Illusion Level Mod: Illusion disguises the Pok\u00e9mon's true level\n|\n|t:|1701976971\n|start\n|switch|p1a: Wugtrio|Wugtrio, L91, F|216/216\n|switch|p2a: Ursaring|Ursaring, L84, M|288/288\n|turn|1\n|inactive|Battle timer is ON: inactive players will automatically lose when time's up. (requested by peepee no poopoo)\n|\n|t:|1701976984\n|-terastallize|p1a: Wugtrio|Fighting\n|move|p1a: Wugtrio|Focus Blast|p2a: Ursaring\n|-supereffective|p2a: Ursaring\n|-damage|p2a: Ursaring|0 fnt\n|faint|p2a: Ursaring\n|\n|upkeep\n|c|\u2606villains dont die|\ud83d\ude02\ud83d\ude02\ud83d\ude02\ud83d\ude02\n|\n|t:|1701977011\n|switch|p2a: Farigiraf|Farigiraf, L92, M|370/370\n|turn|2\n|\n|t:|1701977016\n|switch|p1a: Perrserker|Perrserker, L88, F|266/266\n|move|p2a: Farigiraf|Future Sight|p1a: Perrserker\n|-start|p2a: Farigiraf|move: Future Sight\n|\n|upkeep\n|turn|3\n|\n|t:|1701977022\n|switch|p2a: Torkoal|Torkoal, L88, F|266/266\n|-weather|SunnyDay|[from] ability: Drought|[of] p2a: Torkoal\n|move|p1a: Perrserker|Stealth Rock|p2a: Torkoal\n|-sidestart|p2: villains dont die|move: Stealth Rock\n|\n|-weather|SunnyDay|[upkeep]\n|upkeep\n|turn|4\n|\n|t:|1701977030\n|switch|p1a: Slowking|Slowking, L87, F|307/307\n|move|p2a: Torkoal|Stealth Rock|p1a: Slowking\n|-sidestart|p1: peepee no poopoo|move: Stealth Rock\n|\n|-weather|SunnyDay|[upkeep]\n|-end|p1a: Slowking|move: Future Sight\n|-resisted|p1a: Slowking\n|-damage|p1a: Slowking|235/307\n|upkeep\n|turn|5\n|\n|t:|1701977041\n|switch|p2a: Farigiraf|Farigiraf, L92, M|370/370\n|-damage|p2a: Farigiraf|324/370|[from] Stealth Rock\n|move|p1a: Slowking|Chilly Reception|p1a: Slowking\n|-weather|Snow\n|\n|t:|1701977044\n|switch|p1a: Perrserker|Perrserker, L88, F|266/266|[from] Chilly Reception\n|-damage|p1a: Perrserker|250/266|[from] Stealth Rock\n|\n|-weather|Snow|[upkeep]\n|-heal|p2a: Farigiraf|347/370|[from] item: Leftovers\n|upkeep\n|turn|6\n|\n|t:|1701977049\n|move|p2a: Farigiraf|Protect|p2a: Farigiraf\n|-singleturn|p2a: Farigiraf|Protect\n|move|p1a: Perrserker|Knock Off|p2a: Farigiraf\n|-activate|p2a: Farigiraf|move: Protect\n|\n|-weather|Snow|[upkeep]\n|-heal|p2a: Farigiraf|370/370|[from] item: Leftovers\n|upkeep\n|turn|7\n|\n|t:|1701977058\n|switch|p2a: Torkoal|Torkoal, L88, F|266/266\n|-weather|SunnyDay|[from] ability: Drought|[of] p2a: Torkoal\n|move|p1a: Perrserker|Knock Off|p2a: Torkoal\n|-damage|p2a: Torkoal|195/266\n|-enditem|p2a: Torkoal|Heavy-Duty Boots|[from] move: Knock Off|[of] p1a: Perrserker\n|-damage|p1a: Perrserker|224/266|[from] item: Life Orb\n|\n|-weather|SunnyDay|[upkeep]\n|upkeep\n|turn|8\n|\n|t:|1701977069\n|switch|p1a: Slowking|Slowking, L87, F|307/307\n|move|p2a: Torkoal|Solar Beam||[still]\n|-prepare|p2a: Torkoal|Solar Beam\n|-anim|p2a: Torkoal|Solar Beam|p1a: Slowking\n|-supereffective|p1a: Slowking\n|-damage|p1a: Slowking|159/307\n|\n|-weather|SunnyDay|[upkeep]\n|upkeep\n|turn|9\n|\n|t:|1701977073\n|move|p1a: Slowking|Slack Off|p1a: Slowking\n|-heal|p1a: Slowking|307/307\n|move|p2a: Torkoal|Yawn|p1a: Slowking\n|-start|p1a: Slowking|move: Yawn|[of] p2a: Torkoal\n|\n|-weather|SunnyDay|[upkeep]\n|upkeep\n|turn|10\n|\n|t:|1701977077\n|move|p1a: Slowking|Chilly Reception|p1a: Slowking\n|-weather|Snow\n|\n|t:|1701977080\n|switch|p1a: Wugtrio|Wugtrio, L91, F|212/212|[from] Chilly Reception\n|-damage|p1a: Wugtrio|186/212|[from] Stealth Rock\n|move|p2a: Torkoal|Yawn|p1a: Wugtrio\n|-start|p1a: Wugtrio|move: Yawn|[of] p2a: Torkoal\n|\n|-weather|Snow|[upkeep]\n|upkeep\n|turn|11\n|\n|t:|1701977087\n|switch|p1a: Slowking|Slowking, L87, F|307/307\n|move|p2a: Torkoal|Yawn|p1a: Slowking\n|-start|p1a: Slowking|move: Yawn|[of] p2a: Torkoal\n|\n|-weather|Snow|[upkeep]\n|upkeep\n|turn|12\n|\n|t:|1701977099\n|move|p1a: Slowking|Scald|p2a: Torkoal\n|-supereffective|p2a: Torkoal\n|-damage|p2a: Torkoal|0 fnt\n|faint|p2a: Torkoal\n|\n|-weather|Snow|[upkeep]\n|-end|p1a: Slowking|move: Yawn|[silent]\n|-status|p1a: Slowking|slp\n|upkeep\n|\n|t:|1701977110\n|switch|p2a: Houndoom|Houndoom, L86, M|269/269\n|turn|13\n|\n|t:|1701977115\n|switch|p1a: Gurdurr|Gurdurr, L85, F|283/283\n|-damage|p1a: Gurdurr|266/283|[from] Stealth Rock\n|move|p2a: Houndoom|Nasty Plot|p2a: Houndoom\n|-boost|p2a: Houndoom|spa|2\n|\n|-weather|Snow|[upkeep]\n|upkeep\n|turn|14\n|\n|t:|1701977126\n|move|p2a: Houndoom|Fire Blast|p1a: Gurdurr\n|-crit|p1a: Gurdurr\n|-damage|p1a: Gurdurr|0 fnt\n|faint|p1a: Gurdurr\n|\n|-weather|none\n|upkeep\n|c|\u2606peepee no poopoo|\ud83d\ude02\ud83d\ude02\ud83d\ude02\ud83d\ude02\n|\n|t:|1701977136\n|switch|p1a: Wugtrio|Wugtrio, L91, F|186/212\n|-damage|p1a: Wugtrio|160/212|[from] Stealth Rock\n|turn|15\n|\n|t:|1701977140\n|-terastallize|p2a: Houndoom|Poison\n|move|p1a: Wugtrio|Liquidation|p2a: Houndoom\n|-damage|p2a: Houndoom|34/269\n|move|p2a: Houndoom|Sludge Bomb|p1a: Wugtrio\n|-damage|p1a: Wugtrio|0 fnt\n|faint|p1a: Wugtrio\n|\n|upkeep\n|\n|t:|1701977149\n|switch|p1a: Perrserker|Perrserker, L88, F, tera:Fighting|216/216\n|-damage|p1a: Perrserker|203/216|[from] Stealth Rock\n|turn|16\n|inactive|villains dont die has 120 seconds left.\n|\n|t:|1701977180\n|switch|p2a: Farigiraf|Farigiraf, L92, M|370/370\n|-damage|p2a: Farigiraf|324/370|[from] Stealth Rock\n|move|p1a: Perrserker|Hyper Voice|p2a: Farigiraf\n|-damage|p2a: Farigiraf|149/370\n|\n|-heal|p2a: Farigiraf|172/370|[from] item: Leftovers\n|upkeep\n|turn|17\n|inactive|villains dont die has 120 seconds left.\n|\n|t:|1701977191\n|switch|p1a: Perrserker|Perrserker, L88, F|224/266\n|-damage|p1a: Perrserker|208/266|[from] Stealth Rock\n|move|p2a: Farigiraf|Wish|p2a: Farigiraf\n|\n|-heal|p2a: Farigiraf|195/370|[from] item: Leftovers\n|upkeep\n|turn|18\n|\n|t:|1701977200\n|move|p2a: Farigiraf|Protect|p2a: Farigiraf\n|-singleturn|p2a: Farigiraf|Protect\n|move|p1a: Perrserker|Knock Off|p2a: Farigiraf\n|-activate|p2a: Farigiraf|move: Protect\n|\n|-heal|p2a: Farigiraf|370/370|[from] move: Wish|[wisher] Farigiraf\n|upkeep\n|turn|19\n|inactive|villains dont die has 120 seconds left.\n|\n|t:|1701977222\n|switch|p2a: Houndoom|Houndoom, L86, M, tera:Poison|34/269\n|move|p1a: Perrserker|Knock Off|p2a: Houndoom\n|-damage|p2a: Houndoom|0 fnt\n|-enditem|p2a: Houndoom|Heavy-Duty Boots|[from] move: Knock Off|[of] p1a: Perrserker\n|faint|p2a: Houndoom\n|-damage|p1a: Perrserker|182/266|[from] item: Life Orb\n|\n|upkeep\n|\n|t:|1701977227\n|switch|p2a: Honchkrow|Honchkrow, L86, F|312/312\n|turn|20\n|\n|t:|1701977234\n|switch|p1a: Mudsdale|Mudsdale, L84, M|305/305\n|-damage|p1a: Mudsdale|286/305|[from] Stealth Rock\n|move|p2a: Honchkrow|Heat Wave|p1a: Mudsdale\n|-damage|p1a: Mudsdale|209/305\n|-ability|p1a: Mudsdale|Stamina|boost\n|-boost|p1a: Mudsdale|def|1\n|\n|upkeep\n|turn|21\n|\n|t:|1701977244\n|switch|p2a: Farigiraf|Farigiraf, L92, M|370/370\n|-damage|p2a: Farigiraf|324/370|[from] Stealth Rock\n|move|p1a: Mudsdale|Stone Edge|p2a: Farigiraf\n|-damage|p2a: Farigiraf|177/370\n|\n|-heal|p2a: Farigiraf|200/370|[from] item: Leftovers\n|upkeep\n|turn|22\n|\n|t:|1701977251\n|switch|p1a: Perrserker|Perrserker, L88, F|182/266\n|-damage|p1a: Perrserker|166/266|[from] Stealth Rock\n|move|p2a: Farigiraf|Future Sight|p1a: Perrserker\n|-start|p2a: Farigiraf|move: Future Sight\n|\n|-heal|p2a: Farigiraf|223/370|[from] item: Leftovers\n|upkeep\n|turn|23\n|\n|t:|1701977259\n|move|p2a: Farigiraf|Protect|p2a: Farigiraf\n|-singleturn|p2a: Farigiraf|Protect\n|move|p1a: Perrserker|Iron Head|p2a: Farigiraf\n|-activate|p2a: Farigiraf|move: Protect\n|\n|-heal|p2a: Farigiraf|246/370|[from] item: Leftovers\n|upkeep\n|turn|24\n|j| traxler counter\n|\n|t:|1701977265\n|switch|p2a: Copperajah|Copperajah, L86, F|350/350\n|-damage|p2a: Copperajah|329/350|[from] Stealth Rock\n|move|p1a: Perrserker|Knock Off|p2a: Copperajah\n|-damage|p2a: Copperajah|194/350\n|-enditem|p2a: Copperajah|Life Orb|[from] move: Knock Off|[of] p1a: Perrserker\n|-damage|p1a: Perrserker|140/266|[from] item: Life Orb\n|\n|-end|p1a: Perrserker|move: Future Sight\n|-resisted|p1a: Perrserker\n|-damage|p1a: Perrserker|38/266\n|upkeep\n|turn|25\n|\n|t:|1701977277\n|move|p1a: Perrserker|Close Combat|p2a: Copperajah\n|-supereffective|p2a: Copperajah\n|-damage|p2a: Copperajah|0 fnt\n|-unboost|p1a: Perrserker|def|1\n|-unboost|p1a: Perrserker|spd|1\n|faint|p2a: Copperajah\n|-damage|p1a: Perrserker|12/266|[from] item: Life Orb\n|\n|upkeep\n|\n|t:|1701977279\n|switch|p2a: Farigiraf|Farigiraf, L92, M|246/370\n|-damage|p2a: Farigiraf|200/370|[from] Stealth Rock\n|turn|26\n|\n|t:|1701977282\n|move|p2a: Farigiraf|Protect|p2a: Farigiraf\n|-singleturn|p2a: Farigiraf|Protect\n|move|p1a: Perrserker|Knock Off|p2a: Farigiraf\n|-activate|p2a: Farigiraf|move: Protect\n|\n|-heal|p2a: Farigiraf|223/370|[from] item: Leftovers\n|upkeep\n|turn|27\n|\n|t:|1701977287\n|move|p2a: Farigiraf|Hyper Voice|p1a: Perrserker\n|-resisted|p1a: Perrserker\n|-damage|p1a: Perrserker|0 fnt\n|faint|p1a: Perrserker\n|\n|-heal|p2a: Farigiraf|246/370|[from] item: Leftovers\n|upkeep\n|\n|t:|1701977296\n|switch|p1a: Mudsdale|Mudsdale, L84, M|209/305\n|-damage|p1a: Mudsdale|190/305|[from] Stealth Rock\n|turn|28\n|\n|t:|1701977300\n|move|p2a: Farigiraf|Wish|p2a: Farigiraf\n|move|p1a: Mudsdale|Earthquake|p2a: Farigiraf\n|-crit|p2a: Farigiraf\n|-damage|p2a: Farigiraf|0 fnt\n|faint|p2a: Farigiraf\n|\n|upkeep\n|\n|t:|1701977304\n|switch|p2a: Honchkrow|Honchkrow, L86, F|312/312\n|turn|29\n|\n|t:|1701977313\n|switch|p1a: Slowking|Slowking, L87, F|307/307 slp\n|move|p2a: Honchkrow|Brave Bird|p1a: Slowking\n|-damage|p1a: Slowking|135/307 slp\n|-damage|p2a: Honchkrow|255/312|[from] Recoil\n|\n|-heal|p2a: Honchkrow|312/312|[from] move: Wish|[wisher] Farigiraf\n|upkeep\n|turn|30\n|\n|t:|1701977319\n|move|p2a: Honchkrow|U-turn|p1a: Slowking\n|-supereffective|p1a: Slowking\n|-damage|p1a: Slowking|0 fnt\n|faint|p1a: Slowking\n|-ability|p2a: Honchkrow|Moxie|boost\n|-boost|p2a: Honchkrow|atk|1\n|\n|upkeep\n|\n|t:|1701977325\n|switch|p1a: Mudsdale|Mudsdale, L84, M|190/305\n|-damage|p1a: Mudsdale|171/305|[from] Stealth Rock\n|turn|31\n|\n|t:|1701977332\n|move|p2a: Honchkrow|Brave Bird|p1a: Mudsdale\n|-damage|p1a: Mudsdale|0 fnt\n|faint|p1a: Mudsdale\n|-ability|p2a: Honchkrow|Moxie|boost\n|-boost|p2a: Honchkrow|atk|1\n|-damage|p2a: Honchkrow|256/312|[from] Recoil\n|\n|upkeep\n|\n|t:|1701977334\n|switch|p1a: Zoroark|Zoroark-Hisui, L79, M, tera:Fighting|203/216\n|-damage|p1a: Zoroark|190/216|[from] Stealth Rock\n|turn|32\n|\n|t:|1701977340\n|move|p2a: Honchkrow|Sucker Punch|p1a: Zoroark\n|-resisted|p1a: Zoroark\n|-damage|p1a: Zoroark|63/216\n|move|p1a: Zoroark|Focus Blast|p2a: Honchkrow\n|-damage|p2a: Honchkrow|0 fnt\n|faint|p2a: Honchkrow\n|\n|win|peepee no poopoo\n|raw|peepee no poopoo's rating: 2281 &rarr; <strong>2304</strong><br />(+23 for winning)\n|raw|villains dont die's rating: 2328 &rarr; <strong>2305</strong><br />(-23 for losing)\n|c|\u2606peepee no poopoo|\ud83d\ude02\ud83d\ude02\ud83d\ude02\ud83d\ude02\n|l|\u2606villains dont die\n|l| traxler counter\n", "inputlog": ">version 2ada402f225975da7a16ef47c10f19a4b7931380\n>start {\"formatid\":\"gen9randombattle\",\"seed\":[16492,22888,5662,52180],\"rated\":\"Rated battle\"}\n>player p1 {\"name\":\"peepee no poopoo\",\"avatar\":\"sage-gen2jp\",\"rating\":2281,\"seed\":[14767,39620,43724,17470]}\n>player p2 {\"name\":\"villains dont die\",\"avatar\":\"unknown\",\"rating\":2328,\"seed\":[36450,27919,23386,598]}\n>p1 move focusblast terastallize\n>p2 move bodyslam\n>chat \u2606villains dont die|\ud83d\ude02\ud83d\ude02\ud83d\ude02\ud83d\ude02\n>p2 switch 6\n>p1 switch 3\n>p2 move futuresight\n>p1 move stealthrock\n>p2 switch 2\n>p1 switch 5\n>p2 move stealthrock\n>p1 move chillyreception\n>p2 switch 2\n>p1 switch 5\n>p1 move knockoff\n>p2 move protect\n>p1 move knockoff\n>p2 switch 2\n>p1 switch 5\n>p2 move solarbeam\n>p1 move slackoff\n>p2 move yawn\n>p1 move chillyreception\n>p2 move yawn\n>p1 switch 6\n>p1 switch 6\n>p2 move yawn\n>p1 move scald\n>p2 move yawn\n>p2 switch 3\n>p1 switch 2\n>p2 move nastyplot\n>p1 move drainpunch\n>p2 move fireblast\n>chat \u2606peepee no poopoo|\ud83d\ude02\ud83d\ude02\ud83d\ude02\ud83d\ude02\n>p1 switch 6\n>p1 move liquidation\n>p2 move sludgebomb terastallize\n>p1 switch 3\n>p1 move hypervoice\n>p2 switch 2\n>p1 switch 5\n>p2 move wish\n>p1 move knockoff\n>p2 move protect\n>p1 move knockoff\n>p2 switch 2\n>p2 switch 4\n>p1 switch 4\n>p2 move heatwave\n>p1 move stoneedge\n>p2 switch 2\n>p1 switch 4\n>p2 move futuresight\n>p1 move ironhead\n>p2 move protect\n>p1 move knockoff\n>p2 switch 5\n>p1 move closecombat\n>p2 move ironhead\n>p2 switch 5\n>p1 move knockoff\n>p2 move protect\n>p1 move knockoff\n>p2 move hypervoice\n>p1 switch 4\n>p1 move earthquake\n>p2 move wish\n>p2 switch 2\n>p1 switch 2\n>p2 move bravebird\n>p1 move chillyreception\n>p2 move uturn\n>p1 switch 2\n>p1 move heavyslam\n>p2 move bravebird\n>p1 switch 5\n>p1 move focusblast\n>p2 move suckerpunch", "uploadtime": 1701977646, "views": 259, "formatid": "gen9randombattle", "rating": 2304, "private": 0, "password": null}