{"id": "gen9randombattle-2201702702", "format": "[Gen 9] Random Battle", "players": ["Kurumin33", "Qiuescent"], "log": "|badge|p1|bronze|gen9randombattle|100-2\n|uhtml|medal-msg|<div class=\"broadcast-blue\">Curious what those medals under the avatar are? PS now has Ladder Seasons! For more information, check out the <a href=\"https://www.smogon.com/forums/threads/3740067/\">thread on Smogon.</a></div>\n|badge|p2|bronze|gen9randombattle|100-2\n|uhtml|medal-msg|<div class=\"broadcast-blue\">Curious what those medals under the avatar are? PS now has Ladder Seasons! For more information, check out the <a href=\"https://www.smogon.com/forums/threads/3740067/\">thread on Smogon.</a></div>\n|j|\u2606Kurumin33\n|j|\u203dQiuescent\n|t:|1726346756\n|gametype|singles\n|player|p1|Kurumin33|265|2319\n|player|p2|Qiuescent|2|2366\n|teamsize|p1|6\n|teamsize|p2|6\n|gen|9\n|tier|[Gen 9] Random Battle\n|rated|\n|rule|Species Clause: Limit one of each Pok\u00e9mon\n|rule|HP Percentage Mod: HP is shown in percentages\n|rule|Sleep Clause Mod: Limit one foe put to sleep\n|rule|Illusion Level Mod: Illusion disguises the Pok\u00e9mon's true level\n|\n|t:|1726346756\n|start\n|switch|p1a: Regirock|Regirock, L83|268/268\n|switch|p2a: Dunsparce|Dunsparce, L86, M|312/312\n|turn|1\n|\n|t:|1726346766\n|switch|p1a: Gliscor|Gliscor, L76, M|239/239\n|switch|p2a: Brambleghast|Brambleghast, L88, F|240/240\n|\n|-status|p1a: Gliscor|tox|[from] item: Toxic Orb\n|upkeep\n|turn|2\n|\n|t:|1726346773\n|move|p2a: Brambleghast|Substitute|p2a: Brambleghast\n|-start|p2a: Brambleghast|Substitute\n|-damage|p2a: Brambleghast|180/240\n|move|p1a: Gliscor|Substitute|p1a: Gliscor\n|-start|p1a: Gliscor|Substitute\n|-damage|p1a: Gliscor|180/239 tox\n|\n|-heal|p2a: Brambleghast|195/240|[from] item: Leftovers\n|-heal|p1a: Gliscor|209/239 tox|[from] ability: Poison Heal\n|upkeep\n|turn|3\n|\n|t:|1726346782\n|move|p2a: Brambleghast|Poltergeist|p1a: Gliscor\n|-activate|p1a: Gliscor|move: Poltergeist|Toxic Orb\n|-end|p1a: Gliscor|Substitute\n|move|p1a: Gliscor|Earthquake|p2a: Brambleghast\n|-resisted|p2a: Brambleghast\n|-activate|p2a: Brambleghast|move: Substitute|[damage]\n|\n|-heal|p2a: Brambleghast|210/240|[from] item: Leftovers\n|-heal|p1a: Gliscor|238/239 tox|[from] ability: Poison Heal\n|upkeep\n|turn|4\n|\n|t:|1726346796\n|move|p1a: Gliscor|Protect|p1a: Gliscor\n|-singleturn|p1a: Gliscor|Protect\n|move|p2a: Brambleghast|Power Whip|p1a: Gliscor\n|-activate|p1a: Gliscor|move: Protect\n|\n|-heal|p2a: Brambleghast|225/240|[from] item: Leftovers\n|-heal|p1a: Gliscor|239/239 tox|[from] ability: Poison Heal\n|upkeep\n|turn|5\n|\n|t:|1726346810\n|move|p2a: Brambleghast|Poltergeist|p1a: Gliscor\n|-activate|p1a: Gliscor|move: Poltergeist|Toxic Orb\n|-damage|p1a: Gliscor|115/239 tox\n|move|p1a: Gliscor|Substitute|p1a: Gliscor\n|-start|p1a: Gliscor|Substitute\n|-damage|p1a: Gliscor|56/239 tox\n|\n|-heal|p2a: Brambleghast|240/240|[from] item: Leftovers\n|-heal|p1a: Gliscor|85/239 tox|[from] ability: Poison Heal\n|upkeep\n|turn|6\n|\n|t:|1726346820\n|move|p1a: Gliscor|Protect|p1a: Gliscor\n|-singleturn|p1a: Gliscor|Protect\n|move|p2a: Brambleghast|Power Whip|p1a: Gliscor\n|-activate|p1a: Gliscor|move: Protect\n|\n|-heal|p1a: Gliscor|114/239 tox|[from] ability: Poison Heal\n|upkeep\n|turn|7\n|\n|t:|1726346834\n|move|p2a: Brambleghast|Poltergeist|p1a: Gliscor\n|-activate|p1a: Gliscor|move: Poltergeist|Toxic Orb\n|-end|p1a: Gliscor|Substitute\n|move|p1a: Gliscor|Substitute|p1a: Gliscor\n|-start|p1a: Gliscor|Substitute\n|-damage|p1a: Gliscor|55/239 tox\n|\n|-heal|p1a: Gliscor|84/239 tox|[from] ability: Poison Heal\n|upkeep\n|turn|8\n|\n|t:|1726346843\n|move|p1a: Gliscor|Protect|p1a: Gliscor\n|-singleturn|p1a: Gliscor|Protect\n|move|p2a: Brambleghast|Leech Seed|p1a: Gliscor\n|-activate|p1a: Gliscor|move: Protect\n|\n|-heal|p1a: Gliscor|113/239 tox|[from] ability: Poison Heal\n|upkeep\n|turn|9\n|\n|t:|1726346854\n|move|p2a: Brambleghast|Power Whip|p1a: Gliscor\n|-end|p1a: Gliscor|Substitute\n|move|p1a: Gliscor|Substitute|p1a: Gliscor\n|-start|p1a: Gliscor|Substitute\n|-damage|p1a: Gliscor|54/239 tox\n|\n|-heal|p1a: Gliscor|83/239 tox|[from] ability: Poison Heal\n|upkeep\n|turn|10\n|\n|t:|1726346862\n|switch|p1a: Lumineon|Lumineon, L93, M|279/279\n|move|p2a: Brambleghast|Power Whip|p1a: Lumineon\n|-supereffective|p1a: Lumineon\n|-damage|p1a: Lumineon|0 fnt\n|faint|p1a: Lumineon\n|\n|upkeep\n|inactive|Battle timer is ON: inactive players will automatically lose when time's up. (requested by Qiuescent)\n|inactiveoff|Battle timer is now OFF.\n|-message|Kurumin33 forfeited.\n|\n|win|Qiuescent\n|raw|Kurumin33's rating: 2319 &rarr; <strong>2302</strong><br />(-17 for losing)\n|raw|Qiuescent's rating: 2366 &rarr; <strong>2383</strong><br />(+17 for winning)\n|l|\u2606Kurumin33\n|player|p1|\n", "inputlog": ">version abcf08933808d3fb39dbc2b54a8665d830b47482\n>start {\"formatid\":\"gen9randombattle\",\"seed\":[1194,44944,8021,211],\"rated\":\"Rated battle\"}\n>player p1 {\"name\":\"Kurumin33\",\"avatar\":\"265\",\"rating\":2319,\"seed\":[34803,1751,3986,53311]}\n>player p2 {\"name\":\"Qiuescent\",\"avatar\":\"2\",\"rating\":2366,\"seed\":[62936,59832,63449,25533]}\n>p1 switch 3\n>p2 switch 3\n>p1 move substitute\n>p2 move substitute\n>p1 move earthquake\n>p2 move poltergeist\n>p1 move protect\n>p2 move powerwhip\n>p1 move substitute\n>p2 move poltergeist\n>p1 move protect\n>p2 move powerwhip\n>p1 move substitute\n>p2 move poltergeist\n>p1 move protect\n>p2 move leechseed\n>p1 move substitute\n>p2 move powerwhip\n>p1 switch 5\n>p2 move powerwhip\n>forcelose p1", "uploadtime": 1726346878, "views": 106, "formatid": "gen9randombattle", "rating": 2302, "private": 0, "password": null}