{"id": "gen9randombattle-2260783075", "format": "[Gen 9] Random Battle", "players": ["victor krums", "Elegal88"], "log": "|j|\u2606victor krums\n|j|\u2606Elegal88\n|t:|1733891369\n|gametype|singles\n|player|p1|victor krums|265|1181\n|player|p2|Elegal88|2|1185\n|teamsize|p1|6\n|teamsize|p2|6\n|gen|9\n|tier|[Gen 9] Random Battle\n|rated|\n|rule|Species Clause: Limit one of each Pok\u00e9mon\n|rule|HP Percentage Mod: HP is shown in percentages\n|rule|Sleep Clause Mod: Limit one foe put to sleep\n|rule|Illusion Level Mod: Illusion disguises the Pok\u00e9mon's true level\n|\n|t:|1733891369\n|start\n|switch|p1a: Mesprit|Mesprit, L85|275/275\n|switch|p2a: Empoleon|Empoleon, L84, M|278/278\n|turn|1\n|c|\u2606victor krums|theres a storm coming\n|j| Overrogue\n|\n|t:|1733891391\n|move|p1a: Mesprit|Thunder Wave|p2a: Empoleon|[miss]\n|-miss|p1a: Mesprit|p2a: Empoleon\n|move|p2a: Empoleon|Yawn|p1a: Mesprit\n|-start|p1a: Mesprit|move: Yawn|[of] p2a: Empoleon\n|\n|upkeep\n|turn|2\n|inactive|Battle timer is ON: inactive players will automatically lose when time's up. (requested by victor krums)\n|c| Overrogue|Go Mesprit your my only hope\n|\n|t:|1733891401\n|switch|p1a: Gurdurr|Gurdurr, L85, F|283/283\n|move|p2a: Empoleon|Stealth Rock|p1a: Gurdurr\n|-sidestart|p1: victor krums|move: Stealth Rock\n|\n|upkeep\n|turn|3\n|c|\u2606victor krums|you're a coward elegal\n|c|\u2606victor krums|fight back\n|\n|t:|1733891426\n|switch|p2a: Amoonguss|Amoonguss, L82, M|321/321\n|move|p1a: Gurdurr|Bulk Up|p1a: Gurdurr\n|-boost|p1a: Gurdurr|atk|1\n|-boost|p1a: Gurdurr|def|1\n|\n|upkeep\n|turn|4\n|c| Overrogue|elegal is abit of a klein imo\n|\n|t:|1733891439\n|-terastallize|p1a: Gurdurr|Steel\n|move|p1a: Gurdurr|Drain Punch|p2a: Amoonguss\n|-resisted|p2a: Amoonguss\n|-damage|p2a: Amoonguss|248/321\n|move|p2a: Amoonguss|Spore|p1a: Gurdurr\n|-status|p1a: Gurdurr|slp|[from] move: Spore\n|\n|-heal|p2a: Amoonguss|268/321|[from] item: Leftovers\n|upkeep\n|turn|5\n|inactive|Elegal88 has 120 seconds left.\n|\n|t:|1733891464\n|switch|p2a: Houndoom|Houndoom, L87, F|272/272\n|cant|p1a: Gurdurr|slp\n|\n|upkeep\n|turn|6\n|inactive|Elegal88 has 120 seconds left.\n|\n|t:|1733891476\n|switch|p1a: Magmortar|Magmortar, L88, M|275/275\n|move|p2a: Houndoom|Nasty Plot|p2a: Houndoom\n|-boost|p2a: Houndoom|spa|2\n|\n|upkeep\n|turn|7\n|\n|t:|1733891485\n|move|p2a: Houndoom|Dark Pulse|p1a: Magmortar\n|-damage|p1a: Magmortar|104/275\n|move|p1a: Magmortar|Earthquake|p2a: Houndoom\n|-supereffective|p2a: Houndoom\n|-damage|p2a: Houndoom|54/272\n|\n|upkeep\n|turn|8\n|\n|t:|1733891492\n|move|p2a: Houndoom|Dark Pulse|p1a: Magmortar\n|-damage|p1a: Magmortar|0 fnt\n|faint|p1a: Magmortar\n|\n|upkeep\n|\n|t:|1733891499\n|switch|p1a: Gurdurr|Gurdurr, L85, F, tera:Steel|283/283 slp\n|-damage|p1a: Gurdurr|266/283 slp|[from] Stealth Rock\n|turn|9\n|\n|t:|1733891503\n|cant|p1a: Gurdurr|slp\n|move|p2a: Houndoom|Fire Blast|p1a: Gurdurr\n|-supereffective|p1a: Gurdurr\n|-damage|p1a: Gurdurr|0 fnt\n|faint|p1a: Gurdurr\n|\n|upkeep\n|c| Overrogue|elegal us special beam cannon\n|\n|t:|1733891512\n|switch|p1a: Zacian|Zacian, L69|241/241\n|-damage|p1a: Zacian|211/241|[from] Stealth Rock\n|-ability|p1a: Zacian|Intrepid Sword|boost\n|-boost|p1a: Zacian|atk|1\n|turn|10\n|\n|t:|1733891519\n|move|p2a: Houndoom|Sucker Punch|p1a: Zacian\n|-resisted|p1a: Zacian\n|-damage|p1a: Zacian|174/241\n|move|p1a: Zacian|Play Rough|p2a: Houndoom|[miss]\n|-miss|p1a: Zacian|p2a: Houndoom\n|\n|upkeep\n|turn|11\n|c|\u2606victor krums|its not over yet\n|\n|t:|1733891528\n|move|p1a: Zacian|Play Rough|p2a: Houndoom\n|-damage|p2a: Houndoom|0 fnt\n|faint|p2a: Houndoom\n|-damage|p1a: Zacian|150/241|[from] item: Life Orb\n|\n|upkeep\n|\n|t:|1733891537\n|switch|p2a: Amoonguss|Amoonguss, L82, M|321/321\n|turn|12\n|\n|t:|1733891545\n|move|p1a: Zacian|Close Combat|p2a: Amoonguss\n|-resisted|p2a: Amoonguss\n|-damage|p2a: Amoonguss|240/321\n|-unboost|p1a: Zacian|def|1\n|-unboost|p1a: Zacian|spd|1\n|-damage|p1a: Zacian|126/241|[from] item: Life Orb\n|move|p2a: Amoonguss|Spore|p1a: Zacian\n|-status|p1a: Zacian|slp|[from] move: Spore\n|\n|-heal|p2a: Amoonguss|260/321|[from] item: Leftovers\n|upkeep\n|turn|13\n|c| Overrogue|elegal it aint over\n|c|\u2606victor krums|stick your amoonguss up your ASSSS\n|\n|t:|1733891568\n|cant|p1a: Zacian|slp\n|move|p2a: Amoonguss|Sludge Bomb|p1a: Zacian\n|-supereffective|p1a: Zacian\n|-damage|p1a: Zacian|0 fnt\n|faint|p1a: Zacian\n|\n|-heal|p2a: Amoonguss|280/321|[from] item: Leftovers\n|upkeep\n|\n|t:|1733891577\n|switch|p1a: Swalot|Swalot, L90, F|326/326\n|-damage|p1a: Swalot|286/326|[from] Stealth Rock\n|turn|14\n|\n|t:|1733891587\n|move|p1a: Swalot|Earthquake|p2a: Amoonguss\n|-damage|p2a: Amoonguss|198/321\n|move|p2a: Amoonguss|Spore|p1a: Swalot\n|-status|p1a: Swalot|slp|[from] move: Spore\n|\n|-heal|p1a: Swalot|306/326 slp|[from] item: Leftovers\n|-heal|p2a: Amoonguss|218/321|[from] item: Leftovers\n|upkeep\n|turn|15\n|\n|t:|1733891605\n|switch|p2a: Politoed|Politoed, L88, M|302/302\n|-weather|RainDance|[from] ability: Drizzle|[of] p2a: Politoed\n|cant|p1a: Swalot|slp\n|\n|-weather|RainDance|[upkeep]\n|-heal|p1a: Swalot|326/326 slp|[from] item: Leftovers\n|upkeep\n|turn|16\n|c|\u2606victor krums|coward player\n|\n|t:|1733891616\n|move|p2a: Politoed|Hydro Pump|p1a: Swalot\n|-damage|p1a: Swalot|50/326 slp\n|-curestatus|p1a: Swalot|slp|[msg]\n|move|p1a: Swalot|Sludge Bomb|p2a: Politoed\n|-damage|p2a: Politoed|226/302\n|-status|p2a: Politoed|psn\n|\n|-weather|RainDance|[upkeep]\n|-heal|p1a: Swalot|70/326|[from] item: Leftovers\n|-damage|p2a: Politoed|189/302 psn|[from] psn\n|upkeep\n|turn|17\n|\n|t:|1733891628\n|move|p1a: Swalot|Protect|p1a: Swalot\n|-singleturn|p1a: Swalot|Protect\n|move|p2a: Politoed|Hydro Pump|p1a: Swalot\n|-activate|p1a: Swalot|move: Protect\n|\n|-weather|RainDance|[upkeep]\n|-heal|p1a: Swalot|90/326|[from] item: Leftovers\n|-damage|p2a: Politoed|152/302 psn|[from] psn\n|upkeep\n|turn|18\n|\n|t:|1733891638\n|move|p2a: Politoed|Hydro Pump|p1a: Swalot\n|-damage|p1a: Swalot|0 fnt\n|faint|p1a: Swalot\n|\n|-weather|RainDance|[upkeep]\n|-damage|p2a: Politoed|115/302 psn|[from] psn\n|upkeep\n|\n|t:|1733891651\n|switch|p1a: Mesprit|Mesprit, L85|275/275\n|-damage|p1a: Mesprit|241/275|[from] Stealth Rock\n|turn|19\n|\n|t:|1733891658\n|switch|p2a: Empoleon|Empoleon, L84, M|278/278\n|move|p1a: Mesprit|Psychic Noise|p2a: Empoleon\n|-resisted|p2a: Empoleon\n|-damage|p2a: Empoleon|236/278\n|-start|p2a: Empoleon|move: Heal Block\n|\n|-weather|none\n|-heal|p1a: Mesprit|258/275|[from] item: Leftovers\n|upkeep\n|turn|20\n|\n|t:|1733891673\n|move|p1a: Mesprit|Drain Punch|p2a: Empoleon\n|-supereffective|p2a: Empoleon\n|-damage|p2a: Empoleon|112/278\n|-heal|p1a: Mesprit|275/275|[from] drain|[of] p2a: Empoleon\n|move|p2a: Empoleon|Yawn|p1a: Mesprit\n|-start|p1a: Mesprit|move: Yawn|[of] p2a: Empoleon\n|\n|-end|p2a: Empoleon|move: Heal Block\n|upkeep\n|turn|21\n|\n|t:|1733891686\n|switch|p1a: Mightyena|Mightyena, L95, M|287/287\n|-damage|p1a: Mightyena|252/287|[from] Stealth Rock\n|-ability|p1a: Mightyena|Intimidate|boost\n|-unboost|p2a: Empoleon|atk|1\n|-ability|p2a: Empoleon|Competitive|boost\n|-boost|p2a: Empoleon|spa|2\n|switch|p2a: Politoed|Politoed, L88, M|115/302 psn\n|-weather|RainDance|[from] ability: Drizzle|[of] p2a: Politoed\n|\n|-weather|RainDance|[upkeep]\n|-damage|p2a: Politoed|78/302 psn|[from] psn\n|upkeep\n|turn|22\n|\n|t:|1733891704\n|move|p1a: Mightyena|Crunch|p2a: Politoed\n|-damage|p2a: Politoed|0 fnt\n|faint|p2a: Politoed\n|\n|-weather|RainDance|[upkeep]\n|upkeep\n|c|\u2606victor krums|pssy\n|\n|t:|1733891715\n|switch|p2a: Amoonguss|Amoonguss, L82, M|321/321\n|turn|23\n|\n|t:|1733891723\n|move|p1a: Mightyena|Super Fang|p2a: Amoonguss\n|-damage|p2a: Amoonguss|161/321\n|move|p2a: Amoonguss|Spore|p1a: Mightyena\n|-status|p1a: Mightyena|slp|[from] move: Spore\n|\n|-weather|RainDance|[upkeep]\n|-heal|p2a: Amoonguss|181/321|[from] item: Leftovers\n|upkeep\n|turn|24\n|\n|t:|1733891731\n|switch|p1a: Mesprit|Mesprit, L85|275/275\n|-damage|p1a: Mesprit|241/275|[from] Stealth Rock\n|move|p2a: Amoonguss|Sludge Bomb|p1a: Mesprit\n|-damage|p1a: Mesprit|174/275\n|\n|-weather|RainDance|[upkeep]\n|-heal|p1a: Mesprit|191/275|[from] item: Leftovers\n|-heal|p2a: Amoonguss|201/321|[from] item: Leftovers\n|upkeep\n|turn|25\n|\n|t:|1733891742\n|switch|p2a: Empoleon|Empoleon, L84, M|112/278\n|move|p1a: Mesprit|Psychic Noise|p2a: Empoleon\n|-resisted|p2a: Empoleon\n|-damage|p2a: Empoleon|76/278\n|-start|p2a: Empoleon|move: Heal Block\n|\n|-weather|none\n|-heal|p1a: Mesprit|208/275|[from] item: Leftovers\n|upkeep\n|turn|26\n|\n|t:|1733891754\n|move|p1a: Mesprit|Drain Punch|p2a: Empoleon\n|-supereffective|p2a: Empoleon\n|-damage|p2a: Empoleon|0 fnt\n|-heal|p1a: Mesprit|246/275|[from] drain|[of] p2a: Empoleon\n|faint|p2a: Empoleon\n|\n|-heal|p1a: Mesprit|263/275|[from] item: Leftovers\n|upkeep\n|\n|t:|1733891765\n|switch|p2a: Scream Tail|Scream Tail, L84|330/330\n|turn|27\n|\n|t:|1733891773\n|move|p2a: Scream Tail|Thunder Wave|p1a: Mesprit\n|-status|p1a: Mesprit|par\n|move|p1a: Mesprit|Thunder Wave|p2a: Scream Tail\n|-status|p2a: Scream Tail|par\n|\n|-heal|p1a: Mesprit|275/275 par|[from] item: Leftovers\n|upkeep\n|turn|28\n|\n|t:|1733891784\n|move|p2a: Scream Tail|Dazzling Gleam|p1a: Mesprit\n|-damage|p1a: Mesprit|224/275 par\n|move|p1a: Mesprit|U-turn|p2a: Scream Tail\n|-damage|p2a: Scream Tail|283/330 par\n|\n|t:|1733891789\n|switch|p1a: Mightyena|Mightyena, L95, M|252/287 slp|[from] U-turn\n|-damage|p1a: Mightyena|217/287 slp|[from] Stealth Rock\n|-ability|p1a: Mightyena|Intimidate|boost\n|-unboost|p2a: Scream Tail|atk|1\n|\n|-heal|p2a: Scream Tail|303/330 par|[from] item: Leftovers\n|upkeep\n|turn|29\n|c| Overrogue|ur trash elegal\n|c|\u2606victor krums|fukin coward\n|\n|t:|1733891800\n|cant|p1a: Mightyena|slp\n|move|p2a: Scream Tail|Dazzling Gleam|p1a: Mightyena\n|-supereffective|p1a: Mightyena\n|-damage|p1a: Mightyena|115/287 slp\n|\n|-heal|p2a: Scream Tail|323/330 par|[from] item: Leftovers\n|upkeep\n|turn|30\n|\n|t:|1733891808\n|-curestatus|p1a: Mightyena|slp|[msg]\n|move|p1a: Mightyena|Super Fang|p2a: Scream Tail\n|-damage|p2a: Scream Tail|162/330 par\n|move|p2a: Scream Tail|Dazzling Gleam|p1a: Mightyena\n|-supereffective|p1a: Mightyena\n|-damage|p1a: Mightyena|19/287\n|\n|-heal|p2a: Scream Tail|182/330 par|[from] item: Leftovers\n|upkeep\n|turn|31\n|\n|t:|1733891819\n|move|p1a: Mightyena|Play Rough|p2a: Scream Tail|[miss]\n|-miss|p1a: Mightyena|p2a: Scream Tail\n|move|p2a: Scream Tail|Dazzling Gleam|p1a: Mightyena\n|-supereffective|p1a: Mightyena\n|-damage|p1a: Mightyena|0 fnt\n|faint|p1a: Mightyena\n|\n|-heal|p2a: Scream Tail|202/330 par|[from] item: Leftovers\n|upkeep\n|\n|t:|1733891827\n|switch|p1a: Mesprit|Mesprit, L85|224/275 par\n|-damage|p1a: Mesprit|190/275 par|[from] Stealth Rock\n|turn|32\n|\n|t:|1733891834\n|move|p2a: Scream Tail|Wish|p2a: Scream Tail\n|move|p1a: Mesprit|Psychic Noise|p2a: Scream Tail\n|-resisted|p2a: Scream Tail\n|-damage|p2a: Scream Tail|166/330 par\n|-start|p2a: Scream Tail|move: Heal Block\n|\n|-heal|p1a: Mesprit|207/275 par|[from] item: Leftovers\n|upkeep\n|turn|33\n|-message|victor krums forfeited.\n|\n|win|Elegal88\n", "inputlog": ">version bfd83cad13791eb5a5a409923076391caf6fb4d4\n>start {\"formatid\":\"gen9randombattle\",\"seed\":[22886,509,58050,8738],\"rated\":\"Rated battle\"}\n>player p1 {\"name\":\"victor krums\",\"avatar\":\"265\",\"rating\":1181,\"seed\":[23602,18405,29725,17612]}\n>player p2 {\"name\":\"Elegal88\",\"avatar\":\"2\",\"rating\":1185,\"seed\":[23338,18319,61992,7155]}\n>chat \u2606victor krums|theres a storm coming\n>p1 move thunderwave\n>p2 move yawn\n>chat  Overrogue|Go Mesprit your my only hope\n>p1 switch 6\n>p2 move stealthrock\n>chat \u2606victor krums|you're a coward elegal\n>chat \u2606victor krums|fight back\n>p1 move bulkup\n>p2 switch 6\n>chat  Overrogue|elegal is abit of a klein imo\n>p1 move drainpunch terastallize\n>p2 move spore\n>p1 move knockoff\n>p2 switch 3\n>p1 switch 5\n>p2 move nastyplot\n>p1 move earthquake\n>p2 move darkpulse\n>p1 move earthquake\n>p2 move darkpulse\n>p1 switch 5\n>p1 move machpunch\n>p2 move fireblast\n>chat  Overrogue|elegal us special beam cannon\n>p1 switch 4\n>p1 move playrough\n>p2 move suckerpunch\n>chat \u2606victor krums|its not over yet\n>p1 move playrough\n>p2 move fireblast\n>p2 switch 3\n>p1 move closecombat\n>p2 move spore\n>chat  Overrogue|elegal it aint over\n>chat \u2606victor krums|stick your amoonguss up your ASSSS\n>p1 move crunch\n>p2 move sludgebomb\n>p1 switch 2\n>p1 move earthquake\n>p2 move spore\n>p1 move earthquake\n>p2 switch 2\n>chat \u2606victor krums|coward player\n>p1 move sludgebomb\n>p2 move hydropump\n>p1 move protect\n>p2 move hydropump\n>p1 move sludgebomb\n>p2 move hydropump\n>p1 switch 6\n>p1 move psychicnoise\n>p2 switch 6\n>p1 move drainpunch\n>p2 move yawn\n>p1 switch 3\n>p2 switch 6\n>p1 move crunch\n>p2 move hydropump\n>chat \u2606victor krums|pssy\n>p2 switch 2\n>p1 move superfang\n>p2 move spore\n>p1 switch 3\n>p2 move sludgebomb\n>p1 move psychicnoise\n>p2 switch 6\n>p1 move drainpunch\n>p2 move surf\n>p2 switch 4\n>p1 move thunderwave\n>p2 move thunderwave\n>p1 move uturn\n>p2 move dazzlinggleam\n>p1 switch 3\n>chat  Overrogue|ur trash elegal\n>chat \u2606victor krums|fukin coward\n>p1 move superfang\n>p2 move dazzlinggleam\n>p1 move superfang\n>p2 move dazzlinggleam\n>p1 move playrough\n>p2 move dazzlinggleam\n>p1 switch 3\n>p1 move psychicnoise\n>p2 move wish\n>forcelose p1", "uploadtime": 1733891797, "views": 12, "formatid": "gen9randombattle", "rating": null, "private": 0, "password": null}