{"id": "gen9randombattle-2003237898", "format": "[Gen 9] Random Battle", "players": ["pokeblade\u2606101", "MichaelderBeste2"], "log": "|j|\u2606pokeblade\u2606101\n|j|\u2606MichaelderBeste2\n|t:|1701535427\n|gametype|singles\n|player|p1|pokeblade\u2606101|#helpstaffxmas|2329\n|player|p2|MichaelderBeste2|#wcop2023germany|2273\n|teamsize|p1|6\n|teamsize|p2|6\n|gen|9\n|tier|[Gen 9] Random Battle\n|rated|\n|rule|Species Clause: Limit one of each Pok\u00e9mon\n|rule|HP Percentage Mod: HP is shown in percentages\n|rule|Sleep Clause Mod: Limit one foe put to sleep\n|rule|Illusion Level Mod: Illusion disguises the Pok\u00e9mon's true level\n|\n|t:|1701535427\n|start\n|switch|p1a: Mesprit|Mesprit, L85|275/275\n|switch|p2a: Sawsbuck|Sawsbuck-Summer, L88, M|284/284\n|turn|1\n|j| DELTA_1152\n|c| DELTA_1152|Wooh :O Good Luck ! :D\n|\n|t:|1701535457\n|move|p2a: Sawsbuck|Headbutt|p1a: Mesprit\n|-damage|p1a: Mesprit|188/275\n|-damage|p2a: Sawsbuck|256/284|[from] item: Life Orb\n|cant|p1a: Mesprit|flinch\n|\n|-heal|p1a: Mesprit|205/275|[from] item: Leftovers\n|upkeep\n|turn|2\n|\n|t:|1701535462\n|move|p2a: Sawsbuck|Headbutt|p1a: Mesprit\n|-damage|p1a: Mesprit|118/275\n|-damage|p2a: Sawsbuck|228/284|[from] item: Life Orb\n|move|p1a: Mesprit|Thunder Wave|p2a: Sawsbuck\n|-status|p2a: Sawsbuck|par\n|\n|-heal|p1a: Mesprit|135/275|[from] item: Leftovers\n|upkeep\n|turn|3\n|\n|t:|1701535475\n|move|p1a: Mesprit|Drain Punch|p2a: Sawsbuck\n|-supereffective|p2a: Sawsbuck\n|-damage|p2a: Sawsbuck|94/284 par\n|-heal|p1a: Mesprit|202/275|[from] drain|[of] p2a: Sawsbuck\n|cant|p2a: Sawsbuck|par\n|\n|-heal|p1a: Mesprit|219/275|[from] item: Leftovers\n|upkeep\n|turn|4\n|\n|t:|1701535482\n|switch|p2a: Delphox|Delphox, L84, M|263/263\n|move|p1a: Mesprit|Psychic|p2a: Delphox\n|-resisted|p2a: Delphox\n|-damage|p2a: Delphox|215/263\n|\n|-heal|p1a: Mesprit|236/275|[from] item: Leftovers\n|upkeep\n|turn|5\n|\n|t:|1701535487\n|move|p2a: Delphox|Fire Blast|p1a: Mesprit\n|-damage|p1a: Mesprit|65/275\n|move|p1a: Mesprit|Thunder Wave|p2a: Delphox\n|-status|p2a: Delphox|par\n|\n|-heal|p1a: Mesprit|82/275|[from] item: Leftovers\n|upkeep\n|turn|6\n|\n|t:|1701535498\n|move|p1a: Mesprit|Knock Off|p2a: Delphox\n|-supereffective|p2a: Delphox\n|-damage|p2a: Delphox|55/263 par\n|-enditem|p2a: Delphox|Choice Specs|[from] move: Knock Off|[of] p1a: Mesprit\n|cant|p2a: Delphox|par\n|\n|-heal|p1a: Mesprit|99/275|[from] item: Leftovers\n|upkeep\n|turn|7\n|\n|t:|1701535503\n|move|p1a: Mesprit|Knock Off|p2a: Delphox\n|-supereffective|p2a: Delphox\n|-damage|p2a: Delphox|0 fnt\n|faint|p2a: Delphox\n|\n|-heal|p1a: Mesprit|116/275|[from] item: Leftovers\n|upkeep\n|\n|t:|1701535507\n|switch|p2a: Camerupt|Camerupt, L90, M|272/272\n|turn|8\n|\n|t:|1701535510\n|move|p1a: Mesprit|Psychic|p2a: Camerupt\n|-damage|p2a: Camerupt|170/272\n|move|p2a: Camerupt|Lava Plume|p1a: Mesprit\n|-damage|p1a: Mesprit|29/275\n|\n|-heal|p1a: Mesprit|46/275|[from] item: Leftovers\n|-heal|p2a: Camerupt|187/272|[from] item: Leftovers\n|upkeep\n|turn|9\n|\n|t:|1701535519\n|move|p1a: Mesprit|Psychic|p2a: Camerupt\n|-damage|p2a: Camerupt|73/272\n|move|p2a: Camerupt|Stealth Rock|p1a: Mesprit\n|-sidestart|p1: pokeblade\u2606101|move: Stealth Rock\n|\n|-heal|p1a: Mesprit|63/275|[from] item: Leftovers\n|-heal|p2a: Camerupt|90/272|[from] item: Leftovers\n|upkeep\n|turn|10\n|\n|t:|1701535522\n|move|p1a: Mesprit|Psychic|p2a: Camerupt\n|-damage|p2a: Camerupt|0 fnt\n|faint|p2a: Camerupt\n|\n|-heal|p1a: Mesprit|80/275|[from] item: Leftovers\n|upkeep\n|\n|t:|1701535524\n|switch|p2a: Enamorus|Enamorus, L79, F|247/247\n|turn|11\n|\n|t:|1701535538\n|move|p2a: Enamorus|Play Rough|p1a: Mesprit\n|-damage|p1a: Mesprit|0 fnt\n|faint|p1a: Mesprit\n|\n|upkeep\n|\n|t:|1701535550\n|switch|p1a: Pikachu|Pikachu-Unova, L93, M|216/216\n|-damage|p1a: Pikachu|189/216|[from] Stealth Rock\n|turn|12\n|\n|t:|1701535561\n|switch|p2a: Gogoat|Gogoat, L88, F|360/360\n|move|p1a: Pikachu|Volt Tackle|p2a: Gogoat\n|-resisted|p2a: Gogoat\n|-damage|p2a: Gogoat|235/360\n|-damage|p1a: Pikachu|148/216|[from] Recoil\n|\n|-heal|p2a: Gogoat|257/360|[from] item: Leftovers\n|upkeep\n|turn|13\n|\n|t:|1701535569\n|switch|p1a: Ludicolo|Ludicolo, L90, M|290/290\n|-damage|p1a: Ludicolo|254/290|[from] Stealth Rock\n|move|p2a: Gogoat|Horn Leech|p1a: Ludicolo\n|-damage|p1a: Ludicolo|146/290\n|-heal|p2a: Gogoat|311/360|[from] drain|[of] p1a: Ludicolo\n|\n|-heal|p2a: Gogoat|333/360|[from] item: Leftovers\n|upkeep\n|turn|14\n|\n|t:|1701535576\n|move|p1a: Ludicolo|Ice Beam|p2a: Gogoat\n|-supereffective|p2a: Gogoat\n|-damage|p2a: Gogoat|159/360\n|-damage|p1a: Ludicolo|117/290|[from] item: Life Orb\n|move|p2a: Gogoat|Horn Leech|p1a: Ludicolo\n|-damage|p1a: Ludicolo|21/290\n|-heal|p2a: Gogoat|207/360|[from] drain|[of] p1a: Ludicolo\n|\n|-heal|p2a: Gogoat|229/360|[from] item: Leftovers\n|upkeep\n|turn|15\n|\n|t:|1701535584\n|switch|p1a: Dondozo|Dondozo, L78, F|362/362\n|-damage|p1a: Dondozo|317/362|[from] Stealth Rock\n|move|p2a: Gogoat|Milk Drink|p2a: Gogoat\n|-heal|p2a: Gogoat|360/360\n|\n|-heal|p1a: Dondozo|339/362|[from] item: Leftovers\n|upkeep\n|turn|16\n|\n|t:|1701535602\n|move|p2a: Gogoat|Horn Leech|p1a: Dondozo\n|-supereffective|p1a: Dondozo\n|-damage|p1a: Dondozo|187/362\n|move|p1a: Dondozo|Curse|p1a: Dondozo\n|-unboost|p1a: Dondozo|spe|1\n|-boost|p1a: Dondozo|atk|1\n|-boost|p1a: Dondozo|def|1\n|\n|-heal|p1a: Dondozo|209/362|[from] item: Leftovers\n|upkeep\n|turn|17\n|\n|t:|1701535608\n|switch|p2a: Okidogi|Okidogi, L77, M|262/262\n|move|p1a: Dondozo|Curse|p1a: Dondozo\n|-unboost|p1a: Dondozo|spe|1\n|-boost|p1a: Dondozo|atk|1\n|-boost|p1a: Dondozo|def|1\n|\n|-heal|p1a: Dondozo|231/362|[from] item: Leftovers\n|upkeep\n|turn|18\n|\n|t:|1701535612\n|move|p2a: Okidogi|Knock Off|p1a: Dondozo\n|-damage|p1a: Dondozo|200/362\n|-enditem|p1a: Dondozo|Leftovers|[from] move: Knock Off|[of] p2a: Okidogi\n|move|p1a: Dondozo|Curse|p1a: Dondozo\n|-unboost|p1a: Dondozo|spe|1\n|-boost|p1a: Dondozo|atk|1\n|-boost|p1a: Dondozo|def|1\n|\n|upkeep\n|turn|19\n|\n|t:|1701535616\n|switch|p2a: Enamorus|Enamorus, L79, F|247/247\n|move|p1a: Dondozo|Curse|p1a: Dondozo\n|-unboost|p1a: Dondozo|spe|1\n|-boost|p1a: Dondozo|atk|1\n|-boost|p1a: Dondozo|def|1\n|\n|upkeep\n|turn|20\n|\n|t:|1701535620\n|move|p2a: Enamorus|Taunt|p1a: Dondozo\n|-start|p1a: Dondozo|move: Taunt\n|move|p1a: Dondozo|Wave Crash|p2a: Enamorus\n|-damage|p2a: Enamorus|0 fnt\n|faint|p2a: Enamorus\n|-damage|p1a: Dondozo|118/362|[from] Recoil\n|\n|upkeep\n|\n|t:|1701535626\n|switch|p2a: Sawsbuck|Sawsbuck-Summer, L88, M|94/284 par\n|turn|21\n|\n|t:|1701535650\n|switch|p1a: Ludicolo|Ludicolo, L90, M|21/290\n|-damage|p1a: Ludicolo|0 fnt|[from] Stealth Rock\n|faint|p1a: Ludicolo\n|cant|p2a: Sawsbuck|par\n|\n|upkeep\n|\n|t:|1701535652\n|switch|p1a: Pikachu|Pikachu-Unova, L93, M|148/216\n|-damage|p1a: Pikachu|121/216|[from] Stealth Rock\n|turn|22\n|\n|t:|1701535669\n|move|p1a: Pikachu|Volt Switch|p2a: Sawsbuck\n|-resisted|p2a: Sawsbuck\n|-damage|p2a: Sawsbuck|32/284 par\n|\n|t:|1701535674\n|switch|p1a: Mudsdale|Mudsdale, L84, F|305/305|[from] Volt Switch\n|-damage|p1a: Mudsdale|286/305|[from] Stealth Rock\n|move|p2a: Sawsbuck|Horn Leech|p1a: Mudsdale\n|-supereffective|p1a: Mudsdale\n|-damage|p1a: Mudsdale|73/305\n|-heal|p2a: Sawsbuck|139/284 par|[from] drain|[of] p1a: Mudsdale\n|-ability|p1a: Mudsdale|Stamina|boost\n|-boost|p1a: Mudsdale|def|1\n|-damage|p2a: Sawsbuck|111/284 par|[from] item: Life Orb\n|\n|-heal|p1a: Mudsdale|92/305|[from] item: Leftovers\n|upkeep\n|turn|23\n|\n|t:|1701535678\n|cant|p2a: Sawsbuck|par\n|move|p1a: Mudsdale|Stealth Rock|p2a: Sawsbuck\n|-sidestart|p2: MichaelderBeste2|move: Stealth Rock\n|\n|-heal|p1a: Mudsdale|111/305|[from] item: Leftovers\n|upkeep\n|turn|24\n|\n|t:|1701535681\n|cant|p2a: Sawsbuck|par\n|move|p1a: Mudsdale|Body Press|p2a: Sawsbuck\n|-supereffective|p2a: Sawsbuck\n|-damage|p2a: Sawsbuck|0 fnt\n|faint|p2a: Sawsbuck\n|\n|-heal|p1a: Mudsdale|130/305|[from] item: Leftovers\n|upkeep\n|\n|t:|1701535683\n|switch|p2a: Gogoat|Gogoat, L88, F|360/360\n|-damage|p2a: Gogoat|315/360|[from] Stealth Rock\n|turn|25\n|\n|t:|1701535687\n|switch|p1a: Copperajah|Copperajah, L86, F|350/350\n|-damage|p1a: Copperajah|329/350|[from] Stealth Rock\n|move|p2a: Gogoat|Bulk Up|p2a: Gogoat\n|-boost|p2a: Gogoat|atk|1\n|-boost|p2a: Gogoat|def|1\n|\n|-heal|p2a: Gogoat|337/360|[from] item: Leftovers\n|upkeep\n|turn|26\n|\n|t:|1701535696\n|move|p2a: Gogoat|Bulk Up|p2a: Gogoat\n|-boost|p2a: Gogoat|atk|1\n|-boost|p2a: Gogoat|def|1\n|move|p1a: Copperajah|Heavy Slam|p2a: Gogoat\n|-damage|p2a: Gogoat|187/360\n|\n|-heal|p2a: Gogoat|209/360|[from] item: Leftovers\n|upkeep\n|turn|27\n|\n|t:|1701535701\n|move|p2a: Gogoat|Bulk Up|p2a: Gogoat\n|-boost|p2a: Gogoat|atk|1\n|-boost|p2a: Gogoat|def|1\n|move|p1a: Copperajah|Heavy Slam|p2a: Gogoat\n|-damage|p2a: Gogoat|85/360\n|\n|-heal|p2a: Gogoat|107/360|[from] item: Leftovers\n|upkeep\n|turn|28\n|\n|t:|1701535704\n|move|p2a: Gogoat|Milk Drink|p2a: Gogoat\n|-heal|p2a: Gogoat|287/360\n|move|p1a: Copperajah|Heavy Slam|p2a: Gogoat\n|-damage|p2a: Gogoat|163/360\n|\n|-heal|p2a: Gogoat|185/360|[from] item: Leftovers\n|upkeep\n|turn|29\n|\n|t:|1701535724\n|switch|p1a: Mudsdale|Mudsdale, L84, F|130/305\n|-damage|p1a: Mudsdale|111/305|[from] Stealth Rock\n|move|p2a: Gogoat|Milk Drink|p2a: Gogoat\n|-heal|p2a: Gogoat|360/360\n|\n|-heal|p1a: Mudsdale|130/305|[from] item: Leftovers\n|upkeep\n|turn|30\n|\n|t:|1701535731\n|move|p2a: Gogoat|Horn Leech|p1a: Mudsdale\n|-supereffective|p1a: Mudsdale\n|-damage|p1a: Mudsdale|0 fnt\n|faint|p1a: Mudsdale\n|\n|upkeep\n|\n|t:|1701535734\n|switch|p1a: Dondozo|Dondozo, L78, F|118/362\n|-damage|p1a: Dondozo|73/362|[from] Stealth Rock\n|turn|31\n|\n|t:|1701535739\n|-terastallize|p2a: Gogoat|Ground\n|move|p2a: Gogoat|Earthquake|p1a: Dondozo\n|-damage|p1a: Dondozo|0 fnt\n|faint|p1a: Dondozo\n|\n|upkeep\n|\n|t:|1701535742\n|switch|p1a: Pikachu|Pikachu-Unova, L93, M|121/216\n|-damage|p1a: Pikachu|94/216|[from] Stealth Rock\n|turn|32\n|\n|t:|1701535744\n|move|p1a: Pikachu|Fake Out|p2a: Gogoat\n|-damage|p2a: Gogoat|336/360\n|cant|p2a: Gogoat|flinch\n|\n|-heal|p2a: Gogoat|358/360|[from] item: Leftovers\n|upkeep\n|turn|33\n|\n|t:|1701535746\n|-terastallize|p1a: Pikachu|Water\n|move|p1a: Pikachu|Surf|p2a: Gogoat\n|-supereffective|p2a: Gogoat\n|-damage|p2a: Gogoat|64/360\n|move|p2a: Gogoat|Horn Leech|p1a: Pikachu\n|-supereffective|p1a: Pikachu\n|-damage|p1a: Pikachu|0 fnt\n|-heal|p2a: Gogoat|111/360|[from] drain|[of] p1a: Pikachu\n|faint|p1a: Pikachu\n|\n|-heal|p2a: Gogoat|133/360|[from] item: Leftovers\n|upkeep\n|-message|pokeblade\u2606101 forfeited.\n|\n|win|MichaelderBeste2\n|raw|pokeblade\u2606101's rating: 2329 &rarr; <strong>2306</strong><br />(-23 for losing)\n|raw|MichaelderBeste2's rating: 2273 &rarr; <strong>2296</strong><br />(+23 for winning)\n|l|\u2606pokeblade\u2606101\n", "inputlog": ">version 13c8c190640db44383e729cb060ae5378271d604\n>version-origin 603e3cd82fdfe84d212deced846c29c90e430d2b\n>start {\"formatid\":\"gen9randombattle\",\"seed\":[27489,24302,37469,29545],\"rated\":\"Rated battle\"}\n>player p1 {\"name\":\"pokeblade\u2606101\",\"avatar\":\"#helpstaffxmas\",\"rating\":2329,\"seed\":[22428,26974,28642,35343]}\n>player p2 {\"name\":\"MichaelderBeste2\",\"avatar\":\"#wcop2023germany\",\"rating\":2273,\"seed\":[8528,38944,43372,51437]}\n>chat  DELTA_1152|Wooh :O Good Luck ! :D \n>p1 move thunderwave\n>p2 move headbutt\n>p1 move thunderwave\n>p2 move headbutt\n>p1 move drainpunch\n>p2 move hornleech\n>p1 move psychic\n>p2 switch 5\n>p1 move thunderwave\n>p2 move fireblast\n>p1 move knockoff\n>p2 move fireblast\n>p1 move knockoff\n>p2 move fireblast\n>p2 switch 4\n>p1 move psychic\n>p2 move lavaplume\n>p1 move psychic\n>p2 move stealthrock\n>p1 move psychic\n>p2 move lavaplume\n>p2 switch 3\n>p1 move knockoff\n>p2 move playrough\n>p1 switch 6\n>p1 move volttackle\n>p2 switch 6\n>p1 switch 2\n>p2 move hornleech\n>p1 move icebeam\n>p2 move hornleech\n>p1 switch 3\n>p2 move milkdrink\n>p1 move curse\n>p2 move hornleech\n>p1 move curse\n>p2 switch 2\n>p1 move curse\n>p2 move knockoff\n>p1 move curse\n>p2 switch 6\n>p1 move wavecrash\n>p2 move taunt\n>p2 switch 5\n>p1 switch 3\n>p2 move hornleech\n>p1 switch 2\n>p1 move voltswitch\n>p2 move hornleech\n>p1 switch 4\n>p1 move stealthrock\n>p2 move hornleech\n>p1 move bodypress\n>p2 move hornleech\n>p2 switch 2\n>p1 switch 5\n>p2 move bulkup\n>p1 move heavyslam\n>p2 move bulkup\n>p1 move heavyslam\n>p2 move bulkup\n>p1 move heavyslam\n>p2 move milkdrink\n>p1 switch 5\n>p2 move milkdrink\n>p1 move heavyslam\n>p2 move hornleech\n>p1 switch 3\n>p1 move rest\n>p2 move earthquake terastallize\n>p1 switch 4\n>p1 move fakeout\n>p2 move hornleech\n>p1 move surf terastallize\n>p2 move hornleech\n>forcelose p1", "uploadtime": 1701535753, "views": 331, "formatid": "gen9randombattle", "rating": 2296, "private": 0, "password": null}