{"id": "gen9randombattle-2260452823", "format": "[Gen 9] Random Battle", "players": ["whiiitell", "werverter"], "log": "|j|\u2606whiiitell\n|j|\u2606werverter\n|t:|1733853037\n|gametype|singles\n|player|p1|whiiitell|n|1514\n|player|p2|werverter|169|1511\n|teamsize|p1|6\n|teamsize|p2|6\n|gen|9\n|tier|[Gen 9] Random Battle\n|rated|\n|rule|Species Clause: Limit one of each Pok\u00e9mon\n|rule|HP Percentage Mod: HP is shown in percentages\n|rule|Sleep Clause Mod: Limit one foe put to sleep\n|rule|Illusion Level Mod: Illusion disguises the Pok\u00e9mon's true level\n|\n|t:|1733853037\n|start\n|switch|p1a: Overqwil|Overqwil, L82, M|274/274\n|switch|p2a: Farigiraf|Farigiraf, L91, F|366/366\n|-ability|p1a: Overqwil|Intimidate|boost\n|-unboost|p2a: Farigiraf|atk|1\n|turn|1\n|inactive|Battle timer is ON: inactive players will automatically lose when time's up. (requested by werverter)\n|inactive|whiiitell also wants the timer to be on.\n|inactive|werverter has 120 seconds left.\n|\n|t:|1733853081\n|move|p1a: Overqwil|Crunch|p2a: Farigiraf\n|-supereffective|p2a: Farigiraf\n|-damage|p2a: Farigiraf|58/366\n|move|p2a: Farigiraf|Hyper Voice|p1a: Overqwil\n|-damage|p1a: Overqwil|124/274\n|\n|-heal|p2a: Farigiraf|80/366|[from] item: Leftovers\n|upkeep\n|turn|2\n|\n|t:|1733853093\n|switch|p2a: Zamazenta|Zamazenta, L71|248/248\n|-ability|p2a: Zamazenta|Dauntless Shield|boost\n|-boost|p2a: Zamazenta|def|1\n|move|p1a: Overqwil|Crunch|p2a: Zamazenta\n|-resisted|p2a: Zamazenta\n|-damage|p2a: Zamazenta|207/248\n|\n|upkeep\n|turn|3\n|\n|t:|1733853108\n|switch|p1a: Jolteon|Jolteon, L84, F|246/246\n|move|p2a: Zamazenta|Close Combat|p1a: Jolteon\n|-damage|p1a: Jolteon|21/246\n|-unboost|p2a: Zamazenta|def|1\n|-unboost|p2a: Zamazenta|spd|1\n|\n|upkeep\n|turn|4\n|inactive|werverter has 120 seconds left.\n|\n|t:|1733853145\n|switch|p2a: Farigiraf|Farigiraf, L91, F|80/366\n|move|p1a: Jolteon|Alluring Voice|p2a: Farigiraf\n|-damage|p2a: Farigiraf|0 fnt\n|faint|p2a: Farigiraf\n|-damage|p1a: Jolteon|0 fnt|[from] item: Life Orb\n|faint|p1a: Jolteon\n|\n|upkeep\n|\n|t:|1733853173\n|switch|p1a: Barraskewda|Barraskewda, L81, M|231/231\n|switch|p2a: Regidrago|Regidrago, L77|435/435\n|turn|5\n|inactive|werverter has 90 seconds left.\n|\n|t:|1733853199\n|move|p1a: Barraskewda|Flip Turn|p2a: Regidrago\n|-resisted|p2a: Regidrago\n|-damage|p2a: Regidrago|347/435\n|\n|t:|1733853202\n|switch|p1a: Zacian|Zacian, L69|241/241|[from] Flip Turn\n|-ability|p1a: Zacian|Intrepid Sword|boost\n|-boost|p1a: Zacian|atk|1\n|move|p2a: Regidrago|Dragon Dance|p2a: Regidrago\n|-boost|p2a: Regidrago|atk|1\n|-boost|p2a: Regidrago|spe|1\n|\n|upkeep\n|turn|6\n|inactive|werverter has 90 seconds left.\n|\n|t:|1733853217\n|-terastallize|p2a: Regidrago|Steel\n|move|p2a: Regidrago|Dragon Dance|p2a: Regidrago\n|-boost|p2a: Regidrago|atk|1\n|-boost|p2a: Regidrago|spe|1\n|move|p1a: Zacian|Play Rough|p2a: Regidrago\n|-resisted|p2a: Regidrago\n|-damage|p2a: Regidrago|220/435\n|\n|upkeep\n|turn|7\n|\n|t:|1733853227\n|switch|p1a: Overqwil|Overqwil, L82, M|124/274\n|-ability|p1a: Overqwil|Intimidate|boost\n|-unboost|p2a: Regidrago|atk|1\n|move|p2a: Regidrago|Tera Blast|p1a: Overqwil|[anim] Tera Blast Steel\n|-damage|p1a: Overqwil|0 fnt\n|faint|p1a: Overqwil\n|-damage|p2a: Regidrago|177/435|[from] item: Life Orb\n|\n|upkeep\n|\n|t:|1733853245\n|switch|p1a: Barraskewda|Barraskewda, L81, M|231/231\n|turn|8\n|\n|t:|1733853253\n|switch|p2a: Volcanion|Volcanion, L79|255/255\n|move|p1a: Barraskewda|Close Combat|p2a: Volcanion\n|-damage|p2a: Volcanion|137/255\n|-unboost|p1a: Barraskewda|def|1\n|-unboost|p1a: Barraskewda|spd|1\n|\n|upkeep\n|turn|9\n|\n|t:|1733853271\n|switch|p1a: Golem|Golem-Alola, L93, F|300/300\n|move|p2a: Volcanion|Sludge Bomb|p1a: Golem\n|-resisted|p1a: Golem\n|-damage|p1a: Golem|239/300\n|\n|upkeep\n|turn|10\n|\n|t:|1733853285\n|switch|p2a: Gholdengo|Gholdengo, L77|261/261\n|move|p1a: Golem|Rock Polish|p1a: Golem\n|-boost|p1a: Golem|spe|2\n|\n|upkeep\n|turn|11\n|\n|t:|1733853308\n|move|p1a: Golem|Earthquake|p2a: Gholdengo\n|-supereffective|p2a: Gholdengo\n|-crit|p2a: Gholdengo\n|-damage|p2a: Gholdengo|0 fnt\n|faint|p2a: Gholdengo\n|-damage|p1a: Golem|209/300|[from] item: Life Orb\n|\n|upkeep\n|\n|t:|1733853324\n|switch|p2a: Zamazenta|Zamazenta, L71|207/248\n|turn|12\n|\n|t:|1733853331\n|move|p1a: Golem|Double-Edge|p2a: Zamazenta\n|-damage|p2a: Zamazenta|0 fnt\n|faint|p2a: Zamazenta\n|-damage|p1a: Golem|141/300|[from] Recoil\n|-damage|p1a: Golem|111/300|[from] item: Life Orb\n|\n|upkeep\n|inactive|werverter has 90 seconds left.\n|\n|t:|1733853348\n|switch|p2a: Volcanion|Volcanion, L79|137/255\n|turn|13\n|\n|t:|1733853356\n|move|p1a: Golem|Double-Edge|p2a: Volcanion\n|-supereffective|p2a: Volcanion\n|-damage|p2a: Volcanion|0 fnt\n|faint|p2a: Volcanion\n|-damage|p1a: Golem|66/300|[from] Recoil\n|-damage|p1a: Golem|36/300|[from] item: Life Orb\n|\n|upkeep\n|\n|t:|1733853364\n|switch|p2a: Rayquaza|Rayquaza, L72|270/270\n|-ability|p2a: Rayquaza|Air Lock\n|turn|14\n|\n|t:|1733853371\n|move|p2a: Rayquaza|Extreme Speed|p1a: Golem\n|-resisted|p1a: Golem\n|-damage|p1a: Golem|15/300\n|move|p1a: Golem|Stone Edge|p2a: Rayquaza\n|-supereffective|p2a: Rayquaza\n|-damage|p2a: Rayquaza|0 fnt\n|faint|p2a: Rayquaza\n|-damage|p1a: Golem|0 fnt|[from] item: Life Orb\n|faint|p1a: Golem\n|\n|upkeep\n|-message|werverter forfeited.\n|\n|win|whiiitell\n|raw|whiiitell's rating: 1514 &rarr; <strong>1534</strong><br />(+20 for winning)\n|raw|werverter's rating: 1511 &rarr; <strong>1491</strong><br />(-20 for losing)\n|l|\u2606werverter\n|player|p2|\n", "inputlog": ">version bfd83cad13791eb5a5a409923076391caf6fb4d4\n>start {\"formatid\":\"gen9randombattle\",\"seed\":[16736,59422,62829,16280],\"rated\":\"Rated battle\"}\n>player p1 {\"name\":\"whiiitell\",\"avatar\":\"n\",\"rating\":1514,\"seed\":[46989,24637,37735,27445]}\n>player p2 {\"name\":\"werverter\",\"avatar\":\"169\",\"rating\":1511,\"seed\":[55185,54543,26189,7013]}\n>p1 move crunch\n>p2 move hypervoice\n>p1 move crunch\n>p2 switch 6\n>p1 switch 5\n>p2 move closecombat\n>p1 move alluringvoice\n>p2 switch 6\n>p1 switch 3\n>p2 switch 4\n>p1 move flipturn\n>p2 move dragondance\n>p1 switch 4\n>p1 move playrough\n>p2 move dragondance terastallize\n>p1 switch 5\n>p2 move terablast\n>p1 switch 4\n>p1 move closecombat\n>p2 switch 3\n>p1 switch 2\n>p2 move sludgebomb\n>p1 move rockpolish\n>p2 switch 2\n>p1 move earthquake\n>p2 move makeitrain\n>p2 switch 6\n>p1 move doubleedge\n>p2 move closecombat\n>p2 switch 2\n>p1 move doubleedge\n>p2 move steameruption\n>p2 switch 5\n>p1 move stoneedge\n>p2 move extremespeed\n>forcelose p2", "uploadtime": 1733853380, "views": 1, "formatid": "gen9randombattle", "rating": 1491, "private": 0, "password": null}