{"id": "gen9randombattle-2260435306", "format": "[Gen 9] Random Battle", "players": ["FlimsyJunk", "pennywongvietcong"], "log": "|j|\u2606FlimsyJunk\n|j|\u2606pennywongvietcong\n|t:|1733851345\n|gametype|singles\n|player|p1|FlimsyJunk|n|1075\n|player|p2|pennywongvietcong|scientist-gen4dp|1127\n|teamsize|p1|6\n|teamsize|p2|6\n|gen|9\n|tier|[Gen 9] Random Battle\n|rated|\n|rule|Species Clause: Limit one of each Pok\u00e9mon\n|rule|HP Percentage Mod: HP is shown in percentages\n|rule|Sleep Clause Mod: Limit one foe put to sleep\n|rule|Illusion Level Mod: Illusion disguises the Pok\u00e9mon's true level\n|\n|t:|1733851345\n|start\n|switch|p1a: Serperior|Serperior, L79, M|248/248\n|switch|p2a: Breloom|Breloom, L82, M|233/233\n|turn|1\n|inactive|Battle timer is ON: inactive players will automatically lose when time's up. (requested by pennywongvietcong)\n|\n|t:|1733851360\n|switch|p2a: Moltres|Moltres, L81|278/278\n|move|p1a: Serperior|Glare|p2a: Moltres\n|-status|p2a: Moltres|par\n|\n|upkeep\n|turn|2\n|\n|t:|1733851375\n|switch|p1a: Mew|Mew, L82|298/298\n|move|p2a: Moltres|Fire Blast|p1a: Mew\n|-damage|p1a: Mew|175/298\n|\n|upkeep\n|turn|3\n|\n|t:|1733851393\n|switch|p2a: Brute Bonnet|Brute Bonnet, L81|312/312\n|move|p1a: Mew|Nasty Plot|p1a: Mew\n|-boost|p1a: Mew|spa|2\n|\n|upkeep\n|turn|4\n|\n|t:|1733851410\n|move|p2a: Brute Bonnet|Sucker Punch|p1a: Mew\n|-supereffective|p1a: Mew\n|-damage|p1a: Mew|13/298\n|move|p1a: Mew|Earth Power|p2a: Brute Bonnet\n|-resisted|p2a: Brute Bonnet\n|-damage|p2a: Brute Bonnet|235/312\n|-unboost|p2a: Brute Bonnet|spd|1\n|-damage|p1a: Mew|0 fnt|[from] item: Life Orb\n|faint|p1a: Mew\n|\n|-heal|p2a: Brute Bonnet|254/312|[from] item: Leftovers\n|upkeep\n|\n|t:|1733851426\n|switch|p1a: Sneasler|Sneasler, L74, F, shiny|240/240\n|turn|5\n|\n|t:|1733851447\n|-end|p2a: Brute Bonnet|Protosynthesis|[silent]\n|switch|p2a: Moltres|Moltres, L81|278/278 par\n|move|p1a: Sneasler|U-turn|p2a: Moltres\n|-resisted|p2a: Moltres\n|-damage|p2a: Moltres|260/278 par\n|-status|p1a: Sneasler|brn|[from] ability: Flame Body|[of] p2a: Moltres\n|\n|t:|1733851459\n|switch|p1a: Zangoose|Zangoose, L85, F|263/263|[from] U-turn\n|\n|-status|p1a: Zangoose|tox|[from] item: Toxic Orb\n|upkeep\n|turn|6\n|\n|t:|1733851481\n|move|p1a: Zangoose|Facade|p2a: Moltres\n|-damage|p2a: Moltres|0 fnt\n|faint|p2a: Moltres\n|\n|-damage|p1a: Zangoose|247/263 tox|[from] psn\n|upkeep\n|\n|t:|1733851489\n|switch|p2a: Diancie|Diancie, L82|216/216\n|turn|7\n|\n|t:|1733851496\n|move|p1a: Zangoose|Swords Dance|p1a: Zangoose\n|-boost|p1a: Zangoose|atk|2\n|move|p2a: Diancie|Stealth Rock|p1a: Zangoose\n|-sidestart|p1: FlimsyJunk|move: Stealth Rock\n|\n|-damage|p1a: Zangoose|215/263 tox|[from] psn\n|upkeep\n|turn|8\n|\n|t:|1733851502\n|move|p1a: Zangoose|Facade|p2a: Diancie\n|-resisted|p2a: Diancie\n|-damage|p2a: Diancie|35/216\n|move|p2a: Diancie|Body Press|p1a: Zangoose\n|-supereffective|p1a: Zangoose\n|-damage|p1a: Zangoose|15/263 tox\n|\n|-heal|p2a: Diancie|48/216|[from] item: Leftovers\n|-damage|p1a: Zangoose|0 fnt|[from] psn\n|faint|p1a: Zangoose\n|upkeep\n|\n|t:|1733851519\n|switch|p1a: Sneasler|Sneasler, L74, F, shiny|240/240 brn\n|-damage|p1a: Sneasler|225/240 brn|[from] Stealth Rock\n|turn|9\n|\n|t:|1733851534\n|move|p1a: Sneasler|Gunk Shot|p2a: Diancie\n|-crit|p2a: Diancie\n|-damage|p2a: Diancie|0 fnt\n|faint|p2a: Diancie\n|\n|-damage|p1a: Sneasler|210/240 brn|[from] brn\n|upkeep\n|\n|t:|1733851548\n|switch|p2a: Dodrio|Dodrio, L86, F|243/243\n|turn|10\n|\n|t:|1733851558\n|move|p2a: Dodrio|Brave Bird|p1a: Sneasler\n|-supereffective|p1a: Sneasler\n|-damage|p1a: Sneasler|0 fnt\n|faint|p1a: Sneasler\n|-damage|p2a: Dodrio|174/243|[from] Recoil\n|\n|upkeep\n|\n|t:|1733851564\n|switch|p1a: Iron Crown|Iron Crown, L78|268/268\n|-damage|p1a: Iron Crown|252/268|[from] Stealth Rock\n|turn|11\n|\n|t:|1733851579\n|switch|p2a: Brute Bonnet|Brute Bonnet, L81|254/312\n|move|p1a: Iron Crown|Calm Mind|p1a: Iron Crown\n|-boost|p1a: Iron Crown|spa|1\n|-boost|p1a: Iron Crown|spd|1\n|\n|-heal|p1a: Iron Crown|268/268|[from] item: Leftovers\n|-heal|p2a: Brute Bonnet|273/312|[from] item: Leftovers\n|upkeep\n|turn|12\n|\n|t:|1733851590\n|move|p1a: Iron Crown|Tachyon Cutter|p2a: Brute Bonnet\n|-damage|p2a: Brute Bonnet|188/312\n|-damage|p2a: Brute Bonnet|115/312\n|-hitcount|p2a: Brute Bonnet|2\n|move|p2a: Brute Bonnet|Close Combat|p1a: Iron Crown\n|-damage|p1a: Iron Crown|167/268\n|-unboost|p2a: Brute Bonnet|def|1\n|-unboost|p2a: Brute Bonnet|spd|1\n|\n|-heal|p1a: Iron Crown|183/268|[from] item: Leftovers\n|-heal|p2a: Brute Bonnet|134/312|[from] item: Leftovers\n|upkeep\n|turn|13\n|\n|t:|1733851601\n|move|p2a: Brute Bonnet|Sucker Punch|p1a: Iron Crown\n|-supereffective|p1a: Iron Crown\n|-damage|p1a: Iron Crown|21/268\n|move|p1a: Iron Crown|Tachyon Cutter|p2a: Brute Bonnet\n|-damage|p2a: Brute Bonnet|19/312\n|-damage|p2a: Brute Bonnet|0 fnt\n|faint|p2a: Brute Bonnet\n|-end|p2a: Brute Bonnet|Protosynthesis|[silent]\n|-hitcount|p2: Brute Bonnet|2\n|\n|-heal|p1a: Iron Crown|37/268|[from] item: Leftovers\n|upkeep\n|\n|t:|1733851622\n|switch|p2a: Breloom|Breloom, L82, M|233/233\n|turn|14\n|inactive|FlimsyJunk has 120 seconds left.\n|\n|t:|1733851658\n|move|p2a: Breloom|Mach Punch|p1a: Iron Crown\n|-crit|p1a: Iron Crown\n|-damage|p1a: Iron Crown|0 fnt\n|faint|p1a: Iron Crown\n|-end|p1a: Iron Crown|Quark Drive|[silent]\n|-damage|p2a: Breloom|210/233|[from] item: Life Orb\n|\n|upkeep\n|\n|t:|1733851666\n|switch|p1a: Serperior|Serperior, L79, M|248/248\n|-damage|p1a: Serperior|217/248|[from] Stealth Rock\n|turn|15\n|inactive|FlimsyJunk has 120 seconds left.\n|\n|t:|1733851679\n|switch|p2a: Pawmot|Pawmot, L80, M|243/243\n|move|p1a: Serperior|Glare|p2a: Pawmot\n|-immune|p2a: Pawmot\n|\n|upkeep\n|turn|16\n|inactive|FlimsyJunk has 120 seconds left.\n|\n|t:|1733851690\n|move|p1a: Serperior|Leaf Storm|p2a: Pawmot\n|-damage|p2a: Pawmot|52/243\n|-boost|p1a: Serperior|spa|2\n|-damage|p1a: Serperior|193/248|[from] item: Life Orb\n|move|p2a: Pawmot|Revival Blessing|p2a: Pawmot\n|\n|t:|1733851697\n|-heal|p2: Moltres|139/278|[from] move: Revival Blessing\n|\n|upkeep\n|turn|17\n|\n|t:|1733851709\n|move|p1a: Serperior|Leaf Storm|p2a: Pawmot\n|-damage|p2a: Pawmot|0 fnt\n|-boost|p1a: Serperior|spa|2\n|faint|p2a: Pawmot\n|-damage|p1a: Serperior|169/248|[from] item: Life Orb\n|\n|upkeep\n|\n|t:|1733851715\n|switch|p2a: Dodrio|Dodrio, L86, F|174/243\n|turn|18\n|\n|t:|1733851721\n|move|p2a: Dodrio|Brave Bird|p1a: Serperior\n|-supereffective|p1a: Serperior\n|-damage|p1a: Serperior|0 fnt\n|faint|p1a: Serperior\n|-damage|p2a: Dodrio|118/243|[from] Recoil\n|\n|upkeep\n|\n|t:|1733851727\n|switch|p1a: Shiftry|Shiftry, L89, M|305/305\n|-damage|p1a: Shiftry|267/305|[from] Stealth Rock\n|turn|19\n|\n|t:|1733851738\n|-terastallize|p1a: Shiftry|Poison\n|move|p1a: Shiftry|Sucker Punch|p2a: Dodrio\n|-damage|p2a: Dodrio|0 fnt\n|faint|p2a: Dodrio\n|-damage|p1a: Shiftry|237/305|[from] item: Life Orb\n|\n|upkeep\n|\n|t:|1733851756\n|switch|p2a: Breloom|Breloom, L82, M|210/233\n|turn|20\n|\n|t:|1733851765\n|move|p1a: Shiftry|Sucker Punch||[still]\n|-fail|p1a: Shiftry\n|move|p2a: Breloom|Spore|p1a: Shiftry\n|-status|p1a: Shiftry|slp|[from] move: Spore\n|\n|upkeep\n|turn|21\n|\n|t:|1733851785\n|cant|p1a: Shiftry|slp\n|move|p2a: Breloom|Rock Tomb|p1a: Shiftry\n|-damage|p1a: Shiftry|120/305 slp\n|-unboost|p1a: Shiftry|spe|1\n|-damage|p2a: Breloom|187/233|[from] item: Life Orb\n|\n|upkeep\n|turn|22\n|\n|t:|1733851792\n|cant|p1a: Shiftry|slp\n|move|p2a: Breloom|Rock Tomb|p1a: Shiftry\n|-damage|p1a: Shiftry|6/305 slp\n|-unboost|p1a: Shiftry|spe|1\n|-damage|p2a: Breloom|164/233|[from] item: Life Orb\n|\n|upkeep\n|turn|23\n|\n|t:|1733851802\n|-curestatus|p1a: Shiftry|slp|[msg]\n|move|p1a: Shiftry|Sucker Punch|p2a: Breloom\n|-resisted|p2a: Breloom\n|-damage|p2a: Breloom|102/233\n|-damage|p1a: Shiftry|0 fnt|[from] item: Life Orb\n|faint|p1a: Shiftry\n|\n|win|pennywongvietcong\n|raw|FlimsyJunk's rating: 1075 &rarr; <strong>1057</strong><br />(-18 for losing)\n|raw|pennywongvietcong's rating: 1127 &rarr; <strong>1148</strong><br />(+21 for winning)\n|c|\u2606FlimsyJunk|gg\n", "inputlog": ">version bfd83cad13791eb5a5a409923076391caf6fb4d4\n>start {\"formatid\":\"gen9randombattle\",\"seed\":[23091,26538,51313,50939],\"rated\":\"Rated battle\"}\n>player p1 {\"name\":\"FlimsyJunk\",\"avatar\":\"n\",\"rating\":1075,\"seed\":[9457,32701,48402,1932]}\n>player p2 {\"name\":\"pennywongvietcong\",\"avatar\":\"scientist-gen4dp\",\"rating\":1127,\"seed\":[11449,49465,62378,30151]}\n>p1 move glare\n>p2 switch 2\n>p1 switch 4\n>p2 move fireblast\n>p1 move nastyplot\n>p2 switch 5\n>p1 move earthpower\n>p2 move suckerpunch\n>p1 switch 6\n>p1 move uturn\n>p2 switch 5\n>p1 switch 2\n>p1 move facade\n>p2 move fireblast\n>p2 switch 4\n>p1 move swordsdance\n>p2 move stealthrock\n>p1 move facade\n>p2 move bodypress\n>p1 switch 2\n>p1 move gunkshot\n>p2 move moonblast\n>p2 switch 6\n>p1 move gunkshot\n>p2 move bravebird\n>p1 switch 5\n>p1 move calmmind\n>p2 switch 5\n>p1 move tachyoncutter\n>p2 move closecombat\n>p1 move tachyoncutter\n>p2 move suckerpunch\n>p2 switch 2\n>p1 move psyshock\n>p2 move machpunch\n>p1 switch 4\n>p1 move glare\n>p2 switch 3\n>p1 move leafstorm\n>p2 move revivalblessing\n>p2 switch 4\n>p1 move leafstorm\n>p2 move knockoff\n>p2 switch 5\n>p1 move leafstorm\n>p2 move bravebird\n>p1 switch 3\n>p1 move suckerpunch terastallize\n>p2 move bravebird\n>p2 switch 3\n>p1 move suckerpunch\n>p2 move spore\n>p1 move swordsdance\n>p2 move rocktomb\n>p1 move suckerpunch\n>p2 move rocktomb\n>p1 move suckerpunch\n>p2 move rocktomb", "uploadtime": 1733851812, "views": 1, "formatid": "gen9randombattle", "rating": 1057, "private": 0, "password": null}