{"id": "gen9randombattle-2260095302", "format": "[Gen 9] Random Battle", "players": ["burneraccount6", "Riachuwu"], "log": "|j|\u2606burneraccount6\n|j|\u2606Riachuwu\n|t:|1733801716\n|gametype|singles\n|player|p1|burneraccount6|101|1361\n|player|p2|Riachuwu|1|1367\n|teamsize|p1|6\n|teamsize|p2|6\n|gen|9\n|tier|[Gen 9] Random Battle\n|rated|\n|rule|Species Clause: Limit one of each Pok\u00e9mon\n|rule|HP Percentage Mod: HP is shown in percentages\n|rule|Sleep Clause Mod: Limit one foe put to sleep\n|rule|Illusion Level Mod: Illusion disguises the Pok\u00e9mon's true level\n|\n|t:|1733801716\n|start\n|switch|p1a: Regieleki|Regieleki, L79|256/256\n|switch|p2a: Umbreon|Umbreon, L84, M|297/297\n|turn|1\n|inactive|Battle timer is ON: inactive players will automatically lose when time's up. (requested by Riachuwu)\n|\n|t:|1733801724\n|move|p1a: Regieleki|Volt Switch|p2a: Umbreon\n|-damage|p2a: Umbreon|212/297\n|\n|t:|1733801736\n|switch|p1a: Lokix|Lokix, L82, M|251/251|[from] Volt Switch\n|move|p2a: Umbreon|Toxic|p1a: Lokix\n|-status|p1a: Lokix|tox\n|\n|-heal|p2a: Umbreon|230/297|[from] item: Leftovers\n|-damage|p1a: Lokix|236/251 tox|[from] psn\n|upkeep\n|turn|2\n|\n|t:|1733801747\n|move|p2a: Umbreon|Protect|p2a: Umbreon\n|-singleturn|p2a: Umbreon|Protect\n|move|p1a: Lokix|Leech Life|p2a: Umbreon\n|-activate|p2a: Umbreon|move: Protect\n|\n|-heal|p2a: Umbreon|248/297|[from] item: Leftovers\n|-damage|p1a: Lokix|206/251 tox|[from] psn\n|upkeep\n|turn|3\n|\n|t:|1733801761\n|switch|p2a: Qwilfish|Qwilfish, L86, M|252/252\n|-ability|p2a: Qwilfish|Intimidate|boost\n|-unboost|p1a: Lokix|atk|1\n|move|p1a: Lokix|Leech Life|p2a: Qwilfish\n|-resisted|p2a: Qwilfish\n|-damage|p2a: Qwilfish|179/252\n|-heal|p1a: Lokix|243/251 tox|[from] drain|[of] p2a: Qwilfish\n|-damage|p1a: Lokix|218/251 tox|[from] item: Life Orb\n|\n|-heal|p2a: Qwilfish|194/252|[from] item: Leftovers\n|-damage|p1a: Lokix|173/251 tox|[from] psn\n|upkeep\n|turn|4\n|\n|t:|1733801776\n|switch|p1a: Gothitelle|Gothitelle, L90, M|272/272\n|move|p2a: Qwilfish|Waterfall|p1a: Gothitelle\n|-damage|p1a: Gothitelle|191/272\n|\n|-heal|p2a: Qwilfish|209/252|[from] item: Leftovers\n|upkeep\n|turn|5\n|\n|t:|1733801796\n|-terastallize|p2a: Qwilfish|Dark\n|move|p1a: Gothitelle|Psychic|p2a: Qwilfish\n|-immune|p2a: Qwilfish\n|move|p2a: Qwilfish|Gunk Shot|p1a: Gothitelle\n|-damage|p1a: Gothitelle|77/272\n|-status|p1a: Gothitelle|psn\n|\n|-heal|p2a: Qwilfish|224/252|[from] item: Leftovers\n|-damage|p1a: Gothitelle|43/272 psn|[from] psn\n|upkeep\n|turn|6\n|\n|t:|1733801809\n|move|p1a: Gothitelle|Psychic|p2a: Qwilfish\n|-immune|p2a: Qwilfish\n|move|p2a: Qwilfish|Waterfall|p1a: Gothitelle\n|-damage|p1a: Gothitelle|0 fnt\n|faint|p1a: Gothitelle\n|\n|-heal|p2a: Qwilfish|239/252|[from] item: Leftovers\n|upkeep\n|\n|t:|1733801812\n|switch|p1a: Lokix|Lokix, L82, M|173/251 tox\n|turn|7\n|\n|t:|1733801827\n|move|p1a: Lokix|Leech Life|p2a: Qwilfish\n|-supereffective|p2a: Qwilfish\n|-damage|p2a: Qwilfish|28/252\n|-heal|p1a: Lokix|251/251 tox|[from] drain|[of] p2a: Qwilfish\n|-damage|p1a: Lokix|226/251 tox|[from] item: Life Orb\n|move|p2a: Qwilfish|Destiny Bond|p2a: Qwilfish\n|-singlemove|p2a: Qwilfish|Destiny Bond\n|\n|-heal|p2a: Qwilfish|43/252|[from] item: Leftovers\n|-damage|p1a: Lokix|211/251 tox|[from] psn\n|upkeep\n|turn|8\n|\n|t:|1733801839\n|move|p1a: Lokix|Swords Dance|p1a: Lokix\n|-boost|p1a: Lokix|atk|2\n|move|p2a: Qwilfish|Gunk Shot|p1a: Lokix\n|-damage|p1a: Lokix|60/251 tox\n|\n|-heal|p2a: Qwilfish|58/252|[from] item: Leftovers\n|-damage|p1a: Lokix|30/251 tox|[from] psn\n|upkeep\n|turn|9\n|inactive|Riachuwu has 120 seconds left.\n|\n|t:|1733801855\n|switch|p2a: Gurdurr|Gurdurr, L85, F|283/283\n|move|p1a: Lokix|Leech Life|p2a: Gurdurr\n|-resisted|p2a: Gurdurr\n|-damage|p2a: Gurdurr|143/283\n|-heal|p1a: Lokix|100/251 tox|[from] drain|[of] p2a: Gurdurr\n|-damage|p1a: Lokix|75/251 tox|[from] item: Life Orb\n|\n|-damage|p1a: Lokix|30/251 tox|[from] psn\n|upkeep\n|turn|10\n|inactive|Riachuwu has 120 seconds left.\n|\n|t:|1733801868\n|move|p1a: Lokix|Leech Life|p2a: Gurdurr\n|-resisted|p2a: Gurdurr\n|-damage|p2a: Gurdurr|10/283\n|-heal|p1a: Lokix|97/251 tox|[from] drain|[of] p2a: Gurdurr\n|-damage|p1a: Lokix|72/251 tox|[from] item: Life Orb\n|move|p2a: Gurdurr|Knock Off|p1a: Lokix\n|-resisted|p1a: Lokix\n|-damage|p1a: Lokix|32/251 tox\n|-enditem|p1a: Lokix|Life Orb|[from] move: Knock Off|[of] p2a: Gurdurr\n|\n|-damage|p1a: Lokix|0 fnt|[from] psn\n|faint|p1a: Lokix\n|upkeep\n|\n|t:|1733801891\n|switch|p1a: Barraskewda|Barraskewda, L81, M|231/231\n|turn|11\n|\n|t:|1733801899\n|move|p2a: Gurdurr|Mach Punch|p1a: Barraskewda\n|-damage|p1a: Barraskewda|171/231\n|move|p1a: Barraskewda|Flip Turn|p2a: Gurdurr\n|-damage|p2a: Gurdurr|0 fnt\n|faint|p2a: Gurdurr\n|\n|t:|1733801905\n|switch|p1a: Bombirdier|Bombirdier, L85, F|258/258|[from] Flip Turn\n|\n|upkeep\n|\n|t:|1733801924\n|switch|p2a: Qwilfish|Qwilfish, L86, M, tera:Dark|58/252\n|-ability|p2a: Qwilfish|Intimidate|boost\n|-unboost|p1a: Bombirdier|atk|1\n|turn|12\n|\n|t:|1733801930\n|move|p2a: Qwilfish|Destiny Bond|p2a: Qwilfish\n|-singlemove|p2a: Qwilfish|Destiny Bond\n|move|p1a: Bombirdier|U-turn|p2a: Qwilfish\n|-supereffective|p2a: Qwilfish\n|-damage|p2a: Qwilfish|0 fnt\n|faint|p2a: Qwilfish\n|-activate|p2a: Qwilfish|move: Destiny Bond\n|faint|p1a: Bombirdier\n|\n|upkeep\n|inactive|Riachuwu has 120 seconds left.\n|\n|t:|1733801952\n|switch|p2a: Umbreon|Umbreon, L84, M|248/297\n|switch|p1a: Komala|Komala, L89, F|260/260\n|-ability|p1a: Komala|Comatose\n|turn|13\n|inactive|Riachuwu has 120 seconds left.\n|\n|t:|1733801971\n|move|p1a: Komala|Superpower|p2a: Umbreon\n|-supereffective|p2a: Umbreon\n|-damage|p2a: Umbreon|0 fnt\n|-unboost|p1a: Komala|atk|1\n|-unboost|p1a: Komala|def|1\n|faint|p2a: Umbreon\n|\n|upkeep\n|\n|t:|1733801976\n|switch|p2a: Gyarados|Gyarados, L79, M|280/280\n|turn|14\n|\n|t:|1733801983\n|switch|p1a: Regieleki|Regieleki, L79|256/256\n|move|p2a: Gyarados|Dragon Dance|p2a: Gyarados\n|-boost|p2a: Gyarados|atk|1\n|-boost|p2a: Gyarados|spe|1\n|\n|upkeep\n|turn|15\n|\n|t:|1733801995\n|switch|p2a: Ting-Lu|Ting-Lu, L78|370/370\n|-ability|p2a: Ting-Lu|Vessel of Ruin\n|move|p1a: Regieleki|Thunderbolt|p2a: Ting-Lu\n|-immune|p2a: Ting-Lu\n|\n|upkeep\n|turn|16\n|\n|t:|1733802005\n|switch|p1a: Barraskewda|Barraskewda, L81, M|171/231\n|move|p2a: Ting-Lu|Stealth Rock|p1a: Barraskewda\n|-sidestart|p1: burneraccount6|move: Stealth Rock\n|\n|upkeep\n|turn|17\n|\n|t:|1733802017\n|move|p1a: Barraskewda|Waterfall|p2a: Ting-Lu\n|-supereffective|p2a: Ting-Lu\n|-damage|p2a: Ting-Lu|148/370\n|move|p2a: Ting-Lu|Whirlwind|p1a: Barraskewda\n|drag|p1a: Regieleki|Regieleki, L79|256/256\n|-damage|p1a: Regieleki|224/256|[from] Stealth Rock\n|\n|-heal|p2a: Ting-Lu|171/370|[from] item: Leftovers\n|upkeep\n|turn|18\n|\n|t:|1733802028\n|-terastallize|p1a: Regieleki|Ice\n|move|p1a: Regieleki|Tera Blast|p2a: Ting-Lu|[anim] Tera Blast Ice\n|-supereffective|p2a: Ting-Lu\n|-damage|p2a: Ting-Lu|39/370\n|move|p2a: Ting-Lu|Earthquake|p1a: Regieleki\n|-damage|p1a: Regieleki|59/256\n|\n|-heal|p2a: Ting-Lu|62/370|[from] item: Leftovers\n|upkeep\n|turn|19\n|\n|t:|1733802040\n|move|p1a: Regieleki|Tera Blast|p2a: Ting-Lu|[anim] Tera Blast Ice\n|-supereffective|p2a: Ting-Lu\n|-damage|p2a: Ting-Lu|0 fnt\n|faint|p2a: Ting-Lu\n|\n|upkeep\n|\n|t:|1733802046\n|switch|p2a: Pyroar|Pyroar, L88, M|295/295\n|-ability|p2a: Pyroar|Unnerve\n|turn|20\n|\n|t:|1733802051\n|move|p1a: Regieleki|Volt Switch|p2a: Pyroar\n|-damage|p2a: Pyroar|177/295\n|\n|t:|1733802057\n|switch|p1a: Barraskewda|Barraskewda, L81, M|171/231|[from] Volt Switch\n|-damage|p1a: Barraskewda|143/231|[from] Stealth Rock\n|move|p2a: Pyroar|Work Up|p2a: Pyroar\n|-boost|p2a: Pyroar|atk|1\n|-boost|p2a: Pyroar|spa|1\n|\n|upkeep\n|turn|21\n|inactive|Riachuwu has 120 seconds left.\n|\n|t:|1733802091\n|move|p1a: Barraskewda|Waterfall|p2a: Pyroar\n|-supereffective|p2a: Pyroar\n|-damage|p2a: Pyroar|0 fnt\n|faint|p2a: Pyroar\n|\n|upkeep\n|\n|t:|1733802094\n|switch|p2a: Gyarados|Gyarados, L79, M|280/280\n|turn|22\n|\n|t:|1733802097\n|move|p1a: Barraskewda|Waterfall|p2a: Gyarados\n|-resisted|p2a: Gyarados\n|-damage|p2a: Gyarados|192/280\n|move|p2a: Gyarados|Dragon Dance|p2a: Gyarados\n|-boost|p2a: Gyarados|atk|1\n|-boost|p2a: Gyarados|spe|1\n|\n|upkeep\n|turn|23\n|\n|t:|1733802101\n|move|p1a: Barraskewda|Waterfall|p2a: Gyarados\n|-resisted|p2a: Gyarados\n|-damage|p2a: Gyarados|116/280\n|move|p2a: Gyarados|Dragon Dance|p2a: Gyarados\n|-boost|p2a: Gyarados|atk|1\n|-boost|p2a: Gyarados|spe|1\n|\n|upkeep\n|turn|24\n|\n|t:|1733802121\n|move|p2a: Gyarados|Dragon Dance|p2a: Gyarados\n|-boost|p2a: Gyarados|atk|1\n|-boost|p2a: Gyarados|spe|1\n|move|p1a: Barraskewda|Waterfall|p2a: Gyarados\n|-resisted|p2a: Gyarados\n|-damage|p2a: Gyarados|29/280\n|\n|upkeep\n|turn|25\n|\n|t:|1733802128\n|move|p2a: Gyarados|Waterfall|p1a: Barraskewda\n|-resisted|p1a: Barraskewda\n|-damage|p1a: Barraskewda|0 fnt\n|faint|p1a: Barraskewda\n|-ability|p2a: Gyarados|Moxie|boost\n|-boost|p2a: Gyarados|atk|1\n|\n|upkeep\n|\n|t:|1733802132\n|switch|p1a: Regieleki|Regieleki, L79, tera:Ice|59/256\n|-damage|p1a: Regieleki|0 fnt|[from] Stealth Rock\n|faint|p1a: Regieleki\n|\n|t:|1733802135\n|switch|p1a: Komala|Komala, L89, F|260/260\n|-damage|p1a: Komala|228/260|[from] Stealth Rock\n|-ability|p1a: Komala|Comatose\n|turn|26\n|\n|t:|1733802138\n|move|p2a: Gyarados|Waterfall|p1a: Komala\n|-damage|p1a: Komala|0 fnt\n|faint|p1a: Komala\n|\n|win|Riachuwu\n|raw|burneraccount6's rating: 1361 &rarr; <strong>1341</strong><br />(-20 for losing)\n|raw|Riachuwu's rating: 1367 &rarr; <strong>1387</strong><br />(+20 for winning)\n|l|\u2606burneraccount6\n|player|p1|\n", "inputlog": ">version bfd83cad13791eb5a5a409923076391caf6fb4d4\n>start {\"formatid\":\"gen9randombattle\",\"seed\":[19737,45726,6142,12259],\"rated\":\"Rated battle\"}\n>player p1 {\"name\":\"burneraccount6\",\"avatar\":\"101\",\"rating\":1361,\"seed\":[28959,18172,39724,38358]}\n>player p2 {\"name\":\"Riachuwu\",\"avatar\":\"1\",\"rating\":1367,\"seed\":[51916,47870,53200,20420]}\n>p1 move voltswitch\n>p2 move toxic\n>p1 switch 4\n>p1 move leechlife\n>p2 move protect\n>p1 move leechlife\n>p2 switch 5\n>p1 switch 2\n>p2 move waterfall\n>p1 move psychic\n>p2 move gunkshot terastallize\n>p1 move psychic\n>p2 move waterfall\n>p1 switch 2\n>p1 move leechlife\n>p2 move destinybond\n>p1 move swordsdance\n>p2 move gunkshot\n>p1 move leechlife\n>p2 switch 3\n>p1 move leechlife\n>p2 move knockoff\n>p1 switch 6\n>p1 move flipturn\n>p2 move machpunch\n>p1 switch 5\n>p2 switch 3\n>p1 move uturn\n>p2 move destinybond\n>p1 switch 3\n>p2 switch 5\n>p1 move superpower\n>p2 move wish\n>p2 switch 6\n>p1 switch 4\n>p2 move dragondance\n>p1 move thunderbolt\n>p2 switch 2\n>p1 switch 5\n>p2 move stealthrock\n>p1 move waterfall\n>p2 move whirlwind\n>p1 move terablast terastallize\n>p2 move earthquake\n>p1 move terablast\n>p2 move whirlwind\n>p2 switch 4\n>p1 move voltswitch\n>p2 move workup\n>p1 switch 5\n>p1 move waterfall\n>p2 move hypervoice\n>p2 switch 2\n>p1 move waterfall\n>p2 move dragondance\n>p1 move waterfall\n>p2 move dragondance\n>p1 move waterfall\n>p2 move dragondance\n>p1 move waterfall\n>p2 move waterfall\n>p1 switch 5\n>p1 switch 4\n>p1 move doubleedge\n>p2 move waterfall", "uploadtime": 1733802145, "views": 37, "formatid": "gen9randombattle", "rating": 1341, "private": 0, "password": null}