{"id": "gen9randombattle-2259944280", "format": "[Gen 9] Random Battle", "players": ["TioNachito1997", "lastreet13"], "log": "|j|\u203dTioNachito1997\n|j|\u2606lastreet13\n|t:|1733782697\n|gametype|singles\n|player|p1|TioNachito1997|steven|1243\n|player|p2|lastreet13|2|1205\n|teamsize|p1|6\n|teamsize|p2|6\n|gen|9\n|tier|[Gen 9] Random Battle\n|rated|\n|rule|Species Clause: Limit one of each Pok\u00e9mon\n|rule|HP Percentage Mod: HP is shown in percentages\n|rule|Sleep Clause Mod: Limit one foe put to sleep\n|rule|Illusion Level Mod: Illusion disguises the Pok\u00e9mon's true level\n|\n|t:|1733782697\n|start\n|switch|p1a: Komala|Komala, L89, M|260/260\n|switch|p2a: Galvantula|Galvantula, L82, M|249/249\n|-ability|p1a: Komala|Comatose\n|turn|1\n|inactive|Battle timer is ON: inactive players will automatically lose when time's up. (requested by TioNachito1997)\n|\n|t:|1733782718\n|move|p2a: Galvantula|Sticky Web|p1a: Komala\n|-sidestart|p1: TioNachito1997|move: Sticky Web\n|move|p1a: Komala|U-turn|p2a: Galvantula\n|-damage|p2a: Galvantula|128/249\n|\n|t:|1733782725\n|switch|p1a: Hitmontop|Hitmontop, L88, M|231/231|[from] U-turn\n|-activate|p1a: Hitmontop|move: Sticky Web\n|-unboost|p1a: Hitmontop|spe|1\n|-ability|p1a: Hitmontop|Intimidate|boost\n|-unboost|p2a: Galvantula|atk|1\n|\n|upkeep\n|turn|2\n|\n|t:|1733782736\n|move|p2a: Galvantula|Volt Switch|p1a: Hitmontop\n|-damage|p1a: Hitmontop|191/231\n|\n|t:|1733782755\n|switch|p2a: Fezandipiti|Fezandipiti, L82, M|278/278|[from] Volt Switch\n|move|p1a: Hitmontop|Rapid Spin|p2a: Fezandipiti\n|-damage|p2a: Fezandipiti|238/278\n|-boost|p1a: Hitmontop|spe|1\n|-sideend|p1: TioNachito1997|Sticky Web|[from] move: Rapid Spin|[of] p1a: Hitmontop\n|\n|-heal|p2a: Fezandipiti|255/278|[from] item: Leftovers\n|upkeep\n|turn|3\n|\n|t:|1733782775\n|switch|p1a: Copperajah|Copperajah, L86, F|350/350\n|move|p2a: Fezandipiti|U-turn|p1a: Copperajah\n|-resisted|p1a: Copperajah\n|-damage|p1a: Copperajah|323/350\n|inactive|lastreet13 has 120 seconds left.\n|\n|t:|1733782801\n|switch|p2a: Regigigas|Regigigas, L84|322/322|[from] U-turn\n|-start|p2a: Regigigas|ability: Slow Start\n|\n|upkeep\n|turn|4\n|\n|t:|1733782813\n|move|p2a: Regigigas|Knock Off|p1a: Copperajah\n|-crit|p1a: Copperajah\n|-damage|p1a: Copperajah|234/350\n|-enditem|p1a: Copperajah|Choice Band|[from] move: Knock Off|[of] p2a: Regigigas\n|move|p1a: Copperajah|Heavy Slam|p2a: Regigigas\n|-damage|p2a: Regigigas|226/322\n|\n|-heal|p2a: Regigigas|246/322|[from] item: Leftovers\n|upkeep\n|turn|5\n|inactive|lastreet13 has 90 seconds left.\n|\n|t:|1733782845\n|switch|p1a: Hitmontop|Hitmontop, L88, M|191/231\n|-ability|p1a: Hitmontop|Intimidate|boost\n|-unboost|p2a: Regigigas|atk|1\n|-terastallize|p2a: Regigigas|Ghost\n|move|p2a: Regigigas|Knock Off|p1a: Hitmontop\n|-resisted|p1a: Hitmontop\n|-damage|p1a: Hitmontop|175/231\n|-enditem|p1a: Hitmontop|Assault Vest|[from] move: Knock Off|[of] p2a: Regigigas\n|\n|-heal|p2a: Regigigas|266/322|[from] item: Leftovers\n|upkeep\n|turn|6\n|inactive|lastreet13 has 90 seconds left.\n|\n|t:|1733782866\n|switch|p1a: Copperajah|Copperajah, L86, F|234/350\n|move|p2a: Regigigas|Body Slam|p1a: Copperajah\n|-resisted|p1a: Copperajah\n|-damage|p1a: Copperajah|205/350\n|\n|-heal|p2a: Regigigas|286/322|[from] item: Leftovers\n|upkeep\n|turn|7\n|inactive|lastreet13 has 60 seconds left.\n|\n|t:|1733782896\n|-end|p2a: Regigigas|Slow Start|[silent]\n|switch|p2a: Galvantula|Galvantula, L82, M|128/249\n|move|p1a: Copperajah|Heavy Slam|p2a: Galvantula\n|-resisted|p2a: Galvantula\n|-damage|p2a: Galvantula|23/249\n|\n|upkeep\n|turn|8\n|\n|t:|1733782905\n|switch|p1a: Hitmontop|Hitmontop, L88, M|175/231\n|-ability|p1a: Hitmontop|Intimidate|boost\n|-unboost|p2a: Galvantula|atk|1\n|move|p2a: Galvantula|Sticky Web|p1a: Hitmontop\n|-sidestart|p1: TioNachito1997|move: Sticky Web\n|\n|upkeep\n|turn|9\n|\n|t:|1733782912\n|switch|p2a: Regigigas|Regigigas, L84, tera:Ghost|286/322\n|-start|p2a: Regigigas|ability: Slow Start\n|move|p1a: Hitmontop|Earthquake|p2a: Regigigas\n|-damage|p2a: Regigigas|220/322\n|\n|-heal|p2a: Regigigas|240/322|[from] item: Leftovers\n|upkeep\n|turn|10\n|inactive|lastreet13 has 60 seconds left.\n|\n|t:|1733782936\n|switch|p1a: Copperajah|Copperajah, L86, F|205/350\n|-activate|p1a: Copperajah|move: Sticky Web\n|-unboost|p1a: Copperajah|spe|1\n|move|p2a: Regigigas|Body Slam|p1a: Copperajah\n|-resisted|p1a: Copperajah\n|-damage|p1a: Copperajah|166/350\n|\n|-heal|p2a: Regigigas|260/322|[from] item: Leftovers\n|upkeep\n|turn|11\n|inactive|lastreet13 has 60 seconds left.\n|\n|t:|1733782959\n|switch|p1a: Hitmontop|Hitmontop, L88, M|175/231\n|-activate|p1a: Hitmontop|move: Sticky Web\n|-unboost|p1a: Hitmontop|spe|1\n|-ability|p1a: Hitmontop|Intimidate|boost\n|-unboost|p2a: Regigigas|atk|1\n|move|p2a: Regigigas|Body Slam|p1a: Hitmontop\n|-damage|p1a: Hitmontop|135/231\n|\n|-heal|p2a: Regigigas|280/322|[from] item: Leftovers\n|upkeep\n|turn|12\n|\n|t:|1733782976\n|switch|p1a: Copperajah|Copperajah, L86, F|166/350\n|-activate|p1a: Copperajah|move: Sticky Web\n|-unboost|p1a: Copperajah|spe|1\n|move|p2a: Regigigas|Body Slam|p1a: Copperajah\n|-resisted|p1a: Copperajah\n|-damage|p1a: Copperajah|139/350\n|\n|-heal|p2a: Regigigas|300/322|[from] item: Leftovers\n|upkeep\n|turn|13\n|inactive|lastreet13 has 30 seconds left.\n|inactive|lastreet13 has 20 seconds left.\n|inactive|lastreet13 has 15 seconds left.\n|\n|t:|1733783023\n|move|p2a: Regigigas|Body Slam|p1a: Copperajah\n|-resisted|p1a: Copperajah\n|-damage|p1a: Copperajah|115/350\n|move|p1a: Copperajah|Heavy Slam|p2a: Regigigas\n|-crit|p2a: Regigigas\n|-damage|p2a: Regigigas|165/322\n|\n|-heal|p2a: Regigigas|185/322|[from] item: Leftovers\n|upkeep\n|turn|14\n|inactive|lastreet13 has 25 seconds left this turn.\n|inactive|lastreet13 has 20 seconds left.\n|inactive|lastreet13 has 15 seconds left.\n|\n|t:|1733783038\n|switch|p1a: Hitmontop|Hitmontop, L88, M|135/231\n|-activate|p1a: Hitmontop|move: Sticky Web\n|-unboost|p1a: Hitmontop|spe|1\n|-ability|p1a: Hitmontop|Intimidate|boost\n|-unboost|p2a: Regigigas|atk|1\n|move|p2a: Regigigas|Rest|p2a: Regigigas\n|-status|p2a: Regigigas|slp|[from] move: Rest\n|-heal|p2a: Regigigas|322/322 slp|[silent]\n|\n|-end|p2a: Regigigas|Slow Start\n|upkeep\n|turn|15\n|inactive|lastreet13 has 25 seconds left this turn.\n|inactive|lastreet13 has 20 seconds left.\n|inactive|lastreet13 has 15 seconds left.\n|\n|t:|1733783058\n|switch|p1a: Copperajah|Copperajah, L86, F|115/350\n|-activate|p1a: Copperajah|move: Sticky Web\n|-unboost|p1a: Copperajah|spe|1\n|cant|p2a: Regigigas|slp\n|move|p2a: Regigigas|Sleep Talk|p2a: Regigigas\n|move|p2a: Regigigas|Rest||[from]move: Sleep Talk|[still]\n|-fail|p2a: Regigigas\n|\n|upkeep\n|turn|16\n|inactive|lastreet13 has 25 seconds left this turn.\n|inactive|lastreet13 has 20 seconds left.\n|inactive|lastreet13 has 15 seconds left.\n|inactive|lastreet13 has 10 seconds left.\n|\n|t:|1733783076\n|switch|p1a: Hitmontop|Hitmontop, L88, M|135/231\n|-activate|p1a: Hitmontop|move: Sticky Web\n|-unboost|p1a: Hitmontop|spe|1\n|-ability|p1a: Hitmontop|Intimidate|boost\n|-unboost|p2a: Regigigas|atk|1\n|cant|p2a: Regigigas|slp\n|move|p2a: Regigigas|Sleep Talk|p2a: Regigigas\n|move|p2a: Regigigas|Body Slam|p1a: Hitmontop|[from]move: Sleep Talk\n|-damage|p1a: Hitmontop|90/231\n|\n|upkeep\n|turn|17\n|inactive|lastreet13 has 20 seconds left this turn.\n|inactive|lastreet13 has 15 seconds left.\n|inactive|lastreet13 has 10 seconds left.\n|\n|t:|1733783091\n|-curestatus|p2a: Regigigas|slp|[msg]\n|move|p2a: Regigigas|Body Slam|p1a: Hitmontop\n|-damage|p1a: Hitmontop|45/231\n|-status|p1a: Hitmontop|par\n|move|p1a: Hitmontop|Rapid Spin|p2a: Regigigas\n|-immune|p2a: Regigigas\n|\n|upkeep\n|turn|18\n|inactive|lastreet13 has 20 seconds left this turn.\n|inactive|lastreet13 has 15 seconds left.\n|inactive|lastreet13 has 10 seconds left.\n|\n|t:|1733783105\n|switch|p1a: Copperajah|Copperajah, L86, F|115/350\n|-activate|p1a: Copperajah|move: Sticky Web\n|-unboost|p1a: Copperajah|spe|1\n|move|p2a: Regigigas|Body Slam|p1a: Copperajah\n|-resisted|p1a: Copperajah\n|-damage|p1a: Copperajah|86/350\n|\n|upkeep\n|turn|19\n|inactive|lastreet13 has 20 seconds left this turn.\n|inactive|lastreet13 has 15 seconds left.\n|inactive|lastreet13 has 10 seconds left.\n|\n|t:|1733783119\n|move|p2a: Regigigas|Knock Off|p1a: Copperajah\n|-damage|p1a: Copperajah|55/350\n|move|p1a: Copperajah|Heavy Slam|p2a: Regigigas\n|-damage|p2a: Regigigas|219/322\n|\n|-heal|p2a: Regigigas|239/322|[from] item: Leftovers\n|upkeep\n|turn|20\n|inactive|lastreet13 has 20 seconds left this turn.\n|inactive|lastreet13 has 15 seconds left.\n|inactive|lastreet13 has 10 seconds left.\n|\n|t:|1733783129\n|move|p2a: Regigigas|Knock Off|p1a: Copperajah\n|-damage|p1a: Copperajah|21/350\n|move|p1a: Copperajah|Heavy Slam|p2a: Regigigas\n|-damage|p2a: Regigigas|137/322\n|\n|-heal|p2a: Regigigas|157/322|[from] item: Leftovers\n|upkeep\n|turn|21\n|inactive|lastreet13 has 20 seconds left this turn.\n|inactive|lastreet13 has 15 seconds left.\n|\n|t:|1733783138\n|switch|p1a: Hitmontop|Hitmontop, L88, M|45/231 par\n|-activate|p1a: Hitmontop|move: Sticky Web\n|-unboost|p1a: Hitmontop|spe|1\n|-ability|p1a: Hitmontop|Intimidate|boost\n|-unboost|p2a: Regigigas|atk|1\n|move|p2a: Regigigas|Rest|p2a: Regigigas\n|-status|p2a: Regigigas|slp|[from] move: Rest\n|-heal|p2a: Regigigas|322/322 slp|[silent]\n|\n|upkeep\n|turn|22\n|inactive|lastreet13 has 25 seconds left this turn.\n|inactive|lastreet13 has 20 seconds left.\n|inactive|lastreet13 has 15 seconds left.\n|\n|t:|1733783154\n|cant|p2a: Regigigas|slp\n|move|p2a: Regigigas|Sleep Talk|p2a: Regigigas\n|move|p2a: Regigigas|Knock Off|p1a: Hitmontop|[from]move: Sleep Talk\n|-resisted|p1a: Hitmontop\n|-damage|p1a: Hitmontop|35/231 par\n|move|p1a: Hitmontop|Rapid Spin|p2a: Regigigas\n|-immune|p2a: Regigigas\n|\n|upkeep\n|turn|23\n|inactive|lastreet13 has 25 seconds left this turn.\n|inactive|lastreet13 has 20 seconds left.\n|inactive|lastreet13 has 15 seconds left.\n|\n|t:|1733783166\n|switch|p1a: Greedent|Greedent, L86, M|347/347\n|-activate|p1a: Greedent|move: Sticky Web\n|-unboost|p1a: Greedent|spe|1\n|cant|p2a: Regigigas|slp\n|\n|upkeep\n|turn|24\n|inactive|lastreet13 has 25 seconds left this turn.\n|inactive|lastreet13 has 20 seconds left.\n|inactive|lastreet13 has 15 seconds left.\n|\n|t:|1733783180\n|-curestatus|p2a: Regigigas|slp|[msg]\n|move|p2a: Regigigas|Knock Off|p1a: Greedent\n|-damage|p1a: Greedent|314/347\n|-enditem|p1a: Greedent|Sitrus Berry|[from] move: Knock Off|[of] p2a: Regigigas\n|move|p1a: Greedent|Swords Dance|p1a: Greedent\n|-boost|p1a: Greedent|atk|2\n|\n|upkeep\n|turn|25\n|inactive|lastreet13 has 25 seconds left this turn.\n|inactive|lastreet13 has 20 seconds left.\n|inactive|lastreet13 has 15 seconds left.\n|\n|t:|1733783194\n|-end|p2a: Regigigas|Slow Start|[silent]\n|switch|p2a: Bruxish|Bruxish, L85, F|254/254\n|move|p1a: Greedent|Swords Dance|p1a: Greedent\n|-boost|p1a: Greedent|atk|2\n|\n|upkeep\n|turn|26\n|inactive|lastreet13 has 25 seconds left this turn.\n|inactive|lastreet13 has 20 seconds left.\n|\n|t:|1733783200\n|move|p2a: Bruxish|Psychic Fangs|p1a: Greedent\n|-damage|p1a: Greedent|106/347\n|move|p1a: Greedent|Knock Off|p2a: Bruxish\n|-supereffective|p2a: Bruxish\n|-damage|p2a: Bruxish|0 fnt\n|-enditem|p2a: Bruxish|Choice Band|[from] move: Knock Off|[of] p1a: Greedent\n|faint|p2a: Bruxish\n|\n|upkeep\n|inactive|lastreet13 has 25 seconds left this turn.\n|inactive|lastreet13 has 20 seconds left.\n|\n|t:|1733783209\n|switch|p2a: Regigigas|Regigigas, L84, tera:Ghost|322/322\n|-start|p2a: Regigigas|ability: Slow Start\n|turn|27\n|inactive|lastreet13 has 30 seconds left this turn.\n|\n|t:|1733783213\n|move|p2a: Regigigas|Body Slam|p1a: Greedent\n|-damage|p1a: Greedent|42/347\n|move|p1a: Greedent|Knock Off|p2a: Regigigas\n|-supereffective|p2a: Regigigas\n|-damage|p2a: Regigigas|0 fnt\n|-enditem|p2a: Regigigas|Leftovers|[from] move: Knock Off|[of] p1a: Greedent\n|faint|p2a: Regigigas\n|-end|p2a: Regigigas|Slow Start|[silent]\n|\n|upkeep\n|inactive|lastreet13 has 30 seconds left.\n|\n|t:|1733783222\n|switch|p2a: Galvantula|Galvantula, L82, M|23/249\n|turn|28\n|\n|t:|1733783250\n|move|p2a: Galvantula|Bug Buzz|p1a: Greedent\n|-damage|p1a: Greedent|0 fnt\n|faint|p1a: Greedent\n|\n|upkeep\n|\n|t:|1733783257\n|switch|p1a: Hitmontop|Hitmontop, L88, M|35/231 par\n|-activate|p1a: Hitmontop|move: Sticky Web\n|-unboost|p1a: Hitmontop|spe|1\n|-ability|p1a: Hitmontop|Intimidate|boost\n|-unboost|p2a: Galvantula|atk|1\n|turn|29\n|\n|t:|1733783262\n|move|p2a: Galvantula|Thunder|p1a: Hitmontop\n|-damage|p1a: Hitmontop|0 fnt\n|faint|p1a: Hitmontop\n|\n|upkeep\n|inactive|TioNachito1997 has 120 seconds left.\n|\n|t:|1733783284\n|switch|p1a: Komala|Komala, L89, M|260/260\n|-activate|p1a: Komala|move: Sticky Web\n|-unboost|p1a: Komala|spe|1\n|-ability|p1a: Komala|Comatose\n|turn|30\n|inactive|lastreet13 has 60 seconds left.\n|inactive|lastreet13 has 30 seconds left.\n|\n|t:|1733783323\n|move|p2a: Galvantula|Thunder|p1a: Komala\n|-damage|p1a: Komala|161/260\n|move|p1a: Komala|U-turn|p2a: Galvantula\n|-crit|p2a: Galvantula\n|-damage|p2a: Galvantula|0 fnt\n|faint|p2a: Galvantula\n|inactive|TioNachito1997 has 120 seconds left.\n|\n|t:|1733783343\n|switch|p1a: Copperajah|Copperajah, L86, F|21/350|[from] U-turn\n|-activate|p1a: Copperajah|move: Sticky Web\n|-unboost|p1a: Copperajah|spe|1\n|\n|upkeep\n|inactive|lastreet13 has 30 seconds left.\n|inactive|lastreet13 has 20 seconds left.\n|inactive|lastreet13 has 15 seconds left.\n|inactive|lastreet13 has 10 seconds left.\n|\n|t:|1733783375\n|switch|p2a: Moltres|Moltres-Galar, L79|271/271\n|turn|31\n|inactive|lastreet13 has 20 seconds left this turn.\n|inactive|lastreet13 has 15 seconds left.\n|\n|t:|1733783383\n|move|p2a: Moltres|Nasty Plot|p2a: Moltres\n|-boost|p2a: Moltres|spa|2\n|move|p1a: Copperajah|Stone Edge|p2a: Moltres\n|-supereffective|p2a: Moltres\n|-damage|p2a: Moltres|59/271\n|-ability|p2a: Moltres|Berserk|boost\n|-boost|p2a: Moltres|spa|1\n|\n|upkeep\n|turn|32\n|inactive|lastreet13 has 25 seconds left this turn.\n|inactive|lastreet13 has 20 seconds left.\n|inactive|lastreet13 has 15 seconds left.\n|inactive|lastreet13 has 10 seconds left.\n|\n|t:|1733783403\n|move|p2a: Moltres|Rest|p2a: Moltres\n|-status|p2a: Moltres|slp|[from] move: Rest\n|-heal|p2a: Moltres|271/271 slp|[silent]\n|-enditem|p2a: Moltres|Chesto Berry|[eat]\n|-curestatus|p2a: Moltres|slp|[msg]\n|move|p1a: Copperajah|Heavy Slam|p2a: Moltres\n|-damage|p2a: Moltres|108/271\n|-ability|p2a: Moltres|Berserk|boost\n|-boost|p2a: Moltres|spa|1\n|\n|upkeep\n|turn|33\n|inactive|lastreet13 has 20 seconds left this turn.\n|inactive|lastreet13 has 15 seconds left.\n|\n|t:|1733783413\n|move|p2a: Moltres|Fiery Wrath|p1a: Copperajah\n|-damage|p1a: Copperajah|0 fnt\n|faint|p1a: Copperajah\n|\n|upkeep\n|inactive|lastreet13 has 20 seconds left this turn.\n|\n|t:|1733783418\n|switch|p1a: Zapdos|Zapdos, L78|268/268\n|turn|34\n|inactive|lastreet13 has 30 seconds left this turn.\n|inactive|lastreet13 has 20 seconds left.\n|\n|t:|1733783431\n|switch|p2a: Spidops|Spidops, L96, F|271/271\n|move|p1a: Zapdos|Discharge|p2a: Spidops\n|-damage|p2a: Spidops|186/271\n|-status|p2a: Spidops|par\n|\n|upkeep\n|turn|35\n|inactive|lastreet13 has 30 seconds left this turn.\n|inactive|lastreet13 has 20 seconds left.\n|inactive|lastreet13 has 15 seconds left.\n|\n|t:|1733783447\n|move|p1a: Zapdos|Hurricane|p2a: Spidops\n|-supereffective|p2a: Spidops\n|-damage|p2a: Spidops|0 fnt\n|faint|p2a: Spidops\n|\n|upkeep\n|inactive|lastreet13 has 20 seconds left this turn.\n|\n|t:|1733783450\n|switch|p2a: Fezandipiti|Fezandipiti, L82, M|255/278\n|turn|36\n|inactive|lastreet13 has 30 seconds left this turn.\n|\n|t:|1733783458\n|switch|p1a: Dachsbun|Dachsbun, L92, F|254/254\n|-activate|p1a: Dachsbun|move: Sticky Web\n|-unboost|p1a: Dachsbun|spe|1\n|move|p2a: Fezandipiti|Gunk Shot|p1a: Dachsbun\n|-supereffective|p1a: Dachsbun\n|-damage|p1a: Dachsbun|96/254\n|-status|p1a: Dachsbun|tox|[from] ability: Toxic Chain|[of] p2a: Fezandipiti\n|\n|-heal|p2a: Fezandipiti|272/278|[from] item: Leftovers\n|-heal|p1a: Dachsbun|111/254 tox|[from] item: Leftovers\n|-damage|p1a: Dachsbun|96/254 tox|[from] psn\n|upkeep\n|turn|37\n|inactive|lastreet13 has 30 seconds left.\n|inactive|lastreet13 has 20 seconds left.\n|\n|t:|1733783474\n|move|p2a: Fezandipiti|Gunk Shot|p1a: Dachsbun\n|-supereffective|p1a: Dachsbun\n|-damage|p1a: Dachsbun|0 fnt\n|faint|p1a: Dachsbun\n|\n|-heal|p2a: Fezandipiti|278/278|[from] item: Leftovers\n|upkeep\n|inactive|lastreet13 has 25 seconds left this turn.\n|\n|t:|1733783487\n|switch|p1a: Komala|Komala, L89, M|161/260\n|-activate|p1a: Komala|move: Sticky Web\n|-unboost|p1a: Komala|spe|1\n|-ability|p1a: Komala|Comatose\n|turn|38\n|inactive|lastreet13 has 30 seconds left.\n|\n|t:|1733783499\n|move|p2a: Fezandipiti|Gunk Shot|p1a: Komala\n|-damage|p1a: Komala|25/260\n|move|p1a: Komala|Double-Edge|p2a: Fezandipiti\n|-damage|p2a: Fezandipiti|0 fnt\n|faint|p2a: Fezandipiti\n|-damage|p1a: Komala|0 fnt|[from] Recoil\n|faint|p1a: Komala\n|\n|upkeep\n|inactive|lastreet13 has 30 seconds left.\n|\n|t:|1733783515\n|switch|p2a: Moltres|Moltres-Galar, L79|108/271\n|switch|p1a: Zapdos|Zapdos, L78|268/268\n|turn|39\n|inactive|lastreet13 has 30 seconds left.\n|\n|t:|1733783529\n|move|p1a: Zapdos|Discharge|p2a: Moltres\n|-supereffective|p2a: Moltres\n|-damage|p2a: Moltres|0 fnt\n|faint|p2a: Moltres\n|\n|win|TioNachito1997\n|raw|TioNachito1997's rating: 1268 &rarr; <strong>1289</strong><br />(+21 for winning)\n|raw|lastreet13's rating: 1205 &rarr; <strong>1184</strong><br />(-21 for losing)\n", "inputlog": ">version bfd83cad13791eb5a5a409923076391caf6fb4d4\n>start {\"formatid\":\"gen9randombattle\",\"seed\":[3793,31974,1055,30135],\"rated\":\"Rated battle\"}\n>player p1 {\"name\":\"TioNachito1997\",\"avatar\":\"steven\",\"rating\":1243,\"seed\":[12570,36869,49665,46882]}\n>player p2 {\"name\":\"lastreet13\",\"avatar\":\"2\",\"rating\":1205,\"seed\":[31470,49627,18962,11134]}\n>p1 move uturn\n>p2 move stickyweb\n>p1 switch 5\n>p1 move rapidspin\n>p2 move voltswitch\n>p2 switch 4\n>p1 switch 3\n>p2 move uturn\n>p2 switch 5\n>p1 move heavyslam\n>p2 move knockoff\n>p1 switch 3\n>p2 move knockoff terastallize\n>p1 switch 3\n>p2 move bodyslam\n>p1 move heavyslam\n>p2 switch 4\n>p1 switch 3\n>p2 move stickyweb\n>p1 move earthquake\n>p2 switch 4\n>p1 switch 3\n>p2 move bodyslam\n>p1 switch 3\n>p2 move bodyslam\n>p1 switch 3\n>p2 move bodyslam\n>p1 move heavyslam\n>p2 move bodyslam\n>p1 switch 3\n>p2 move rest\n>p1 switch 3\n>p2 move sleeptalk\n>p1 switch 3\n>p2 move sleeptalk\n>p1 move rapidspin\n>p2 move bodyslam\n>p1 switch 3\n>p2 move bodyslam\n>p1 move heavyslam\n>p2 move knockoff\n>p1 move heavyslam\n>p2 move knockoff\n>p1 switch 3\n>p2 move rest\n>p1 move rapidspin\n>p2 move sleeptalk\n>p1 switch 4\n>p2 move bodyslam\n>p1 move swordsdance\n>p2 move knockoff\n>p1 move swordsdance\n>p2 switch 6\n>p1 move knockoff\n>p2 move psychicfangs\n>p2 switch 6\n>p1 move knockoff\n>p2 move bodyslam\n>p2 switch 4\n>p1 move knockoff\n>p2 move bugbuzz\n>p1 switch 4\n>p1 move rapidspin\n>p2 move thunder\n>p1 switch 5\n>p1 move uturn\n>p2 move thunder\n>p1 switch 3\n>p2 switch 2\n>p1 move stoneedge\n>p2 move nastyplot\n>p1 move heavyslam\n>p2 move rest\n>p1 move heavyslam\n>p2 move fierywrath\n>p1 switch 6\n>p1 move discharge\n>p2 switch 3\n>p1 move hurricane\n>p2 move knockoff\n>p2 switch 5\n>p1 switch 2\n>p2 move gunkshot\n>p1 move wish\n>p2 move gunkshot\n>p1 switch 3\n>p1 move doubleedge\n>p2 move gunkshot\n>p1 switch 2\n>p2 switch 3\n>p1 move discharge\n>p2 move fierywrath", "uploadtime": 1733783536, "views": 1, "formatid": "gen9randombattle", "rating": 1184, "private": 0, "password": null}