{"id": "gen9randombattle-2202521315", "format": "[Gen 9] Random Battle", "players": ["rblt castelia", "RBLT yerdunc"], "log": "|badge|p2|silver|gen9randombattle|30-2\n|uhtml|medal-msg|<div class=\"broadcast-blue\">Curious what those medals under the avatar are? PS now has Ladder Seasons! For more information, check out the <a href=\"https://www.smogon.com/forums/threads/3740067/\">thread on Smogon.</a></div>\n|j|\u2606rblt castelia\n|j|\u2606RBLT yerdunc\n|t:|1726451874\n|gametype|singles\n|player|p1|rblt castelia|aromalady|2415\n|player|p2|RBLT yerdunc|ethan|2539\n|teamsize|p1|6\n|teamsize|p2|6\n|gen|9\n|tier|[Gen 9] Random Battle\n|rated|\n|rule|Species Clause: Limit one of each Pok\u00e9mon\n|rule|HP Percentage Mod: HP is shown in percentages\n|rule|Sleep Clause Mod: Limit one foe put to sleep\n|rule|Illusion Level Mod: Illusion disguises the Pok\u00e9mon's true level\n|\n|t:|1726451874\n|start\n|switch|p1a: Archaludon|Archaludon, L78, F|268/268\n|switch|p2a: Gastrodon|Gastrodon-East, L86, M|331/331\n|turn|1\n|c|\u2606RBLT yerdunc|LOL\n|c|\u2606rblt castelia|..\n|\n|t:|1726451898\n|switch|p1a: Chesnaught|Chesnaught, L84, M|285/285\n|move|p2a: Gastrodon|Earthquake|p1a: Chesnaught\n|-resisted|p1a: Chesnaught\n|-damage|p1a: Chesnaught|249/285\n|\n|-heal|p1a: Chesnaught|266/285|[from] item: Leftovers\n|upkeep\n|turn|2\n|j| RBLT Ilex\n|j| rb LTG99\n|c|\u2606rblt castelia|yerdunc i dont wanna be the one to knock u out\n|c|\u2606rblt castelia|thats so fucked up\n|\n|t:|1726451913\n|switch|p2a: Typhlosion|Typhlosion-Hisui, L83, F|257/257\n|move|p1a: Chesnaught|Spikes|p2a: Typhlosion\n|-sidestart|p2: RBLT yerdunc|Spikes\n|\n|-heal|p1a: Chesnaught|283/285|[from] item: Leftovers\n|upkeep\n|turn|3\n|c|\u2606RBLT yerdunc|gastro gets dual hazards and mine just isn't running any\n|\n|t:|1726451936\n|switch|p1a: Slowking|Slowking, L88, F|310/310\n|move|p2a: Typhlosion|Calm Mind|p2a: Typhlosion\n|-boost|p2a: Typhlosion|spa|1\n|-boost|p2a: Typhlosion|spd|1\n|\n|upkeep\n|turn|4\n|\n|t:|1726451952\n|switch|p1a: Ursaluna|Ursaluna, L79, M|335/335\n|move|p2a: Typhlosion|Shadow Ball|p1a: Ursaluna\n|-immune|p1a: Ursaluna\n|\n|-status|p1a: Ursaluna|brn|[from] item: Flame Orb\n|upkeep\n|turn|5\n|\n|t:|1726451963\n|-terastallize|p2a: Typhlosion|Fighting\n|move|p2a: Typhlosion|Focus Blast|p1a: Ursaluna\n|-supereffective|p1a: Ursaluna\n|-damage|p1a: Ursaluna|0 fnt\n|faint|p1a: Ursaluna\n|\n|upkeep\n|j| rblt lw\n|j| rblt found it to\n|\n|t:|1726452017\n|switch|p1a: Slowking|Slowking, L88, F|310/310\n|turn|6\n|j| Revival Tour\n|\n|t:|1726452026\n|-terastallize|p1a: Slowking|Water\n|move|p2a: Typhlosion|Shadow Ball|p1a: Slowking\n|-damage|p1a: Slowking|199/310\n|-unboost|p1a: Slowking|spd|1\n|move|p1a: Slowking|Psychic|p2a: Typhlosion\n|-supereffective|p2a: Typhlosion\n|-damage|p2a: Typhlosion|51/257\n|\n|upkeep\n|turn|7\n|j| GeniusX\n|\n|t:|1726452037\n|move|p2a: Typhlosion|Shadow Ball|p1a: Slowking\n|-damage|p1a: Slowking|21/310\n|move|p1a: Slowking|Psychic|p2a: Typhlosion\n|-supereffective|p2a: Typhlosion\n|-damage|p2a: Typhlosion|0 fnt\n|faint|p2a: Typhlosion\n|\n|upkeep\n|c| GeniusX|wait\n|c|\u2606RBLT yerdunc|wait i should've just\n|c|\u2606RBLT yerdunc|blasted\n|c|\u2606RBLT yerdunc|oops\n|c|\u2606rblt castelia|LOL hi xing\n|j| raulcanxd\n|c|\u2606rblt castelia|yea if u blasted u won\n|c|\u2606rblt castelia|on the spot\n|c| GeniusX|nah aint no way this is happening\n|\n|t:|1726452057\n|switch|p2a: Pyroar|Pyroar, L88, M|295/295\n|-ability|p2a: Pyroar|Unnerve\n|turn|8\n|j| hjkhj\n|\n|t:|1726452067\n|switch|p1a: Probopass|Probopass, L92, M|260/260\n|move|p2a: Pyroar|Hyper Voice|p1a: Probopass\n|-resisted|p1a: Probopass\n|-crit|p1a: Probopass\n|-damage|p1a: Probopass|234/260\n|\n|-heal|p1a: Probopass|250/260|[from] item: Leftovers\n|upkeep\n|turn|9\n|j| Star-Scourger64\n|\n|t:|1726452074\n|switch|p2a: Gastrodon|Gastrodon-East, L86, M|331/331\n|-damage|p2a: Gastrodon|290/331|[from] Spikes\n|switch|p1a: Chesnaught|Chesnaught, L84, M|283/285\n|\n|-heal|p1a: Chesnaught|285/285|[from] item: Leftovers\n|-heal|p2a: Gastrodon|310/331|[from] item: Leftovers\n|upkeep\n|turn|10\n|c| rblt lw|genius x of the genius x cup\n|\n|t:|1726452094\n|switch|p2a: Kilowattrel|Kilowattrel, L83, M|252/252\n|move|p1a: Chesnaught|Spikes|p2a: Kilowattrel\n|-sidestart|p2: RBLT yerdunc|Spikes\n|\n|upkeep\n|turn|11\n|c| GeniusX|hi\n|\n|t:|1726452110\n|switch|p1a: Archaludon|Archaludon, L78, F|268/268\n|move|p2a: Kilowattrel|Thunder Wave|p1a: Archaludon\n|-status|p1a: Archaludon|par\n|-enditem|p1a: Archaludon|Lum Berry|[eat]\n|-curestatus|p1a: Archaludon|par|[msg]\n|\n|upkeep\n|turn|12\n|c| hjkhj|go yerdunc\n|\n|t:|1726452124\n|move|p2a: Kilowattrel|Thunder Wave|p1a: Archaludon\n|-status|p1a: Archaludon|par\n|cant|p1a: Archaludon|par\n|\n|upkeep\n|turn|13\n|\n|t:|1726452141\n|switch|p2a: Gastrodon|Gastrodon-East, L86, M|310/331\n|-damage|p2a: Gastrodon|255/331|[from] Spikes\n|move|p1a: Archaludon|Swords Dance|p1a: Archaludon\n|-boost|p1a: Archaludon|atk|2\n|\n|-heal|p2a: Gastrodon|275/331|[from] item: Leftovers\n|upkeep\n|turn|14\n|\n|t:|1726452147\n|move|p2a: Gastrodon|Earthquake|p1a: Archaludon\n|-supereffective|p1a: Archaludon\n|-damage|p1a: Archaludon|124/268 par\n|-ability|p1a: Archaludon|Stamina|boost\n|-boost|p1a: Archaludon|def|1\n|move|p1a: Archaludon|Outrage|p2a: Gastrodon\n|-damage|p2a: Gastrodon|0 fnt\n|faint|p2a: Gastrodon\n|\n|upkeep\n|\n|t:|1726452169\n|switch|p2a: Mamoswine|Mamoswine, L81, M|311/311\n|-damage|p2a: Mamoswine|260/311|[from] Spikes\n|turn|15\n|\n|t:|1726452171\n|move|p2a: Mamoswine|Earthquake|p1a: Archaludon\n|-supereffective|p1a: Archaludon\n|-damage|p1a: Archaludon|0 fnt\n|faint|p1a: Archaludon\n|\n|upkeep\n|\n|t:|1726452181\n|switch|p1a: Vespiquen|Vespiquen, L98, F|296/296\n|-ability|p1a: Vespiquen|Pressure\n|turn|16\n|\n|t:|1726452185\n|switch|p2a: Kilowattrel|Kilowattrel, L83, M|252/252\n|move|p1a: Vespiquen|U-turn|p2a: Kilowattrel\n|-resisted|p2a: Kilowattrel\n|-damage|p2a: Kilowattrel|194/252\n|l| rblt found it to\n|\n|t:|1726452193\n|switch|p1a: Probopass|Probopass, L92, M|250/260|[from] U-turn\n|\n|-heal|p1a: Probopass|260/260|[from] item: Leftovers\n|upkeep\n|turn|17\n|\n|t:|1726452203\n|switch|p2a: Spiritomb|Spiritomb, L89, M|234/234\n|-damage|p2a: Spiritomb|195/234|[from] Spikes\n|move|p1a: Probopass|Iron Defense|p1a: Probopass\n|-boost|p1a: Probopass|def|2\n|\n|-heal|p2a: Spiritomb|209/234|[from] item: Leftovers\n|upkeep\n|turn|18\n|\n|t:|1726452210\n|move|p1a: Probopass|Thunder Wave|p2a: Spiritomb\n|-status|p2a: Spiritomb|par\n|move|p2a: Spiritomb|Will-O-Wisp|p1a: Probopass\n|-status|p1a: Probopass|brn\n|\n|-heal|p2a: Spiritomb|223/234 par|[from] item: Leftovers\n|-damage|p1a: Probopass|244/260 brn|[from] brn\n|upkeep\n|turn|19\n|j| tommy ege\n|\n|t:|1726452231\n|move|p1a: Probopass|Iron Defense|p1a: Probopass\n|-boost|p1a: Probopass|def|2\n|cant|p2a: Spiritomb|par\n|\n|-heal|p1a: Probopass|260/260 brn|[from] item: Leftovers\n|-heal|p2a: Spiritomb|234/234 par|[from] item: Leftovers\n|-damage|p1a: Probopass|244/260 brn|[from] brn\n|upkeep\n|turn|20\n|\n|t:|1726452250\n|switch|p2a: Mamoswine|Mamoswine, L81, M|260/311\n|-damage|p2a: Mamoswine|209/311|[from] Spikes\n|move|p1a: Probopass|Iron Defense|p1a: Probopass\n|-boost|p1a: Probopass|def|2\n|\n|-heal|p1a: Probopass|260/260 brn|[from] item: Leftovers\n|-damage|p1a: Probopass|244/260 brn|[from] brn\n|upkeep\n|turn|21\n|j| RBLT Unstoppable\n|\n|t:|1726452265\n|move|p2a: Mamoswine|Earthquake|p1a: Probopass\n|-supereffective|p1a: Probopass\n|-damage|p1a: Probopass|120/260 brn\n|move|p1a: Probopass|Body Press|p2a: Mamoswine\n|-supereffective|p2a: Mamoswine\n|-damage|p2a: Mamoswine|0 fnt\n|faint|p2a: Mamoswine\n|\n|-heal|p1a: Probopass|136/260 brn|[from] item: Leftovers\n|-damage|p1a: Probopass|120/260 brn|[from] brn\n|upkeep\n|\n|t:|1726452282\n|switch|p2a: Pyroar|Pyroar, L88, M|295/295\n|-ability|p2a: Pyroar|Unnerve\n|turn|22\n|\n|t:|1726452292\n|move|p2a: Pyroar|Fire Blast|p1a: Probopass\n|-damage|p1a: Probopass|29/260 brn\n|move|p1a: Probopass|Body Press|p2a: Pyroar\n|-supereffective|p2a: Pyroar\n|-damage|p2a: Pyroar|0 fnt\n|faint|p2a: Pyroar\n|\n|-heal|p1a: Probopass|45/260 brn|[from] item: Leftovers\n|-damage|p1a: Probopass|29/260 brn|[from] brn\n|upkeep\n|\n|t:|1726452296\n|switch|p2a: Kilowattrel|Kilowattrel, L83, M|194/252\n|turn|23\n|\n|t:|1726452305\n|move|p2a: Kilowattrel|Thunderbolt|p1a: Probopass\n|-damage|p1a: Probopass|0 fnt\n|faint|p1a: Probopass\n|\n|upkeep\n|\n|t:|1726452317\n|switch|p1a: Slowking|Slowking, L88, F, tera:Water|124/310\n|turn|24\n|l| RBLT Unstoppable\n|\n|t:|1726452333\n|switch|p1a: Chesnaught|Chesnaught, L84, M|285/285\n|move|p2a: Kilowattrel|Thunderbolt|p1a: Chesnaught\n|-resisted|p1a: Chesnaught\n|-damage|p1a: Chesnaught|229/285\n|\n|-heal|p1a: Chesnaught|246/285|[from] item: Leftovers\n|upkeep\n|turn|25\n|\n|t:|1726452346\n|move|p2a: Kilowattrel|Hurricane|p1a: Chesnaught\n|-supereffective|p1a: Chesnaught\n|-damage|p1a: Chesnaught|0 fnt\n|faint|p1a: Chesnaught\n|\n|upkeep\n|\n|t:|1726452348\n|switch|p1a: Slowking|Slowking, L88, F, tera:Water|227/310\n|turn|26\n|\n|t:|1726452371\n|move|p2a: Kilowattrel|Thunder Wave|p1a: Slowking\n|-status|p1a: Slowking|par\n|move|p1a: Slowking|Ice Beam|p2a: Kilowattrel\n|-supereffective|p2a: Kilowattrel\n|-damage|p2a: Kilowattrel|0 fnt\n|faint|p2a: Kilowattrel\n|\n|upkeep\n|j| RBLT Unstoppable\n|\n|t:|1726452377\n|switch|p2a: Spiritomb|Spiritomb, L89, M|234/234 par\n|-damage|p2a: Spiritomb|195/234 par|[from] Spikes\n|turn|27\n|l| Revival Tour\n|\n|t:|1726452380\n|switch|p1a: Vespiquen|Vespiquen, L98, F|296/296\n|-ability|p1a: Vespiquen|Pressure\n|move|p2a: Spiritomb|Poltergeist|p1a: Vespiquen\n|-activate|p1a: Vespiquen|move: Poltergeist|Heavy-Duty Boots\n|-damage|p1a: Vespiquen|202/296\n|\n|-heal|p2a: Spiritomb|209/234 par|[from] item: Leftovers\n|upkeep\n|turn|28\n|\n|t:|1726452384\n|move|p1a: Vespiquen|Hurricane|p2a: Spiritomb\n|-damage|p2a: Spiritomb|103/234 par\n|move|p2a: Spiritomb|Will-O-Wisp|p1a: Vespiquen\n|-status|p1a: Vespiquen|brn\n|\n|-heal|p2a: Spiritomb|117/234 par|[from] item: Leftovers\n|-damage|p1a: Vespiquen|184/296 brn|[from] brn\n|upkeep\n|turn|29\n|\n|t:|1726452388\n|move|p1a: Vespiquen|Hurricane|p2a: Spiritomb\n|-damage|p2a: Spiritomb|14/234 par\n|move|p2a: Spiritomb|Poltergeist|p1a: Vespiquen\n|-activate|p1a: Vespiquen|move: Poltergeist|Heavy-Duty Boots\n|-damage|p1a: Vespiquen|88/296 brn\n|\n|-heal|p2a: Spiritomb|28/234 par|[from] item: Leftovers\n|-damage|p1a: Vespiquen|70/296 brn|[from] brn\n|upkeep\n|turn|30\n|c|\u2606RBLT yerdunc|not like this..\n|\n|t:|1726452400\n|move|p1a: Vespiquen|U-turn|p2a: Spiritomb\n|-damage|p2a: Spiritomb|0 fnt\n|faint|p2a: Spiritomb\n|\n|win|rblt castelia\n|raw|rblt castelia's rating: 2415 &rarr; <strong>2442</strong><br />(+27 for winning)\n|raw|RBLT yerdunc's rating: 2539 &rarr; <strong>2512</strong><br />(-27 for losing)\n|c|\u2606RBLT yerdunc|gg\n|c|\u2606rblt castelia|im sorry yerdunc D:\n|c|\u2606rblt castelia|gg\n|l|\u2606RBLT yerdunc\n|player|p2|\n|l| hjkhj\n|l| RBLT Unstoppable\n|l|\u2606rblt castelia\n|player|p1|\n|l| GeniusX\n|l| tommy ege\n|l| rblt lw\n|j|\u2606rblt castelia\n|player|p1|rblt castelia|aromalady|\n", "inputlog": ">version abcf08933808d3fb39dbc2b54a8665d830b47482\n>start {\"formatid\":\"gen9randombattle\",\"seed\":[10714,6664,40472,38603],\"rated\":\"Rated battle\"}\n>player p1 {\"name\":\"rblt castelia\",\"avatar\":\"aromalady\",\"rating\":2415,\"seed\":[51504,32344,44340,17712]}\n>player p2 {\"name\":\"RBLT yerdunc\",\"avatar\":\"ethan\",\"rating\":2539,\"seed\":[12304,34644,17541,54484]}\n>chat \u2606RBLT yerdunc|LOL\n>chat \u2606rblt castelia|..\n>p1 switch 3\n>p2 move earthquake\n>chat \u2606rblt castelia|yerdunc i dont wanna be the one to knock u out\n>chat \u2606rblt castelia|thats so fucked up\n>p1 move spikes\n>p2 switch 5\n>chat \u2606RBLT yerdunc|gastro gets dual hazards and mine just isn't running any\n>p1 switch 6\n>p2 move calmmind\n>p1 switch 4\n>p2 move shadowball\n>p1 move headlongrush\n>p2 move focusblast terastallize\n>p1 switch 4\n>p1 move psychic terastallize\n>p2 move shadowball\n>p1 move psychic\n>p2 move shadowball\n>chat  GeniusX|wait\n>chat \u2606RBLT yerdunc|wait i should've just\n>chat \u2606RBLT yerdunc|blasted\n>chat \u2606RBLT yerdunc|oops\n>chat \u2606rblt castelia|LOL hi xing\n>chat \u2606rblt castelia|yea if u blasted u won\n>chat \u2606rblt castelia|on the spot\n>chat  GeniusX|nah aint no way this is happening\n>p2 switch 2\n>p1 switch 5\n>p2 move hypervoice\n>p1 switch 6\n>p2 switch 5\n>chat  rblt lw|genius x of the genius x cup\n>p1 move spikes\n>p2 switch 3\n>chat  GeniusX|hi\n>p1 switch 3\n>p2 move thunderwave\n>chat  hjkhj|go yerdunc\n>p1 move swordsdance\n>p2 move thunderwave\n>p1 move swordsdance\n>p2 switch 3\n>p1 move outrage\n>p2 move earthquake\n>p2 switch 4\n>p1 move outrage\n>p2 move earthquake\n>p1 switch 2\n>p1 move uturn\n>p2 switch 3\n>p1 switch 6\n>p1 move irondefense\n>p2 switch 6\n>p1 move thunderwave\n>p2 move willowisp\n>p1 move irondefense\n>p2 move poltergeist\n>p1 move irondefense\n>p2 switch 3\n>p1 move bodypress\n>p2 move earthquake\n>p2 switch 5\n>p1 move bodypress\n>p2 move fireblast\n>p2 switch 6\n>p1 move bodypress\n>p2 move thunderbolt\n>p1 switch 5\n>p1 switch 3\n>p2 move thunderbolt\n>p1 move spikes\n>p2 move hurricane\n>p1 switch 3\n>p1 move icebeam\n>p2 move thunderwave\n>p2 switch 3\n>p1 switch 6\n>p2 move poltergeist\n>p1 move hurricane\n>p2 move willowisp\n>p1 move hurricane\n>p2 move poltergeist\n>chat \u2606RBLT yerdunc|not like this..\n>p1 move uturn\n>p2 move poltergeist", "uploadtime": 1726452455, "views": 129, "formatid": "gen9randombattle", "rating": 2442, "private": 0, "password": null}