{"id": "gen9randombattle-2259945927", "format": "[Gen 9] Random Battle", "players": ["Void Knight Ace", "zzipz"], "log": "|j|\u2606Void Knight Ace\n|j|\u2606zzipz\n|t:|1733782882\n|gametype|singles\n|player|p1|Void Knight Ace|n|1443\n|player|p2|zzipz|265|1470\n|teamsize|p1|6\n|teamsize|p2|6\n|gen|9\n|tier|[Gen 9] Random Battle\n|rated|\n|rule|Species Clause: Limit one of each Pok\u00e9mon\n|rule|HP Percentage Mod: HP is shown in percentages\n|rule|Sleep Clause Mod: Limit one foe put to sleep\n|rule|Illusion Level Mod: Illusion disguises the Pok\u00e9mon's true level\n|\n|t:|1733782882\n|start\n|switch|p1a: Lanturn|Lanturn, L89, F|367/367\n|switch|p2a: Leavanny|Leavanny, L86, M|269/269\n|turn|1\n|inactive|Battle timer is ON: inactive players will automatically lose when time's up. (requested by zzipz)\n|\n|t:|1733782906\n|move|p2a: Leavanny|Leaf Blade|p1a: Lanturn\n|-supereffective|p1a: Lanturn\n|-damage|p1a: Lanturn|113/367\n|move|p1a: Lanturn|Volt Switch|p2a: Leavanny\n|-resisted|p2a: Leavanny\n|-damage|p2a: Leavanny|232/269\n|\n|t:|1733782913\n|switch|p1a: Emboar|Emboar, L84, M|322/322|[from] Volt Switch\n|\n|upkeep\n|turn|2\n|\n|t:|1733782920\n|switch|p2a: Ditto|Ditto, L87|225/225\n|-transform|p2a: Ditto|p1a: Emboar|[from] ability: Imposter\n|move|p1a: Emboar|Trailblaze|p2a: Ditto\n|-resisted|p2a: Ditto\n|-damage|p2a: Ditto|199/225\n|-boost|p1a: Emboar|spe|1\n|\n|upkeep\n|turn|3\n|\n|t:|1733782930\n|switch|p2a: Leavanny|Leavanny, L86, M|232/269\n|move|p1a: Emboar|Bulk Up|p1a: Emboar\n|-boost|p1a: Emboar|atk|1\n|-boost|p1a: Emboar|def|1\n|\n|upkeep\n|turn|4\n|\n|t:|1733782935\n|switch|p2a: Ditto|Ditto, L87|199/225\n|-transform|p2a: Ditto|p1a: Emboar|[from] ability: Imposter\n|move|p1a: Emboar|Trailblaze|p2a: Ditto\n|-resisted|p2a: Ditto\n|-damage|p2a: Ditto|171/225\n|-boost|p1a: Emboar|spe|1\n|\n|upkeep\n|turn|5\n|\n|t:|1733782940\n|move|p2a: Ditto|Drain Punch|p1a: Emboar\n|-damage|p1a: Emboar|210/322\n|-heal|p2a: Ditto|225/225|[from] drain|[of] p1a: Emboar\n|move|p1a: Emboar|Drain Punch|p2a: Ditto\n|-damage|p2a: Ditto|110/225\n|-heal|p1a: Emboar|268/322|[from] drain|[of] p2a: Ditto\n|\n|-heal|p1a: Emboar|288/322|[from] item: Leftovers\n|upkeep\n|turn|6\n|\n|t:|1733782945\n|move|p2a: Ditto|Drain Punch|p1a: Emboar\n|-damage|p1a: Emboar|176/322\n|-heal|p2a: Ditto|166/225|[from] drain|[of] p1a: Emboar\n|move|p1a: Emboar|Drain Punch|p2a: Ditto\n|-damage|p2a: Ditto|45/225\n|-heal|p1a: Emboar|237/322|[from] drain|[of] p2a: Ditto\n|\n|-heal|p1a: Emboar|257/322|[from] item: Leftovers\n|upkeep\n|turn|7\n|\n|t:|1733782953\n|move|p2a: Ditto|Drain Punch|p1a: Emboar\n|-damage|p1a: Emboar|137/322\n|-heal|p2a: Ditto|105/225|[from] drain|[of] p1a: Emboar\n|move|p1a: Emboar|Drain Punch|p2a: Ditto\n|-damage|p2a: Ditto|0 fnt\n|-heal|p1a: Emboar|190/322|[from] drain|[of] p2a: Ditto\n|faint|p2a: Ditto\n|\n|-heal|p1a: Emboar|210/322|[from] item: Leftovers\n|upkeep\n|\n|t:|1733782959\n|switch|p2a: Komala|Komala, L89, F|260/260\n|-ability|p2a: Komala|Comatose\n|turn|8\n|\n|t:|1733782964\n|-terastallize|p2a: Komala|Grass\n|move|p1a: Emboar|Drain Punch|p2a: Komala\n|-damage|p2a: Komala|106/260\n|-heal|p1a: Emboar|287/322|[from] drain|[of] p2a: Komala\n|move|p2a: Komala|Double-Edge|p1a: Emboar\n|-damage|p1a: Emboar|142/322\n|-damage|p2a: Komala|58/260|[from] Recoil\n|\n|-heal|p1a: Emboar|162/322|[from] item: Leftovers\n|upkeep\n|turn|9\n|\n|t:|1733782971\n|move|p1a: Emboar|Drain Punch|p2a: Komala\n|-damage|p2a: Komala|0 fnt\n|-heal|p1a: Emboar|191/322|[from] drain|[of] p2a: Komala\n|faint|p2a: Komala\n|\n|-heal|p1a: Emboar|211/322|[from] item: Leftovers\n|upkeep\n|\n|t:|1733782978\n|switch|p2a: Malamar|Malamar, L82, M|275/275\n|turn|10\n|\n|t:|1733782988\n|-terastallize|p1a: Emboar|Grass\n|move|p1a: Emboar|Drain Punch|p2a: Malamar\n|-damage|p2a: Malamar|118/275\n|-heal|p1a: Emboar|290/322|[from] drain|[of] p2a: Malamar\n|move|p2a: Malamar|Superpower|p1a: Emboar\n|-damage|p1a: Emboar|224/322\n|-boost|p2a: Malamar|atk|1\n|-boost|p2a: Malamar|def|1\n|\n|-heal|p1a: Emboar|244/322|[from] item: Leftovers\n|upkeep\n|turn|11\n|\n|t:|1733782995\n|move|p1a: Emboar|Drain Punch|p2a: Malamar\n|-damage|p2a: Malamar|21/275\n|-heal|p1a: Emboar|293/322|[from] drain|[of] p2a: Malamar\n|move|p2a: Malamar|Rest|p2a: Malamar\n|-status|p2a: Malamar|slp|[from] move: Rest\n|-heal|p2a: Malamar|275/275 slp|[silent]\n|-enditem|p2a: Malamar|Chesto Berry|[eat]\n|-curestatus|p2a: Malamar|slp|[msg]\n|\n|-heal|p1a: Emboar|313/322|[from] item: Leftovers\n|upkeep\n|turn|12\n|\n|t:|1733783002\n|move|p1a: Emboar|Bulk Up|p1a: Emboar\n|-boost|p1a: Emboar|atk|1\n|-boost|p1a: Emboar|def|1\n|move|p2a: Malamar|Superpower|p1a: Emboar\n|-damage|p1a: Emboar|241/322\n|-boost|p2a: Malamar|atk|1\n|-boost|p2a: Malamar|def|1\n|\n|-heal|p1a: Emboar|261/322|[from] item: Leftovers\n|upkeep\n|turn|13\n|\n|t:|1733783011\n|move|p1a: Emboar|Bulk Up|p1a: Emboar\n|-boost|p1a: Emboar|atk|1\n|-boost|p1a: Emboar|def|1\n|move|p2a: Malamar|Superpower|p1a: Emboar\n|-damage|p1a: Emboar|177/322\n|-boost|p2a: Malamar|atk|1\n|-boost|p2a: Malamar|def|1\n|\n|-heal|p1a: Emboar|197/322|[from] item: Leftovers\n|upkeep\n|turn|14\n|\n|t:|1733783018\n|move|p1a: Emboar|Bulk Up|p1a: Emboar\n|-boost|p1a: Emboar|atk|1\n|-boost|p1a: Emboar|def|1\n|move|p2a: Malamar|Superpower|p1a: Emboar\n|-damage|p1a: Emboar|115/322\n|-boost|p2a: Malamar|atk|1\n|-boost|p2a: Malamar|def|1\n|\n|-heal|p1a: Emboar|135/322|[from] item: Leftovers\n|upkeep\n|turn|15\n|\n|t:|1733783023\n|move|p1a: Emboar|Drain Punch|p2a: Malamar\n|-damage|p2a: Malamar|184/275\n|-heal|p1a: Emboar|181/322|[from] drain|[of] p2a: Malamar\n|move|p2a: Malamar|Superpower|p1a: Emboar\n|-damage|p1a: Emboar|86/322\n|-boost|p2a: Malamar|atk|1\n|-boost|p2a: Malamar|def|1\n|\n|-heal|p1a: Emboar|106/322|[from] item: Leftovers\n|upkeep\n|turn|16\n|\n|t:|1733783034\n|move|p1a: Emboar|Drain Punch|p2a: Malamar\n|-crit|p2a: Malamar\n|-damage|p2a: Malamar|0 fnt\n|-heal|p1a: Emboar|198/322|[from] drain|[of] p2a: Malamar\n|faint|p2a: Malamar\n|\n|-heal|p1a: Emboar|218/322|[from] item: Leftovers\n|upkeep\n|\n|t:|1733783041\n|switch|p2a: Bombirdier|Bombirdier, L85, F|258/258\n|turn|17\n|\n|t:|1733783046\n|move|p1a: Emboar|Flare Blitz|p2a: Bombirdier\n|-crit|p2a: Bombirdier\n|-damage|p2a: Bombirdier|0 fnt\n|faint|p2a: Bombirdier\n|-damage|p1a: Emboar|133/322|[from] Recoil\n|\n|-heal|p1a: Emboar|153/322|[from] item: Leftovers\n|upkeep\n|\n|t:|1733783052\n|switch|p2a: Leavanny|Leavanny, L86, M|232/269\n|turn|18\n|\n|t:|1733783054\n|move|p1a: Emboar|Flare Blitz|p2a: Leavanny\n|-supereffective|p2a: Leavanny\n|-damage|p2a: Leavanny|0 fnt\n|faint|p2a: Leavanny\n|-damage|p1a: Emboar|76/322|[from] Recoil\n|\n|-heal|p1a: Emboar|96/322|[from] item: Leftovers\n|upkeep\n|\n|t:|1733783057\n|switch|p2a: Probopass|Probopass, L92, F|260/260\n|turn|19\n|\n|t:|1733783070\n|move|p1a: Emboar|Drain Punch|p2a: Probopass\n|-supereffective|p2a: Probopass\n|-damage|p2a: Probopass|0 fnt\n|-heal|p1a: Emboar|226/322|[from] drain|[of] p2a: Probopass\n|faint|p2a: Probopass\n|\n|win|Void Knight Ace\n|raw|Void Knight Ace's rating: 1443 &rarr; <strong>1465</strong><br />(+22 for winning)\n|raw|zzipz's rating: 1470 &rarr; <strong>1448</strong><br />(-22 for losing)\n|c|\u2606Void Knight Ace|gg\n", "inputlog": ">version bfd83cad13791eb5a5a409923076391caf6fb4d4\n>start {\"formatid\":\"gen9randombattle\",\"seed\":[30322,57091,28786,65172],\"rated\":\"Rated battle\"}\n>player p1 {\"name\":\"Void Knight Ace\",\"avatar\":\"n\",\"rating\":1443,\"seed\":[16226,44063,41397,32365]}\n>player p2 {\"name\":\"zzipz\",\"avatar\":\"265\",\"rating\":1470,\"seed\":[19095,53424,59082,4356]}\n>p1 move voltswitch\n>p2 move leafblade\n>p1 switch 6\n>p1 move trailblaze\n>p2 switch 5\n>p1 move bulkup\n>p2 switch 5\n>p1 move trailblaze\n>p2 switch 5\n>p1 move drainpunch\n>p2 move drainpunch\n>p1 move drainpunch\n>p2 move drainpunch\n>p1 move drainpunch\n>p2 move drainpunch\n>p2 switch 4\n>p1 move drainpunch\n>p2 move doubleedge terastallize\n>p1 move drainpunch\n>p2 move doubleedge\n>p2 switch 3\n>p1 move drainpunch terastallize\n>p2 move superpower\n>p1 move drainpunch\n>p2 move rest\n>p1 move bulkup\n>p2 move superpower\n>p1 move bulkup\n>p2 move superpower\n>p1 move bulkup\n>p2 move superpower\n>p1 move drainpunch\n>p2 move superpower\n>p1 move drainpunch\n>p2 move superpower\n>p2 switch 2\n>p1 move flareblitz\n>p2 move bravebird\n>p2 switch 5\n>p1 move flareblitz\n>p2 move lunge\n>p2 switch 6\n>p1 move drainpunch\n>p2 move thunderwave", "uploadtime": 1733783085, "views": 7, "formatid": "gen9randombattle", "rating": 1448, "private": 0, "password": null}