{"id": "gen9randombattle-2259921454", "format": "[Gen 9] Random Battle", "players": ["code red ccxx", "allhailweegee"], "log": "|j|\u2606code red ccxx\n|j|\u2606allhailweegee\n|t:|1733780185\n|gametype|singles\n|player|p1|code red ccxx|guzma|\n|player|p2|allhailweegee|shauntal|\n|teamsize|p1|6\n|teamsize|p2|6\n|gen|9\n|tier|[Gen 9] Random Battle\n|rule|Species Clause: Limit one of each Pok\u00e9mon\n|rule|HP Percentage Mod: HP is shown in percentages\n|rule|Sleep Clause Mod: Limit one foe put to sleep\n|rule|Illusion Level Mod: Illusion disguises the Pok\u00e9mon's true level\n|\n|t:|1733780185\n|start\n|switch|p1a: Infernape|Infernape, L82, F|259/259\n|switch|p2a: Jirachi|Jirachi, L80|291/291\n|turn|1\n|\n|t:|1733780209\n|move|p1a: Infernape|Overheat|p2a: Jirachi\n|-supereffective|p2a: Jirachi\n|-damage|p2a: Jirachi|0 fnt\n|-unboost|p1a: Infernape|spa|2\n|faint|p2a: Jirachi\n|-damage|p1a: Infernape|234/259|[from] item: Life Orb\n|\n|upkeep\n|\n|t:|1733780216\n|switch|p2a: Ceruledge|Ceruledge, L78, F|245/245\n|turn|2\n|\n|t:|1733780222\n|move|p1a: Infernape|Knock Off|p2a: Ceruledge\n|-supereffective|p2a: Ceruledge\n|-crit|p2a: Ceruledge\n|-damage|p2a: Ceruledge|0 fnt\n|-enditem|p2a: Ceruledge|Heavy-Duty Boots|[from] move: Knock Off|[of] p1a: Infernape\n|faint|p2a: Ceruledge\n|-damage|p1a: Infernape|209/259|[from] item: Life Orb\n|\n|upkeep\n|\n|t:|1733780250\n|switch|p2a: Gothitelle|Gothitelle, L90, F|272/272\n|turn|3\n|\n|t:|1733780253\n|-terastallize|p1a: Infernape|Dark\n|move|p1a: Infernape|Knock Off|p2a: Gothitelle\n|-supereffective|p2a: Gothitelle\n|-damage|p2a: Gothitelle|30/272\n|-enditem|p2a: Gothitelle|Leftovers|[from] move: Knock Off|[of] p1a: Infernape\n|-damage|p1a: Infernape|184/259|[from] item: Life Orb\n|move|p2a: Gothitelle|Thunder Wave|p1a: Infernape\n|-status|p1a: Infernape|par\n|\n|upkeep\n|turn|4\n|\n|t:|1733780259\n|move|p2a: Gothitelle|Focus Blast|p1a: Infernape|[miss]\n|-miss|p2a: Gothitelle|p1a: Infernape\n|move|p1a: Infernape|Knock Off|p2a: Gothitelle\n|-supereffective|p2a: Gothitelle\n|-damage|p2a: Gothitelle|0 fnt\n|faint|p2a: Gothitelle\n|-damage|p1a: Infernape|159/259 par|[from] item: Life Orb\n|\n|upkeep\n|\n|t:|1733780269\n|switch|p2a: Passimian|Passimian, L83, F|302/302\n|turn|5\n|\n|t:|1733780273\n|switch|p1a: Gliscor|Gliscor, L76, F|239/239\n|move|p2a: Passimian|Close Combat|p1a: Gliscor\n|-resisted|p1a: Gliscor\n|-damage|p1a: Gliscor|174/239\n|-unboost|p2a: Passimian|def|1\n|-unboost|p2a: Passimian|spd|1\n|\n|-status|p1a: Gliscor|tox|[from] item: Toxic Orb\n|upkeep\n|turn|6\n|\n|t:|1733780286\n|switch|p2a: Tsareena|Tsareena, L87, F|267/267\n|move|p1a: Gliscor|Substitute|p1a: Gliscor\n|-start|p1a: Gliscor|Substitute\n|-damage|p1a: Gliscor|115/239 tox\n|\n|-heal|p1a: Gliscor|144/239 tox|[from] ability: Poison Heal\n|upkeep\n|turn|7\n|\n|t:|1733780288\n|move|p1a: Gliscor|Toxic|p2a: Tsareena\n|-status|p2a: Tsareena|tox\n|move|p2a: Tsareena|Triple Axel|p1a: Gliscor\n|-supereffective|p1a: Gliscor\n|-activate|p1a: Gliscor|move: Substitute|[damage]\n|-supereffective|p1a: Gliscor\n|-end|p1a: Gliscor|Substitute\n|-supereffective|p1a: Gliscor\n|-damage|p1a: Gliscor|0 fnt\n|faint|p1a: Gliscor\n|-hitcount|p1: Gliscor|3\n|\n|-damage|p2a: Tsareena|251/267 tox|[from] psn\n|upkeep\n|\n|t:|1733780298\n|switch|p1a: Glaceon|Glaceon, L94, M|275/275\n|turn|8\n|\n|t:|1733780305\n|move|p1a: Glaceon|Freeze-Dry|p2a: Tsareena\n|-supereffective|p2a: Tsareena\n|-damage|p2a: Tsareena|35/267 tox\n|move|p2a: Tsareena|Power Whip|p1a: Glaceon\n|-damage|p1a: Glaceon|157/275\n|\n|-damage|p2a: Tsareena|3/267 tox|[from] psn\n|upkeep\n|turn|9\n|\n|t:|1733780312\n|move|p1a: Glaceon|Protect|p1a: Glaceon\n|-singleturn|p1a: Glaceon|Protect\n|move|p2a: Tsareena|Power Whip|p1a: Glaceon\n|-activate|p1a: Glaceon|move: Protect\n|\n|-damage|p2a: Tsareena|0 fnt|[from] psn\n|faint|p2a: Tsareena\n|upkeep\n|\n|t:|1733780316\n|switch|p2a: Muk|Muk, L86, F|321/321\n|turn|10\n|\n|t:|1733780323\n|move|p1a: Glaceon|Wish|p1a: Glaceon\n|move|p2a: Muk|Drain Punch|p1a: Glaceon\n|-supereffective|p1a: Glaceon\n|-damage|p1a: Glaceon|65/275\n|\n|upkeep\n|turn|11\n|\n|t:|1733780380\n|move|p1a: Glaceon|Protect|p1a: Glaceon\n|-singleturn|p1a: Glaceon|Protect\n|move|p2a: Muk|Knock Off|p1a: Glaceon\n|-activate|p1a: Glaceon|move: Protect\n|\n|-heal|p1a: Glaceon|202/275|[from] move: Wish|[wisher] Glaceon\n|upkeep\n|turn|12\n|\n|t:|1733780425\n|move|p1a: Glaceon|Calm Mind|p1a: Glaceon\n|-boost|p1a: Glaceon|spa|1\n|-boost|p1a: Glaceon|spd|1\n|move|p2a: Muk|Knock Off|p1a: Glaceon\n|-damage|p1a: Glaceon|144/275\n|-enditem|p1a: Glaceon|Heavy-Duty Boots|[from] move: Knock Off|[of] p2a: Muk\n|\n|upkeep\n|turn|13\n|\n|t:|1733780446\n|move|p1a: Glaceon|Wish|p1a: Glaceon\n|move|p2a: Muk|Drain Punch|p1a: Glaceon\n|-supereffective|p1a: Glaceon\n|-damage|p1a: Glaceon|58/275\n|\n|upkeep\n|turn|14\n|\n|t:|1733780452\n|move|p1a: Glaceon|Freeze-Dry|p2a: Muk\n|-damage|p2a: Muk|215/321\n|move|p2a: Muk|Poison Jab|p1a: Glaceon\n|-damage|p1a: Glaceon|0 fnt\n|faint|p1a: Glaceon\n|\n|upkeep\n|\n|t:|1733780491\n|switch|p1a: Samurott|Samurott-Hisui, L77, M|265/265\n|turn|15\n|\n|t:|1733780496\n|move|p1a: Samurott|Swords Dance|p1a: Samurott\n|-boost|p1a: Samurott|atk|2\n|move|p2a: Muk|Drain Punch|p1a: Samurott\n|-supereffective|p1a: Samurott\n|-damage|p1a: Samurott|125/265\n|-heal|p2a: Muk|285/321|[from] drain|[of] p1a: Samurott\n|-status|p1a: Samurott|psn|[from] ability: Poison Touch|[of] p2a: Muk\n|\n|-damage|p1a: Samurott|92/265 psn|[from] psn\n|upkeep\n|turn|16\n|\n|t:|1733780503\n|switch|p2a: Passimian|Passimian, L83, F|302/302\n|move|p1a: Samurott|Razor Shell|p2a: Passimian\n|-damage|p2a: Passimian|25/302\n|-damage|p1a: Samurott|66/265 psn|[from] item: Life Orb\n|\n|-damage|p1a: Samurott|33/265 psn|[from] psn\n|upkeep\n|turn|17\n|\n|t:|1733780508\n|move|p1a: Samurott|Sucker Punch|p2a: Passimian\n|-resisted|p2a: Passimian\n|-damage|p2a: Passimian|0 fnt\n|faint|p2a: Passimian\n|-damage|p1a: Samurott|7/265 psn|[from] item: Life Orb\n|\n|-damage|p1a: Samurott|0 fnt|[from] psn\n|faint|p1a: Samurott\n|upkeep\n|\n|t:|1733780514\n|switch|p2a: Muk|Muk, L86, F|285/321\n|switch|p1a: Cinderace|Cinderace, L77, F|249/249\n|turn|18\n|\n|t:|1733780522\n|move|p1a: Cinderace|Pyro Ball|p2a: Muk\n|-damage|p2a: Muk|140/321\n|move|p2a: Muk|Poison Jab|p1a: Cinderace\n|-damage|p1a: Cinderace|138/249\n|-status|p1a: Cinderace|psn|[from] ability: Poison Touch|[of] p2a: Muk\n|\n|-damage|p1a: Cinderace|107/249 psn|[from] psn\n|upkeep\n|turn|19\n|\n|t:|1733780529\n|move|p1a: Cinderace|Pyro Ball|p2a: Muk\n|-damage|p2a: Muk|0 fnt\n|faint|p2a: Muk\n|\n|win|code red ccxx\n", "inputlog": ">version bfd83cad13791eb5a5a409923076391caf6fb4d4\n>start {\"formatid\":\"gen9randombattle\",\"seed\":[38010,48303,30552,40192]}\n>player p1 {\"name\":\"code red ccxx\",\"avatar\":\"guzma\",\"rating\":0,\"seed\":[19027,20114,30322,49405]}\n>player p2 {\"name\":\"allhailweegee\",\"avatar\":\"shauntal\",\"rating\":0,\"seed\":[38377,32670,12729,44252]}\n>p1 move overheat\n>p2 move bodyslam\n>p2 switch 2\n>p1 move knockoff\n>p2 move swordsdance\n>p2 switch 6\n>p1 move knockoff terastallize\n>p2 move thunderwave\n>p1 move knockoff\n>p2 move focusblast\n>p2 switch 4\n>p1 switch 5\n>p2 move closecombat\n>p1 move substitute\n>p2 switch 5\n>p1 move toxic\n>p2 move tripleaxel\n>p1 switch 3\n>p1 move freezedry\n>p2 move powerwhip\n>p1 move protect\n>p2 move powerwhip\n>p2 switch 3\n>p1 move wish\n>p2 move drainpunch\n>p1 move protect\n>p2 move knockoff\n>p1 move calmmind\n>p2 move knockoff\n>p1 move wish\n>p2 move drainpunch\n>p1 move freezedry\n>p2 move poisonjab\n>p1 switch 6\n>p1 move swordsdance\n>p2 move drainpunch\n>p1 move razorshell\n>p2 switch 5\n>p1 move suckerpunch\n>p2 move closecombat\n>p1 switch 2\n>p2 switch 5\n>p1 move pyroball\n>p2 move poisonjab\n>p1 move pyroball\n>p2 move drainpunch", "uploadtime": 1733780533, "views": 2, "formatid": "gen9randombattle", "rating": null, "private": 0, "password": null}