{"id": "gen9randombattle-2132733440", "format": "[Gen 9] Random Battle", "players": ["ye im very bad", "cacahue"], "log": "|badge|p1|gold|gen9randombattle|3-1\n|html|<div class=\"broadcast-red\"><strong>This battle is required to be public due to one or more player having a season medal.</strong><br />During the public phase, you can discuss the state of the ladder <a href=\"/seasondiscussion\">in a special chatroom.</a></div>\n|uhtml|medal-msg|<div class=\"broadcast-blue\">Curious what those medals under the avatar are? PS now has Ladder Seasons! For more information, check out the <a href=\"https://www.smogon.com/forums/threads/3740067/\">thread on Smogon.</a></div>\n|badge|p2|silver|gen9randombattle|30-1\n|uhtml|medal-msg|<div class=\"broadcast-blue\">Curious what those medals under the avatar are? PS now has Ladder Seasons! For more information, check out the <a href=\"https://www.smogon.com/forums/threads/3740067/\">thread on Smogon.</a></div>\n|raw|<div class=\"broadcast-blue\"><strong>This battle is required to be public due to a player having a name starting with 'medal'.</div>\n|j|\u203dye im very bad\n|j|\u2606cacahue\n|t:|1716975455\n|gametype|singles\n|player|p1|ye im very bad|picnicker|2534\n|player|p2|cacahue|170|2459\n|teamsize|p1|6\n|teamsize|p2|6\n|gen|9\n|tier|[Gen 9] Random Battle\n|rated|\n|rule|Species Clause: Limit one of each Pok\u00e9mon\n|rule|HP Percentage Mod: HP is shown in percentages\n|rule|Sleep Clause Mod: Limit one foe put to sleep\n|rule|Illusion Level Mod: Illusion disguises the Pok\u00e9mon's true level\n|\n|t:|1716975455\n|start\n|switch|p1a: Emboar|Emboar, L84, F|322/322\n|switch|p2a: Porygon-Z|Porygon-Z, L83|277/277\n|-ability|p2a: Porygon-Z|Download|boost\n|-boost|p2a: Porygon-Z|spa|1\n|turn|1\n|inactive|Battle timer is ON: inactive players will automatically lose when time's up. (requested by ye im very bad)\n|inactive|cacahue also wants the timer to be on.\n|\n|t:|1716975472\n|switch|p2a: Toxapex|Toxapex, L82, M|216/216\n|move|p1a: Emboar|Close Combat|p2a: Toxapex\n|-resisted|p2a: Toxapex\n|-damage|p2a: Toxapex|165/216\n|-unboost|p1a: Emboar|def|1\n|-unboost|p1a: Emboar|spd|1\n|\n|-heal|p2a: Toxapex|178/216|[from] item: Leftovers\n|upkeep\n|turn|2\n|\n|t:|1716975479\n|switch|p1a: Sableye|Sableye, L90, M|236/236\n|move|p2a: Toxapex|Toxic|p1a: Sableye\n|-status|p1a: Sableye|tox\n|\n|-heal|p2a: Toxapex|191/216|[from] item: Leftovers\n|-damage|p1a: Sableye|222/236 tox|[from] psn\n|upkeep\n|turn|3\n|\n|t:|1716975483\n|switch|p2a: Krookodile|Krookodile, L80, F|283/283\n|-ability|p2a: Krookodile|Intimidate|boost\n|-unboost|p1a: Sableye|atk|1\n|move|p1a: Sableye|Knock Off|p2a: Krookodile\n|-resisted|p2a: Krookodile\n|-damage|p2a: Krookodile|244/283\n|-enditem|p2a: Krookodile|Life Orb|[from] move: Knock Off|[of] p1a: Sableye\n|\n|-heal|p1a: Sableye|236/236 tox|[from] item: Leftovers\n|-damage|p1a: Sableye|208/236 tox|[from] psn\n|upkeep\n|turn|4\n|\n|t:|1716975497\n|switch|p1a: Rillaboom|Rillaboom, L79, F|288/288\n|-fieldstart|move: Grassy Terrain|[from] ability: Grassy Surge|[of] p1a: Rillaboom\n|move|p2a: Krookodile|Bulk Up|p2a: Krookodile\n|-boost|p2a: Krookodile|atk|1\n|-boost|p2a: Krookodile|def|1\n|\n|-heal|p2a: Krookodile|261/283|[from] Grassy Terrain\n|upkeep\n|turn|5\n|\n|t:|1716975503\n|-terastallize|p2a: Krookodile|Poison\n|move|p2a: Krookodile|Gunk Shot|p1a: Rillaboom|[miss]\n|-miss|p2a: Krookodile|p1a: Rillaboom\n|move|p1a: Rillaboom|Wood Hammer|p2a: Krookodile\n|-resisted|p2a: Krookodile\n|-damage|p2a: Krookodile|169/283\n|-damage|p1a: Rillaboom|258/288|[from] Recoil\n|\n|-heal|p2a: Krookodile|186/283|[from] Grassy Terrain\n|-heal|p1a: Rillaboom|276/288|[from] Grassy Terrain\n|upkeep\n|turn|6\n|\n|t:|1716975507\n|switch|p1a: Sableye|Sableye, L90, M|208/236 tox\n|move|p2a: Krookodile|Knock Off|p1a: Sableye\n|-damage|p1a: Sableye|31/236 tox\n|-enditem|p1a: Sableye|Leftovers|[from] move: Knock Off|[of] p2a: Krookodile\n|\n|-heal|p2a: Krookodile|203/283|[from] Grassy Terrain\n|-heal|p1a: Sableye|45/236 tox|[from] Grassy Terrain\n|-damage|p1a: Sableye|31/236 tox|[from] psn\n|upkeep\n|turn|7\n|\n|t:|1716975511\n|switch|p2a: Lanturn|Lanturn, L89, F|367/367\n|move|p1a: Sableye|Recover|p1a: Sableye\n|-heal|p1a: Sableye|149/236 tox\n|\n|-heal|p1a: Sableye|163/236 tox|[from] Grassy Terrain\n|-damage|p1a: Sableye|135/236 tox|[from] psn\n|upkeep\n|turn|8\n|\n|t:|1716975517\n|move|p2a: Lanturn|Thunderbolt|p1a: Sableye\n|-damage|p1a: Sableye|35/236 tox\n|move|p1a: Sableye|Knock Off|p2a: Lanturn\n|-damage|p2a: Lanturn|232/367\n|-enditem|p2a: Lanturn|Heavy-Duty Boots|[from] move: Knock Off|[of] p1a: Sableye\n|\n|-heal|p2a: Lanturn|254/367|[from] Grassy Terrain\n|-heal|p1a: Sableye|49/236 tox|[from] Grassy Terrain\n|-damage|p1a: Sableye|7/236 tox|[from] psn\n|-fieldend|move: Grassy Terrain\n|upkeep\n|turn|9\n|\n|t:|1716975531\n|move|p1a: Sableye|Will-O-Wisp|p2a: Lanturn\n|-status|p2a: Lanturn|brn\n|move|p2a: Lanturn|Thunderbolt|p1a: Sableye\n|-damage|p1a: Sableye|0 fnt\n|faint|p1a: Sableye\n|\n|-damage|p2a: Lanturn|232/367 brn|[from] brn\n|upkeep\n|c|\u2606cacahue|The miss will decide the fight\n|\n|t:|1716975551\n|switch|p1a: Flygon|Flygon, L82, M|265/265\n|turn|10\n|\n|t:|1716975564\n|switch|p2a: Chesnaught|Chesnaught, L84, M|285/285\n|move|p1a: Flygon|Dragon Dance|p1a: Flygon\n|-boost|p1a: Flygon|atk|1\n|-boost|p1a: Flygon|spe|1\n|\n|upkeep\n|turn|11\n|\n|t:|1716975568\n|move|p1a: Flygon|Outrage|p2a: Chesnaught\n|-damage|p2a: Chesnaught|94/285\n|-damage|p1a: Flygon|239/265|[from] item: Life Orb\n|move|p2a: Chesnaught|Iron Defense|p2a: Chesnaught\n|-boost|p2a: Chesnaught|def|2\n|\n|-heal|p2a: Chesnaught|111/285|[from] item: Leftovers\n|upkeep\n|turn|12\n|\n|t:|1716975570\n|move|p1a: Flygon|Outrage|p2a: Chesnaught|[from]lockedmove\n|-crit|p2a: Chesnaught\n|-damage|p2a: Chesnaught|0 fnt\n|faint|p2a: Chesnaught\n|-damage|p1a: Flygon|213/265|[from] item: Life Orb\n|-start|p1a: Flygon|confusion|[fatigue]\n|\n|upkeep\n|c|\u2606cacahue|Brooooo\n|c|\u2606cacahue|Really\n|\n|t:|1716975582\n|switch|p2a: Reuniclus|Reuniclus, L88, M|337/337\n|turn|13\n|inactive|ye im very bad has 120 seconds left.\n|\n|t:|1716975625\n|-activate|p1a: Flygon|confusion\n|move|p1a: Flygon|Earthquake|p2a: Reuniclus\n|-damage|p2a: Reuniclus|110/337\n|-damage|p1a: Flygon|187/265|[from] item: Life Orb\n|move|p2a: Reuniclus|Psychic|p1a: Flygon\n|-crit|p1a: Flygon\n|-damage|p1a: Flygon|0 fnt\n|faint|p1a: Flygon\n|\n|upkeep\n|\n|t:|1716975646\n|switch|p1a: Rillaboom|Rillaboom, L79, F|276/288\n|-fieldstart|move: Grassy Terrain|[from] ability: Grassy Surge|[of] p1a: Rillaboom\n|turn|14\n|\n|t:|1716975650\n|move|p1a: Rillaboom|U-turn|p2a: Reuniclus\n|-supereffective|p2a: Reuniclus\n|-damage|p2a: Reuniclus|0 fnt\n|faint|p2a: Reuniclus\n|\n|t:|1716975653\n|switch|p1a: Arcanine|Arcanine-Hisui, L82, F|290/290|[from] U-turn\n|\n|upkeep\n|\n|t:|1716975660\n|switch|p2a: Krookodile|Krookodile, L80, F, tera:Poison|203/283\n|-ability|p2a: Krookodile|Intimidate|boost\n|-unboost|p1a: Arcanine|atk|1\n|turn|15\n|inactive|ye im very bad has 120 seconds left.\n|\n|t:|1716975668\n|-terastallize|p1a: Arcanine|Rock\n|move|p1a: Arcanine|Head Smash|p2a: Krookodile\n|-crit|p2a: Krookodile\n|-damage|p2a: Krookodile|0 fnt\n|faint|p2a: Krookodile\n|\n|upkeep\n|c|\u2606cacahue|Bro\n|\n|t:|1716975678\n|switch|p2a: Lanturn|Lanturn, L89, F|232/367 brn\n|turn|16\n|\n|t:|1716975688\n|move|p1a: Arcanine|Head Smash|p2a: Lanturn\n|-damage|p2a: Lanturn|0 fnt\n|faint|p2a: Lanturn\n|\n|upkeep\n|c|\u2606cacahue|Nice hax, no1\n|-message|cacahue forfeited.\n|\n|win|ye im very bad\n|raw|ye im very bad's rating: 2534 &rarr; <strong>2550</strong><br />(+16 for winning)\n|raw|cacahue's rating: 2459 &rarr; <strong>2443</strong><br />(-16 for losing)\n|l|\u2606cacahue\n|player|p2|\n|l|\u203dye im very bad\n|player|p1|\n", "inputlog": ">version 7158ead19aeac8750849df2840eabb6dbec77df6\n>start {\"formatid\":\"gen9randombattle\",\"seed\":[14065,38441,7765,28070],\"rated\":\"Rated battle\"}\n>player p1 {\"name\":\"ye im very bad\",\"avatar\":\"picnicker\",\"rating\":2534,\"seed\":[12483,985,6512,35102]}\n>player p2 {\"name\":\"cacahue\",\"avatar\":\"170\",\"rating\":2459,\"seed\":[42330,47946,27013,63433]}\n>p1 move closecombat\n>p2 switch 5\n>p1 switch 4\n>p2 move toxic\n>p1 move knockoff\n>p2 switch 4\n>p1 switch 6\n>p2 move bulkup\n>p1 move woodhammer\n>p2 move gunkshot terastallize\n>p1 switch 6\n>p2 move knockoff\n>p1 move recover\n>p2 switch 3\n>p1 move knockoff\n>p2 move thunderbolt\n>p1 move willowisp\n>p2 move thunderbolt\n>chat \u2606cacahue|The miss will decide the fight\n>p1 switch 2\n>p1 move dragondance\n>p2 switch 2\n>p1 move outrage\n>p2 move irondefense\n>p1 move outrage\n>p2 move synthesis\n>chat \u2606cacahue|Brooooo\n>chat \u2606cacahue|Really\n>p2 switch 6\n>p1 move earthquake\n>p2 move psychic\n>p1 switch 6\n>p1 move uturn\n>p2 move psychic\n>p1 switch 3\n>p2 switch 3\n>p1 move headsmash terastallize\n>p2 move earthquake\n>chat \u2606cacahue|Bro\n>p2 switch 2\n>p1 move headsmash\n>p2 move thunderwave\n>chat \u2606cacahue|Nice hax, no1\n>forcelose p2", "uploadtime": 1716975873, "views": 243, "formatid": "gen9randombattle", "rating": 2443, "private": 0, "password": null}