{"id": "gen9randombattle-2125143108", "format": "[Gen 9] Random Battle", "players": ["smokyaim", "Delta 2777"], "log": "|badge|p1|bronze|gen9randombattle|100-1\n|uhtml|medal-msg|<div class=\"broadcast-blue\">Curious what those medals under the avatar are? PS now has Ladder Seasons! For more information, check out the <a href=\"https://www.smogon.com/forums/threads/3740067/\">thread on Smogon.</a></div>\n|badge|p2|gold|gen9randombattle|3-1\n|uhtml|medal-msg|<div class=\"broadcast-blue\">Curious what those medals under the avatar are? PS now has Ladder Seasons! For more information, check out the <a href=\"https://www.smogon.com/forums/threads/3740067/\">thread on Smogon.</a></div>\n|j|\u203dsmokyaim\n|j|\u2606Delta 2777\n|t:|1715984063\n|gametype|singles\n|player|p1|smokyaim|102|2341\n|player|p2|Delta 2777|266|2481\n|teamsize|p1|6\n|teamsize|p2|6\n|gen|9\n|tier|[Gen 9] Random Battle\n|rated|\n|rule|Species Clause: Limit one of each Pok\u00e9mon\n|rule|HP Percentage Mod: HP is shown in percentages\n|rule|Sleep Clause Mod: Limit one foe put to sleep\n|rule|Illusion Level Mod: Illusion disguises the Pok\u00e9mon's true level\n|\n|t:|1715984063\n|start\n|switch|p1a: Latias|Latias, L79, F|256/256\n|switch|p2a: Sandy Shocks|Sandy Shocks, L80|267/267\n|turn|1\n|inactive|Battle timer is ON: inactive players will automatically lose when time's up. (requested by Delta 2777)\n|\n|t:|1715984073\n|switch|p1a: Gliscor|Gliscor, L76, M|239/239\n|-end|p2a: Sandy Shocks|Protosynthesis|[silent]\n|switch|p2a: Snorlax|Snorlax, L82, M|397/397\n|\n|-status|p1a: Gliscor|tox|[from] item: Toxic Orb\n|upkeep\n|turn|2\n|\n|t:|1715984087\n|move|p1a: Gliscor|Toxic|p2a: Snorlax\n|-status|p2a: Snorlax|tox\n|move|p2a: Snorlax|Curse|p2a: Snorlax\n|-unboost|p2a: Snorlax|spe|1\n|-boost|p2a: Snorlax|atk|1\n|-boost|p2a: Snorlax|def|1\n|\n|-damage|p2a: Snorlax|373/397 tox|[from] psn\n|upkeep\n|turn|3\n|\n|t:|1715984105\n|switch|p1a: Mew|Mew, L82|298/298\n|move|p2a: Snorlax|Body Slam|p1a: Mew\n|-damage|p1a: Mew|156/298\n|\n|-heal|p2a: Snorlax|397/397 tox|[from] item: Leftovers\n|-damage|p2a: Snorlax|349/397 tox|[from] psn\n|upkeep\n|turn|4\n|inactive|Delta 2777 has 120 seconds left.\n|\n|t:|1715984137\n|move|p1a: Mew|Nasty Plot|p1a: Mew\n|-boost|p1a: Mew|spa|2\n|move|p2a: Snorlax|Body Slam||[still]\n|-damage|p1a: Mew|23/298\n|-status|p1a: Mew|par\n|-activate|p1a: Mew|ability: Synchronize\n|-fail|p1a: Mew\n|\n|-heal|p2a: Snorlax|373/397 tox|[from] item: Leftovers\n|-damage|p2a: Snorlax|301/397 tox|[from] psn\n|upkeep\n|turn|5\n|inactive|Delta 2777 has 120 seconds left.\n|\n|t:|1715984154\n|switch|p2a: Incineroar|Incineroar, L84, M|297/297\n|-ability|p2a: Incineroar|Intimidate|boost\n|-unboost|p1a: Mew|atk|1\n|move|p1a: Mew|Psychic|p2a: Incineroar\n|-immune|p2a: Incineroar\n|\n|upkeep\n|turn|6\n|inactive|Delta 2777 has 120 seconds left.\n|\n|t:|1715984161\n|move|p2a: Incineroar|Trailblaze|p1a: Mew\n|-damage|p1a: Mew|0 fnt\n|-boost|p2a: Incineroar|spe|1\n|faint|p1a: Mew\n|\n|upkeep\n|\n|t:|1715984176\n|switch|p1a: Gliscor|Gliscor, L76, M|239/239 tox\n|turn|7\n|\n|t:|1715984188\n|move|p2a: Incineroar|Swords Dance|p2a: Incineroar\n|-boost|p2a: Incineroar|atk|2\n|move|p1a: Gliscor|Toxic|p2a: Incineroar\n|-status|p2a: Incineroar|tox\n|\n|-damage|p2a: Incineroar|279/297 tox|[from] psn\n|upkeep\n|turn|8\n|\n|t:|1715984194\n|move|p1a: Gliscor|Protect|p1a: Gliscor\n|-singleturn|p1a: Gliscor|Protect\n|move|p2a: Incineroar|Flare Blitz|p1a: Gliscor\n|-activate|p1a: Gliscor|move: Protect\n|\n|-damage|p2a: Incineroar|243/297 tox|[from] psn\n|upkeep\n|turn|9\n|\n|t:|1715984198\n|switch|p1a: Magcargo|Magcargo, L94, M|265/265\n|move|p2a: Incineroar|Flare Blitz|p1a: Magcargo\n|-resisted|p1a: Magcargo\n|-damage|p1a: Magcargo|213/265\n|-ability|p1a: Magcargo|Weak Armor|boost\n|-unboost|p1a: Magcargo|def|1\n|-boost|p1a: Magcargo|spe|2\n|-damage|p2a: Incineroar|226/297 tox|[from] Recoil\n|\n|-damage|p2a: Incineroar|172/297 tox|[from] psn\n|upkeep\n|turn|10\n|\n|t:|1715984210\n|move|p2a: Incineroar|Knock Off|p1a: Magcargo\n|-damage|p1a: Magcargo|0 fnt\n|-enditem|p1a: Magcargo|Heavy-Duty Boots|[from] move: Knock Off|[of] p2a: Incineroar\n|faint|p1a: Magcargo\n|\n|-damage|p2a: Incineroar|100/297 tox|[from] psn\n|upkeep\n|\n|t:|1715984223\n|switch|p1a: Gliscor|Gliscor, L76, M|239/239 tox\n|turn|11\n|\n|t:|1715984228\n|move|p1a: Gliscor|Protect|p1a: Gliscor\n|-singleturn|p1a: Gliscor|Protect\n|move|p2a: Incineroar|Swords Dance|p2a: Incineroar\n|-boost|p2a: Incineroar|atk|2\n|\n|-damage|p2a: Incineroar|10/297 tox|[from] psn\n|upkeep\n|turn|12\n|\n|t:|1715984239\n|switch|p1a: Honchkrow|Honchkrow, L86, F|312/312\n|move|p2a: Incineroar|Knock Off|p1a: Honchkrow\n|-resisted|p1a: Honchkrow\n|-damage|p1a: Honchkrow|81/312\n|-enditem|p1a: Honchkrow|Heavy-Duty Boots|[from] move: Knock Off|[of] p2a: Incineroar\n|\n|-damage|p2a: Incineroar|0 fnt|[from] psn\n|faint|p2a: Incineroar\n|upkeep\n|inactive|Delta 2777 has 120 seconds left.\n|\n|t:|1715984280\n|switch|p2a: Ambipom|Ambipom, L84, F|263/263\n|turn|13\n|\n|t:|1715984285\n|move|p1a: Honchkrow|Sucker Punch|p2a: Ambipom\n|-damage|p2a: Ambipom|139/263\n|move|p2a: Ambipom|Triple Axel|p1a: Honchkrow|[miss]\n|-miss|p2a: Ambipom|p1a: Honchkrow\n|\n|upkeep\n|turn|14\n|\n|t:|1715984301\n|switch|p2a: Tauros|Tauros-Paldea-Combat, L83, M|260/260\n|-ability|p2a: Tauros|Intimidate|boost\n|-unboost|p1a: Honchkrow|atk|1\n|-terastallize|p1a: Honchkrow|Dark\n|move|p1a: Honchkrow|Sucker Punch||[still]\n|-fail|p1a: Honchkrow\n|\n|upkeep\n|turn|15\n|\n|t:|1715984309\n|switch|p2a: Ambipom|Ambipom, L84, F|139/263\n|switch|p1a: Gliscor|Gliscor, L76, M|239/239 tox\n|\n|upkeep\n|turn|16\n|\n|t:|1715984317\n|switch|p1a: Darkrai|Darkrai, L76|231/231\n|move|p2a: Ambipom|Triple Axel|p1a: Darkrai\n|-damage|p1a: Darkrai|192/231\n|-damage|p1a: Darkrai|121/231\n|-hitcount|p1a: Darkrai|2\n|\n|upkeep\n|turn|17\n|\n|t:|1715984328\n|move|p2a: Ambipom|Triple Axel|p1a: Darkrai\n|-damage|p1a: Darkrai|85/231\n|-damage|p1a: Darkrai|12/231\n|-hitcount|p1a: Darkrai|2\n|move|p1a: Darkrai|Focus Blast|p2a: Ambipom\n|-supereffective|p2a: Ambipom\n|-damage|p2a: Ambipom|0 fnt\n|faint|p2a: Ambipom\n|-damage|p1a: Darkrai|0 fnt|[from] item: Life Orb\n|faint|p1a: Darkrai\n|\n|upkeep\n|\n|t:|1715984346\n|switch|p2a: Snorlax|Snorlax, L82, M|301/397 tox\n|switch|p1a: Gliscor|Gliscor, L76, M|239/239 tox\n|turn|18\n|\n|t:|1715984354\n|move|p1a: Gliscor|Earthquake|p2a: Snorlax\n|-damage|p2a: Snorlax|190/397 tox\n|move|p2a: Snorlax|Curse|p2a: Snorlax\n|-unboost|p2a: Snorlax|spe|1\n|-boost|p2a: Snorlax|atk|1\n|-boost|p2a: Snorlax|def|1\n|\n|-heal|p2a: Snorlax|214/397 tox|[from] item: Leftovers\n|-damage|p2a: Snorlax|190/397 tox|[from] psn\n|upkeep\n|turn|19\n|\n|t:|1715984363\n|switch|p1a: Latias|Latias, L79, F|256/256\n|move|p2a: Snorlax|Rest|p2a: Snorlax\n|-status|p2a: Snorlax|slp|[from] move: Rest\n|-heal|p2a: Snorlax|397/397 slp|[silent]\n|\n|upkeep\n|turn|20\n|\n|t:|1715984368\n|move|p1a: Latias|Calm Mind|p1a: Latias\n|-boost|p1a: Latias|spa|1\n|-boost|p1a: Latias|spd|1\n|cant|p2a: Snorlax|slp\n|move|p2a: Snorlax|Sleep Talk|p2a: Snorlax\n|move|p2a: Snorlax|Body Slam|p1a: Latias|[from]move: Sleep Talk\n|-crit|p1a: Latias\n|-damage|p1a: Latias|34/256\n|-status|p1a: Latias|par\n|\n|upkeep\n|turn|21\n|j| asdhiosadhiosa\n|-message|smokyaim forfeited.\n|\n|win|Delta 2777\n|raw|smokyaim's rating: 2341 &rarr; <strong>2329</strong><br />(-12 for losing)\n|raw|Delta 2777's rating: 2481 &rarr; <strong>2493</strong><br />(+12 for winning)\n|l|\u203dsmokyaim\n|player|p1|\n", "inputlog": ">version 84e3ba26151cd6b8d001fd45312f3051a699fbd4\n>start {\"formatid\":\"gen9randombattle\",\"seed\":[6893,7893,11668,36302],\"rated\":\"Rated battle\"}\n>player p1 {\"name\":\"smokyaim\",\"avatar\":\"102\",\"rating\":2341,\"seed\":[2760,11933,45404,18892]}\n>player p2 {\"name\":\"Delta 2777\",\"avatar\":\"266\",\"rating\":2481,\"seed\":[32457,56868,29668,35796]}\n>p1 switch 6\n>p2 switch 2\n>p1 move toxic\n>p2 move curse\n>p1 switch 5\n>p2 move bodyslam\n>p1 move nastyplot\n>p2 move bodyslam\n>p1 move psychic\n>p2 switch 4\n>p1 move earthpower\n>p2 move trailblaze\n>p1 switch 5\n>p1 move toxic\n>p2 move swordsdance\n>p1 move protect\n>p2 move flareblitz\n>p1 switch 4\n>p2 move flareblitz\n>p1 move shellsmash\n>p2 move knockoff\n>p1 switch 4\n>p1 move protect\n>p2 move swordsdance\n>p1 switch 3\n>p2 move knockoff\n>p2 switch 5\n>p1 move suckerpunch\n>p2 move tripleaxel\n>p1 move suckerpunch terastallize\n>p2 switch 6\n>p1 switch 3\n>p2 switch 6\n>p1 switch 2\n>p2 move tripleaxel\n>p1 move focusblast\n>p2 move tripleaxel\n>p1 switch 2\n>p2 switch 4\n>p1 move earthquake\n>p2 move curse\n>p1 switch 6\n>p2 move rest\n>p1 move calmmind\n>p2 move sleeptalk\n>forcelose p1", "uploadtime": 1715984393, "views": 234, "formatid": "gen9randombattle", "rating": 2329, "private": 0, "password": null}