{"id": "gen9randombattle-2260580404", "format": "[Gen 9] Random Battle", "players": ["Fizzbamsen", "thicdad"], "log": "|j|\u2606Fizzbamsen\n|j|\u2606thicdad\n|t:|1733865716\n|gametype|singles\n|player|p1|Fizzbamsen|265|1626\n|player|p2|thicdad|hiker|1664\n|teamsize|p1|6\n|teamsize|p2|6\n|gen|9\n|tier|[Gen 9] Random Battle\n|rated|\n|rule|Species Clause: Limit one of each Pok\u00e9mon\n|rule|HP Percentage Mod: HP is shown in percentages\n|rule|Sleep Clause Mod: Limit one foe put to sleep\n|rule|Illusion Level Mod: Illusion disguises the Pok\u00e9mon's true level\n|\n|t:|1733865716\n|start\n|switch|p1a: Maushold|Maushold-Four, L76|238/238\n|switch|p2a: Feraligatr|Feraligatr, L79, M|264/264\n|turn|1\n|inactive|Battle timer is ON: inactive players will automatically lose when time's up. (requested by thicdad)\n|\n|t:|1733865745\n|switch|p2a: Carbink|Carbink, L90|236/236\n|move|p1a: Maushold|Population Bomb|p2a: Carbink\n|-resisted|p2a: Carbink\n|-damage|p2a: Carbink|228/236\n|-resisted|p2a: Carbink\n|-damage|p2a: Carbink|221/236\n|-resisted|p2a: Carbink\n|-damage|p2a: Carbink|215/236\n|-resisted|p2a: Carbink\n|-damage|p2a: Carbink|208/236\n|-resisted|p2a: Carbink\n|-damage|p2a: Carbink|201/236\n|-resisted|p2a: Carbink\n|-damage|p2a: Carbink|195/236\n|-resisted|p2a: Carbink\n|-damage|p2a: Carbink|188/236\n|-resisted|p2a: Carbink\n|-damage|p2a: Carbink|182/236\n|-resisted|p2a: Carbink\n|-damage|p2a: Carbink|175/236\n|-resisted|p2a: Carbink\n|-damage|p2a: Carbink|168/236\n|-hitcount|p2a: Carbink|10\n|\n|-heal|p2a: Carbink|182/236|[from] item: Leftovers\n|upkeep\n|turn|2\n|\n|t:|1733865757\n|switch|p1a: Florges|Florges-Yellow, L85, F|271/271\n|move|p2a: Carbink|Rock Polish|p2a: Carbink\n|-boost|p2a: Carbink|spe|2\n|\n|-heal|p2a: Carbink|196/236|[from] item: Leftovers\n|upkeep\n|turn|3\n|\n|t:|1733865775\n|switch|p2a: Muk|Muk-Alola, L82, F|306/306\n|move|p1a: Florges|Calm Mind|p1a: Florges\n|-boost|p1a: Florges|spa|1\n|-boost|p1a: Florges|spd|1\n|\n|upkeep\n|turn|4\n|\n|t:|1733865787\n|-terastallize|p1a: Florges|Ground\n|move|p1a: Florges|Calm Mind|p1a: Florges\n|-boost|p1a: Florges|spa|1\n|-boost|p1a: Florges|spd|1\n|move|p2a: Muk|Knock Off|p1a: Florges\n|-damage|p1a: Florges|151/271\n|-enditem|p1a: Florges|Leftovers|[from] move: Knock Off|[of] p2a: Muk\n|\n|upkeep\n|turn|5\n|\n|t:|1733865797\n|move|p1a: Florges|Tera Blast|p2a: Muk|[anim] Tera Blast Ground\n|-supereffective|p2a: Muk\n|-damage|p2a: Muk|82/306\n|move|p2a: Muk|Ice Punch|p1a: Florges\n|-supereffective|p1a: Florges\n|-damage|p1a: Florges|11/271\n|-status|p1a: Florges|frz\n|\n|upkeep\n|turn|6\n|\n|t:|1733865803\n|cant|p1a: Florges|frz\n|move|p2a: Muk|Knock Off|p1a: Florges\n|-damage|p1a: Florges|0 fnt\n|faint|p1a: Florges\n|\n|upkeep\n|\n|t:|1733865814\n|switch|p1a: Salamence|Salamence, L77, F|273/273\n|-ability|p1a: Salamence|Intimidate|boost\n|-unboost|p2a: Muk|atk|1\n|turn|7\n|\n|t:|1733865831\n|switch|p2a: Hatterene|Hatterene, L85, F|236/236\n|move|p1a: Salamence|Earthquake|p2a: Hatterene\n|-damage|p2a: Hatterene|164/236\n|\n|upkeep\n|turn|8\n|\n|t:|1733865840\n|switch|p1a: Cryogonal|Cryogonal, L89|287/287\n|move|p2a: Hatterene|Nuzzle|p1a: Cryogonal\n|-damage|p1a: Cryogonal|268/287\n|-status|p1a: Cryogonal|par\n|\n|upkeep\n|turn|9\n|\n|t:|1733865848\n|move|p1a: Cryogonal|Freeze-Dry|p2a: Hatterene\n|-damage|p2a: Hatterene|112/236\n|move|p2a: Hatterene|Mystical Fire|p1a: Cryogonal\n|-supereffective|p1a: Cryogonal\n|-damage|p1a: Cryogonal|162/287 par\n|-unboost|p1a: Cryogonal|spa|1\n|\n|upkeep\n|turn|10\n|\n|t:|1733865860\n|switch|p2a: Carbink|Carbink, L90|196/236\n|move|p1a: Cryogonal|Freeze-Dry|p2a: Carbink\n|-damage|p2a: Carbink|163/236\n|\n|-heal|p2a: Carbink|177/236|[from] item: Leftovers\n|upkeep\n|turn|11\n|\n|t:|1733865867\n|switch|p1a: Salamence|Salamence, L77, F|273/273\n|-ability|p1a: Salamence|Intimidate|boost\n|-unboost|p2a: Carbink|atk|1\n|move|p2a: Carbink|Iron Defense|p2a: Carbink\n|-boost|p2a: Carbink|def|2\n|\n|-heal|p2a: Carbink|191/236|[from] item: Leftovers\n|upkeep\n|turn|12\n|\n|t:|1733865874\n|move|p1a: Salamence|Earthquake|p2a: Carbink\n|-supereffective|p2a: Carbink\n|-crit|p2a: Carbink\n|-damage|p2a: Carbink|59/236\n|move|p2a: Carbink|Rock Polish|p2a: Carbink\n|-boost|p2a: Carbink|spe|2\n|\n|-heal|p2a: Carbink|73/236|[from] item: Leftovers\n|upkeep\n|turn|13\n|\n|t:|1733865882\n|move|p2a: Carbink|Moonblast|p1a: Salamence\n|-supereffective|p1a: Salamence\n|-crit|p1a: Salamence\n|-damage|p1a: Salamence|13/273\n|move|p1a: Salamence|Earthquake|p2a: Carbink\n|-supereffective|p2a: Carbink\n|-damage|p2a: Carbink|21/236\n|\n|-heal|p2a: Carbink|35/236|[from] item: Leftovers\n|upkeep\n|turn|14\n|\n|t:|1733865887\n|move|p2a: Carbink|Body Press|p1a: Salamence\n|-resisted|p1a: Salamence\n|-damage|p1a: Salamence|0 fnt\n|faint|p1a: Salamence\n|\n|-heal|p2a: Carbink|49/236|[from] item: Leftovers\n|upkeep\n|\n|t:|1733865890\n|switch|p1a: Hoopa|Hoopa-Unbound, L80|259/259\n|turn|15\n|\n|t:|1733865902\n|-terastallize|p2a: Carbink|Fighting\n|move|p2a: Carbink|Body Press|p1a: Hoopa\n|-damage|p1a: Hoopa|0 fnt\n|faint|p1a: Hoopa\n|\n|-heal|p2a: Carbink|63/236|[from] item: Leftovers\n|upkeep\n|-message|Fizzbamsen forfeited.\n|\n|win|thicdad\n|raw|Fizzbamsen's rating: 1626 &rarr; <strong>1608</strong><br />(-18 for losing)\n|raw|thicdad's rating: 1664 &rarr; <strong>1682</strong><br />(+18 for winning)\n|l|\u2606Fizzbamsen\n|player|p1|\n", "inputlog": ">version bfd83cad13791eb5a5a409923076391caf6fb4d4\n>start {\"formatid\":\"gen9randombattle\",\"seed\":[12971,55051,18802,45817],\"rated\":\"Rated battle\"}\n>player p1 {\"name\":\"Fizzbamsen\",\"avatar\":\"265\",\"rating\":1626,\"seed\":[57480,19368,59000,60638]}\n>player p2 {\"name\":\"thicdad\",\"avatar\":\"hiker\",\"rating\":1664,\"seed\":[47359,15551,45395,2129]}\n>p1 move populationbomb\n>p2 switch 6\n>p1 switch 6\n>p2 move rockpolish\n>p1 move calmmind\n>p2 switch 4\n>p1 move calmmind terastallize\n>p2 move knockoff\n>p1 move terablast\n>p2 move icepunch\n>p1 move terablast\n>p2 move knockoff\n>p1 switch 4\n>p1 move earthquake\n>p2 switch 5\n>p1 switch 3\n>p2 move nuzzle\n>p1 move freezedry\n>p2 move mysticalfire\n>p1 move freezedry\n>p2 switch 4\n>p1 switch 3\n>p2 move irondefense\n>p1 move earthquake\n>p2 move rockpolish\n>p1 move earthquake\n>p2 move moonblast\n>p1 move earthquake\n>p2 move bodypress\n>p1 switch 5\n>p1 move zenheadbutt\n>p2 move bodypress terastallize\n>forcelose p1", "uploadtime": 1733865932, "views": 2, "formatid": "gen9randombattle", "rating": 1608, "private": 0, "password": null}