{"id": "gen9randombattle-2260461462", "format": "[Gen 9] Random Battle", "players": ["asdfadsf1", "Mb505320"], "log": "|j|\u2606asdfadsf1\n|j|\u2606Mb505320\n|t:|1733853888\n|gametype|singles\n|player|p1|asdfadsf1|266|1119\n|player|p2|Mb505320|clair|1115\n|teamsize|p1|6\n|teamsize|p2|6\n|gen|9\n|tier|[Gen 9] Random Battle\n|rated|\n|rule|Species Clause: Limit one of each Pok\u00e9mon\n|rule|HP Percentage Mod: HP is shown in percentages\n|rule|Sleep Clause Mod: Limit one foe put to sleep\n|rule|Illusion Level Mod: Illusion disguises the Pok\u00e9mon's true level\n|\n|t:|1733853888\n|start\n|switch|p1a: Appletun|Appletun, L92, F|352/352\n|switch|p2a: Sudowoodo|Sudowoodo, L94, M|284/284\n|turn|1\n|inactive|Battle timer is ON: inactive players will automatically lose when time's up. (requested by asdfadsf1)\n|\n|t:|1733853916\n|switch|p2a: Samurott|Samurott, L88, M|310/310\n|move|p1a: Appletun|Leech Seed|p2a: Samurott\n|-start|p2a: Samurott|move: Leech Seed\n|\n|-damage|p2a: Samurott|272/310|[from] Leech Seed|[of] p1a: Appletun\n|upkeep\n|turn|2\n|\n|t:|1733853928\n|move|p2a: Samurott|Ice Beam|p1a: Appletun\n|-supereffective|p1a: Appletun\n|-damage|p1a: Appletun|208/352\n|move|p1a: Appletun|Apple Acid|p2a: Samurott\n|-supereffective|p2a: Samurott\n|-damage|p2a: Samurott|122/310\n|-unboost|p2a: Samurott|spd|1\n|\n|-heal|p1a: Appletun|230/352|[from] item: Leftovers\n|-damage|p2a: Samurott|84/310|[from] Leech Seed|[of] p1a: Appletun\n|-heal|p1a: Appletun|268/352|[silent]\n|upkeep\n|turn|3\n|inactive|asdfadsf1 has 120 seconds left.\n|\n|t:|1733853961\n|move|p2a: Samurott|Ice Beam|p1a: Appletun\n|-supereffective|p1a: Appletun\n|-damage|p1a: Appletun|112/352\n|move|p1a: Appletun|Recover|p1a: Appletun\n|-heal|p1a: Appletun|288/352\n|\n|-heal|p1a: Appletun|310/352|[from] item: Leftovers\n|-damage|p2a: Samurott|46/310|[from] Leech Seed|[of] p1a: Appletun\n|-heal|p1a: Appletun|348/352|[silent]\n|upkeep\n|turn|4\n|inactive|asdfadsf1 has 120 seconds left.\n|\n|t:|1733853972\n|switch|p1a: Pyroar|Pyroar, L88, M|295/295\n|-ability|p1a: Pyroar|Unnerve\n|move|p2a: Samurott|Knock Off|p1a: Pyroar\n|-damage|p1a: Pyroar|216/295\n|-enditem|p1a: Pyroar|Heavy-Duty Boots|[from] move: Knock Off|[of] p2a: Samurott\n|\n|-damage|p2a: Samurott|8/310|[from] Leech Seed|[of] p1a: Pyroar\n|-heal|p1a: Pyroar|254/295|[silent]\n|upkeep\n|turn|5\n|\n|t:|1733853983\n|switch|p1a: Appletun|Appletun, L92, F|348/352\n|move|p2a: Samurott|Hydro Pump|p1a: Appletun\n|-resisted|p1a: Appletun\n|-damage|p1a: Appletun|302/352\n|\n|-heal|p1a: Appletun|324/352|[from] item: Leftovers\n|-damage|p2a: Samurott|0 fnt|[from] Leech Seed|[of] p1a: Appletun\n|-heal|p1a: Appletun|332/352|[silent]\n|faint|p2a: Samurott\n|upkeep\n|inactive|Mb505320 has 120 seconds left.\n|\n|t:|1733854009\n|switch|p2a: Iron Jugulis|Iron Jugulis, L78|275/275\n|turn|6\n|inactive|asdfadsf1 has 120 seconds left.\n|inactive|asdfadsf1 has 90 seconds left.\n|\n|t:|1733854063\n|move|p2a: Iron Jugulis|Hurricane|p1a: Appletun\n|-supereffective|p1a: Appletun\n|-damage|p1a: Appletun|72/352\n|move|p1a: Appletun|Leech Seed|p2a: Iron Jugulis|[miss]\n|-miss|p1a: Appletun|p2a: Iron Jugulis\n|\n|-heal|p1a: Appletun|94/352|[from] item: Leftovers\n|upkeep\n|turn|7\n|inactive|asdfadsf1 has 90 seconds left.\n|\n|t:|1733854076\n|switch|p1a: Chansey|Chansey, L85, F|564/564\n|move|p2a: Iron Jugulis|Dark Pulse|p1a: Chansey\n|-damage|p1a: Chansey|513/564\n|\n|upkeep\n|turn|8\n|inactive|Mb505320 has 120 seconds left.\n|\n|t:|1733854106\n|move|p2a: Iron Jugulis|Meteor Beam||[still]\n|-prepare|p2a: Iron Jugulis|Meteor Beam\n|-boost|p2a: Iron Jugulis|spa|1\n|-enditem|p2a: Iron Jugulis|Power Herb\n|-anim|p2a: Iron Jugulis|Meteor Beam|p1a: Chansey\n|-damage|p1a: Chansey|437/564\n|move|p1a: Chansey|Thunder Wave|p2a: Iron Jugulis\n|-status|p2a: Iron Jugulis|par\n|\n|upkeep\n|turn|9\n|\n|t:|1733854127\n|move|p1a: Chansey|Seismic Toss|p2a: Iron Jugulis\n|-damage|p2a: Iron Jugulis|190/275 par\n|cant|p2a: Iron Jugulis|par\n|\n|upkeep\n|turn|10\n|inactive|asdfadsf1 has 90 seconds left.\n|\n|t:|1733854159\n|move|p1a: Chansey|Seismic Toss|p2a: Iron Jugulis\n|-damage|p2a: Iron Jugulis|105/275 par\n|move|p2a: Iron Jugulis|Dark Pulse|p1a: Chansey\n|-damage|p1a: Chansey|367/564\n|\n|upkeep\n|turn|11\n|\n|t:|1733854169\n|move|p1a: Chansey|Seismic Toss|p2a: Iron Jugulis\n|-damage|p2a: Iron Jugulis|20/275 par\n|move|p2a: Iron Jugulis|Earth Power|p1a: Chansey\n|-damage|p1a: Chansey|308/564\n|\n|upkeep\n|turn|12\n|inactive|asdfadsf1 has 90 seconds left.\n|\n|t:|1733854177\n|move|p1a: Chansey|Soft-Boiled|p1a: Chansey\n|-heal|p1a: Chansey|564/564\n|cant|p2a: Iron Jugulis|par\n|\n|upkeep\n|turn|13\n|\n|t:|1733854184\n|move|p1a: Chansey|Seismic Toss|p2a: Iron Jugulis\n|-damage|p2a: Iron Jugulis|0 fnt\n|faint|p2a: Iron Jugulis\n|-end|p2a: Iron Jugulis|Quark Drive|[silent]\n|\n|upkeep\n|\n|t:|1733854205\n|switch|p2a: Dunsparce|Dunsparce, L86, F|312/312\n|turn|14\n|\n|t:|1733854216\n|-terastallize|p2a: Dunsparce|Ghost\n|move|p1a: Chansey|Thunder Wave|p2a: Dunsparce\n|-status|p2a: Dunsparce|par\n|move|p2a: Dunsparce|Coil|p2a: Dunsparce\n|-boost|p2a: Dunsparce|atk|1\n|-boost|p2a: Dunsparce|def|1\n|-boost|p2a: Dunsparce|accuracy|1\n|\n|upkeep\n|turn|15\n|\n|t:|1733854231\n|move|p1a: Chansey|Seismic Toss|p2a: Dunsparce\n|-immune|p2a: Dunsparce\n|move|p2a: Dunsparce|Coil|p2a: Dunsparce\n|-boost|p2a: Dunsparce|atk|1\n|-boost|p2a: Dunsparce|def|1\n|-boost|p2a: Dunsparce|accuracy|1\n|\n|upkeep\n|turn|16\n|inactive|Mb505320 has 90 seconds left.\n|\n|t:|1733854258\n|switch|p1a: Pyroar|Pyroar, L88, M|254/295\n|-ability|p1a: Pyroar|Unnerve\n|move|p2a: Dunsparce|Coil|p2a: Dunsparce\n|-boost|p2a: Dunsparce|atk|1\n|-boost|p2a: Dunsparce|def|1\n|-boost|p2a: Dunsparce|accuracy|1\n|\n|upkeep\n|turn|17\n|inactive|Mb505320 has 90 seconds left.\n|\n|t:|1733854277\n|move|p1a: Pyroar|Taunt|p2a: Dunsparce\n|-start|p2a: Dunsparce|move: Taunt\n|move|p2a: Dunsparce|Earthquake|p1a: Pyroar\n|-supereffective|p1a: Pyroar\n|-damage|p1a: Pyroar|0 fnt\n|faint|p1a: Pyroar\n|\n|upkeep\n|\n|t:|1733854287\n|switch|p1a: Appletun|Appletun, L92, F|94/352\n|turn|18\n|\n|t:|1733854295\n|move|p1a: Appletun|Leech Seed|p2a: Dunsparce\n|-start|p2a: Dunsparce|move: Leech Seed\n|move|p2a: Dunsparce|Body Slam|p1a: Appletun\n|-damage|p1a: Appletun|0 fnt\n|faint|p1a: Appletun\n|\n|upkeep\n|\n|t:|1733854306\n|switch|p1a: Mimikyu|Mimikyu, L79, F|216/216\n|turn|19\n|inactive|Mb505320 has 90 seconds left.\n|\n|t:|1733854359\n|move|p1a: Mimikyu|Swords Dance|p1a: Mimikyu\n|-boost|p1a: Mimikyu|atk|2\n|move|p2a: Dunsparce|Earthquake|p1a: Mimikyu\n|-activate|p1a: Mimikyu|ability: Disguise\n|-damage|p1a: Mimikyu|216/216\n|detailschange|p1a: Mimikyu|Mimikyu-Busted, L79, F\n|-damage|p1a: Mimikyu|189/216|[from] pokemon: Mimikyu-Busted\n|\n|-damage|p2a: Dunsparce|273/312 par|[from] Leech Seed|[of] p1a: Mimikyu\n|-heal|p1a: Mimikyu|216/216|[silent]\n|-end|p2a: Dunsparce|move: Taunt\n|upkeep\n|turn|20\n|inactive|asdfadsf1 has 120 seconds left.\n|\n|t:|1733854370\n|move|p1a: Mimikyu|Shadow Claw|p2a: Dunsparce\n|-supereffective|p2a: Dunsparce\n|-damage|p2a: Dunsparce|164/312 par\n|-damage|p1a: Mimikyu|195/216|[from] item: Life Orb\n|move|p2a: Dunsparce|Earthquake|p1a: Mimikyu\n|-damage|p1a: Mimikyu|16/216\n|\n|-damage|p2a: Dunsparce|125/312 par|[from] Leech Seed|[of] p1a: Mimikyu\n|-heal|p1a: Mimikyu|55/216|[silent]\n|upkeep\n|turn|21\n|inactive|asdfadsf1 has 120 seconds left.\n|\n|t:|1733854386\n|move|p1a: Mimikyu|Shadow Claw|p2a: Dunsparce\n|-supereffective|p2a: Dunsparce\n|-damage|p2a: Dunsparce|16/312 par\n|-damage|p1a: Mimikyu|34/216|[from] item: Life Orb\n|cant|p2a: Dunsparce|par\n|\n|-damage|p2a: Dunsparce|0 fnt|[from] Leech Seed|[of] p1a: Mimikyu\n|-heal|p1a: Mimikyu|50/216|[silent]\n|faint|p2a: Dunsparce\n|upkeep\n|inactive|Mb505320 has 60 seconds left.\n|\n|t:|1733854402\n|switch|p2a: Iron Bundle|Iron Bundle, L77|213/213\n|turn|22\n|\n|t:|1733854411\n|move|p1a: Mimikyu|Shadow Sneak|p2a: Iron Bundle\n|-damage|p2a: Iron Bundle|122/213\n|-damage|p1a: Mimikyu|29/216|[from] item: Life Orb\n|move|p2a: Iron Bundle|Ice Beam|p1a: Mimikyu\n|-damage|p1a: Mimikyu|0 fnt\n|faint|p1a: Mimikyu\n|\n|upkeep\n|\n|t:|1733854418\n|switch|p1a: Chansey|Chansey, L85, F|564/564\n|turn|23\n|\n|t:|1733854430\n|move|p2a: Iron Bundle|Ice Beam|p1a: Chansey\n|-damage|p1a: Chansey|512/564\n|move|p1a: Chansey|Thunder Wave|p2a: Iron Bundle\n|-status|p2a: Iron Bundle|par\n|\n|upkeep\n|turn|24\n|\n|t:|1733854442\n|move|p1a: Chansey|Seismic Toss|p2a: Iron Bundle\n|-damage|p2a: Iron Bundle|37/213 par\n|move|p2a: Iron Bundle|Ice Beam|p1a: Chansey\n|-damage|p1a: Chansey|457/564\n|\n|upkeep\n|turn|25\n|\n|t:|1733854449\n|move|p1a: Chansey|Seismic Toss|p2a: Iron Bundle\n|-damage|p2a: Iron Bundle|0 fnt\n|faint|p2a: Iron Bundle\n|-end|p2a: Iron Bundle|Quark Drive|[silent]\n|\n|upkeep\n|\n|t:|1733854460\n|switch|p2a: Flygon|Flygon, L82, F|265/265\n|turn|26\n|l|\u2606Mb505320\n|inactive|Mb505320 disconnected and has a minute to reconnect!\n|player|p2|\n|inactive|Mb505320 has 30 seconds to reconnect!\n|j|\u2606Mb505320\n|inactive|Mb505320 reconnected and has 35 seconds left.\n|player|p2|Mb505320|clair|\n|inactive|Mb505320 has 30 seconds left.\n|inactive|Mb505320 has 20 seconds left.\n|\n|t:|1733854520\n|move|p2a: Flygon|Earthquake|p1a: Chansey\n|-damage|p1a: Chansey|241/564\n|move|p1a: Chansey|Seismic Toss|p2a: Flygon\n|-damage|p2a: Flygon|180/265\n|\n|upkeep\n|turn|27\n|inactive|Mb505320 has 30 seconds left this turn.\n|\n|t:|1733854529\n|move|p2a: Flygon|Earthquake|p1a: Chansey\n|-damage|p1a: Chansey|18/564\n|move|p1a: Chansey|Seismic Toss|p2a: Flygon\n|-damage|p2a: Flygon|95/265\n|\n|upkeep\n|turn|28\n|inactive|Mb505320 has 30 seconds left.\n|\n|t:|1733854536\n|move|p2a: Flygon|Earthquake|p1a: Chansey\n|-damage|p1a: Chansey|0 fnt\n|faint|p1a: Chansey\n|\n|upkeep\n|\n|t:|1733854543\n|switch|p1a: Latios|Latios, L78, M|253/253\n|turn|29\n|\n|t:|1733854551\n|switch|p2a: Sudowoodo|Sudowoodo, L94, M|284/284\n|move|p1a: Latios|Draco Meteor|p2a: Sudowoodo\n|-damage|p2a: Sudowoodo|94/284\n|-unboost|p1a: Latios|spa|2\n|\n|upkeep\n|turn|30\n|\n|t:|1733854563\n|switch|p1a: Rotom|Rotom-Mow, L86|226/226\n|move|p2a: Sudowoodo|Sucker Punch||[still]\n|-fail|p2a: Sudowoodo\n|\n|upkeep\n|turn|31\n|\n|t:|1733854570\n|switch|p2a: Flygon|Flygon, L82, F|95/265\n|move|p1a: Rotom|Will-O-Wisp|p2a: Flygon\n|-status|p2a: Flygon|brn\n|\n|-damage|p2a: Flygon|79/265 brn|[from] brn\n|upkeep\n|turn|32\n|\n|t:|1733854584\n|move|p2a: Flygon|Stone Edge|p1a: Rotom\n|-damage|p1a: Rotom|196/226\n|move|p1a: Rotom|Leaf Storm|p2a: Flygon\n|-damage|p2a: Flygon|0 fnt\n|-unboost|p1a: Rotom|spa|2\n|faint|p2a: Flygon\n|-damage|p1a: Rotom|174/226|[from] item: Life Orb\n|\n|upkeep\n|\n|t:|1733854595\n|switch|p2a: Sudowoodo|Sudowoodo, L94, M|94/284\n|turn|33\n|\n|t:|1733854606\n|move|p1a: Rotom|Will-O-Wisp|p2a: Sudowoodo\n|-status|p2a: Sudowoodo|brn\n|move|p2a: Sudowoodo|Head Smash|p1a: Rotom\n|-damage|p1a: Rotom|51/226\n|\n|-damage|p2a: Sudowoodo|77/284 brn|[from] brn\n|upkeep\n|turn|34\n|\n|t:|1733854616\n|move|p1a: Rotom|Leaf Storm|p2a: Sudowoodo\n|-supereffective|p2a: Sudowoodo\n|-damage|p2a: Sudowoodo|0 fnt\n|-unboost|p1a: Rotom|spa|2\n|faint|p2a: Sudowoodo\n|-damage|p1a: Rotom|29/226|[from] item: Life Orb\n|\n|win|asdfadsf1\n|raw|asdfadsf1's rating: 1119 &rarr; <strong>1144</strong><br />(+25 for winning)\n|raw|Mb505320's rating: 1115 &rarr; <strong>1090</strong><br />(-25 for losing)\n", "inputlog": ">version bfd83cad13791eb5a5a409923076391caf6fb4d4\n>start {\"formatid\":\"gen9randombattle\",\"seed\":[52937,36946,45844,2721],\"rated\":\"Rated battle\"}\n>player p1 {\"name\":\"asdfadsf1\",\"avatar\":\"266\",\"rating\":1119,\"seed\":[60732,58289,7697,46137]}\n>player p2 {\"name\":\"Mb505320\",\"avatar\":\"clair\",\"rating\":1115,\"seed\":[38422,15664,39895,49662]}\n>p1 move leechseed\n>p2 switch 6\n>p1 move appleacid\n>p2 move icebeam\n>p1 move recover\n>p2 move icebeam\n>p1 switch 6\n>p2 move knockoff\n>p1 switch 6\n>p2 move hydropump\n>p2 switch 5\n>p1 move leechseed\n>p2 move hurricane\n>p1 switch 2\n>p2 move darkpulse\n>p1 move thunderwave\n>p2 move meteorbeam\n>p1 move seismictoss\n>p2 move darkpulse\n>p1 move seismictoss\n>p2 move darkpulse\n>p1 move seismictoss\n>p2 move earthpower\n>p1 move softboiled\n>p2 move earthpower\n>p1 move seismictoss\n>p2 move darkpulse\n>p2 switch 3\n>p1 move thunderwave\n>p2 move coil terastallize\n>p1 move seismictoss\n>p2 move coil\n>p1 switch 6\n>p2 move coil\n>p1 move taunt\n>p2 move earthquake\n>p1 switch 2\n>p1 move leechseed\n>p2 move bodyslam\n>p1 switch 5\n>p1 move swordsdance\n>p2 move earthquake\n>p1 move shadowclaw\n>p2 move earthquake\n>p1 move shadowclaw\n>p2 move roost\n>p2 switch 2\n>p1 move shadowsneak\n>p2 move icebeam\n>p1 switch 6\n>p1 move thunderwave\n>p2 move icebeam\n>p1 move seismictoss\n>p2 move icebeam\n>p1 move seismictoss\n>p2 move icebeam\n>p2 switch 4\n>p1 move seismictoss\n>p2 move earthquake\n>p1 move seismictoss\n>p2 move earthquake\n>p1 move softboiled\n>p2 move earthquake\n>p1 switch 4\n>p1 move dracometeor\n>p2 switch 6\n>p1 switch 3\n>p2 move suckerpunch\n>p1 move willowisp\n>p2 switch 6\n>p1 move leafstorm\n>p2 move stoneedge\n>p2 switch 6\n>p1 move willowisp\n>p2 move headsmash\n>p1 move leafstorm\n>p2 move headsmash", "uploadtime": 1733854618, "views": 1, "formatid": "gen9randombattle", "rating": 1090, "private": 0, "password": null}