{"id": "gen9randombattle-2260825066", "format": "[Gen 9] Random Battle", "players": ["Ases", "RoboWahbit"], "log": "|j|\u2606Ases\n|j|\u2606RoboWahbit\n|t:|1733898901\n|gametype|singles\n|player|p1|Ases|gentleman-gen4dp|1165\n|player|p2|RoboWahbit|101|1118\n|teamsize|p1|6\n|teamsize|p2|6\n|gen|9\n|tier|[Gen 9] Random Battle\n|rated|\n|rule|Species Clause: Limit one of each Pok\u00e9mon\n|rule|HP Percentage Mod: HP is shown in percentages\n|rule|Sleep Clause Mod: Limit one foe put to sleep\n|rule|Illusion Level Mod: Illusion disguises the Pok\u00e9mon's true level\n|\n|t:|1733898901\n|start\n|switch|p1a: Kingambit|Kingambit, L74, M|270/270\n|switch|p2a: Exeggutor|Exeggutor-Alola, L89, M|314/314\n|turn|1\n|c|\u2606RoboWahbit|hf\n|inactive|Battle timer is ON: inactive players will automatically lose when time's up. (requested by RoboWahbit)\n|\n|t:|1733898918\n|move|p2a: Exeggutor|Flamethrower|p1a: Kingambit\n|-supereffective|p1a: Kingambit\n|-damage|p1a: Kingambit|64/270\n|move|p1a: Kingambit|Swords Dance|p1a: Kingambit\n|-boost|p1a: Kingambit|atk|2\n|\n|-heal|p1a: Kingambit|80/270|[from] item: Leftovers\n|upkeep\n|turn|2\n|\n|t:|1733898926\n|switch|p2a: Slither Wing|Slither Wing, L81|270/270\n|-enditem|p2a: Slither Wing|Booster Energy\n|-activate|p2a: Slither Wing|ability: Protosynthesis|[fromitem]\n|-start|p2a: Slither Wing|protosynthesisatk\n|move|p1a: Kingambit|Sucker Punch||[still]\n|-fail|p1a: Kingambit\n|\n|-heal|p1a: Kingambit|96/270|[from] item: Leftovers\n|upkeep\n|turn|3\n|\n|t:|1733898939\n|move|p1a: Kingambit|Sucker Punch||[still]\n|-fail|p1a: Kingambit\n|move|p2a: Slither Wing|Bulk Up|p2a: Slither Wing\n|-boost|p2a: Slither Wing|atk|1\n|-boost|p2a: Slither Wing|def|1\n|\n|-heal|p1a: Kingambit|112/270|[from] item: Leftovers\n|upkeep\n|turn|4\n|\n|t:|1733898953\n|-end|p1a: Kingambit|fallenundefined|[silent]\n|switch|p1a: Rotom|Rotom-Heat, L83|219/219\n|move|p2a: Slither Wing|Bulk Up|p2a: Slither Wing\n|-boost|p2a: Slither Wing|atk|1\n|-boost|p2a: Slither Wing|def|1\n|\n|upkeep\n|turn|5\n|\n|t:|1733898964\n|move|p1a: Rotom|Overheat|p2a: Slither Wing\n|-supereffective|p2a: Slither Wing\n|-damage|p2a: Slither Wing|0 fnt\n|-unboost|p1a: Rotom|spa|2\n|faint|p2a: Slither Wing\n|-end|p2a: Slither Wing|Protosynthesis|[silent]\n|\n|upkeep\n|\n|t:|1733898964\n|switch|p2a: Klefki|Klefki, L84, F|233/233\n|turn|6\n|\n|t:|1733898972\n|move|p2a: Klefki|Spikes|p1a: Rotom\n|-sidestart|p1: Ases|Spikes\n|move|p1a: Rotom|Overheat|p2a: Klefki\n|-supereffective|p2a: Klefki\n|-damage|p2a: Klefki|77/233\n|-unboost|p1a: Rotom|spa|2\n|\n|-heal|p2a: Klefki|91/233|[from] item: Leftovers\n|upkeep\n|turn|7\n|\n|t:|1733898985\n|switch|p1a: Kingambit|Kingambit, L74, M|112/270\n|-damage|p1a: Kingambit|79/270|[from] Spikes\n|move|p2a: Klefki|Spikes|p1a: Kingambit\n|-sidestart|p1: Ases|Spikes\n|\n|-heal|p2a: Klefki|105/233|[from] item: Leftovers\n|-heal|p1a: Kingambit|95/270|[from] item: Leftovers\n|upkeep\n|turn|8\n|\n|t:|1733898996\n|switch|p2a: Quaquaval|Quaquaval, L79, M|264/264\n|move|p1a: Kingambit|Iron Head|p2a: Quaquaval\n|-resisted|p2a: Quaquaval\n|-damage|p2a: Quaquaval|217/264\n|\n|-heal|p1a: Kingambit|111/270|[from] item: Leftovers\n|upkeep\n|turn|9\n|\n|t:|1733899010\n|-end|p1a: Kingambit|fallenundefined|[silent]\n|switch|p1a: Gogoat|Gogoat, L88, F|360/360\n|-damage|p1a: Gogoat|300/360|[from] Spikes\n|move|p2a: Quaquaval|Aqua Step|p1a: Gogoat\n|-resisted|p1a: Gogoat\n|-damage|p1a: Gogoat|243/360\n|-boost|p2a: Quaquaval|spe|1\n|\n|-heal|p1a: Gogoat|265/360|[from] item: Leftovers\n|upkeep\n|turn|10\n|\n|t:|1733899023\n|move|p2a: Quaquaval|Aqua Step|p1a: Gogoat\n|-resisted|p1a: Gogoat\n|-damage|p1a: Gogoat|211/360\n|-boost|p2a: Quaquaval|spe|1\n|move|p1a: Gogoat|Horn Leech|p2a: Quaquaval\n|-supereffective|p2a: Quaquaval\n|-damage|p2a: Quaquaval|19/264\n|-heal|p1a: Gogoat|310/360|[from] drain|[of] p2a: Quaquaval\n|\n|-heal|p1a: Gogoat|332/360|[from] item: Leftovers\n|upkeep\n|turn|11\n|\n|t:|1733899035\n|move|p2a: Quaquaval|Close Combat|p1a: Gogoat\n|-damage|p1a: Gogoat|176/360\n|-unboost|p2a: Quaquaval|def|1\n|-unboost|p2a: Quaquaval|spd|1\n|move|p1a: Gogoat|Horn Leech|p2a: Quaquaval\n|-supereffective|p2a: Quaquaval\n|-damage|p2a: Quaquaval|0 fnt\n|-heal|p1a: Gogoat|186/360|[from] drain|[of] p2a: Quaquaval\n|faint|p2a: Quaquaval\n|\n|-heal|p1a: Gogoat|208/360|[from] item: Leftovers\n|upkeep\n|\n|t:|1733899036\n|switch|p2a: Toucannon|Toucannon, L88, F|284/284\n|turn|12\n|\n|t:|1733899054\n|move|p1a: Gogoat|Rock Slide|p2a: Toucannon\n|-supereffective|p2a: Toucannon\n|-crit|p2a: Toucannon\n|-damage|p2a: Toucannon|84/284\n|cant|p2a: Toucannon|flinch\n|\n|-heal|p1a: Gogoat|230/360|[from] item: Leftovers\n|upkeep\n|turn|13\n|\n|t:|1733899064\n|switch|p2a: Exeggutor|Exeggutor-Alola, L89, M|314/314\n|move|p1a: Gogoat|Rock Slide|p2a: Exeggutor\n|-damage|p2a: Exeggutor|251/314\n|\n|-heal|p1a: Gogoat|252/360|[from] item: Leftovers\n|upkeep\n|turn|14\n|\n|t:|1733899079\n|switch|p1a: Kingambit|Kingambit, L74, M|111/270\n|-damage|p1a: Kingambit|66/270|[from] Spikes\n|move|p2a: Exeggutor|Knock Off|p1a: Kingambit\n|-resisted|p1a: Kingambit\n|-damage|p1a: Kingambit|27/270\n|-enditem|p1a: Kingambit|Leftovers|[from] move: Knock Off|[of] p2a: Exeggutor\n|\n|upkeep\n|turn|15\n|\n|t:|1733899095\n|move|p2a: Exeggutor|Wood Hammer|p1a: Kingambit\n|-resisted|p1a: Kingambit\n|-damage|p1a: Kingambit|0 fnt\n|faint|p1a: Kingambit\n|-end|p1a: Kingambit|fallenundefined|[silent]\n|-damage|p2a: Exeggutor|242/314|[from] Recoil\n|\n|upkeep\n|inactive|Ases has 120 seconds left.\n|\n|t:|1733899111\n|switch|p1a: Cresselia|Cresselia, L80, F|323/323\n|turn|16\n|\n|t:|1733899114\n|move|p1a: Cresselia|Calm Mind|p1a: Cresselia\n|-boost|p1a: Cresselia|spa|1\n|-boost|p1a: Cresselia|spd|1\n|move|p2a: Exeggutor|Knock Off|p1a: Cresselia\n|-supereffective|p1a: Cresselia\n|-damage|p1a: Cresselia|189/323\n|-enditem|p1a: Cresselia|Leftovers|[from] move: Knock Off|[of] p2a: Exeggutor\n|\n|upkeep\n|turn|17\n|\n|t:|1733899129\n|switch|p2a: Klefki|Klefki, L84, F|105/233\n|move|p1a: Cresselia|Calm Mind|p1a: Cresselia\n|-boost|p1a: Cresselia|spa|1\n|-boost|p1a: Cresselia|spd|1\n|\n|-heal|p2a: Klefki|119/233|[from] item: Leftovers\n|upkeep\n|turn|18\n|\n|t:|1733899140\n|move|p2a: Klefki|Thunder Wave|p1a: Cresselia\n|-status|p1a: Cresselia|par\n|move|p1a: Cresselia|Psyshock|p2a: Klefki\n|-resisted|p2a: Klefki\n|-damage|p2a: Klefki|56/233\n|\n|-heal|p2a: Klefki|70/233|[from] item: Leftovers\n|upkeep\n|turn|19\n|\n|t:|1733899150\n|move|p2a: Klefki|Spikes|p1a: Cresselia\n|-sidestart|p1: Ases|Spikes\n|move|p1a: Cresselia|Calm Mind|p1a: Cresselia\n|-boost|p1a: Cresselia|spa|1\n|-boost|p1a: Cresselia|spd|1\n|\n|-heal|p2a: Klefki|84/233|[from] item: Leftovers\n|upkeep\n|turn|20\n|\n|t:|1733899159\n|move|p2a: Klefki|Foul Play|p1a: Cresselia\n|-supereffective|p1a: Cresselia\n|-damage|p1a: Cresselia|125/323 par\n|move|p1a: Cresselia|Moonlight|p1a: Cresselia\n|-heal|p1a: Cresselia|286/323 par\n|\n|-heal|p2a: Klefki|98/233|[from] item: Leftovers\n|upkeep\n|turn|21\n|\n|t:|1733899168\n|move|p2a: Klefki|Foul Play|p1a: Cresselia\n|-supereffective|p1a: Cresselia\n|-crit|p1a: Cresselia\n|-damage|p1a: Cresselia|182/323 par\n|move|p1a: Cresselia|Psyshock|p2a: Klefki\n|-resisted|p2a: Klefki\n|-damage|p2a: Klefki|24/233\n|\n|-heal|p2a: Klefki|38/233|[from] item: Leftovers\n|upkeep\n|turn|22\n|\n|t:|1733899176\n|move|p2a: Klefki|Foul Play|p1a: Cresselia\n|-supereffective|p1a: Cresselia\n|-damage|p1a: Cresselia|120/323 par\n|cant|p1a: Cresselia|par\n|\n|-heal|p2a: Klefki|52/233|[from] item: Leftovers\n|upkeep\n|turn|23\n|\n|t:|1733899184\n|move|p2a: Klefki|Foul Play|p1a: Cresselia\n|-supereffective|p1a: Cresselia\n|-damage|p1a: Cresselia|50/323 par\n|cant|p1a: Cresselia|par\n|\n|-heal|p2a: Klefki|66/233|[from] item: Leftovers\n|upkeep\n|turn|24\n|\n|t:|1733899190\n|move|p2a: Klefki|Foul Play|p1a: Cresselia\n|-supereffective|p1a: Cresselia\n|-damage|p1a: Cresselia|0 fnt\n|faint|p1a: Cresselia\n|\n|-heal|p2a: Klefki|80/233|[from] item: Leftovers\n|upkeep\n|\n|t:|1733899199\n|switch|p1a: Rotom|Rotom-Heat, L83|219/219\n|turn|25\n|\n|t:|1733899204\n|move|p1a: Rotom|Overheat|p2a: Klefki\n|-supereffective|p2a: Klefki\n|-damage|p2a: Klefki|0 fnt\n|-unboost|p1a: Rotom|spa|2\n|faint|p2a: Klefki\n|\n|upkeep\n|\n|t:|1733899204\n|switch|p2a: Exeggutor|Exeggutor-Alola, L89, M|242/314\n|turn|26\n|\n|t:|1733899214\n|switch|p1a: Gogoat|Gogoat, L88, F|252/360\n|-damage|p1a: Gogoat|162/360|[from] Spikes\n|move|p2a: Exeggutor|Draco Meteor|p1a: Gogoat\n|-damage|p1a: Gogoat|0 fnt\n|-unboost|p2a: Exeggutor|spa|2\n|faint|p1a: Gogoat\n|\n|upkeep\n|\n|t:|1733899226\n|switch|p1a: Rotom|Rotom-Heat, L83|219/219\n|turn|27\n|\n|t:|1733899234\n|move|p1a: Rotom|Volt Switch|p2a: Exeggutor\n|-resisted|p2a: Exeggutor\n|-damage|p2a: Exeggutor|222/314\n|\n|t:|1733899241\n|switch|p1a: Toedscruel|Toedscruel, L87, M|281/281|[from] Volt Switch\n|-damage|p1a: Toedscruel|211/281|[from] Spikes\n|move|p2a: Exeggutor|Draco Meteor|p1a: Toedscruel\n|-damage|p1a: Toedscruel|135/281\n|-unboost|p2a: Exeggutor|spa|2\n|\n|-heal|p1a: Toedscruel|152/281|[from] item: Leftovers\n|upkeep\n|turn|28\n|\n|t:|1733899256\n|move|p2a: Exeggutor|Knock Off|p1a: Toedscruel\n|-damage|p1a: Toedscruel|61/281\n|-enditem|p1a: Toedscruel|Leftovers|[from] move: Knock Off|[of] p2a: Exeggutor\n|move|p1a: Toedscruel|Toxic|p2a: Exeggutor\n|-status|p2a: Exeggutor|tox\n|\n|-damage|p2a: Exeggutor|203/314 tox|[from] psn\n|upkeep\n|turn|29\n|\n|t:|1733899265\n|move|p1a: Toedscruel|Earth Power|p2a: Exeggutor\n|-resisted|p2a: Exeggutor\n|-damage|p2a: Exeggutor|157/314 tox\n|-enditem|p2a: Exeggutor|Sitrus Berry|[eat]\n|-heal|p2a: Exeggutor|235/314 tox|[from] item: Sitrus Berry\n|move|p2a: Exeggutor|Knock Off|p1a: Toedscruel\n|-crit|p1a: Toedscruel\n|-damage|p1a: Toedscruel|0 fnt\n|faint|p1a: Toedscruel\n|\n|-damage|p2a: Exeggutor|197/314 tox|[from] psn\n|-item|p2a: Exeggutor|Sitrus Berry|[from] ability: Harvest\n|upkeep\n|\n|t:|1733899278\n|switch|p1a: Donphan|Donphan, L84, M|288/288\n|-damage|p1a: Donphan|216/288|[from] Spikes\n|turn|30\n|\n|t:|1733899284\n|switch|p2a: Toucannon|Toucannon, L88, F|84/284\n|move|p1a: Donphan|Ice Spinner|p2a: Toucannon\n|-supereffective|p2a: Toucannon\n|-damage|p2a: Toucannon|0 fnt\n|faint|p2a: Toucannon\n|\n|-heal|p1a: Donphan|234/288|[from] item: Leftovers\n|upkeep\n|\n|t:|1733899284\n|switch|p2a: Golurk|Golurk, L87|297/297\n|turn|31\n|\n|t:|1733899297\n|move|p2a: Golurk|Poltergeist|p1a: Donphan\n|-activate|p1a: Donphan|move: Poltergeist|Leftovers\n|-damage|p1a: Donphan|78/288\n|-damage|p2a: Golurk|268/297|[from] item: Life Orb\n|move|p1a: Donphan|Ice Spinner|p2a: Golurk\n|-supereffective|p2a: Golurk\n|-damage|p2a: Golurk|124/297\n|\n|-heal|p1a: Donphan|96/288|[from] item: Leftovers\n|upkeep\n|turn|32\n|\n|t:|1733899308\n|move|p2a: Golurk|Poltergeist|p1a: Donphan\n|-activate|p1a: Donphan|move: Poltergeist|Leftovers\n|-damage|p1a: Donphan|0 fnt\n|faint|p1a: Donphan\n|-damage|p2a: Golurk|95/297|[from] item: Life Orb\n|\n|upkeep\n|\n|t:|1733899315\n|switch|p1a: Rotom|Rotom-Heat, L83|219/219\n|turn|33\n|\n|t:|1733899322\n|switch|p2a: Exeggutor|Exeggutor-Alola, L89, M|197/314 tox\n|move|p1a: Rotom|Trick|p2a: Exeggutor\n|-activate|p1a: Rotom|move: Trick|[of] p2a: Exeggutor\n|-item|p2a: Exeggutor|Choice Scarf|[from] move: Trick\n|-item|p1a: Rotom|Sitrus Berry|[from] move: Trick\n|\n|-damage|p2a: Exeggutor|178/314 tox|[from] psn\n|upkeep\n|turn|34\n|\n|t:|1733899339\n|move|p2a: Exeggutor|Draco Meteor|p1a: Rotom\n|-damage|p1a: Rotom|51/219\n|-unboost|p2a: Exeggutor|spa|2\n|-enditem|p1a: Rotom|Sitrus Berry|[eat]\n|-heal|p1a: Rotom|105/219|[from] item: Sitrus Berry\n|move|p1a: Rotom|Thunderbolt|p2a: Exeggutor\n|-resisted|p2a: Exeggutor\n|-damage|p2a: Exeggutor|150/314 tox\n|\n|-damage|p2a: Exeggutor|112/314 tox|[from] psn\n|upkeep\n|turn|35\n|\n|t:|1733899350\n|move|p2a: Exeggutor|Draco Meteor|p1a: Rotom\n|-damage|p1a: Rotom|29/219\n|-unboost|p2a: Exeggutor|spa|2\n|move|p1a: Rotom|Thunderbolt|p2a: Exeggutor\n|-resisted|p2a: Exeggutor\n|-damage|p2a: Exeggutor|86/314 tox\n|\n|-damage|p2a: Exeggutor|29/314 tox|[from] psn\n|upkeep\n|turn|36\n|\n|t:|1733899361\n|move|p2a: Exeggutor|Draco Meteor|p1a: Rotom\n|-damage|p1a: Rotom|0 fnt\n|-unboost|p2a: Exeggutor|spa|2\n|faint|p1a: Rotom\n|\n|win|RoboWahbit\n|raw|Ases's rating: 1165 &rarr; <strong>1137</strong><br />(-28 for losing)\n|raw|RoboWahbit's rating: 1118 &rarr; <strong>1146</strong><br />(+28 for winning)\n|c|\u2606RoboWahbit|gg\n", "inputlog": ">version bfd83cad13791eb5a5a409923076391caf6fb4d4\n>start {\"formatid\":\"gen9randombattle\",\"seed\":[17933,42162,22359,25730],\"rated\":\"Rated battle\"}\n>player p1 {\"name\":\"Ases\",\"avatar\":\"gentleman-gen4dp\",\"rating\":1165,\"seed\":[7925,20944,50168,54552]}\n>player p2 {\"name\":\"RoboWahbit\",\"avatar\":\"101\",\"rating\":1118,\"seed\":[13619,39185,19071,21420]}\n>chat \u2606RoboWahbit|hf\n>p1 move swordsdance\n>p2 move flamethrower\n>p1 move suckerpunch\n>p2 switch 4\n>p1 move suckerpunch\n>p2 move bulkup\n>p1 switch 2\n>p2 move bulkup\n>p1 move overheat\n>p2 move flamecharge\n>p2 switch 3\n>p1 move overheat\n>p2 move spikes\n>p1 switch 2\n>p2 move spikes\n>p1 move ironhead\n>p2 switch 2\n>p1 switch 4\n>p2 move aquastep\n>p1 move hornleech\n>p2 move aquastep\n>p1 move hornleech\n>p2 move closecombat\n>p2 switch 5\n>p1 move rockslide\n>p2 move boomburst\n>p1 move rockslide\n>p2 switch 4\n>p1 switch 4\n>p2 move knockoff\n>p1 move ironhead\n>p2 move woodhammer\n>p1 switch 3\n>p1 move calmmind\n>p2 move knockoff\n>p1 move calmmind\n>p2 switch 2\n>p1 move psyshock\n>p2 move thunderwave\n>p1 move calmmind\n>p2 move spikes\n>p1 move moonlight\n>p2 move foulplay\n>p1 move psyshock\n>p2 move foulplay\n>p1 move psyshock\n>p2 move foulplay\n>p1 move moonlight\n>p2 move foulplay\n>p1 move moonlight\n>p2 move foulplay\n>p1 switch 2\n>p1 move overheat\n>p2 move foulplay\n>p2 switch 2\n>p1 switch 4\n>p2 move dracometeor\n>p1 switch 4\n>p1 move voltswitch\n>p2 move dracometeor\n>p1 switch 6\n>p1 move toxic\n>p2 move knockoff\n>p1 move earthpower\n>p2 move knockoff\n>p1 switch 5\n>p1 move icespinner\n>p2 switch 4\n>p2 switch 6\n>p1 move icespinner\n>p2 move poltergeist\n>p1 move icespinner\n>p2 move poltergeist\n>p1 switch 6\n>p1 move trick\n>p2 switch 4\n>p1 move thunderbolt\n>p2 move dracometeor\n>p1 move thunderbolt\n>p2 move dracometeor\n>p1 move thunderbolt\n>p2 move dracometeor", "uploadtime": 1733899362, "views": 2, "formatid": "gen9randombattle", "rating": 1137, "private": 0, "password": null}