{"id": "gen9randombattle-2259780545", "format": "[Gen 9] Random Battle", "players": ["yourmomgointhesky", "baldtaint"], "log": "|j|\u2606yourmomgointhesky\n|j|\u2606baldtaint\n|t:|1733766019\n|gametype|singles\n|player|p1|yourmomgointhesky|dahlia|1486\n|player|p2|baldtaint|265|1458\n|teamsize|p1|6\n|teamsize|p2|6\n|gen|9\n|tier|[Gen 9] Random Battle\n|rated|\n|rule|Species Clause: Limit one of each Pok\u00e9mon\n|rule|HP Percentage Mod: HP is shown in percentages\n|rule|Sleep Clause Mod: Limit one foe put to sleep\n|rule|Illusion Level Mod: Illusion disguises the Pok\u00e9mon's true level\n|\n|t:|1733766019\n|start\n|switch|p1a: Hitmonchan|Hitmonchan, L87, M|229/229\n|switch|p2a: Palafin|Palafin, L77, F|281/281\n|turn|1\n|inactive|Battle timer is ON: inactive players will automatically lose when time's up. (requested by baldtaint)\n|inactive|yourmomgointhesky has 120 seconds left.\n|\n|t:|1733766054\n|detailschange|p2a: Palafin|Palafin-Hero, L77, F\n|switch|p2a: Clefable|Clefable, L83, F|293/293\n|move|p1a: Hitmonchan|Knock Off|p2a: Clefable\n|-resisted|p2a: Clefable\n|-damage|p2a: Clefable|252/293\n|-enditem|p2a: Clefable|Life Orb|[from] move: Knock Off|[of] p1a: Hitmonchan\n|\n|upkeep\n|turn|2\n|\n|t:|1733766074\n|switch|p1a: Vikavolt|Vikavolt, L83, M|263/263\n|move|p2a: Clefable|Thunder Wave|p1a: Vikavolt\n|-immune|p1a: Vikavolt\n|\n|upkeep\n|turn|3\n|\n|t:|1733766087\n|move|p2a: Clefable|Moonblast|p1a: Vikavolt\n|-damage|p1a: Vikavolt|146/263\n|-unboost|p1a: Vikavolt|spa|1\n|move|p1a: Vikavolt|Sticky Web|p2a: Clefable\n|-sidestart|p2: baldtaint|move: Sticky Web\n|\n|upkeep\n|turn|4\n|\n|t:|1733766098\n|move|p2a: Clefable|Moonblast|p1a: Vikavolt\n|-crit|p1a: Vikavolt\n|-damage|p1a: Vikavolt|0 fnt\n|faint|p1a: Vikavolt\n|\n|upkeep\n|\n|t:|1733766107\n|switch|p1a: Dialga|Dialga-Origin, L73|266/266\n|-ability|p1a: Dialga|Pressure\n|turn|5\n|\n|t:|1733766119\n|move|p1a: Dialga|Flash Cannon|p2a: Clefable\n|-supereffective|p2a: Clefable\n|-damage|p2a: Clefable|46/293\n|move|p2a: Clefable|Moonblast|p1a: Dialga\n|-damage|p1a: Dialga|184/266\n|\n|upkeep\n|turn|6\n|\n|t:|1733766126\n|move|p1a: Dialga|Flash Cannon|p2a: Clefable\n|-supereffective|p2a: Clefable\n|-damage|p2a: Clefable|0 fnt\n|faint|p2a: Clefable\n|\n|upkeep\n|\n|t:|1733766140\n|switch|p2a: Palafin|Palafin-Hero, L77, F|281/281\n|-activate|p2a: Palafin|move: Sticky Web\n|-unboost|p2a: Palafin|spe|1\n|-activate|p2a: Palafin|ability: Zero to Hero\n|turn|7\n|\n|t:|1733766162\n|-terastallize|p1a: Dialga|Flying\n|move|p1a: Dialga|Thunder Wave|p2a: Palafin\n|-status|p2a: Palafin|par\n|move|p2a: Palafin|Bulk Up|p2a: Palafin\n|-boost|p2a: Palafin|atk|1\n|-boost|p2a: Palafin|def|1\n|\n|upkeep\n|turn|8\n|\n|t:|1733766184\n|move|p1a: Dialga|Draco Meteor|p2a: Palafin\n|-damage|p2a: Palafin|89/281 par\n|-unboost|p1a: Dialga|spa|2\n|move|p2a: Palafin|Ice Punch|p1a: Dialga\n|-supereffective|p1a: Dialga\n|-damage|p1a: Dialga|8/266\n|\n|-heal|p2a: Palafin|106/281 par|[from] item: Leftovers\n|upkeep\n|turn|9\n|\n|t:|1733766195\n|move|p2a: Palafin|Jet Punch|p1a: Dialga\n|-damage|p1a: Dialga|0 fnt\n|faint|p1a: Dialga\n|\n|-heal|p2a: Palafin|123/281 par|[from] item: Leftovers\n|upkeep\n|inactive|yourmomgointhesky has 120 seconds left.\n|\n|t:|1733766209\n|switch|p1a: Hitmonchan|Hitmonchan, L87, M|229/229\n|turn|10\n|\n|t:|1733766219\n|cant|p2a: Palafin|par\n|move|p1a: Hitmonchan|Bulk Up|p1a: Hitmonchan\n|-boost|p1a: Hitmonchan|atk|1\n|-boost|p1a: Hitmonchan|def|1\n|\n|-heal|p2a: Palafin|140/281 par|[from] item: Leftovers\n|upkeep\n|turn|11\n|\n|t:|1733766228\n|move|p1a: Hitmonchan|Bulk Up|p1a: Hitmonchan\n|-boost|p1a: Hitmonchan|atk|1\n|-boost|p1a: Hitmonchan|def|1\n|move|p2a: Palafin|Drain Punch|p1a: Hitmonchan\n|-damage|p1a: Hitmonchan|179/229\n|-heal|p2a: Palafin|165/281 par|[from] drain|[of] p1a: Hitmonchan\n|\n|-heal|p1a: Hitmonchan|193/229|[from] item: Leftovers\n|-heal|p2a: Palafin|182/281 par|[from] item: Leftovers\n|upkeep\n|turn|12\n|\n|t:|1733766241\n|move|p1a: Hitmonchan|Rapid Spin|p2a: Palafin\n|-damage|p2a: Palafin|130/281 par\n|-boost|p1a: Hitmonchan|spe|1\n|move|p2a: Palafin|Drain Punch|p1a: Hitmonchan\n|-damage|p1a: Hitmonchan|136/229\n|-heal|p2a: Palafin|159/281 par|[from] drain|[of] p1a: Hitmonchan\n|\n|-heal|p1a: Hitmonchan|150/229|[from] item: Leftovers\n|-heal|p2a: Palafin|176/281 par|[from] item: Leftovers\n|upkeep\n|turn|13\n|\n|t:|1733766260\n|move|p1a: Hitmonchan|Bulk Up|p1a: Hitmonchan\n|-boost|p1a: Hitmonchan|atk|1\n|-boost|p1a: Hitmonchan|def|1\n|move|p2a: Palafin|Drain Punch|p1a: Hitmonchan\n|-damage|p1a: Hitmonchan|111/229\n|-heal|p2a: Palafin|196/281 par|[from] drain|[of] p1a: Hitmonchan\n|\n|-heal|p1a: Hitmonchan|125/229|[from] item: Leftovers\n|-heal|p2a: Palafin|213/281 par|[from] item: Leftovers\n|upkeep\n|turn|14\n|\n|t:|1733766270\n|move|p2a: Palafin|Jet Punch|p1a: Hitmonchan\n|-damage|p1a: Hitmonchan|70/229\n|move|p1a: Hitmonchan|Bulk Up|p1a: Hitmonchan\n|-boost|p1a: Hitmonchan|atk|1\n|-boost|p1a: Hitmonchan|def|1\n|\n|-heal|p1a: Hitmonchan|84/229|[from] item: Leftovers\n|-heal|p2a: Palafin|230/281 par|[from] item: Leftovers\n|upkeep\n|turn|15\n|\n|t:|1733766280\n|move|p2a: Palafin|Jet Punch|p1a: Hitmonchan\n|-damage|p1a: Hitmonchan|39/229\n|move|p1a: Hitmonchan|Bulk Up|p1a: Hitmonchan\n|-boost|p1a: Hitmonchan|atk|1\n|-boost|p1a: Hitmonchan|def|1\n|\n|-heal|p1a: Hitmonchan|53/229|[from] item: Leftovers\n|-heal|p2a: Palafin|247/281 par|[from] item: Leftovers\n|upkeep\n|turn|16\n|\n|t:|1733766290\n|move|p2a: Palafin|Jet Punch|p1a: Hitmonchan\n|-damage|p1a: Hitmonchan|13/229\n|move|p1a: Hitmonchan|Drain Punch|p2a: Palafin\n|-damage|p2a: Palafin|10/281 par\n|-heal|p1a: Hitmonchan|132/229|[from] drain|[of] p2a: Palafin\n|\n|-heal|p1a: Hitmonchan|146/229|[from] item: Leftovers\n|-heal|p2a: Palafin|27/281 par|[from] item: Leftovers\n|upkeep\n|turn|17\n|\n|t:|1733766302\n|move|p2a: Palafin|Jet Punch|p1a: Hitmonchan\n|-crit|p1a: Hitmonchan\n|-damage|p1a: Hitmonchan|0 fnt\n|faint|p1a: Hitmonchan\n|\n|-heal|p2a: Palafin|44/281 par|[from] item: Leftovers\n|upkeep\n|c|\u2606yourmomgointhesky|XDDDDDDDDDDDDDDDDDD\n|\n|t:|1733766310\n|switch|p1a: Glalie|Glalie, L96, F|309/309\n|turn|18\n|c|\u2606baldtaint|greedy boy\n|\n|t:|1733766315\n|cant|p2a: Palafin|par\n|move|p1a: Glalie|Freeze-Dry|p2a: Palafin\n|-supereffective|p2a: Palafin\n|-damage|p2a: Palafin|0 fnt\n|faint|p2a: Palafin\n|\n|upkeep\n|c|\u2606yourmomgointhesky|lucky boy\n|c|\u2606yourmomgointhesky|got your one win con man congrats\n|\n|t:|1733766327\n|switch|p2a: Perrserker|Perrserker, L89, M|269/269\n|-activate|p2a: Perrserker|move: Sticky Web\n|-unboost|p2a: Perrserker|spe|1\n|turn|19\n|\n|t:|1733766334\n|move|p1a: Glalie|Earthquake|p2a: Perrserker\n|-supereffective|p2a: Perrserker\n|-damage|p2a: Perrserker|121/269\n|move|p2a: Perrserker|Iron Head|p1a: Glalie\n|-supereffective|p1a: Glalie\n|-damage|p1a: Glalie|0 fnt\n|faint|p1a: Glalie\n|\n|upkeep\n|\n|t:|1733766341\n|switch|p1a: Deoxys|Deoxys, L74|196/196\n|-ability|p1a: Deoxys|Pressure\n|turn|20\n|c|\u2606baldtaint|con man lol I dont control the rng buddy\n|\n|t:|1733766352\n|move|p1a: Deoxys|Superpower|p2a: Perrserker\n|-supereffective|p2a: Perrserker\n|-damage|p2a: Perrserker|0 fnt\n|-unboost|p1a: Deoxys|atk|1\n|-unboost|p1a: Deoxys|def|1\n|faint|p2a: Perrserker\n|-damage|p1a: Deoxys|177/196|[from] item: Life Orb\n|\n|upkeep\n|c|\u2606yourmomgointhesky|yes so don't speak to me\n|c|\u2606yourmomgointhesky|when you get lucky\n|c|\u2606yourmomgointhesky|ty\n|c|\u2606yourmomgointhesky|i'm aware you don't control luck\n|c|\u2606yourmomgointhesky|that is how luck works\n|inactive|baldtaint has 120 seconds left.\n|c|\u2606baldtaint|dang what a sore loser\n|c|\u2606yourmomgointhesky|you typed to me man\n|c|\u2606yourmomgointhesky|what did you expect \"omg ya i'm so greedy haha :3\"\n|c|\u2606baldtaint|hahaha feel free to go rad back\n|inactive|baldtaint has 90 seconds left.\n|c|\u2606yourmomgointhesky|pick your next mon pls\n|\n|t:|1733766413\n|switch|p2a: Barraskewda|Barraskewda, L81, F|231/231\n|-activate|p2a: Barraskewda|move: Sticky Web\n|-unboost|p2a: Barraskewda|spe|1\n|turn|21\n|inactive|baldtaint has 90 seconds left.\n|\n|t:|1733766424\n|move|p1a: Deoxys|Psycho Boost|p2a: Barraskewda|[miss]\n|-miss|p1a: Deoxys|p2a: Barraskewda\n|move|p2a: Barraskewda|Waterfall|p1a: Deoxys\n|-damage|p1a: Deoxys|0 fnt\n|faint|p1a: Deoxys\n|\n|upkeep\n|c|\u2606yourmomgointhesky|XDDDDDDDDDDDDDDDDDDDD\n|c|\u2606yourmomgointhesky|god\n|c|\u2606baldtaint|hahahahhaahahhahhahahaha\n|n|!yourmomgointhesky|yourmomgointhesky\n|c|\u2606baldtaint|good always prevails\n|-message|yourmomgointhesky forfeited.\n|\n|win|baldtaint\n", "inputlog": ">version bfd83cad13791eb5a5a409923076391caf6fb4d4\n>start {\"formatid\":\"gen9randombattle\",\"seed\":[18832,41648,12607,20121],\"rated\":\"Rated battle\"}\n>player p1 {\"name\":\"yourmomgointhesky\",\"avatar\":\"dahlia\",\"rating\":1486,\"seed\":[16137,63324,62787,2202]}\n>player p2 {\"name\":\"baldtaint\",\"avatar\":\"265\",\"rating\":1458,\"seed\":[7682,25515,17448,35809]}\n>p1 move knockoff\n>p2 switch 6\n>p1 switch 5\n>p2 move thunderwave\n>p1 move stickyweb\n>p2 move moonblast\n>p1 move thunderbolt\n>p2 move moonblast\n>p1 switch 4\n>p1 move flashcannon\n>p2 move moonblast\n>p1 move flashcannon\n>p2 move knockoff\n>p2 switch 6\n>p1 move thunderwave terastallize\n>p2 move bulkup\n>p1 move dracometeor\n>p2 move icepunch\n>p1 move stealthrock\n>p2 move jetpunch\n>p1 switch 5\n>p1 move bulkup\n>p2 move jetpunch\n>p1 move bulkup\n>p2 move drainpunch\n>p1 move rapidspin\n>p2 move drainpunch\n>p1 move bulkup\n>p2 move drainpunch\n>p1 move bulkup\n>p2 move jetpunch\n>p1 move bulkup\n>p2 move jetpunch\n>p1 move drainpunch\n>p2 move jetpunch\n>p1 move rapidspin\n>p2 move jetpunch\n>chat \u2606yourmomgointhesky|XDDDDDDDDDDDDDDDDDD\n>p1 switch 3\n>chat \u2606baldtaint|greedy boy\n>p1 move freezedry\n>p2 move jetpunch\n>chat \u2606yourmomgointhesky|lucky boy\n>chat \u2606yourmomgointhesky|got your one win con man congrats\n>p2 switch 3\n>p1 move earthquake\n>p2 move ironhead\n>p1 switch 2\n>chat \u2606baldtaint|con man lol I dont control the rng buddy\n>p1 move superpower\n>p2 move ironhead\n>chat \u2606yourmomgointhesky|yes so don't speak to me \n>chat \u2606yourmomgointhesky|when you get lucky\n>chat \u2606yourmomgointhesky|ty\n>chat \u2606yourmomgointhesky|i'm aware you don't control luck\n>chat \u2606yourmomgointhesky|that is how luck works\n>chat \u2606baldtaint|dang what a sore loser\n>chat \u2606yourmomgointhesky|you typed to me man\n>chat \u2606yourmomgointhesky|what did you expect \"omg ya i'm so greedy haha :3\"\n>chat \u2606baldtaint|hahaha feel free to go rad back\n>chat \u2606yourmomgointhesky|pick your next mon pls\n>p2 switch 5\n>p1 move psychoboost\n>p2 move waterfall\n>chat \u2606yourmomgointhesky|XDDDDDDDDDDDDDDDDDDDD\n>chat \u2606yourmomgointhesky|god \n>chat \u2606baldtaint|hahahahhaahahhahhahahaha\n>chat \u2606yourmomgointhesky|fuck you man legit get hit by a bus XD\n>chat \u2606baldtaint|good always prevails\n>forcelose p1", "uploadtime": 1733766437, "views": 1, "formatid": "gen9randombattle", "rating": null, "private": 0, "password": null}