{"id": "gen9randombattle-2260265016", "format": "[Gen 9] Random Battle", "players": ["homieflexual", "WheezingRat"], "log": "|j|\u2606homieflexual\n|j|\u2606WheezingRat\n|t:|1733832162\n|gametype|singles\n|player|p1|homieflexual|170|1365\n|player|p2|WheezingRat|169|1313\n|teamsize|p1|6\n|teamsize|p2|6\n|gen|9\n|tier|[Gen 9] Random Battle\n|rated|\n|rule|Species Clause: Limit one of each Pok\u00e9mon\n|rule|HP Percentage Mod: HP is shown in percentages\n|rule|Sleep Clause Mod: Limit one foe put to sleep\n|rule|Illusion Level Mod: Illusion disguises the Pok\u00e9mon's true level\n|\n|t:|1733832162\n|start\n|switch|p1a: Breloom|Breloom, L82, M|233/233\n|switch|p2a: Dewgong|Dewgong, L94, M|322/322\n|turn|1\n|inactive|Battle timer is ON: inactive players will automatically lose when time's up. (requested by homieflexual)\n|\n|t:|1733832176\n|switch|p2a: Calyrex|Calyrex-Shadow, L64|235/235\n|-ability|p2a: Calyrex|As One\n|-ability|p2a: Calyrex|Unnerve\n|switch|p1a: Palafin|Palafin, L77, F|281/281\n|\n|upkeep\n|turn|2\n|inactive|homieflexual has 120 seconds left.\n|c|\u2606WheezingRat|im homieflexible\n|\n|t:|1733832219\n|detailschange|p1a: Palafin|Palafin-Hero, L77, F\n|switch|p1a: Avalugg|Avalugg, L88, M|310/310\n|move|p2a: Calyrex|Astral Barrage|p1a: Avalugg\n|-damage|p1a: Avalugg|54/310\n|\n|upkeep\n|turn|3\n|\n|t:|1733832238\n|switch|p1a: Chansey|Chansey, L85, F|564/564\n|move|p2a: Calyrex|Astral Barrage|p1a: Chansey\n|-immune|p1a: Chansey\n|\n|upkeep\n|turn|4\n|\n|t:|1733832248\n|switch|p2a: Glalie|Glalie, L96, M|309/309\n|move|p1a: Chansey|Thunder Wave|p2a: Glalie\n|-status|p2a: Glalie|par\n|\n|upkeep\n|turn|5\n|inactive|homieflexual has 90 seconds left.\n|\n|t:|1733832290\n|move|p1a: Chansey|Seismic Toss|p2a: Glalie\n|-damage|p2a: Glalie|224/309 par\n|move|p2a: Glalie|Spikes|p1a: Chansey\n|-sidestart|p1: homieflexual|Spikes\n|\n|upkeep\n|turn|6\n|\n|t:|1733832300\n|switch|p2a: Kilowattrel|Kilowattrel, L83, F|252/252\n|move|p1a: Chansey|Stealth Rock|p2a: Kilowattrel\n|-sidestart|p2: WheezingRat|move: Stealth Rock\n|\n|upkeep\n|turn|7\n|inactive|homieflexual has 90 seconds left.\n|\n|t:|1733832307\n|move|p2a: Kilowattrel|Thunder Wave|p1a: Chansey\n|-status|p1a: Chansey|par\n|move|p1a: Chansey|Seismic Toss|p2a: Kilowattrel\n|-damage|p2a: Kilowattrel|167/252\n|\n|upkeep\n|turn|8\n|\n|t:|1733832317\n|-curestatus|p1a: Chansey|par|[from] ability: Natural Cure\n|switch|p1a: Probopass|Probopass, L92, M|260/260\n|-damage|p1a: Probopass|228/260|[from] Spikes\n|move|p2a: Kilowattrel|Hurricane|p1a: Probopass\n|-resisted|p1a: Probopass\n|-damage|p1a: Probopass|212/260\n|\n|-heal|p1a: Probopass|228/260|[from] item: Leftovers\n|upkeep\n|turn|9\n|\n|t:|1733832327\n|move|p2a: Kilowattrel|U-turn|p1a: Probopass\n|-resisted|p1a: Probopass\n|-damage|p1a: Probopass|216/260\n|\n|t:|1733832337\n|switch|p2a: Uxie|Uxie, L83|260/260|[from] U-turn\n|-damage|p2a: Uxie|228/260|[from] Stealth Rock\n|move|p1a: Probopass|Power Gem|p2a: Uxie\n|-damage|p2a: Uxie|171/260\n|\n|-heal|p2a: Uxie|187/260|[from] item: Leftovers\n|-heal|p1a: Probopass|232/260|[from] item: Leftovers\n|upkeep\n|turn|10\n|\n|t:|1733832349\n|move|p2a: Uxie|Encore|p1a: Probopass\n|-start|p1a: Probopass|Encore\n|move|p1a: Probopass|Power Gem|p2a: Uxie\n|-damage|p2a: Uxie|127/260\n|\n|-heal|p2a: Uxie|143/260|[from] item: Leftovers\n|-heal|p1a: Probopass|248/260|[from] item: Leftovers\n|upkeep\n|turn|11\n|\n|t:|1733832365\n|switch|p1a: Palafin|Palafin-Hero, L77, F|281/281\n|-damage|p1a: Palafin|246/281|[from] Spikes\n|-activate|p1a: Palafin|ability: Zero to Hero\n|move|p2a: Uxie|Yawn|p1a: Palafin\n|-start|p1a: Palafin|move: Yawn|[of] p2a: Uxie\n|\n|-heal|p2a: Uxie|159/260|[from] item: Leftovers\n|upkeep\n|turn|12\n|inactive|homieflexual has 90 seconds left.\n|\n|t:|1733832381\n|switch|p1a: Probopass|Probopass, L92, M|248/260\n|-damage|p1a: Probopass|216/260|[from] Spikes\n|move|p2a: Uxie|Psychic Noise|p1a: Probopass\n|-resisted|p1a: Probopass\n|-damage|p1a: Probopass|198/260\n|-start|p1a: Probopass|move: Heal Block\n|\n|-heal|p2a: Uxie|175/260|[from] item: Leftovers\n|upkeep\n|turn|13\n|\n|t:|1733832391\n|move|p2a: Uxie|U-turn|p1a: Probopass\n|-resisted|p1a: Probopass\n|-damage|p1a: Probopass|185/260\n|\n|t:|1733832401\n|switch|p2a: Dewgong|Dewgong, L94, M|322/322|[from] U-turn\n|move|p1a: Probopass|Flash Cannon|p2a: Dewgong\n|-damage|p2a: Dewgong|258/322\n|\n|-end|p1a: Probopass|move: Heal Block\n|upkeep\n|turn|14\n|\n|t:|1733832412\n|move|p2a: Dewgong|Flip Turn|p1a: Probopass\n|-supereffective|p1a: Probopass\n|-damage|p1a: Probopass|107/260\n|\n|t:|1733832417\n|switch|p2a: Glalie|Glalie, L96, M|224/309 par|[from] Flip Turn\n|move|p1a: Probopass|Body Press|p2a: Glalie\n|-supereffective|p2a: Glalie\n|-crit|p2a: Glalie\n|-damage|p2a: Glalie|0 fnt\n|faint|p2a: Glalie\n|\n|-heal|p1a: Probopass|123/260|[from] item: Leftovers\n|upkeep\n|\n|t:|1733832424\n|switch|p2a: Calyrex|Calyrex-Shadow, L64|235/235\n|-ability|p2a: Calyrex|As One\n|-ability|p2a: Calyrex|Unnerve\n|-damage|p2a: Calyrex|206/235|[from] Stealth Rock\n|turn|15\n|inactive|homieflexual has 120 seconds left.\n|\n|t:|1733832434\n|move|p2a: Calyrex|Trick|p1a: Probopass\n|-activate|p2a: Calyrex|move: Trick|[of] p1a: Probopass\n|-item|p1a: Probopass|Choice Specs|[from] move: Trick\n|-item|p2a: Calyrex|Leftovers|[from] move: Trick\n|move|p1a: Probopass|Flash Cannon|p2a: Calyrex\n|-damage|p2a: Calyrex|68/235\n|\n|-heal|p2a: Calyrex|82/235|[from] item: Leftovers\n|upkeep\n|turn|16\n|inactive|homieflexual has 120 seconds left.\n|\n|t:|1733832444\n|move|p2a: Calyrex|Astral Barrage|p1a: Probopass\n|-damage|p1a: Probopass|53/260\n|move|p1a: Probopass|Flash Cannon|p2a: Calyrex\n|-damage|p2a: Calyrex|0 fnt\n|faint|p2a: Calyrex\n|\n|upkeep\n|\n|t:|1733832454\n|switch|p2a: Clodsire|Clodsire, L81, F|343/343\n|-damage|p2a: Clodsire|322/343|[from] Stealth Rock\n|turn|17\n|\n|t:|1733832462\n|switch|p1a: Avalugg|Avalugg, L88, M|54/310\n|move|p2a: Clodsire|Stealth Rock|p1a: Avalugg\n|-sidestart|p1: homieflexual|move: Stealth Rock\n|\n|-heal|p2a: Clodsire|343/343|[from] item: Leftovers\n|upkeep\n|turn|18\n|\n|t:|1733832473\n|switch|p2a: Dewgong|Dewgong, L94, M|258/322\n|move|p1a: Avalugg|Rapid Spin|p2a: Dewgong\n|-damage|p2a: Dewgong|215/322\n|-boost|p1a: Avalugg|spe|1\n|-sideend|p1: homieflexual|Spikes|[from] move: Rapid Spin|[of] p1a: Avalugg\n|-sideend|p1: homieflexual|Stealth Rock|[from] move: Rapid Spin|[of] p1a: Avalugg\n|\n|upkeep\n|turn|19\n|n|!WheezingRat|wheezingrat\n|\n|t:|1733832489\n|move|p2a: Dewgong|Triple Axel|p1a: Avalugg|[miss]\n|-miss|p2a: Dewgong|p1a: Avalugg\n|move|p1a: Avalugg|Recover|p1a: Avalugg\n|-heal|p1a: Avalugg|209/310\n|\n|upkeep\n|turn|20\n|\n|t:|1733832499\n|move|p2a: Dewgong|Encore|p1a: Avalugg\n|-start|p1a: Avalugg|Encore\n|move|p1a: Avalugg|Recover|p1a: Avalugg\n|-heal|p1a: Avalugg|310/310\n|\n|upkeep\n|turn|21\n|\n|t:|1733832506\n|switch|p1a: Palafin|Palafin-Hero, L77, F|246/281\n|move|p2a: Dewgong|Surf|p1a: Palafin\n|-resisted|p1a: Palafin\n|-damage|p1a: Palafin|195/281\n|\n|upkeep\n|turn|22\n|\n|t:|1733832513\n|switch|p2a: Uxie|Uxie, L83|175/260\n|-damage|p2a: Uxie|143/260|[from] Stealth Rock\n|move|p1a: Palafin|Close Combat|p2a: Uxie\n|-resisted|p2a: Uxie\n|-damage|p2a: Uxie|80/260\n|-unboost|p1a: Palafin|def|1\n|-unboost|p1a: Palafin|spd|1\n|\n|-heal|p2a: Uxie|96/260|[from] item: Leftovers\n|upkeep\n|turn|23\n|\n|t:|1733832524\n|switch|p1a: Chansey|Chansey, L85, F|564/564\n|move|p2a: Uxie|Yawn|p1a: Chansey\n|-start|p1a: Chansey|move: Yawn|[of] p2a: Uxie\n|\n|-heal|p2a: Uxie|112/260|[from] item: Leftovers\n|upkeep\n|turn|24\n|\n|t:|1733832533\n|move|p2a: Uxie|U-turn|p1a: Chansey\n|-damage|p1a: Chansey|469/564\n|\n|t:|1733832539\n|switch|p2a: Clodsire|Clodsire, L81, F|343/343|[from] U-turn\n|-damage|p2a: Clodsire|322/343|[from] Stealth Rock\n|move|p1a: Chansey|Thunder Wave|p2a: Clodsire\n|-immune|p2a: Clodsire\n|\n|-heal|p2a: Clodsire|343/343|[from] item: Leftovers\n|-end|p1a: Chansey|move: Yawn|[silent]\n|-status|p1a: Chansey|slp\n|upkeep\n|turn|25\n|\n|t:|1733832561\n|-curestatus|p1a: Chansey|slp|[from] ability: Natural Cure\n|switch|p1a: Breloom|Breloom, L82, M|233/233\n|move|p2a: Clodsire|Gunk Shot|p1a: Breloom|[miss]\n|-miss|p2a: Clodsire|p1a: Breloom\n|\n|upkeep\n|turn|26\n|inactive|homieflexual has 120 seconds left.\n|\n|t:|1733832589\n|move|p1a: Breloom|Bullet Seed|p2a: Clodsire\n|-damage|p2a: Clodsire|265/343\n|-damage|p2a: Clodsire|179/343\n|-damage|p2a: Clodsire|89/343\n|-hitcount|p2a: Clodsire|3\n|-damage|p1a: Breloom|210/233|[from] item: Life Orb\n|move|p2a: Clodsire|Gunk Shot|p1a: Breloom\n|-supereffective|p1a: Breloom\n|-damage|p1a: Breloom|0 fnt\n|faint|p1a: Breloom\n|\n|-heal|p2a: Clodsire|110/343|[from] item: Leftovers\n|upkeep\n|\n|t:|1733832603\n|switch|p1a: Avalugg|Avalugg, L88, M|310/310\n|turn|27\n|\n|t:|1733832606\n|switch|p2a: Dewgong|Dewgong, L94, M|215/322\n|move|p1a: Avalugg|Avalanche|p2a: Dewgong\n|-resisted|p2a: Dewgong\n|-damage|p2a: Dewgong|206/322\n|\n|upkeep\n|turn|28\n|\n|t:|1733832612\n|move|p2a: Dewgong|Surf|p1a: Avalugg\n|-damage|p1a: Avalugg|159/310\n|move|p1a: Avalugg|Body Press|p2a: Dewgong\n|-supereffective|p2a: Dewgong\n|-crit|p2a: Dewgong\n|-damage|p2a: Dewgong|0 fnt\n|faint|p2a: Dewgong\n|\n|upkeep\n|\n|t:|1733832619\n|switch|p2a: Uxie|Uxie, L83|112/260\n|-damage|p2a: Uxie|80/260|[from] Stealth Rock\n|turn|29\n|\n|t:|1733832625\n|move|p2a: Uxie|Encore|p1a: Avalugg\n|-start|p1a: Avalugg|Encore\n|move|p1a: Avalugg|Body Press|p2a: Uxie\n|-resisted|p2a: Uxie\n|-damage|p2a: Uxie|38/260\n|\n|-heal|p2a: Uxie|54/260|[from] item: Leftovers\n|upkeep\n|turn|30\n|\n|t:|1733832633\n|switch|p1a: Chansey|Chansey, L85, F|469/564\n|move|p2a: Uxie|Yawn|p1a: Chansey\n|-start|p1a: Chansey|move: Yawn|[of] p2a: Uxie\n|\n|-heal|p2a: Uxie|70/260|[from] item: Leftovers\n|upkeep\n|turn|31\n|\n|t:|1733832638\n|move|p2a: Uxie|U-turn|p1a: Chansey\n|-damage|p1a: Chansey|381/564\n|\n|t:|1733832642\n|switch|p2a: Kilowattrel|Kilowattrel, L83, F|167/252|[from] U-turn\n|move|p1a: Chansey|Seismic Toss|p2a: Kilowattrel\n|-damage|p2a: Kilowattrel|82/252\n|\n|-end|p1a: Chansey|move: Yawn|[silent]\n|-status|p1a: Chansey|slp\n|upkeep\n|turn|32\n|\n|t:|1733832652\n|-curestatus|p1a: Chansey|slp|[from] ability: Natural Cure\n|switch|p1a: Avalugg|Avalugg, L88, M|159/310\n|move|p2a: Kilowattrel|Hurricane|p1a: Avalugg|[miss]\n|-miss|p2a: Kilowattrel|p1a: Avalugg\n|\n|upkeep\n|turn|33\n|\n|t:|1733832659\n|move|p2a: Kilowattrel|Hurricane|p1a: Avalugg|[miss]\n|-miss|p2a: Kilowattrel|p1a: Avalugg\n|move|p1a: Avalugg|Avalanche|p2a: Kilowattrel\n|-supereffective|p2a: Kilowattrel\n|-damage|p2a: Kilowattrel|0 fnt\n|faint|p2a: Kilowattrel\n|\n|upkeep\n|\n|t:|1733832661\n|switch|p2a: Clodsire|Clodsire, L81, F|110/343\n|-damage|p2a: Clodsire|89/343|[from] Stealth Rock\n|turn|34\n|-message|WheezingRat forfeited.\n|\n|win|homieflexual\n", "inputlog": ">version bfd83cad13791eb5a5a409923076391caf6fb4d4\n>start {\"formatid\":\"gen9randombattle\",\"seed\":[5573,2267,12268,10028],\"rated\":\"Rated battle\"}\n>player p1 {\"name\":\"homieflexual\",\"avatar\":\"170\",\"rating\":1365,\"seed\":[35693,22196,58522,28105]}\n>player p2 {\"name\":\"WheezingRat\",\"avatar\":\"169\",\"rating\":1313,\"seed\":[49907,53896,35711,14758]}\n>p1 switch 4\n>p2 switch 4\n>chat \u2606WheezingRat|im homieflexible\n>p1 switch 2\n>p2 move astralbarrage\n>p1 switch 3\n>p2 move astralbarrage\n>p1 move thunderwave\n>p2 switch 2\n>p1 move seismictoss\n>p2 move spikes\n>p1 move stealthrock\n>p2 switch 6\n>p1 move seismictoss\n>p2 move thunderwave\n>p1 switch 5\n>p2 move hurricane\n>p1 move powergem\n>p2 move uturn\n>p2 switch 5\n>p1 move flashcannon\n>p2 move encore\n>p1 switch 2\n>p2 move yawn\n>p1 switch 2\n>p2 move psychicnoise\n>p1 move flashcannon\n>p2 move uturn\n>p2 switch 4\n>p1 move bodypress\n>p2 move flipturn\n>p2 switch 6\n>p2 switch 2\n>p1 move flashcannon\n>p2 move trick\n>p1 move flashcannon\n>p2 move astralbarrage\n>p2 switch 3\n>p1 switch 3\n>p2 move stealthrock\n>p1 move rapidspin\n>p2 switch 6\n>chat \u2606WheezingRat|oh you cunt\n>p1 move recover\n>p2 move tripleaxel\n>p1 move recover\n>p2 move encore\n>p1 switch 2\n>p2 move surf\n>p1 move closecombat\n>p2 switch 4\n>p1 switch 5\n>p2 move yawn\n>p1 move thunderwave\n>p2 move uturn\n>p2 switch 6\n>p1 switch 4\n>p2 move gunkshot\n>p1 move bulletseed\n>p2 move gunkshot\n>p1 switch 2\n>p1 move avalanche\n>p2 switch 4\n>p1 move bodypress\n>p2 move surf\n>p2 switch 6\n>p1 move avalanche\n>p2 move encore\n>p1 switch 4\n>p2 move yawn\n>p1 move seismictoss\n>p2 move uturn\n>p2 switch 5\n>p1 switch 4\n>p2 move hurricane\n>p1 move avalanche\n>p2 move hurricane\n>p2 switch 4\n>forcelose p2", "uploadtime": 1733832483, "views": 1, "formatid": "gen9randombattle", "rating": null, "private": 0, "password": null}