{"id": "gen9randombattle-2228935367", "format": "[Gen 9] Random Battle", "players": ["vlima", "Qiuescent"], "log": "|badge|p2|bronze|gen9randombattle|100-3\n|uhtml|medal-msg|<div class=\"broadcast-blue\">Curious what those medals under the avatar are? PS now has Ladder Seasons! For more information, check out the <a href=\"https://www.smogon.com/forums/threads/3740067/\">thread on Smogon.</a></div>\n|j|\u2606vlima\n|j|\u203dQiuescent\n|t:|1729657104\n|gametype|singles\n|player|p1|vlima|101|2245\n|player|p2|Qiuescent|101|2255\n|teamsize|p1|6\n|teamsize|p2|6\n|gen|9\n|tier|[Gen 9] Random Battle\n|rated|\n|rule|Species Clause: Limit one of each Pok\u00e9mon\n|rule|HP Percentage Mod: HP is shown in percentages\n|rule|Sleep Clause Mod: Limit one foe put to sleep\n|rule|Illusion Level Mod: Illusion disguises the Pok\u00e9mon's true level\n|\n|t:|1729657104\n|start\n|switch|p1a: Sandy Shocks|Sandy Shocks, L80|267/267\n|switch|p2a: Pecharunt|Pecharunt, L77|262/262\n|turn|1\n|inactive|Battle timer is ON: inactive players will automatically lose when time's up. (requested by vlima)\n|\n|t:|1729657117\n|switch|p2a: Sceptile|Sceptile, L87, M|264/264\n|move|p1a: Sandy Shocks|Thunder Wave|p2a: Sceptile\n|-status|p2a: Sceptile|par\n|\n|upkeep\n|turn|2\n|\n|t:|1729657132\n|-end|p1a: Sandy Shocks|Protosynthesis|[silent]\n|switch|p1a: Ribombee|Ribombee, L82, M|233/233\n|move|p2a: Sceptile|Leaf Blade|p1a: Ribombee\n|-resisted|p1a: Ribombee\n|-damage|p1a: Ribombee|151/233\n|-damage|p2a: Sceptile|238/264 par|[from] item: Life Orb\n|\n|upkeep\n|turn|3\n|\n|t:|1729657138\n|move|p1a: Ribombee|Sticky Web|p2a: Sceptile\n|-sidestart|p2: Qiuescent|move: Sticky Web\n|move|p2a: Sceptile|Rock Slide|p1a: Ribombee\n|-supereffective|p1a: Ribombee\n|-damage|p1a: Ribombee|0 fnt\n|faint|p1a: Ribombee\n|-damage|p2a: Sceptile|212/264 par|[from] item: Life Orb\n|\n|upkeep\n|\n|t:|1729657149\n|switch|p1a: Kilowattrel|Kilowattrel, L83, F|252/252\n|turn|4\n|\n|t:|1729657154\n|-terastallize|p2a: Sceptile|Rock\n|move|p1a: Kilowattrel|Hurricane|p2a: Sceptile\n|-resisted|p2a: Sceptile\n|-damage|p2a: Sceptile|149/264 par\n|-start|p2a: Sceptile|confusion\n|-activate|p2a: Sceptile|confusion\n|move|p2a: Sceptile|Rock Slide|p1a: Kilowattrel\n|-supereffective|p1a: Kilowattrel\n|-damage|p1a: Kilowattrel|0 fnt\n|faint|p1a: Kilowattrel\n|-damage|p2a: Sceptile|123/264 par|[from] item: Life Orb\n|\n|upkeep\n|\n|t:|1729657158\n|switch|p1a: Palafin|Palafin, L77, F|281/281\n|turn|5\n|\n|t:|1729657163\n|switch|p2a: Latias|Latias, L79, F|256/256\n|move|p1a: Palafin|Close Combat|p2a: Latias\n|-resisted|p2a: Latias\n|-damage|p2a: Latias|226/256\n|-unboost|p1a: Palafin|def|1\n|-unboost|p1a: Palafin|spd|1\n|\n|upkeep\n|turn|6\n|\n|t:|1729657169\n|detailschange|p1a: Palafin|Palafin-Hero, L77, F\n|switch|p1a: Persian|Persian-Alola, L86, M|252/252\n|move|p2a: Latias|Draco Meteor|p1a: Persian|[miss]\n|-miss|p2a: Latias|p1a: Persian\n|\n|upkeep\n|turn|7\n|\n|t:|1729657178\n|move|p1a: Persian|Hypnosis|p2a: Latias|[miss]\n|-miss|p1a: Persian|p2a: Latias\n|move|p2a: Latias|Draco Meteor|p1a: Persian\n|-damage|p1a: Persian|72/252\n|-unboost|p2a: Latias|spa|2\n|\n|-heal|p1a: Persian|87/252|[from] item: Leftovers\n|upkeep\n|turn|8\n|\n|t:|1729657181\n|switch|p2a: Sceptile|Sceptile, L87, M, tera:Rock|123/264 par\n|-activate|p2a: Sceptile|move: Sticky Web\n|-unboost|p2a: Sceptile|spe|1\n|move|p1a: Persian|Hypnosis||[still]\n|-fail|p1a: Persian\n|\n|-heal|p1a: Persian|102/252|[from] item: Leftovers\n|upkeep\n|turn|9\n|\n|t:|1729657187\n|move|p1a: Persian|Nasty Plot|p1a: Persian\n|-boost|p1a: Persian|spa|2\n|move|p2a: Sceptile|Leaf Blade|p1a: Persian\n|-crit|p1a: Persian\n|-damage|p1a: Persian|0 fnt\n|faint|p1a: Persian\n|-damage|p2a: Sceptile|97/264 par|[from] item: Life Orb\n|\n|upkeep\n|\n|t:|1729657199\n|switch|p1a: Sandy Shocks|Sandy Shocks, L80|267/267\n|turn|10\n|\n|t:|1729657204\n|move|p1a: Sandy Shocks|Thunderbolt|p2a: Sceptile\n|-damage|p2a: Sceptile|0 fnt\n|faint|p2a: Sceptile\n|\n|upkeep\n|\n|t:|1729657209\n|switch|p2a: Passimian|Passimian, L83, F|302/302\n|-activate|p2a: Passimian|move: Sticky Web\n|-unboost|p2a: Passimian|spe|1\n|-ability|p2a: Passimian|Defiant|boost\n|-boost|p2a: Passimian|atk|2\n|turn|11\n|\n|t:|1729657221\n|-terastallize|p1a: Sandy Shocks|Ground\n|move|p1a: Sandy Shocks|Earth Power|p2a: Passimian\n|-damage|p2a: Passimian|112/302\n|move|p2a: Passimian|Close Combat|p1a: Sandy Shocks\n|-damage|p1a: Sandy Shocks|0 fnt\n|-unboost|p2a: Passimian|def|1\n|-unboost|p2a: Passimian|spd|1\n|faint|p1a: Sandy Shocks\n|-end|p1a: Sandy Shocks|Protosynthesis|[silent]\n|\n|upkeep\n|\n|t:|1729657230\n|switch|p1a: Palafin|Palafin-Hero, L77, F|281/281\n|-activate|p1a: Palafin|ability: Zero to Hero\n|turn|12\n|\n|t:|1729657233\n|move|p1a: Palafin|Ice Punch|p2a: Passimian\n|-damage|p2a: Passimian|4/302\n|-status|p2a: Passimian|frz\n|cant|p2a: Passimian|frz\n|\n|upkeep\n|turn|13\n|\n|t:|1729657237\n|move|p1a: Palafin|Bulk Up|p1a: Palafin\n|-boost|p1a: Palafin|atk|1\n|-boost|p1a: Palafin|def|1\n|-curestatus|p2a: Passimian|frz|[msg]\n|move|p2a: Passimian|Close Combat|p1a: Palafin\n|-damage|p1a: Palafin|0 fnt\n|-unboost|p2a: Passimian|def|1\n|-unboost|p2a: Passimian|spd|1\n|faint|p1a: Palafin\n|\n|upkeep\n|-message|vlima forfeited.\n|\n|win|Qiuescent\n|raw|vlima's rating: 2245 &rarr; <strong>2226</strong><br />(-19 for losing)\n|raw|Qiuescent's rating: 2255 &rarr; <strong>2274</strong><br />(+19 for winning)\n", "inputlog": ">version f848a9fd958ec8f1ca6a9f7c452a4b12c3110db6\n>start {\"formatid\":\"gen9randombattle\",\"seed\":[14382,36420,43338,23613],\"rated\":\"Rated battle\"}\n>player p1 {\"name\":\"vlima\",\"avatar\":\"101\",\"rating\":2245,\"seed\":[41917,61935,28753,54513]}\n>player p2 {\"name\":\"Qiuescent\",\"avatar\":\"101\",\"rating\":2255,\"seed\":[5119,17195,22078,17298]}\n>p1 move thunderwave\n>p2 switch 2\n>p1 switch 6\n>p2 move leafblade\n>p1 move stickyweb\n>p2 move rockslide\n>p1 switch 4\n>p1 move hurricane\n>p2 move rockslide terastallize\n>p1 switch 3\n>p1 move closecombat\n>p2 switch 6\n>p1 switch 5\n>p2 move dracometeor\n>p1 move hypnosis\n>p2 move dracometeor\n>p1 move hypnosis\n>p2 switch 6\n>p1 move nastyplot\n>p2 move leafblade\n>p1 switch 6\n>p1 move thunderbolt\n>p2 move leafblade\n>p2 switch 4\n>p1 move earthpower terastallize\n>p2 move closecombat\n>p1 switch 5\n>p1 move icepunch\n>p2 move closecombat\n>p1 move bulkup\n>p2 move closecombat\n>forcelose p1", "uploadtime": 1729657245, "views": 50, "formatid": "gen9randombattle", "rating": 2226, "private": 0, "password": null}