{"id": "gen9randombattle-2259996352", "format": "[Gen 9] Random Battle", "players": ["WillyBk", "Sheen457"], "log": "|j|\u2606WillyBk\n|j|\u2606Sheen457\n|t:|1733788985\n|gametype|singles\n|player|p1|WillyBk|blue|1427\n|player|p2|Sheen457|marshal|1398\n|teamsize|p1|6\n|teamsize|p2|6\n|gen|9\n|tier|[Gen 9] Random Battle\n|rated|\n|rule|Species Clause: Limit one of each Pok\u00e9mon\n|rule|HP Percentage Mod: HP is shown in percentages\n|rule|Sleep Clause Mod: Limit one foe put to sleep\n|rule|Illusion Level Mod: Illusion disguises the Pok\u00e9mon's true level\n|\n|t:|1733788985\n|start\n|switch|p1a: Avalugg|Avalugg-Hisui, L90, F|317/317\n|switch|p2a: Oricorio|Oricorio-Sensu, L85, M|266/266\n|turn|1\n|inactive|Battle timer is ON: inactive players will automatically lose when time's up. (requested by WillyBk)\n|inactive|Sheen457 has 120 seconds left.\n|\n|t:|1733789046\n|switch|p2a: Bastiodon|Bastiodon, L89, M|252/252\n|move|p1a: Avalugg|Avalanche|p2a: Bastiodon\n|-resisted|p2a: Bastiodon\n|-damage|p2a: Bastiodon|226/252\n|\n|upkeep\n|turn|2\n|\n|t:|1733789057\n|switch|p1a: Hitmontop|Hitmontop, L88, M|231/231\n|move|p2a: Bastiodon|Body Press|p1a: Hitmontop\n|-damage|p1a: Hitmontop|136/231\n|\n|-heal|p1a: Hitmontop|150/231|[from] item: Leftovers\n|upkeep\n|turn|3\n|\n|t:|1733789082\n|switch|p2a: Azelf|Azelf, L82|257/257\n|move|p1a: Hitmontop|Triple Axel|p2a: Azelf\n|-damage|p2a: Azelf|227/257\n|-damage|p2a: Azelf|173/257\n|-damage|p2a: Azelf|85/257\n|-hitcount|p2a: Azelf|3\n|\n|-heal|p1a: Hitmontop|164/231|[from] item: Leftovers\n|upkeep\n|turn|4\n|inactive|Sheen457 has 120 seconds left.\n|\n|t:|1733789108\n|switch|p1a: Avalugg|Avalugg-Hisui, L90, F|317/317\n|move|p2a: Azelf|Psyshock|p1a: Avalugg\n|-damage|p1a: Avalugg|241/317\n|\n|upkeep\n|turn|5\n|\n|t:|1733789129\n|switch|p2a: Iron Treads|Iron Treads, L77|265/265\n|move|p1a: Avalugg|Avalanche|p2a: Iron Treads\n|-damage|p2a: Iron Treads|181/265\n|\n|-heal|p2a: Iron Treads|197/265|[from] item: Leftovers\n|upkeep\n|turn|6\n|\n|t:|1733789139\n|switch|p1a: Noctowl|Noctowl, L95, M|344/344\n|move|p2a: Iron Treads|Iron Head|p1a: Noctowl\n|-damage|p1a: Noctowl|244/344\n|\n|-heal|p2a: Iron Treads|213/265|[from] item: Leftovers\n|upkeep\n|turn|7\n|\n|t:|1733789149\n|switch|p1a: Hitmontop|Hitmontop, L88, M|164/231\n|move|p2a: Iron Treads|Stealth Rock|p1a: Hitmontop\n|-sidestart|p1: WillyBk|move: Stealth Rock\n|\n|-heal|p2a: Iron Treads|229/265|[from] item: Leftovers\n|-heal|p1a: Hitmontop|178/231|[from] item: Leftovers\n|upkeep\n|turn|8\n|inactive|Sheen457 has 120 seconds left.\n|\n|t:|1733789163\n|move|p2a: Iron Treads|Iron Head|p1a: Hitmontop\n|-damage|p1a: Hitmontop|103/231\n|move|p1a: Hitmontop|Triple Axel|p2a: Iron Treads\n|-damage|p2a: Iron Treads|208/265\n|-damage|p2a: Iron Treads|169/265\n|-damage|p2a: Iron Treads|111/265\n|-hitcount|p2a: Iron Treads|3\n|\n|-heal|p2a: Iron Treads|127/265|[from] item: Leftovers\n|-heal|p1a: Hitmontop|117/231|[from] item: Leftovers\n|upkeep\n|turn|9\n|inactive|Sheen457 has 120 seconds left.\n|\n|t:|1733789174\n|move|p2a: Iron Treads|Earthquake|p1a: Hitmontop\n|-damage|p1a: Hitmontop|27/231\n|move|p1a: Hitmontop|Rapid Spin|p2a: Iron Treads\n|-resisted|p2a: Iron Treads\n|-damage|p2a: Iron Treads|101/265\n|-boost|p1a: Hitmontop|spe|1\n|-sideend|p1: WillyBk|Stealth Rock|[from] move: Rapid Spin|[of] p1a: Hitmontop\n|\n|-heal|p1a: Hitmontop|41/231|[from] item: Leftovers\n|-heal|p2a: Iron Treads|117/265|[from] item: Leftovers\n|upkeep\n|turn|10\n|inactive|Sheen457 has 120 seconds left.\n|\n|t:|1733789187\n|move|p1a: Hitmontop|Close Combat|p2a: Iron Treads\n|-supereffective|p2a: Iron Treads\n|-damage|p2a: Iron Treads|0 fnt\n|-unboost|p1a: Hitmontop|def|1\n|-unboost|p1a: Hitmontop|spd|1\n|faint|p2a: Iron Treads\n|-end|p2a: Iron Treads|Quark Drive|[silent]\n|\n|-heal|p1a: Hitmontop|55/231|[from] item: Leftovers\n|upkeep\n|\n|t:|1733789206\n|switch|p2a: Granbull|Granbull, L88, M|302/302\n|-ability|p2a: Granbull|Intimidate|boost\n|-unboost|p1a: Hitmontop|atk|1\n|turn|11\n|\n|t:|1733789214\n|switch|p1a: Gholdengo|Gholdengo, L77|261/261\n|move|p2a: Granbull|Play Rough|p1a: Gholdengo\n|-resisted|p1a: Gholdengo\n|-damage|p1a: Gholdengo|197/261\n|\n|-heal|p1a: Gholdengo|213/261|[from] item: Leftovers\n|upkeep\n|turn|12\n|\n|t:|1733789234\n|switch|p2a: Bastiodon|Bastiodon, L89, M|226/252\n|move|p1a: Gholdengo|Thunder Wave|p2a: Bastiodon\n|-status|p2a: Bastiodon|par\n|\n|-heal|p1a: Gholdengo|229/261|[from] item: Leftovers\n|upkeep\n|turn|13\n|\n|t:|1733789243\n|switch|p1a: Hitmontop|Hitmontop, L88, M|55/231\n|move|p2a: Bastiodon|Foul Play|p1a: Hitmontop\n|-resisted|p1a: Hitmontop\n|-damage|p1a: Hitmontop|23/231\n|\n|-heal|p1a: Hitmontop|37/231|[from] item: Leftovers\n|upkeep\n|turn|14\n|\n|t:|1733789262\n|-terastallize|p2a: Bastiodon|Fighting\n|move|p1a: Hitmontop|Rapid Spin|p2a: Bastiodon\n|-damage|p2a: Bastiodon|194/252 par\n|-boost|p1a: Hitmontop|spe|1\n|move|p2a: Bastiodon|Body Press|p1a: Hitmontop\n|-damage|p1a: Hitmontop|0 fnt\n|faint|p1a: Hitmontop\n|\n|upkeep\n|\n|t:|1733789278\n|switch|p1a: Noctowl|Noctowl, L95, M|244/344\n|turn|15\n|\n|t:|1733789301\n|switch|p2a: Banette|Banette, L93, F|270/270\n|move|p1a: Noctowl|Hurricane|p2a: Banette|[miss]\n|-miss|p1a: Noctowl|p2a: Banette\n|\n|upkeep\n|turn|16\n|inactive|WillyBk has 120 seconds left.\n|\n|t:|1733789326\n|move|p1a: Noctowl|Nasty Plot|p1a: Noctowl\n|-boost|p1a: Noctowl|spa|2\n|move|p2a: Banette|Thunder Wave|p1a: Noctowl\n|-status|p1a: Noctowl|par\n|\n|upkeep\n|turn|17\n|inactive|Sheen457 has 90 seconds left.\n|\n|t:|1733789361\n|move|p2a: Banette|Gunk Shot|p1a: Noctowl\n|-damage|p1a: Noctowl|27/344 par\n|-damage|p2a: Banette|243/270|[from] item: Life Orb\n|move|p1a: Noctowl|Hurricane|p2a: Banette|[miss]\n|-miss|p1a: Noctowl|p2a: Banette\n|\n|upkeep\n|turn|18\n|inactive|WillyBk has 120 seconds left.\n|\n|t:|1733789389\n|switch|p1a: Gholdengo|Gholdengo, L77|229/261\n|move|p2a: Banette|Gunk Shot|p1a: Gholdengo\n|-immune|p1a: Gholdengo\n|\n|-heal|p1a: Gholdengo|245/261|[from] item: Leftovers\n|upkeep\n|turn|19\n|\n|t:|1733789399\n|move|p1a: Gholdengo|Shadow Ball|p2a: Banette\n|-supereffective|p2a: Banette\n|-damage|p2a: Banette|49/270\n|-unboost|p2a: Banette|spd|1\n|move|p2a: Banette|Poltergeist|p1a: Gholdengo\n|-activate|p1a: Gholdengo|move: Poltergeist|Leftovers\n|-supereffective|p1a: Gholdengo\n|-damage|p1a: Gholdengo|0 fnt\n|faint|p1a: Gholdengo\n|-damage|p2a: Banette|22/270|[from] item: Life Orb\n|\n|upkeep\n|inactive|WillyBk has 120 seconds left.\n|\n|t:|1733789411\n|switch|p1a: Avalugg|Avalugg-Hisui, L90, F|241/317\n|turn|20\n|inactive|WillyBk has 120 seconds left.\n|\n|t:|1733789429\n|move|p2a: Banette|Poltergeist|p1a: Avalugg\n|-activate|p1a: Avalugg|move: Poltergeist|Heavy-Duty Boots\n|-damage|p1a: Avalugg|131/317\n|-damage|p2a: Banette|0 fnt|[from] item: Life Orb\n|faint|p2a: Banette\n|move|p1a: Avalugg|Avalanche|p2: Banette|[notarget]\n|-fail|p1a: Avalugg\n|\n|upkeep\n|inactive|Sheen457 has 60 seconds left.\n|\n|t:|1733789443\n|switch|p2a: Bastiodon|Bastiodon, L89, M, tera:Fighting|194/252 par\n|turn|21\n|inactive|WillyBk has 120 seconds left.\n|\n|t:|1733789462\n|switch|p1a: Noctowl|Noctowl, L95, M|27/344 par\n|move|p2a: Bastiodon|Body Press|p1a: Noctowl\n|-damage|p1a: Noctowl|0 fnt\n|faint|p1a: Noctowl\n|\n|upkeep\n|inactive|WillyBk has 120 seconds left.\n|\n|t:|1733789467\n|switch|p1a: Reuniclus|Reuniclus, L88, M|337/337\n|turn|22\n|\n|t:|1733789477\n|switch|p2a: Azelf|Azelf, L82|85/257\n|move|p1a: Reuniclus|Calm Mind|p1a: Reuniclus\n|-boost|p1a: Reuniclus|spa|1\n|-boost|p1a: Reuniclus|spd|1\n|\n|upkeep\n|turn|23\n|\n|t:|1733789486\n|move|p2a: Azelf|U-turn|p1a: Reuniclus\n|-supereffective|p1a: Reuniclus\n|-damage|p1a: Reuniclus|209/337\n|\n|t:|1733789497\n|switch|p2a: Granbull|Granbull, L88, M|302/302|[from] U-turn\n|-ability|p2a: Granbull|Intimidate|boost\n|-unboost|p1a: Reuniclus|atk|1\n|move|p1a: Reuniclus|Shadow Ball|p2a: Granbull\n|-damage|p2a: Granbull|121/302\n|\n|-heal|p2a: Granbull|139/302|[from] item: Leftovers\n|upkeep\n|turn|24\n|\n|t:|1733789510\n|move|p2a: Granbull|Play Rough|p1a: Reuniclus\n|-damage|p1a: Reuniclus|64/337\n|move|p1a: Reuniclus|Recover|p1a: Reuniclus\n|-heal|p1a: Reuniclus|233/337\n|\n|-heal|p2a: Granbull|157/302|[from] item: Leftovers\n|upkeep\n|turn|25\n|\n|t:|1733789517\n|move|p2a: Granbull|Encore|p1a: Reuniclus\n|-start|p1a: Reuniclus|Encore\n|move|p1a: Reuniclus|Recover|p1a: Reuniclus\n|-heal|p1a: Reuniclus|337/337\n|\n|-heal|p2a: Granbull|175/302|[from] item: Leftovers\n|upkeep\n|turn|26\n|c|\u2606Sheen457|misclick bruh\n|\n|t:|1733789529\n|switch|p1a: Avalugg|Avalugg-Hisui, L90, F|131/317\n|move|p2a: Granbull|Thunder Wave|p1a: Avalugg\n|-status|p1a: Avalugg|par\n|\n|-heal|p2a: Granbull|193/302|[from] item: Leftovers\n|upkeep\n|turn|27\n|\n|t:|1733789538\n|move|p2a: Granbull|Earthquake|p1a: Avalugg\n|-supereffective|p1a: Avalugg\n|-damage|p1a: Avalugg|27/317 par\n|cant|p1a: Avalugg|par\n|\n|-heal|p2a: Granbull|211/302|[from] item: Leftovers\n|upkeep\n|turn|28\n|inactive|Sheen457 has 90 seconds left.\n|\n|t:|1733789544\n|move|p2a: Granbull|Earthquake|p1a: Avalugg\n|-supereffective|p1a: Avalugg\n|-damage|p1a: Avalugg|0 fnt\n|faint|p1a: Avalugg\n|\n|-heal|p2a: Granbull|229/302|[from] item: Leftovers\n|upkeep\n|\n|t:|1733789550\n|switch|p1a: Inteleon|Inteleon, L81, M|246/246\n|turn|29\n|\n|t:|1733789553\n|-terastallize|p1a: Inteleon|Water\n|move|p1a: Inteleon|Hydro Pump|p2a: Granbull|[miss]\n|-miss|p1a: Inteleon|p2a: Granbull\n|move|p2a: Granbull|Thunder Wave|p1a: Inteleon|[miss]\n|-miss|p2a: Granbull|p1a: Inteleon\n|\n|-heal|p2a: Granbull|247/302|[from] item: Leftovers\n|upkeep\n|turn|30\n|\n|t:|1733789562\n|move|p1a: Inteleon|Hydro Pump|p2a: Granbull|[miss]\n|-miss|p1a: Inteleon|p2a: Granbull\n|move|p2a: Granbull|Thunder Wave|p1a: Inteleon\n|-status|p1a: Inteleon|par\n|\n|-heal|p2a: Granbull|265/302|[from] item: Leftovers\n|upkeep\n|turn|31\n|\n|t:|1733789585\n|move|p2a: Granbull|Play Rough|p1a: Inteleon|[miss]\n|-miss|p2a: Granbull|p1a: Inteleon\n|move|p1a: Inteleon|Hydro Pump|p2a: Granbull\n|-damage|p2a: Granbull|0 fnt\n|faint|p2a: Granbull\n|\n|upkeep\n|\n|t:|1733789598\n|switch|p2a: Azelf|Azelf, L82|85/257\n|turn|32\n|\n|t:|1733789605\n|move|p2a: Azelf|Thunderbolt|p1a: Inteleon\n|-supereffective|p1a: Inteleon\n|-damage|p1a: Inteleon|0 fnt\n|faint|p1a: Inteleon\n|\n|upkeep\n|\n|t:|1733789608\n|switch|p1a: Reuniclus|Reuniclus, L88, M|337/337\n|turn|33\n|\n|t:|1733789613\n|move|p2a: Azelf|Thunderbolt|p1a: Reuniclus\n|-damage|p1a: Reuniclus|237/337\n|move|p1a: Reuniclus|Calm Mind|p1a: Reuniclus\n|-boost|p1a: Reuniclus|spa|1\n|-boost|p1a: Reuniclus|spd|1\n|\n|upkeep\n|turn|34\n|inactive|Sheen457 has 120 seconds left.\n|\n|t:|1733789624\n|move|p2a: Azelf|Thunderbolt|p1a: Reuniclus\n|-damage|p1a: Reuniclus|166/337\n|move|p1a: Reuniclus|Recover|p1a: Reuniclus\n|-heal|p1a: Reuniclus|335/337\n|\n|upkeep\n|turn|35\n|inactive|Sheen457 has 120 seconds left.\n|\n|t:|1733789629\n|move|p2a: Azelf|Thunderbolt|p1a: Reuniclus\n|-damage|p1a: Reuniclus|262/337\n|-status|p1a: Reuniclus|par\n|move|p1a: Reuniclus|Calm Mind|p1a: Reuniclus\n|-boost|p1a: Reuniclus|spa|1\n|-boost|p1a: Reuniclus|spd|1\n|\n|upkeep\n|turn|36\n|inactive|Sheen457 has 120 seconds left.\n|\n|t:|1733789649\n|switch|p2a: Bastiodon|Bastiodon, L89, M, tera:Fighting|194/252 par\n|cant|p1a: Reuniclus|par\n|\n|upkeep\n|turn|37\n|\n|t:|1733789656\n|move|p2a: Bastiodon|Rest|p2a: Bastiodon\n|-status|p2a: Bastiodon|slp|[from] move: Rest\n|-heal|p2a: Bastiodon|252/252 slp|[silent]\n|-enditem|p2a: Bastiodon|Chesto Berry|[eat]\n|-curestatus|p2a: Bastiodon|slp|[msg]\n|cant|p1a: Reuniclus|par\n|\n|upkeep\n|turn|38\n|inactive|Sheen457 has 120 seconds left.\n|\n|t:|1733789665\n|move|p2a: Bastiodon|Foul Play|p1a: Reuniclus\n|-supereffective|p1a: Reuniclus\n|-damage|p1a: Reuniclus|176/337 par\n|move|p1a: Reuniclus|Psyshock|p2a: Bastiodon\n|-supereffective|p2a: Bastiodon\n|-damage|p2a: Bastiodon|0 fnt\n|faint|p2a: Bastiodon\n|\n|upkeep\n|inactive|Sheen457 has 120 seconds left.\n|\n|t:|1733789675\n|switch|p2a: Oricorio|Oricorio-Sensu, L85, M|266/266\n|turn|39\n|\n|t:|1733789682\n|move|p2a: Oricorio|Quiver Dance|p2a: Oricorio\n|-boost|p2a: Oricorio|spa|1\n|-boost|p2a: Oricorio|spd|1\n|-boost|p2a: Oricorio|spe|1\n|move|p1a: Reuniclus|Shadow Ball|p2a: Oricorio\n|-supereffective|p2a: Oricorio\n|-damage|p2a: Oricorio|0 fnt\n|faint|p2a: Oricorio\n|\n|upkeep\n|\n|t:|1733789689\n|switch|p2a: Azelf|Azelf, L82|85/257\n|turn|40\n|\n|t:|1733789694\n|move|p2a: Azelf|U-turn|p1a: Reuniclus\n|-supereffective|p1a: Reuniclus\n|-damage|p1a: Reuniclus|56/337 par\n|move|p1a: Reuniclus|Shadow Ball|p2a: Azelf\n|-supereffective|p2a: Azelf\n|-damage|p2a: Azelf|0 fnt\n|faint|p2a: Azelf\n|\n|win|WillyBk\n|raw|WillyBk's rating: 1427 &rarr; <strong>1445</strong><br />(+18 for winning)\n|raw|Sheen457's rating: 1398 &rarr; <strong>1380</strong><br />(-18 for losing)\n|c|\u2606Sheen457|ggs\n", "inputlog": ">version bfd83cad13791eb5a5a409923076391caf6fb4d4\n>start {\"formatid\":\"gen9randombattle\",\"seed\":[54910,40033,52056,44924],\"rated\":\"Rated battle\"}\n>player p1 {\"name\":\"WillyBk\",\"avatar\":\"blue\",\"rating\":1427,\"seed\":[34319,48762,40551,44726]}\n>player p2 {\"name\":\"Sheen457\",\"avatar\":\"marshal\",\"rating\":1398,\"seed\":[45057,12857,9835,49566]}\n>p1 move avalanche\n>p2 switch 3\n>p1 switch 2\n>p2 move bodypress\n>p1 move tripleaxel\n>p2 switch 2\n>p1 switch 2\n>p2 move psyshock\n>p1 move avalanche\n>p2 switch 4\n>p1 switch 3\n>p2 move ironhead\n>p1 switch 2\n>p2 move stealthrock\n>p1 move tripleaxel\n>p2 move ironhead\n>p1 move rapidspin\n>p2 move earthquake\n>p1 move closecombat\n>p2 move earthquake\n>p2 switch 5\n>p1 switch 6\n>p2 move playrough\n>p1 move thunderwave\n>p2 switch 2\n>p1 switch 6\n>p2 move foulplay\n>p1 move rapidspin\n>p2 move bodypress terastallize\n>p1 switch 2\n>p1 move hurricane\n>p2 switch 6\n>p1 move nastyplot\n>p2 move thunderwave\n>p1 move hurricane\n>p2 move gunkshot\n>p1 switch 6\n>p2 move gunkshot\n>p1 move shadowball\n>p2 move poltergeist\n>p1 switch 3\n>p1 move avalanche\n>p2 move poltergeist\n>p2 switch 6\n>p1 switch 6\n>p2 move bodypress\n>p1 switch 4\n>p1 move calmmind\n>p2 switch 4\n>p1 move shadowball\n>p2 move uturn\n>p2 switch 2\n>p1 move recover\n>p2 move playrough\n>p1 move recover\n>p2 move encore\n>chat \u2606Sheen457|misclick bruh\n>p1 switch 6\n>p2 move thunderwave\n>p1 move avalanche\n>p2 move earthquake\n>p1 move avalanche\n>p2 move earthquake\n>p1 switch 5\n>p1 move hydropump terastallize\n>p2 move thunderwave\n>p1 move hydropump\n>p2 move thunderwave\n>p1 move hydropump\n>p2 move playrough\n>p2 switch 2\n>p1 move hydropump\n>p2 move thunderbolt\n>p1 switch 6\n>p1 move calmmind\n>p2 move thunderbolt\n>p1 move recover\n>p2 move thunderbolt\n>p1 move calmmind\n>p2 move thunderbolt\n>p1 move psyshock\n>p2 switch 4\n>p1 move psyshock\n>p2 move rest\n>p1 move psyshock\n>p2 move foulplay\n>p2 switch 3\n>p1 move shadowball\n>p2 move quiverdance\n>p2 switch 4\n>p1 move shadowball\n>p2 move uturn", "uploadtime": 1733789697, "views": 2, "formatid": "gen9randombattle", "rating": 1380, "private": 0, "password": null}