{"id": "gen9randombattle-2260536289", "format": "[Gen 9] Random Battle", "players": ["Jet10228", "jets dada"], "log": "|j|\u2606Jet10228\n|j|\u2606jets dada\n|t:|1733861152\n|gametype|singles\n|player|p1|Jet10228|2|\n|player|p2|jets dada|265|\n|teamsize|p1|6\n|teamsize|p2|6\n|gen|9\n|tier|[Gen 9] Random Battle\n|rule|Species Clause: Limit one of each Pok\u00e9mon\n|rule|HP Percentage Mod: HP is shown in percentages\n|rule|Sleep Clause Mod: Limit one foe put to sleep\n|rule|Illusion Level Mod: Illusion disguises the Pok\u00e9mon's true level\n|\n|t:|1733861152\n|start\n|switch|p1a: Blaziken|Blaziken, L76, F|247/247\n|switch|p2a: Gliscor|Gliscor, L76, M|239/239\n|turn|1\n|\n|t:|1733861181\n|-terastallize|p2a: Gliscor|Water\n|-terastallize|p1a: Blaziken|Fighting\n|move|p2a: Gliscor|Earthquake|p1a: Blaziken\n|-damage|p1a: Blaziken|133/247\n|move|p1a: Blaziken|Close Combat|p2a: Gliscor\n|-damage|p2a: Gliscor|41/239\n|-unboost|p1a: Blaziken|def|1\n|-unboost|p1a: Blaziken|spd|1\n|-damage|p1a: Blaziken|109/247|[from] item: Life Orb\n|\n|-status|p2a: Gliscor|tox|[from] item: Toxic Orb\n|-ability|p1a: Blaziken|Speed Boost|boost\n|-boost|p1a: Blaziken|spe|1\n|upkeep\n|turn|2\n|\n|t:|1733861197\n|move|p1a: Blaziken|Flare Blitz|p2a: Gliscor\n|-resisted|p2a: Gliscor\n|-damage|p2a: Gliscor|0 fnt\n|faint|p2a: Gliscor\n|-damage|p1a: Blaziken|95/247|[from] Recoil\n|-damage|p1a: Blaziken|71/247|[from] item: Life Orb\n|\n|-ability|p1a: Blaziken|Speed Boost|boost\n|-boost|p1a: Blaziken|spe|1\n|upkeep\n|\n|t:|1733861206\n|switch|p2a: Lanturn|Lanturn, L89, F|367/367\n|turn|3\n|\n|t:|1733861216\n|move|p1a: Blaziken|Knock Off|p2a: Lanturn\n|-crit|p2a: Lanturn\n|-damage|p2a: Lanturn|211/367\n|-enditem|p2a: Lanturn|Choice Specs|[from] move: Knock Off|[of] p1a: Blaziken\n|-damage|p1a: Blaziken|47/247|[from] item: Life Orb\n|move|p2a: Lanturn|Scald|p1a: Blaziken\n|-damage|p1a: Blaziken|0 fnt\n|faint|p1a: Blaziken\n|\n|upkeep\n|\n|t:|1733861238\n|switch|p1a: Mienshao|Mienshao, L83, F|244/244\n|turn|4\n|\n|t:|1733861266\n|move|p1a: Mienshao|Close Combat|p2a: Lanturn\n|-damage|p2a: Lanturn|4/367\n|-unboost|p1a: Mienshao|def|1\n|-unboost|p1a: Mienshao|spd|1\n|move|p2a: Lanturn|Thunderbolt|p1a: Mienshao\n|-damage|p1a: Mienshao|129/244\n|\n|upkeep\n|turn|5\n|\n|t:|1733861275\n|move|p1a: Mienshao|Close Combat|p2a: Lanturn\n|-damage|p2a: Lanturn|0 fnt\n|-unboost|p1a: Mienshao|def|1\n|-unboost|p1a: Mienshao|spd|1\n|faint|p2a: Lanturn\n|\n|upkeep\n|\n|t:|1733861283\n|switch|p2a: Whimsicott|Whimsicott, L85, F|241/241\n|turn|6\n|\n|t:|1733861312\n|switch|p1a: Tsareena|Tsareena, L87, F|267/267\n|move|p2a: Whimsicott|Stun Spore||[still]\n|cant|p1a: Tsareena|ability: Queenly Majesty|Stun Spore|[of] p2a: Whimsicott\n|\n|upkeep\n|turn|7\n|\n|t:|1733861338\n|move|p2a: Whimsicott|Moonblast|p1a: Tsareena\n|-damage|p1a: Tsareena|212/267\n|move|p1a: Tsareena|High Jump Kick|p2a: Whimsicott\n|-resisted|p2a: Whimsicott\n|-damage|p2a: Whimsicott|187/241\n|\n|upkeep\n|turn|8\n|\n|t:|1733861349\n|move|p2a: Whimsicott|Moonblast|p1a: Tsareena\n|-damage|p1a: Tsareena|155/267\n|move|p1a: Tsareena|Rapid Spin|p2a: Whimsicott\n|-damage|p2a: Whimsicott|141/241\n|-boost|p1a: Tsareena|spe|1\n|\n|upkeep\n|turn|9\n|\n|t:|1733861360\n|move|p1a: Tsareena|Power Whip|p2a: Whimsicott|[miss]\n|-miss|p1a: Tsareena|p2a: Whimsicott\n|move|p2a: Whimsicott|U-turn|p1a: Tsareena\n|-supereffective|p1a: Tsareena\n|-damage|p1a: Tsareena|89/267\n|\n|t:|1733861457\n|switch|p2a: Perrserker|Perrserker, L89, F|269/269|[from] U-turn\n|\n|upkeep\n|turn|10\n|\n|t:|1733861487\n|move|p1a: Tsareena|Triple Axel|p2a: Perrserker\n|-resisted|p2a: Perrserker\n|-damage|p2a: Perrserker|261/269\n|-resisted|p2a: Perrserker\n|-damage|p2a: Perrserker|246/269\n|-resisted|p2a: Perrserker\n|-damage|p2a: Perrserker|222/269\n|-hitcount|p2a: Perrserker|3\n|move|p2a: Perrserker|Close Combat|p1a: Tsareena\n|-damage|p1a: Tsareena|0 fnt\n|-unboost|p2a: Perrserker|def|1\n|-unboost|p2a: Perrserker|spd|1\n|faint|p1a: Tsareena\n|-damage|p2a: Perrserker|196/269|[from] item: Life Orb\n|\n|upkeep\n|\n|t:|1733861506\n|switch|p1a: Manaphy|Manaphy, L78|284/284\n|turn|11\n|\n|t:|1733861573\n|move|p1a: Manaphy|Surf|p2a: Perrserker\n|-damage|p2a: Perrserker|37/269\n|move|p2a: Perrserker|Close Combat|p1a: Manaphy\n|-damage|p1a: Manaphy|127/284\n|-unboost|p2a: Perrserker|def|1\n|-unboost|p2a: Perrserker|spd|1\n|-damage|p2a: Perrserker|11/269|[from] item: Life Orb\n|\n|-heal|p1a: Manaphy|144/284|[from] item: Leftovers\n|upkeep\n|turn|12\n|\n|t:|1733861586\n|move|p1a: Manaphy|Energy Ball|p2a: Perrserker\n|-resisted|p2a: Perrserker\n|-damage|p2a: Perrserker|0 fnt\n|faint|p2a: Perrserker\n|\n|-heal|p1a: Manaphy|161/284|[from] item: Leftovers\n|upkeep\n|\n|t:|1733861593\n|switch|p2a: Regigigas|Regigigas, L84|322/322\n|-start|p2a: Regigigas|ability: Slow Start\n|turn|13\n|\n|t:|1733861611\n|move|p1a: Manaphy|Tail Glow|p1a: Manaphy\n|-boost|p1a: Manaphy|spa|3\n|move|p2a: Regigigas|Rest|p2a: Regigigas\n|-fail|p2a: Regigigas|heal\n|\n|-heal|p1a: Manaphy|178/284|[from] item: Leftovers\n|upkeep\n|turn|14\n|\n|t:|1733861628\n|move|p1a: Manaphy|Energy Ball|p2a: Regigigas\n|-damage|p2a: Regigigas|205/322\n|move|p2a: Regigigas|Body Slam|p1a: Manaphy\n|-damage|p1a: Manaphy|115/284\n|\n|-heal|p1a: Manaphy|132/284|[from] item: Leftovers\n|-heal|p2a: Regigigas|225/322|[from] item: Leftovers\n|upkeep\n|turn|15\n|\n|t:|1733861646\n|move|p1a: Manaphy|Ice Beam|p2a: Regigigas\n|-damage|p2a: Regigigas|106/322\n|move|p2a: Regigigas|Knock Off|p1a: Manaphy\n|-damage|p1a: Manaphy|82/284\n|-enditem|p1a: Manaphy|Leftovers|[from] move: Knock Off|[of] p2a: Regigigas\n|\n|-heal|p2a: Regigigas|126/322|[from] item: Leftovers\n|upkeep\n|turn|16\n|\n|t:|1733861659\n|move|p1a: Manaphy|Surf|p2a: Regigigas\n|-damage|p2a: Regigigas|0 fnt\n|faint|p2a: Regigigas\n|-end|p2a: Regigigas|Slow Start|[silent]\n|\n|upkeep\n|\n|t:|1733861664\n|switch|p2a: Whimsicott|Whimsicott, L85, F|141/241\n|turn|17\n|\n|t:|1733861696\n|move|p2a: Whimsicott|Moonblast|p1a: Manaphy\n|-crit|p1a: Manaphy\n|-damage|p1a: Manaphy|0 fnt\n|faint|p1a: Manaphy\n|\n|upkeep\n|\n|t:|1733861702\n|switch|p1a: Mienshao|Mienshao, L83, F|210/244\n|turn|18\n|\n|t:|1733861711\n|move|p2a: Whimsicott|Stun Spore|p1a: Mienshao|[miss]\n|-miss|p2a: Whimsicott|p1a: Mienshao\n|move|p1a: Mienshao|Close Combat|p2a: Whimsicott\n|-resisted|p2a: Whimsicott\n|-damage|p2a: Whimsicott|64/241\n|-unboost|p1a: Mienshao|def|1\n|-unboost|p1a: Mienshao|spd|1\n|\n|upkeep\n|turn|19\n|\n|t:|1733861724\n|move|p2a: Whimsicott|U-turn|p1a: Mienshao\n|-resisted|p1a: Mienshao\n|-damage|p1a: Mienshao|174/244\n|\n|t:|1733861729\n|switch|p2a: Falinks|Falinks, L84|246/246|[from] U-turn\n|move|p1a: Mienshao|Knock Off|p2a: Falinks\n|-resisted|p2a: Falinks\n|-damage|p2a: Falinks|210/246\n|-enditem|p2a: Falinks|Life Orb|[from] move: Knock Off|[of] p1a: Mienshao\n|\n|upkeep\n|turn|20\n|\n|t:|1733861748\n|move|p1a: Mienshao|Close Combat|p2a: Falinks\n|-damage|p2a: Falinks|62/246\n|-unboost|p1a: Mienshao|def|1\n|-unboost|p1a: Mienshao|spd|1\n|move|p2a: Falinks|Close Combat|p1a: Mienshao\n|-damage|p1a: Mienshao|0 fnt\n|-unboost|p2a: Falinks|def|1\n|-unboost|p2a: Falinks|spd|1\n|faint|p1a: Mienshao\n|\n|upkeep\n|\n|t:|1733861765\n|switch|p1a: Ursaluna|Ursaluna-Bloodmoon, L79, M|308/308\n|turn|21\n|\n|t:|1733861774\n|move|p1a: Ursaluna|Vacuum Wave|p2a: Falinks\n|-damage|p2a: Falinks|1/246\n|move|p2a: Falinks|Close Combat|p1a: Ursaluna\n|-supereffective|p1a: Ursaluna\n|-damage|p1a: Ursaluna|72/308\n|-unboost|p2a: Falinks|def|1\n|-unboost|p2a: Falinks|spd|1\n|\n|-heal|p1a: Ursaluna|91/308|[from] item: Leftovers\n|upkeep\n|turn|22\n|\n|t:|1733861788\n|move|p2a: Falinks|Close Combat|p1a: Ursaluna\n|-supereffective|p1a: Ursaluna\n|-damage|p1a: Ursaluna|0 fnt\n|-unboost|p2a: Falinks|def|1\n|-unboost|p2a: Falinks|spd|1\n|faint|p1a: Ursaluna\n|\n|upkeep\n|\n|t:|1733861794\n|switch|p1a: Haxorus|Haxorus, L77, F|244/244\n|-ability|p1a: Haxorus|Mold Breaker\n|turn|23\n|\n|t:|1733861811\n|move|p1a: Haxorus|Close Combat|p2a: Falinks\n|-damage|p2a: Falinks|0 fnt\n|-unboost|p1a: Haxorus|def|1\n|-unboost|p1a: Haxorus|spd|1\n|faint|p2a: Falinks\n|\n|upkeep\n|\n|t:|1733861819\n|switch|p2a: Whimsicott|Whimsicott, L85, F|64/241\n|turn|24\n|\n|t:|1733861834\n|move|p2a: Whimsicott|Moonblast|p1a: Haxorus\n|-supereffective|p1a: Haxorus\n|-damage|p1a: Haxorus|0 fnt\n|faint|p1a: Haxorus\n|\n|win|jets dada\n", "inputlog": ">version bfd83cad13791eb5a5a409923076391caf6fb4d4\n>start {\"formatid\":\"gen9randombattle\",\"seed\":[38825,24798,25067,37409]}\n>player p1 {\"name\":\"Jet10228\",\"avatar\":\"2\",\"rating\":0,\"seed\":[26124,44206,57,37805]}\n>player p2 {\"name\":\"jets dada\",\"avatar\":\"265\",\"rating\":0,\"seed\":[4279,34625,26207,9295]}\n>p1 move closecombat terastallize\n>p2 move earthquake terastallize\n>p1 move flareblitz\n>p2 move earthquake\n>p2 switch 5\n>p1 move knockoff\n>p2 move scald\n>p1 switch 6\n>p1 move closecombat\n>p2 move thunderbolt\n>p1 move closecombat\n>p2 move icebeam\n>p2 switch 2\n>p1 switch 3\n>p2 move stunspore\n>p1 move highjumpkick\n>p2 move moonblast\n>p1 move rapidspin\n>p2 move moonblast\n>p1 move powerwhip\n>p2 move uturn\n>p2 switch 3\n>p1 move tripleaxel\n>p2 move closecombat\n>p1 switch 4\n>p1 move surf\n>p2 move closecombat\n>p1 move energyball\n>p2 move closecombat\n>p2 switch 6\n>p1 move tailglow\n>p2 move rest\n>p1 move energyball\n>p2 move bodyslam\n>p1 move icebeam\n>p2 move knockoff\n>p1 move surf\n>p2 move knockoff\n>p2 switch 3\n>p1 move surf\n>p2 move moonblast\n>p1 switch 3\n>p1 move closecombat\n>p2 move stunspore\n>p1 move knockoff\n>p2 move uturn\n>p2 switch 4\n>p1 move closecombat\n>p2 move closecombat\n>p1 switch 5\n>p1 move vacuumwave\n>p2 move closecombat\n>p1 move bloodmoon\n>p2 move closecombat\n>p1 switch 2\n>p1 move closecombat\n>p2 move closecombat\n>p2 switch 4\n>p1 move outrage\n>p2 move moonblast", "uploadtime": 1733861851, "views": 1, "formatid": "gen9randombattle", "rating": null, "private": 0, "password": null}