{"id": "gen9randombattle-2225812920", "format": "[Gen 9] Random Battle", "players": ["velvestrade", "Qiuescent"], "log": "|j|\u2606velvestrade\n|j|\u203dQiuescent\n|t:|1729271928\n|gametype|singles\n|player|p1|velvestrade|miku-ground|2248\n|player|p2|Qiuescent|265|2208\n|teamsize|p1|6\n|teamsize|p2|6\n|gen|9\n|tier|[Gen 9] Random Battle\n|rated|\n|rule|Species Clause: Limit one of each Pok\u00e9mon\n|rule|HP Percentage Mod: HP is shown in percentages\n|rule|Sleep Clause Mod: Limit one foe put to sleep\n|rule|Illusion Level Mod: Illusion disguises the Pok\u00e9mon's true level\n|\n|t:|1729271928\n|start\n|switch|p1a: Ampharos|Ampharos, L88, M|302/302\n|switch|p2a: Shiftry|Shiftry, L89, F|305/305\n|turn|1\n|inactive|Battle timer is ON: inactive players will automatically lose when time's up. (requested by velvestrade)\n|\n|t:|1729271942\n|move|p2a: Shiftry|Knock Off|p1a: Ampharos\n|-damage|p1a: Ampharos|190/302\n|-enditem|p1a: Ampharos|Assault Vest|[from] move: Knock Off|[of] p2a: Shiftry\n|move|p1a: Ampharos|Focus Blast|p2a: Shiftry\n|-supereffective|p2a: Shiftry\n|-damage|p2a: Shiftry|53/305\n|\n|upkeep\n|turn|2\n|\n|t:|1729271951\n|move|p2a: Shiftry|Leaf Storm|p1a: Ampharos|[miss]\n|-miss|p2a: Shiftry|p1a: Ampharos\n|move|p1a: Ampharos|Volt Switch|p2a: Shiftry\n|-resisted|p2a: Shiftry\n|-damage|p2a: Shiftry|0 fnt\n|faint|p2a: Shiftry\n|\n|t:|1729271962\n|switch|p1a: Quagsire|Quagsire, L84, F|297/297|[from] Volt Switch\n|\n|upkeep\n|\n|t:|1729271968\n|switch|p2a: Walking Wake|Walking Wake, L79|286/286\n|turn|3\n|\n|t:|1729271980\n|move|p2a: Walking Wake|Draco Meteor|p1a: Quagsire\n|-damage|p1a: Quagsire|36/297\n|-unboost|p2a: Walking Wake|spa|2\n|move|p1a: Quagsire|Spikes|p2a: Walking Wake\n|-sidestart|p2: Qiuescent|Spikes\n|\n|-heal|p1a: Quagsire|54/297|[from] item: Leftovers\n|upkeep\n|turn|4\n|\n|t:|1729272000\n|switch|p1a: Okidogi|Okidogi, L77, M|262/262\n|move|p2a: Walking Wake|Draco Meteor|p1a: Okidogi\n|-damage|p1a: Okidogi|148/262\n|-unboost|p2a: Walking Wake|spa|2\n|\n|-heal|p1a: Okidogi|164/262|[from] item: Leftovers\n|upkeep\n|turn|5\n|\n|t:|1729272008\n|-end|p2a: Walking Wake|Protosynthesis|[silent]\n|switch|p2a: Alcremie|Alcremie-Mint-Cream, L90, F|263/263\n|-damage|p2a: Alcremie|231/263|[from] Spikes\n|move|p1a: Okidogi|Knock Off|p2a: Alcremie\n|-resisted|p2a: Alcremie\n|-damage|p2a: Alcremie|191/263\n|-status|p2a: Alcremie|tox|[from] ability: Toxic Chain|[of] p1a: Okidogi\n|-enditem|p2a: Alcremie|Leftovers|[from] move: Knock Off|[of] p1a: Okidogi\n|\n|-heal|p1a: Okidogi|180/262|[from] item: Leftovers\n|-damage|p2a: Alcremie|175/263 tox|[from] psn\n|upkeep\n|turn|6\n|\n|t:|1729272028\n|switch|p1a: Ampharos|Ampharos, L88, M|190/302\n|move|p2a: Alcremie|Psyshock|p1a: Ampharos\n|-damage|p1a: Ampharos|120/302\n|\n|-damage|p2a: Alcremie|143/263 tox|[from] psn\n|upkeep\n|turn|7\n|\n|t:|1729272036\n|move|p2a: Alcremie|Alluring Voice|p1a: Ampharos\n|-damage|p1a: Ampharos|18/302\n|move|p1a: Ampharos|Volt Switch|p2a: Alcremie\n|-damage|p2a: Alcremie|80/263 tox\n|\n|t:|1729272057\n|switch|p1a: Glimmora|Glimmora, L75, F|248/248|[from] Volt Switch\n|\n|-damage|p2a: Alcremie|32/263 tox|[from] psn\n|upkeep\n|turn|8\n|\n|t:|1729272067\n|move|p1a: Glimmora|Sludge Wave|p2a: Alcremie\n|-supereffective|p2a: Alcremie\n|-damage|p2a: Alcremie|0 fnt\n|faint|p2a: Alcremie\n|\n|upkeep\n|\n|t:|1729272071\n|switch|p2a: Walking Wake|Walking Wake, L79|286/286\n|-damage|p2a: Walking Wake|251/286|[from] Spikes\n|turn|9\n|\n|t:|1729272079\n|-terastallize|p1a: Glimmora|Grass\n|move|p2a: Walking Wake|Hydro Pump|p1a: Glimmora\n|-resisted|p1a: Glimmora\n|-damage|p1a: Glimmora|143/248\n|move|p1a: Glimmora|Meteor Beam||[still]\n|-prepare|p1a: Glimmora|Meteor Beam\n|-boost|p1a: Glimmora|spa|1\n|-enditem|p1a: Glimmora|Power Herb\n|-anim|p1a: Glimmora|Meteor Beam|p2a: Walking Wake\n|-damage|p2a: Walking Wake|38/286\n|\n|upkeep\n|turn|10\n|\n|t:|1729272092\n|move|p2a: Walking Wake|Hydro Pump|p1a: Glimmora\n|-resisted|p1a: Glimmora\n|-damage|p1a: Glimmora|22/248\n|move|p1a: Glimmora|Earth Power|p2a: Walking Wake\n|-damage|p2a: Walking Wake|0 fnt\n|faint|p2a: Walking Wake\n|-end|p2a: Walking Wake|Protosynthesis|[silent]\n|\n|upkeep\n|\n|t:|1729272095\n|switch|p2a: Morpeko|Morpeko, L88, M|245/245\n|-damage|p2a: Morpeko|215/245|[from] Spikes\n|turn|11\n|\n|t:|1729272106\n|move|p2a: Morpeko|Rapid Spin|p1a: Glimmora\n|-damage|p1a: Glimmora|0 fnt\n|-boost|p2a: Morpeko|spe|1\n|-activate|p1a: Glimmora|ability: Toxic Debris\n|-sidestart|p2: Qiuescent|move: Toxic Spikes\n|-sideend|p2: Qiuescent|Spikes|[from] move: Rapid Spin|[of] p2a: Morpeko\n|-sideend|p2: Qiuescent|Toxic Spikes|[from] move: Rapid Spin|[of] p2a: Morpeko\n|faint|p1a: Glimmora\n|\n|-heal|p2a: Morpeko|230/245|[from] item: Leftovers\n|-formechange|p2a: Morpeko|Morpeko-Hangry||[from] ability: Hunger Switch\n|upkeep\n|\n|t:|1729272113\n|switch|p1a: Mamoswine|Mamoswine, L81, M|311/311\n|turn|12\n|\n|t:|1729272119\n|move|p2a: Morpeko|Knock Off|p1a: Mamoswine\n|-damage|p1a: Mamoswine|197/311\n|-enditem|p1a: Mamoswine|Choice Band|[from] move: Knock Off|[of] p2a: Morpeko\n|move|p1a: Mamoswine|Earthquake|p2a: Morpeko\n|-supereffective|p2a: Morpeko\n|-damage|p2a: Morpeko|0 fnt\n|faint|p2a: Morpeko\n|\n|upkeep\n|\n|t:|1729272133\n|switch|p2a: Meganium|Meganium, L90, F|290/290\n|turn|13\n|\n|t:|1729272145\n|switch|p1a: Quagsire|Quagsire, L84, F|54/297\n|move|p2a: Meganium|Petal Blizzard|p1a: Quagsire\n|-supereffective|p1a: Quagsire\n|-damage|p1a: Quagsire|0 fnt\n|faint|p1a: Quagsire\n|-damage|p2a: Meganium|261/290|[from] item: Life Orb\n|\n|upkeep\n|\n|t:|1729272154\n|switch|p1a: Okidogi|Okidogi, L77, M|180/262\n|turn|14\n|inactive|Qiuescent has 120 seconds left.\n|\n|t:|1729272192\n|-terastallize|p2a: Meganium|Ground\n|move|p2a: Meganium|Earthquake|p1a: Okidogi\n|-supereffective|p1a: Okidogi\n|-damage|p1a: Okidogi|0 fnt\n|faint|p1a: Okidogi\n|-damage|p2a: Meganium|232/290|[from] item: Life Orb\n|\n|upkeep\n|\n|t:|1729272196\n|switch|p1a: Dondozo|Dondozo, L78, M|362/362\n|turn|15\n|inactive|Qiuescent has 120 seconds left.\n|\n|t:|1729272218\n|move|p2a: Meganium|Petal Blizzard|p1a: Dondozo\n|-supereffective|p1a: Dondozo\n|-damage|p1a: Dondozo|133/362\n|-damage|p2a: Meganium|203/290|[from] item: Life Orb\n|move|p1a: Dondozo|Wave Crash|p2a: Meganium\n|-supereffective|p2a: Meganium\n|-damage|p2a: Meganium|15/290\n|-damage|p1a: Dondozo|71/362|[from] Recoil\n|\n|-heal|p1a: Dondozo|93/362|[from] item: Leftovers\n|upkeep\n|turn|16\n|\n|t:|1729272228\n|move|p2a: Meganium|Petal Blizzard|p1a: Dondozo\n|-supereffective|p1a: Dondozo\n|-damage|p1a: Dondozo|0 fnt\n|faint|p1a: Dondozo\n|-damage|p2a: Meganium|0 fnt|[from] item: Life Orb\n|faint|p2a: Meganium\n|\n|upkeep\n|\n|t:|1729272235\n|switch|p2a: Feraligatr|Feraligatr, L79, F|264/264\n|switch|p1a: Ampharos|Ampharos, L88, M|18/302\n|turn|17\n|\n|t:|1729272241\n|move|p2a: Feraligatr|Trailblaze|p1a: Ampharos\n|-damage|p1a: Ampharos|0 fnt\n|faint|p1a: Ampharos\n|\n|upkeep\n|\n|t:|1729272245\n|switch|p1a: Mamoswine|Mamoswine, L81, M|197/311\n|turn|18\n|c|\u2606velvestrade|ggs\n|\n|t:|1729272254\n|move|p1a: Mamoswine|Earthquake|p2a: Feraligatr\n|-damage|p2a: Feraligatr|147/264\n|move|p2a: Feraligatr|Liquidation|p1a: Mamoswine\n|-supereffective|p1a: Mamoswine\n|-damage|p1a: Mamoswine|0 fnt\n|faint|p1a: Mamoswine\n|\n|win|Qiuescent\n|raw|velvestrade's rating: 2248 &rarr; <strong>2226</strong><br />(-22 for losing)\n|raw|Qiuescent's rating: 2208 &rarr; <strong>2230</strong><br />(+22 for winning)\n|l|\u2606velvestrade\n|player|p1|\n", "inputlog": ">version 24b5ea12b3dbe77b1f0aa07975a48e3bd4b94ca5\n>start {\"formatid\":\"gen9randombattle\",\"seed\":[55368,33720,33937,3995],\"rated\":\"Rated battle\"}\n>player p1 {\"name\":\"velvestrade\",\"avatar\":\"miku-ground\",\"rating\":2248,\"seed\":[61639,13830,8610,57155]}\n>player p2 {\"name\":\"Qiuescent\",\"avatar\":\"265\",\"rating\":2208,\"seed\":[33019,15838,57328,55780]}\n>p1 move focusblast\n>p2 move knockoff\n>p1 move voltswitch\n>p2 move leafstorm\n>p1 switch 6\n>p2 switch 4\n>p1 move spikes\n>p2 move dracometeor\n>p1 switch 5\n>p2 move dracometeor\n>p1 move knockoff\n>p2 switch 3\n>p1 switch 6\n>p2 move psyshock\n>p1 move voltswitch\n>p2 move alluringvoice\n>p1 switch 2\n>p1 move sludgewave\n>p2 move psyshock\n>p2 switch 3\n>p1 move meteorbeam terastallize\n>p2 move hydropump\n>p1 move earthpower\n>p2 move hydropump\n>p2 switch 2\n>p1 move earthpower\n>p2 move rapidspin\n>p1 switch 4\n>p1 move earthquake\n>p2 move knockoff\n>p2 switch 6\n>p1 switch 5\n>p2 move petalblizzard\n>p1 switch 6\n>p1 move gunkshot\n>p2 move earthquake terastallize\n>p1 switch 3\n>p1 move wavecrash\n>p2 move petalblizzard\n>p1 move rest\n>p2 move petalblizzard\n>p1 switch 2\n>p2 switch 5\n>p1 move discharge\n>p2 move trailblaze\n>p1 switch 5\n>chat \u2606velvestrade|ggs\n>p1 move earthquake\n>p2 move liquidation", "uploadtime": 1729272261, "views": 54, "formatid": "gen9randombattle", "rating": 2226, "private": 0, "password": null}