{"id": "gen9randombattle-2259809778", "format": "[Gen 9] Random Battle", "players": ["KAMALA lSNT BLACK", "pokemonmaster225"], "log": "|j|\u2606KAMALA lSNT BLACK\n|j|\u2606pokemonmaster225\n|t:|1733768897\n|gametype|singles\n|player|p1|KAMALA lSNT BLACK|2|1766\n|player|p2|pokemonmaster225|101|1752\n|teamsize|p1|6\n|teamsize|p2|6\n|gen|9\n|tier|[Gen 9] Random Battle\n|rated|\n|rule|Species Clause: Limit one of each Pok\u00e9mon\n|rule|HP Percentage Mod: HP is shown in percentages\n|rule|Sleep Clause Mod: Limit one foe put to sleep\n|rule|Illusion Level Mod: Illusion disguises the Pok\u00e9mon's true level\n|\n|t:|1733768897\n|start\n|switch|p1a: Dusknoir|Dusknoir, L89, M|225/225\n|switch|p2a: Iron Valiant|Iron Valiant, L78|244/244\n|-item|p2a: Iron Valiant|Life Orb|[from] ability: Frisk|[of] p1a: Dusknoir\n|turn|1\n|\n|t:|1733768904\n|move|p2a: Iron Valiant|Knock Off|p1a: Dusknoir\n|-supereffective|p1a: Dusknoir\n|-damage|p1a: Dusknoir|90/225\n|-enditem|p1a: Dusknoir|Leftovers|[from] move: Knock Off|[of] p2a: Iron Valiant\n|-damage|p2a: Iron Valiant|220/244|[from] item: Life Orb\n|move|p1a: Dusknoir|Poltergeist|p2a: Iron Valiant\n|-activate|p2a: Iron Valiant|move: Poltergeist|Life Orb\n|-damage|p2a: Iron Valiant|78/244\n|\n|upkeep\n|turn|2\n|inactive|Battle timer is ON: inactive players will automatically lose when time's up. (requested by pokemonmaster225)\n|\n|t:|1733768924\n|move|p2a: Iron Valiant|Moonblast|p1a: Dusknoir\n|-damage|p1a: Dusknoir|3/225\n|-damage|p2a: Iron Valiant|54/244|[from] item: Life Orb\n|move|p1a: Dusknoir|Poltergeist|p2a: Iron Valiant\n|-activate|p2a: Iron Valiant|move: Poltergeist|Life Orb\n|-crit|p2a: Iron Valiant\n|-damage|p2a: Iron Valiant|0 fnt\n|faint|p2a: Iron Valiant\n|-end|p2a: Iron Valiant|Quark Drive|[silent]\n|\n|upkeep\n|\n|t:|1733768931\n|switch|p2a: Milotic|Milotic, L83, M|293/293\n|turn|3\n|\n|t:|1733768936\n|switch|p1a: Abomasnow|Abomasnow, L85, F|291/291\n|-weather|Snow|[from] ability: Snow Warning|[of] p1a: Abomasnow\n|move|p2a: Milotic|Scald|p1a: Abomasnow\n|-resisted|p1a: Abomasnow\n|-damage|p1a: Abomasnow|249/291\n|-status|p1a: Abomasnow|brn\n|\n|-weather|Snow|[upkeep]\n|-damage|p1a: Abomasnow|231/291 brn|[from] brn\n|upkeep\n|turn|4\n|\n|t:|1733768944\n|move|p2a: Milotic|Ice Beam|p1a: Abomasnow\n|-damage|p1a: Abomasnow|163/291 brn\n|move|p1a: Abomasnow|Aurora Veil|p1a: Abomasnow\n|-sidestart|p1: KAMALA lSNT BLACK|move: Aurora Veil\n|\n|-weather|Snow|[upkeep]\n|-damage|p1a: Abomasnow|145/291 brn|[from] brn\n|upkeep\n|turn|5\n|\n|t:|1733768950\n|move|p2a: Milotic|Ice Beam|p1a: Abomasnow\n|-damage|p1a: Abomasnow|114/291 brn\n|move|p1a: Abomasnow|Wood Hammer|p2a: Milotic\n|-supereffective|p2a: Milotic\n|-damage|p2a: Milotic|148/293\n|-damage|p1a: Abomasnow|66/291 brn|[from] Recoil\n|\n|-weather|Snow|[upkeep]\n|-heal|p2a: Milotic|166/293|[from] item: Leftovers\n|-damage|p1a: Abomasnow|48/291 brn|[from] brn\n|upkeep\n|turn|6\n|\n|t:|1733768958\n|move|p2a: Milotic|Ice Beam|p1a: Abomasnow\n|-damage|p1a: Abomasnow|15/291 brn\n|move|p1a: Abomasnow|Wood Hammer|p2a: Milotic\n|-supereffective|p2a: Milotic\n|-damage|p2a: Milotic|30/293\n|-damage|p1a: Abomasnow|0 fnt|[from] Recoil\n|faint|p1a: Abomasnow\n|\n|-weather|Snow|[upkeep]\n|-heal|p2a: Milotic|48/293|[from] item: Leftovers\n|upkeep\n|\n|t:|1733768974\n|switch|p1a: Grumpig|Grumpig, L92, M|297/297\n|turn|7\n|\n|t:|1733768979\n|move|p1a: Grumpig|Nasty Plot|p1a: Grumpig\n|-boost|p1a: Grumpig|spa|2\n|move|p2a: Milotic|Recover|p2a: Milotic\n|-heal|p2a: Milotic|195/293\n|\n|-weather|none\n|-heal|p2a: Milotic|213/293|[from] item: Leftovers\n|upkeep\n|turn|8\n|\n|t:|1733768984\n|move|p1a: Grumpig|Psyshock|p2a: Milotic\n|-damage|p2a: Milotic|0 fnt\n|faint|p2a: Milotic\n|\n|upkeep\n|\n|t:|1733768995\n|switch|p2a: Lycanroc|Lycanroc-Dusk, L80, M|251/251\n|turn|9\n|\n|t:|1733769008\n|move|p2a: Lycanroc|Psychic Fangs|p1a: Grumpig\n|-sideend|p1: KAMALA lSNT BLACK|move: Aurora Veil\n|-resisted|p1a: Grumpig\n|-damage|p1a: Grumpig|231/297\n|move|p1a: Grumpig|Earth Power|p2a: Lycanroc\n|-supereffective|p2a: Lycanroc\n|-damage|p2a: Lycanroc|0 fnt\n|faint|p2a: Lycanroc\n|\n|-heal|p1a: Grumpig|249/297|[from] item: Leftovers\n|upkeep\n|\n|t:|1733769011\n|switch|p2a: Mimikyu|Mimikyu, L79, F|216/216\n|turn|10\n|\n|t:|1733769022\n|switch|p1a: Ursaring|Ursaring, L84, M, shiny|288/288\n|move|p2a: Mimikyu|Swords Dance|p2a: Mimikyu\n|-boost|p2a: Mimikyu|atk|2\n|\n|-status|p1a: Ursaring|tox|[from] item: Toxic Orb\n|upkeep\n|turn|11\n|\n|t:|1733769035\n|move|p1a: Ursaring|Throat Chop|p2a: Mimikyu\n|-activate|p2a: Mimikyu|ability: Disguise\n|-damage|p2a: Mimikyu|216/216\n|-start|p2a: Mimikyu|Throat Chop|[silent]\n|detailschange|p2a: Mimikyu|Mimikyu-Busted, L79, F\n|-damage|p2a: Mimikyu|189/216|[from] pokemon: Mimikyu-Busted\n|move|p2a: Mimikyu|Wood Hammer|p1a: Ursaring\n|-damage|p1a: Ursaring|66/288 tox\n|-damage|p2a: Mimikyu|116/216|[from] Recoil\n|-damage|p2a: Mimikyu|95/216|[from] item: Life Orb\n|\n|-damage|p1a: Ursaring|48/288 tox|[from] psn\n|upkeep\n|turn|12\n|\n|t:|1733769041\n|move|p1a: Ursaring|Throat Chop|p2a: Mimikyu\n|-damage|p2a: Mimikyu|10/216\n|move|p2a: Mimikyu|Play Rough|p1a: Ursaring\n|-damage|p1a: Ursaring|0 fnt\n|faint|p1a: Ursaring\n|-damage|p2a: Mimikyu|0 fnt|[from] item: Life Orb\n|faint|p2a: Mimikyu\n|\n|upkeep\n|\n|t:|1733769049\n|switch|p2a: Iron Hands|Iron Hands, L79|373/373\n|switch|p1a: Grumpig|Grumpig, L92, M|249/297\n|turn|13\n|\n|t:|1733769057\n|move|p1a: Grumpig|Psyshock|p2a: Iron Hands\n|-supereffective|p2a: Iron Hands\n|-damage|p2a: Iron Hands|203/373\n|move|p2a: Iron Hands|Swords Dance|p2a: Iron Hands\n|-boost|p2a: Iron Hands|atk|2\n|\n|-heal|p1a: Grumpig|267/297|[from] item: Leftovers\n|-heal|p2a: Iron Hands|226/373|[from] item: Leftovers\n|upkeep\n|turn|14\n|\n|t:|1733769063\n|-terastallize|p1a: Grumpig|Fairy\n|-terastallize|p2a: Iron Hands|Steel\n|move|p1a: Grumpig|Dazzling Gleam|p2a: Iron Hands\n|-resisted|p2a: Iron Hands\n|-damage|p2a: Iron Hands|163/373\n|move|p2a: Iron Hands|Thunder Punch|p1a: Grumpig\n|-damage|p1a: Grumpig|41/297\n|-status|p1a: Grumpig|par\n|\n|-heal|p2a: Iron Hands|186/373|[from] item: Leftovers\n|-heal|p1a: Grumpig|59/297 par|[from] item: Leftovers\n|upkeep\n|turn|15\n|\n|t:|1733769070\n|move|p2a: Iron Hands|Drain Punch|p1a: Grumpig\n|-resisted|p1a: Grumpig\n|-damage|p1a: Grumpig|0 fnt\n|-heal|p2a: Iron Hands|216/373|[from] drain|[of] p1a: Grumpig\n|faint|p1a: Grumpig\n|\n|-heal|p2a: Iron Hands|239/373|[from] item: Leftovers\n|upkeep\n|\n|t:|1733769074\n|switch|p1a: Volcanion|Volcanion, L79|256/256\n|turn|16\n|\n|t:|1733769083\n|move|p1a: Volcanion|Flamethrower|p2a: Iron Hands\n|-supereffective|p2a: Iron Hands\n|-damage|p2a: Iron Hands|0 fnt\n|faint|p2a: Iron Hands\n|-end|p2a: Iron Hands|Quark Drive|[silent]\n|\n|upkeep\n|\n|t:|1733769086\n|switch|p2a: Electivire|Electivire, L84, F|263/263\n|turn|17\n|\n|t:|1733769095\n|move|p2a: Electivire|Supercell Slam|p1a: Volcanion\n|-supereffective|p1a: Volcanion\n|-crit|p1a: Volcanion\n|-damage|p1a: Volcanion|0 fnt\n|faint|p1a: Volcanion\n|\n|upkeep\n|\n|t:|1733769098\n|switch|p1a: Sceptile|Sceptile, L87, M|264/264\n|turn|18\n|\n|t:|1733769101\n|move|p2a: Electivire|Supercell Slam|p1a: Sceptile\n|-resisted|p1a: Sceptile\n|-damage|p1a: Sceptile|187/264\n|move|p1a: Sceptile|Earthquake|p2a: Electivire\n|-supereffective|p2a: Electivire\n|-damage|p2a: Electivire|32/263\n|-damage|p1a: Sceptile|161/264|[from] item: Life Orb\n|\n|upkeep\n|turn|19\n|\n|t:|1733769104\n|move|p2a: Electivire|Supercell Slam|p1a: Sceptile\n|-resisted|p1a: Sceptile\n|-damage|p1a: Sceptile|91/264\n|move|p1a: Sceptile|Earthquake|p2a: Electivire\n|-supereffective|p2a: Electivire\n|-damage|p2a: Electivire|0 fnt\n|faint|p2a: Electivire\n|-damage|p1a: Sceptile|65/264|[from] item: Life Orb\n|\n|win|KAMALA lSNT BLACK\n|raw|KAMALA lSNT BLACK's rating: 1766 &rarr; <strong>1785</strong><br />(+19 for winning)\n|raw|pokemonmaster225's rating: 1752 &rarr; <strong>1733</strong><br />(-19 for losing)\n", "inputlog": ">version bfd83cad13791eb5a5a409923076391caf6fb4d4\n>start {\"formatid\":\"gen9randombattle\",\"seed\":[2219,62484,36557,33471],\"rated\":\"Rated battle\"}\n>player p1 {\"name\":\"KAMALA lSNT BLACK\",\"avatar\":\"2\",\"rating\":1766,\"seed\":[41154,28771,48537,25694]}\n>player p2 {\"name\":\"pokemonmaster225\",\"avatar\":\"101\",\"rating\":1752,\"seed\":[33523,14744,20539,60749]}\n>p1 move poltergeist\n>p2 move knockoff\n>p1 move poltergeist\n>p2 move moonblast\n>p2 switch 4\n>p1 switch 3\n>p2 move scald\n>p1 move auroraveil\n>p2 move icebeam\n>p1 move woodhammer\n>p2 move icebeam\n>p1 move woodhammer\n>p2 move icebeam\n>p1 switch 6\n>p1 move nastyplot\n>p2 move recover\n>p1 move psyshock\n>p2 move dragontail\n>p2 switch 6\n>p1 move earthpower\n>p2 move psychicfangs\n>p2 switch 3\n>p1 switch 5\n>p2 move swordsdance\n>p1 move throatchop\n>p2 move woodhammer\n>p1 move throatchop\n>p2 move playrough\n>p1 switch 5\n>p2 switch 5\n>p1 move psyshock\n>p2 move swordsdance\n>p1 move dazzlinggleam terastallize\n>p2 move thunderpunch terastallize\n>p1 move earthpower\n>p2 move drainpunch\n>p1 switch 4\n>p1 move flamethrower\n>p2 move thunderpunch\n>p2 switch 2\n>p1 move steameruption\n>p2 move supercellslam\n>p1 switch 2\n>p1 move earthquake\n>p2 move supercellslam\n>p1 move earthquake\n>p2 move supercellslam", "uploadtime": 1733769117, "views": 1, "formatid": "gen9randombattle", "rating": 1733, "private": 0, "password": null}