{"id": "gen9randombattle-2132541884", "format": "[Gen 9] Random Battle", "players": ["Dragesh", "Delta 2777"], "log": "|badge|p1|bronze|gen9randombattle|100-1\n|html|<div class=\"broadcast-red\"><strong>This battle is required to be public due to one or more player having a season medal.</strong><br />During the public phase, you can discuss the state of the ladder <a href=\"/seasondiscussion\">in a special chatroom.</a></div>\n|uhtml|medal-msg|<div class=\"broadcast-blue\">Curious what those medals under the avatar are? PS now has Ladder Seasons! For more information, check out the <a href=\"https://www.smogon.com/forums/threads/3740067/\">thread on Smogon.</a></div>\n|badge|p2|silver|gen9randombattle|30-1\n|uhtml|medal-msg|<div class=\"broadcast-blue\">Curious what those medals under the avatar are? PS now has Ladder Seasons! For more information, check out the <a href=\"https://www.smogon.com/forums/threads/3740067/\">thread on Smogon.</a></div>\n|j|\u2606Dragesh\n|j|\u2606Delta 2777\n|t:|1716945238\n|gametype|singles\n|player|p1|Dragesh|2|2379\n|player|p2|Delta 2777|265|2430\n|teamsize|p1|6\n|teamsize|p2|6\n|gen|9\n|tier|[Gen 9] Random Battle\n|rated|\n|rule|Species Clause: Limit one of each Pok\u00e9mon\n|rule|HP Percentage Mod: HP is shown in percentages\n|rule|Sleep Clause Mod: Limit one foe put to sleep\n|rule|Illusion Level Mod: Illusion disguises the Pok\u00e9mon's true level\n|\n|t:|1716945238\n|start\n|switch|p1a: Banette|Banette, L93, M|270/270\n|switch|p2a: Tinkaton|Tinkaton, L82, F|274/274\n|-ability|p2a: Tinkaton|Mold Breaker\n|turn|1\n|inactive|Battle timer is ON: inactive players will automatically lose when time's up. (requested by Delta 2777)\n|inactive|Delta 2777 has 120 seconds left.\n|\n|t:|1716945286\n|move|p2a: Tinkaton|Knock Off|p1a: Banette\n|-supereffective|p1a: Banette\n|-damage|p1a: Banette|154/270\n|-enditem|p1a: Banette|Life Orb|[from] move: Knock Off|[of] p2a: Tinkaton\n|move|p1a: Banette|Thunder Wave|p2a: Tinkaton|[miss]\n|-miss|p1a: Banette|p2a: Tinkaton\n|\n|upkeep\n|turn|2\n|\n|t:|1716945300\n|switch|p2a: Krookodile|Krookodile, L80, M|283/283\n|move|p1a: Banette|Poltergeist|p2a: Krookodile\n|-activate|p2a: Krookodile|move: Poltergeist|Choice Band\n|-resisted|p2a: Krookodile\n|-damage|p2a: Krookodile|190/283\n|\n|upkeep\n|turn|3\n|\n|t:|1716945314\n|switch|p1a: Alomomola|Alomomola, L87, M|429/429\n|move|p2a: Krookodile|Knock Off|p1a: Alomomola\n|-damage|p1a: Alomomola|263/429\n|-enditem|p1a: Alomomola|Heavy-Duty Boots|[from] move: Knock Off|[of] p2a: Krookodile\n|\n|upkeep\n|turn|4\n|\n|t:|1716945334\n|switch|p2a: Samurott|Samurott-Hisui, L77, F|265/265\n|move|p1a: Alomomola|Flip Turn|p2a: Samurott\n|-resisted|p2a: Samurott\n|-damage|p2a: Samurott|233/265\n|\n|t:|1716945339\n|switch|p1a: Hitmonchan|Hitmonchan, L87, M|229/229|[from] Flip Turn\n|\n|upkeep\n|turn|5\n|\n|t:|1716945346\n|switch|p2a: Florges|Florges, L85, F|271/271\n|move|p1a: Hitmonchan|Drain Punch|p2a: Florges\n|-resisted|p2a: Florges\n|-damage|p2a: Florges|206/271\n|\n|-heal|p2a: Florges|222/271|[from] item: Leftovers\n|upkeep\n|turn|6\n|\n|t:|1716945368\n|switch|p1a: Alomomola|Alomomola, L87, M|406/429\n|move|p2a: Florges|Moonblast|p1a: Alomomola\n|-damage|p1a: Alomomola|228/429\n|\n|-heal|p2a: Florges|238/271|[from] item: Leftovers\n|upkeep\n|turn|7\n|\n|t:|1716945381\n|move|p2a: Florges|Moonblast|p1a: Alomomola\n|-damage|p1a: Alomomola|38/429\n|move|p1a: Alomomola|Flip Turn|p2a: Florges\n|-damage|p2a: Florges|172/271\n|inactive|Dragesh has 120 seconds left.\n|inactive|Dragesh has 90 seconds left.\n|\n|t:|1716945443\n|switch|p1a: Maushold|Maushold-Four, L76|238/238|[from] Flip Turn\n|\n|-heal|p2a: Florges|188/271|[from] item: Leftovers\n|upkeep\n|turn|8\n|\n|t:|1716945449\n|switch|p2a: Tinkaton|Tinkaton, L82, F|274/274\n|-ability|p2a: Tinkaton|Mold Breaker\n|move|p1a: Maushold|Population Bomb|p2a: Tinkaton\n|-resisted|p2a: Tinkaton\n|-damage|p2a: Tinkaton|262/274\n|-resisted|p2a: Tinkaton\n|-damage|p2a: Tinkaton|250/274\n|-resisted|p2a: Tinkaton\n|-damage|p2a: Tinkaton|238/274\n|-resisted|p2a: Tinkaton\n|-damage|p2a: Tinkaton|226/274\n|-resisted|p2a: Tinkaton\n|-damage|p2a: Tinkaton|214/274\n|-resisted|p2a: Tinkaton\n|-damage|p2a: Tinkaton|202/274\n|-resisted|p2a: Tinkaton\n|-damage|p2a: Tinkaton|190/274\n|-resisted|p2a: Tinkaton\n|-damage|p2a: Tinkaton|177/274\n|-resisted|p2a: Tinkaton\n|-damage|p2a: Tinkaton|165/274\n|-resisted|p2a: Tinkaton\n|-damage|p2a: Tinkaton|153/274\n|-hitcount|p2a: Tinkaton|10\n|\n|-heal|p2a: Tinkaton|170/274|[from] item: Leftovers\n|upkeep\n|turn|9\n|\n|t:|1716945467\n|switch|p1a: Alomomola|Alomomola, L87, M|181/429\n|move|p2a: Tinkaton|Knock Off|p1a: Alomomola\n|-damage|p1a: Alomomola|143/429\n|\n|-heal|p2a: Tinkaton|187/274|[from] item: Leftovers\n|upkeep\n|turn|10\n|\n|t:|1716945485\n|switch|p1a: Banette|Banette, L93, M|154/270\n|move|p2a: Tinkaton|Play Rough|p1a: Banette|[miss]\n|-miss|p2a: Tinkaton|p1a: Banette\n|\n|-heal|p2a: Tinkaton|204/274|[from] item: Leftovers\n|upkeep\n|turn|11\n|\n|t:|1716945490\n|switch|p2a: Krookodile|Krookodile, L80, M|190/283\n|switch|p1a: Alomomola|Alomomola, L87, M|286/429\n|\n|upkeep\n|turn|12\n|\n|t:|1716945514\n|switch|p2a: Samurott|Samurott-Hisui, L77, F|233/265\n|move|p1a: Alomomola|Flip Turn|p2a: Samurott\n|-resisted|p2a: Samurott\n|-damage|p2a: Samurott|201/265\n|inactive|Dragesh has 60 seconds left.\n|\n|t:|1716945547\n|switch|p1a: Hitmonchan|Hitmonchan, L87, M|229/229|[from] Flip Turn\n|\n|upkeep\n|turn|13\n|\n|t:|1716945557\n|switch|p2a: Gouging Fire|Gouging Fire, L74|277/277\n|move|p1a: Hitmonchan|Drain Punch|p2a: Gouging Fire\n|-damage|p2a: Gouging Fire|178/277\n|\n|upkeep\n|turn|14\n|\n|t:|1716945568\n|move|p1a: Hitmonchan|Swords Dance|p1a: Hitmonchan\n|-boost|p1a: Hitmonchan|atk|2\n|move|p2a: Gouging Fire|Dragon Dance|p2a: Gouging Fire\n|-boost|p2a: Gouging Fire|atk|1\n|-boost|p2a: Gouging Fire|spe|1\n|\n|upkeep\n|turn|15\n|\n|t:|1716945579\n|-terastallize|p2a: Gouging Fire|Fairy\n|move|p2a: Gouging Fire|Heat Crash|p1a: Hitmonchan\n|-damage|p1a: Hitmonchan|55/229\n|move|p1a: Hitmonchan|Drain Punch|p2a: Gouging Fire\n|-resisted|p2a: Gouging Fire\n|-damage|p2a: Gouging Fire|86/277\n|-heal|p1a: Hitmonchan|101/229|[from] drain|[of] p2a: Gouging Fire\n|\n|-heal|p1a: Hitmonchan|115/229|[from] item: Leftovers\n|upkeep\n|turn|16\n|inactive|Dragesh has 30 seconds left.\n|inactive|Dragesh has 20 seconds left.\n|inactive|Dragesh has 15 seconds left.\n|\n|t:|1716945620\n|move|p2a: Gouging Fire|Morning Sun|p2a: Gouging Fire\n|-heal|p2a: Gouging Fire|224/277\n|move|p1a: Hitmonchan|Rapid Spin|p2a: Gouging Fire\n|-damage|p2a: Gouging Fire|149/277\n|-boost|p1a: Hitmonchan|spe|1\n|\n|-heal|p1a: Hitmonchan|129/229|[from] item: Leftovers\n|upkeep\n|turn|17\n|inactive|Dragesh has 25 seconds left this turn.\n|inactive|Dragesh has 20 seconds left.\n|inactive|Dragesh has 15 seconds left.\n|inactive|Dragesh has 10 seconds left.\n|\n|t:|1716945637\n|move|p1a: Hitmonchan|Drain Punch|p2a: Gouging Fire\n|-resisted|p2a: Gouging Fire\n|-damage|p2a: Gouging Fire|47/277\n|-heal|p1a: Hitmonchan|180/229|[from] drain|[of] p2a: Gouging Fire\n|move|p2a: Gouging Fire|Heat Crash|p1a: Hitmonchan\n|-damage|p1a: Hitmonchan|6/229\n|\n|-heal|p1a: Hitmonchan|20/229|[from] item: Leftovers\n|upkeep\n|turn|18\n|inactive|Dragesh has 20 seconds left this turn.\n|inactive|Dragesh has 15 seconds left.\n|\n|t:|1716945648\n|move|p1a: Hitmonchan|Drain Punch|p2a: Gouging Fire\n|-resisted|p2a: Gouging Fire\n|-damage|p2a: Gouging Fire|0 fnt\n|-heal|p1a: Hitmonchan|44/229|[from] drain|[of] p2a: Gouging Fire\n|faint|p2a: Gouging Fire\n|-end|p2a: Gouging Fire|Protosynthesis|[silent]\n|\n|-heal|p1a: Hitmonchan|58/229|[from] item: Leftovers\n|upkeep\n|inactive|Dragesh has 20 seconds left this turn.\n|\n|t:|1716945657\n|switch|p2a: Florges|Florges, L85, F|188/271\n|turn|19\n|inactive|Dragesh has 30 seconds left this turn.\n|\n|t:|1716945663\n|move|p1a: Hitmonchan|Drain Punch|p2a: Florges\n|-resisted|p2a: Florges\n|-damage|p2a: Florges|53/271\n|-heal|p1a: Hitmonchan|126/229|[from] drain|[of] p2a: Florges\n|move|p2a: Florges|Moonblast|p1a: Hitmonchan\n|-supereffective|p1a: Hitmonchan\n|-damage|p1a: Hitmonchan|0 fnt\n|faint|p1a: Hitmonchan\n|\n|-heal|p2a: Florges|69/271|[from] item: Leftovers\n|upkeep\n|inactive|Dragesh has 30 seconds left this turn.\n|inactive|Dragesh has 20 seconds left.\n|inactive|Dragesh has 15 seconds left.\n|\n|t:|1716945680\n|switch|p1a: Magearna|Magearna, L77|250/250\n|turn|20\n|inactive|Dragesh has 25 seconds left this turn.\n|j| LUKAKUN5\n|\n|t:|1716945695\n|move|p2a: Florges|Protect|p2a: Florges\n|-singleturn|p2a: Florges|Protect\n|move|p1a: Magearna|Shift Gear|p1a: Magearna\n|-boost|p1a: Magearna|spe|2\n|-boost|p1a: Magearna|atk|1\n|\n|-heal|p2a: Florges|85/271|[from] item: Leftovers\n|upkeep\n|turn|21\n|inactive|Dragesh has 30 seconds left.\n|\n|t:|1716945704\n|switch|p2a: Krookodile|Krookodile, L80, M|190/283\n|move|p1a: Magearna|Shift Gear|p1a: Magearna\n|-boost|p1a: Magearna|spe|2\n|-boost|p1a: Magearna|atk|1\n|\n|upkeep\n|turn|22\n|inactive|Dragesh has 30 seconds left.\n|inactive|Dragesh has 20 seconds left.\n|inactive|Dragesh has 15 seconds left.\n|inactive|Dragesh has 10 seconds left.\n|\n|t:|1716945737\n|move|p1a: Magearna|Fleur Cannon|p2a: Krookodile\n|-supereffective|p2a: Krookodile\n|-damage|p2a: Krookodile|0 fnt\n|-unboost|p1a: Magearna|spa|2\n|faint|p2a: Krookodile\n|-ability|p1a: Magearna|Soul-Heart|boost\n|-boost|p1a: Magearna|spa|1\n|\n|upkeep\n|inactive|Dragesh has 15 seconds left this turn.\n|\n|t:|1716945750\n|switch|p2a: Samurott|Samurott-Hisui, L77, F|201/265\n|turn|23\n|inactive|Dragesh has 25 seconds left this turn.\n|inactive|Dragesh has 20 seconds left.\n|inactive|Dragesh has 15 seconds left.\n|\n|t:|1716945763\n|switch|p2a: Florges|Florges, L85, F|85/271\n|move|p1a: Magearna|Iron Head|p2a: Florges\n|-supereffective|p2a: Florges\n|-damage|p2a: Florges|0 fnt\n|faint|p2a: Florges\n|-ability|p1a: Magearna|Soul-Heart|boost\n|-boost|p1a: Magearna|spa|1\n|\n|upkeep\n|inactive|Dragesh has 20 seconds left this turn.\n|-message|Delta 2777 forfeited.\n|\n|win|Dragesh\n|inactive|Dragesh has 25 seconds left this turn.\n|raw|Dragesh's rating: 2379 &rarr; <strong>2400</strong><br />(+21 for winning)\n|raw|Delta 2777's rating: 2398 &rarr; <strong>2377</strong><br />(-21 for losing)\n|l|\u2606Delta 2777\n|player|p2|\n", "inputlog": ">version 7158ead19aeac8750849df2840eabb6dbec77df6\n>start {\"formatid\":\"gen9randombattle\",\"seed\":[49833,40876,6434,24763],\"rated\":\"Rated battle\"}\n>player p1 {\"name\":\"Dragesh\",\"avatar\":\"2\",\"rating\":2379,\"seed\":[54752,35035,42218,59755]}\n>player p2 {\"name\":\"Delta 2777\",\"avatar\":\"265\",\"rating\":2430,\"seed\":[51381,46829,6088,64716]}\n>p1 move thunderwave\n>p2 move knockoff\n>p1 move poltergeist\n>p2 switch 5\n>p1 switch 3\n>p2 move knockoff\n>p1 move flipturn\n>p2 switch 3\n>p1 switch 2\n>p1 move drainpunch\n>p2 switch 2\n>p1 switch 2\n>p2 move moonblast\n>p1 move flipturn\n>p2 move moonblast\n>p1 switch 4\n>p1 move populationbomb\n>p2 switch 5\n>p1 switch 4\n>p2 move knockoff\n>p1 switch 3\n>p2 move playrough\n>p1 switch 3\n>p2 switch 3\n>p1 move flipturn\n>p2 switch 2\n>p1 switch 2\n>p1 move drainpunch\n>p2 switch 6\n>p1 move swordsdance\n>p2 move dragondance\n>p1 move drainpunch\n>p2 move heatcrash terastallize\n>p1 move rapidspin\n>p2 move morningsun\n>p1 move drainpunch\n>p2 move heatcrash\n>p1 move drainpunch\n>p2 move dragondance\n>p2 switch 5\n>p1 move drainpunch\n>p2 move moonblast\n>p1 switch 6\n>p1 move shiftgear\n>p2 move protect\n>p1 move shiftgear\n>p2 switch 2\n>p1 move fleurcannon\n>p2 move earthquake\n>p2 switch 6\n>p1 move ironhead\n>p2 switch 2\n>forcelose p2", "uploadtime": 1716945776, "views": 217, "formatid": "gen9randombattle", "rating": 2377, "private": 0, "password": null}