{"id": "gen9randombattle-2163828985", "format": "[Gen 9] Random Battle", "players": ["Ryannlink", "megustatusangre"], "log": "|j|\u2606Ryannlink\n|j|\u2606megustatusangre\n|t:|1721411058\n|gametype|singles\n|player|p1|Ryannlink|102|2249\n|player|p2|megustatusangre|dragontamer|2289\n|teamsize|p1|6\n|teamsize|p2|6\n|gen|9\n|tier|[Gen 9] Random Battle\n|rated|\n|rule|Species Clause: Limit one of each Pok\u00e9mon\n|rule|HP Percentage Mod: HP is shown in percentages\n|rule|Sleep Clause Mod: Limit one foe put to sleep\n|rule|Illusion Level Mod: Illusion disguises the Pok\u00e9mon's true level\n|\n|t:|1721411058\n|start\n|switch|p1a: Ogerpon|Ogerpon-Cornerstone, L76, F|247/247\n|switch|p2a: Haxorus|Haxorus, L77, F|244/244\n|-ability|p2a: Haxorus|Mold Breaker\n|turn|1\n|inactive|Battle timer is ON: inactive players will automatically lose when time's up. (requested by Ryannlink)\n|\n|t:|1721411078\n|switch|p2a: Leafeon|Leafeon, L88, F|258/258\n|move|p1a: Ogerpon|Ivy Cudgel|p2a: Leafeon|[anim] Ivy Cudgel Rock\n|-damage|p2a: Leafeon|167/258\n|\n|-heal|p2a: Leafeon|183/258|[from] item: Leftovers\n|upkeep\n|turn|2\n|\n|t:|1721411087\n|move|p2a: Leafeon|Swords Dance|p2a: Leafeon\n|-boost|p2a: Leafeon|atk|2\n|move|p1a: Ogerpon|Spikes|p2a: Leafeon\n|-sidestart|p2: megustatusangre|Spikes\n|\n|-heal|p2a: Leafeon|199/258|[from] item: Leftovers\n|upkeep\n|turn|3\n|\n|t:|1721411099\n|move|p2a: Leafeon|Leaf Blade|p1a: Ogerpon\n|-ability|p1a: Ogerpon|Sturdy\n|-damage|p1a: Ogerpon|1/247\n|move|p1a: Ogerpon|Ivy Cudgel|p2a: Leafeon|[anim] Ivy Cudgel Rock\n|-damage|p2a: Leafeon|103/258\n|\n|-heal|p2a: Leafeon|119/258|[from] item: Leftovers\n|upkeep\n|turn|4\n|\n|t:|1721411109\n|move|p2a: Leafeon|Leaf Blade|p1a: Ogerpon\n|-crit|p1a: Ogerpon\n|-damage|p1a: Ogerpon|0 fnt\n|faint|p1a: Ogerpon\n|\n|-heal|p2a: Leafeon|135/258|[from] item: Leftovers\n|upkeep\n|\n|t:|1721411112\n|switch|p1a: Chien-Pao|Chien-Pao, L72|234/234\n|-ability|p1a: Chien-Pao|Sword of Ruin\n|turn|5\n|\n|t:|1721411127\n|-terastallize|p2a: Leafeon|Normal\n|move|p1a: Chien-Pao|Icicle Crash|p2a: Leafeon\n|-damage|p2a: Leafeon|24/258\n|move|p2a: Leafeon|Leaf Blade|p1a: Chien-Pao\n|-damage|p1a: Chien-Pao|0 fnt\n|faint|p1a: Chien-Pao\n|\n|-heal|p2a: Leafeon|40/258|[from] item: Leftovers\n|upkeep\n|c|\u2606Ryannlink|A flinch there would\u2019ve been hilarious\n|inactive|Ryannlink has 120 seconds left.\n|c|\u2606Ryannlink|you had no other switch in???\n|c|\u2606megustatusangre|no\n|c|\u2606Ryannlink|That play won you the fame\n|inactive|Ryannlink has 90 seconds left.\n|c|\u2606Ryannlink|everything gets outsped and dies\n|c|\u2606megustatusangre|it depends\n|\n|t:|1721411195\n|switch|p1a: Wyrdeer|Wyrdeer, L87, F|321/321\n|-ability|p1a: Wyrdeer|Intimidate|boost\n|-unboost|p2a: Leafeon|atk|1\n|turn|6\n|inactive|Ryannlink has 90 seconds left.\n|c|\u2606megustatusangre|you have a weaville?\n|\n|t:|1721411211\n|move|p2a: Leafeon|Leaf Blade|p1a: Wyrdeer\n|-damage|p1a: Wyrdeer|143/321\n|move|p1a: Wyrdeer|Psychic Noise|p2a: Leafeon\n|-damage|p2a: Leafeon|0 fnt\n|faint|p2a: Leafeon\n|\n|upkeep\n|c|\u2606Ryannlink|That was my weavile\n|inactive|megustatusangre has 120 seconds left.\n|\n|t:|1721411237\n|switch|p2a: Ogerpon|Ogerpon, L80, F|259/259\n|turn|7\n|inactive|megustatusangre has 120 seconds left.\n|\n|t:|1721411247\n|switch|p1a: Weezing|Weezing-Galar, L86, M|252/252\n|move|p2a: Ogerpon|Spikes|p1a: Weezing\n|-sidestart|p1: Ryannlink|Spikes\n|\n|upkeep\n|turn|8\n|\n|t:|1721411256\n|move|p2a: Ogerpon|U-turn|p1a: Weezing\n|-resisted|p1a: Weezing\n|-damage|p1a: Weezing|242/252\n|\n|t:|1721411263\n|switch|p2a: Lumineon|Lumineon, L93, M|279/279|[from] U-turn\n|-damage|p2a: Lumineon|245/279|[from] Spikes\n|move|p1a: Weezing|Gunk Shot|p2a: Lumineon\n|-damage|p2a: Lumineon|122/279\n|-status|p2a: Lumineon|psn\n|\n|-heal|p1a: Weezing|252/252|[from] item: Leftovers\n|-damage|p2a: Lumineon|88/279 psn|[from] psn\n|upkeep\n|turn|9\n|inactive|Ryannlink has 120 seconds left.\n|\n|t:|1721411275\n|switch|p1a: Wyrdeer|Wyrdeer, L87, F|143/321\n|-damage|p1a: Wyrdeer|103/321|[from] Spikes\n|-ability|p1a: Wyrdeer|Intimidate|boost\n|-unboost|p2a: Lumineon|atk|1\n|move|p2a: Lumineon|Hydro Pump|p1a: Wyrdeer\n|-damage|p1a: Wyrdeer|0 fnt\n|faint|p1a: Wyrdeer\n|\n|-damage|p2a: Lumineon|54/279 psn|[from] psn\n|upkeep\n|\n|t:|1721411287\n|switch|p1a: Milotic|Milotic, L83, F|293/293\n|-damage|p1a: Milotic|257/293|[from] Spikes\n|turn|10\n|\n|t:|1721411300\n|move|p2a: Lumineon|Hydro Pump|p1a: Milotic\n|-resisted|p1a: Milotic\n|-damage|p1a: Milotic|198/293\n|move|p1a: Milotic|Ice Beam|p2a: Lumineon\n|-resisted|p2a: Lumineon\n|-damage|p2a: Lumineon|25/279 psn\n|\n|-heal|p1a: Milotic|216/293|[from] item: Leftovers\n|-damage|p2a: Lumineon|0 fnt|[from] psn\n|faint|p2a: Lumineon\n|upkeep\n|inactive|megustatusangre has 120 seconds left.\n|c|\u2606megustatusangre|you might win\n|j| Olmo Aqquato\n|c|\u2606megustatusangre|that weezing is hard\n|inactive|megustatusangre has 90 seconds left.\n|\n|t:|1721411345\n|switch|p2a: Volbeat|Volbeat, L90, M|263/263\n|turn|11\n|inactive|Ryannlink has 120 seconds left.\n|inactive|megustatusangre has 90 seconds left.\n|\n|t:|1721411363\n|move|p2a: Volbeat|Thunder Wave|p1a: Milotic\n|-status|p1a: Milotic|par\n|move|p1a: Milotic|Scald|p2a: Volbeat\n|-damage|p2a: Volbeat|187/263\n|\n|-heal|p1a: Milotic|234/293 par|[from] item: Leftovers\n|upkeep\n|turn|12\n|inactive|Ryannlink has 120 seconds left.\n|inactive|megustatusangre has 90 seconds left.\n|\n|t:|1721411392\n|move|p2a: Volbeat|U-turn|p1a: Milotic\n|-damage|p1a: Milotic|156/293 par\n|\n|t:|1721411399\n|switch|p2a: Dunsparce|Dunsparce, L86, F|312/312|[from] U-turn\n|-damage|p2a: Dunsparce|273/312|[from] Spikes\n|move|p1a: Milotic|Flip Turn|p2a: Dunsparce\n|-damage|p2a: Dunsparce|240/312\n|\n|t:|1721411427\n|switch|p1a: Weezing|Weezing-Galar, L86, M|252/252|[from] Flip Turn\n|\n|upkeep\n|turn|13\n|\n|t:|1721411437\n|move|p1a: Weezing|Gunk Shot|p2a: Dunsparce\n|-damage|p2a: Dunsparce|149/312\n|-status|p2a: Dunsparce|psn\n|move|p2a: Dunsparce|Body Slam|p1a: Weezing\n|-damage|p1a: Weezing|194/252\n|-status|p1a: Weezing|par\n|\n|-heal|p1a: Weezing|209/252 par|[from] item: Leftovers\n|-damage|p2a: Dunsparce|110/312 psn|[from] psn\n|upkeep\n|turn|14\n|\n|t:|1721411448\n|move|p2a: Dunsparce|Roost|p2a: Dunsparce\n|-heal|p2a: Dunsparce|266/312 psn\n|-singleturn|p2a: Dunsparce|move: Roost\n|move|p1a: Weezing|Strange Steam|p2a: Dunsparce\n|-damage|p2a: Dunsparce|190/312 psn\n|-start|p2a: Dunsparce|confusion\n|\n|-heal|p1a: Weezing|224/252 par|[from] item: Leftovers\n|-damage|p2a: Dunsparce|151/312 psn|[from] psn\n|upkeep\n|turn|15\n|\n|t:|1721411457\n|-activate|p2a: Dunsparce|confusion\n|move|p2a: Dunsparce|Roost|p2a: Dunsparce\n|-heal|p2a: Dunsparce|307/312 psn\n|-singleturn|p2a: Dunsparce|move: Roost\n|move|p1a: Weezing|Gunk Shot|p2a: Dunsparce\n|-damage|p2a: Dunsparce|216/312 psn\n|\n|-heal|p1a: Weezing|239/252 par|[from] item: Leftovers\n|-damage|p2a: Dunsparce|177/312 psn|[from] psn\n|upkeep\n|turn|16\n|inactive|megustatusangre has 90 seconds left.\n|\n|t:|1721411470\n|-activate|p2a: Dunsparce|confusion\n|move|p2a: Dunsparce|Body Slam|p1a: Weezing\n|-damage|p1a: Weezing|185/252 par\n|move|p1a: Weezing|Gunk Shot|p2a: Dunsparce|[miss]\n|-miss|p1a: Weezing|p2a: Dunsparce\n|\n|-heal|p1a: Weezing|200/252 par|[from] item: Leftovers\n|-damage|p2a: Dunsparce|138/312 psn|[from] psn\n|upkeep\n|turn|17\n|inactive|megustatusangre has 90 seconds left.\n|\n|t:|1721411478\n|switch|p1a: Milotic|Milotic, L83, F|156/293 par\n|-damage|p1a: Milotic|120/293 par|[from] Spikes\n|-activate|p2a: Dunsparce|confusion\n|move|p2a: Dunsparce|Body Slam|p1a: Milotic\n|-damage|p1a: Milotic|33/293 par\n|\n|-heal|p1a: Milotic|51/293 par|[from] item: Leftovers\n|-damage|p2a: Dunsparce|99/312 psn|[from] psn\n|upkeep\n|turn|18\n|c|\u2606Ryannlink|Aw\n|c|\u2606Ryannlink|No Roost\n|\n|t:|1721411498\n|-end|p2a: Dunsparce|confusion\n|move|p2a: Dunsparce|Body Slam|p1a: Milotic\n|-damage|p1a: Milotic|0 fnt\n|faint|p1a: Milotic\n|\n|-damage|p2a: Dunsparce|60/312 psn|[from] psn\n|upkeep\n|c|\u2606Ryannlink|gg\n|\n|t:|1721411507\n|switch|p1a: Blastoise|Blastoise, L80, F|258/258\n|-damage|p1a: Blastoise|226/258|[from] Spikes\n|turn|19\n|c|\u2606megustatusangre|No, need damage to weezing\n|c|\u2606megustatusangre|And need para on this thing\n|\n|t:|1721411523\n|move|p1a: Blastoise|Hydro Pump|p2a: Dunsparce\n|-damage|p2a: Dunsparce|0 fnt\n|faint|p2a: Dunsparce\n|\n|upkeep\n|c|\u2606Ryannlink|Wait\n|c|\u2606Ryannlink|why\n|\n|t:|1721411530\n|switch|p2a: Volbeat|Volbeat, L90, M|187/263\n|turn|20\n|c|\u2606Ryannlink|why didn\u2019t you go hard volbeat\n|c|\u2606Ryannlink|on she\u2019ll smash\n|c|\u2606Ryannlink|And encore\n|inactive|Ryannlink has 90 seconds left.\n|c|\u2606Ryannlink|Man\n|c|\u2606megustatusangre|ye, my bad\n|c|\u2606Ryannlink|you would let me win ;-;\n|c|\u2606Ryannlink|now it\u2019s over\n|\n|t:|1721411583\n|move|p2a: Volbeat|Thunder Wave|p1a: Blastoise\n|-status|p1a: Blastoise|par\n|move|p1a: Blastoise|Hydro Pump|p2a: Volbeat\n|-damage|p2a: Volbeat|100/263\n|\n|upkeep\n|turn|21\n|c|\u2606megustatusangre|i usually lucky\n|c|\u2606Ryannlink|I guess it didn\u2019t matter\n|\n|t:|1721411596\n|switch|p1a: Weezing|Weezing-Galar, L86, M|200/252 par\n|move|p2a: Volbeat|Encore||[still]\n|-fail|p2a: Volbeat\n|\n|-heal|p1a: Weezing|215/252 par|[from] item: Leftovers\n|upkeep\n|turn|22\n|\n|t:|1721411608\n|move|p2a: Volbeat|Roost|p2a: Volbeat\n|-heal|p2a: Volbeat|232/263\n|-singleturn|p2a: Volbeat|move: Roost\n|cant|p1a: Weezing|par\n|\n|-heal|p1a: Weezing|230/252 par|[from] item: Leftovers\n|upkeep\n|turn|23\n|\n|t:|1721411614\n|move|p2a: Volbeat|Thunder Wave|p1a: Weezing\n|-fail|p1a: Weezing|par\n|cant|p1a: Weezing|par\n|\n|-heal|p1a: Weezing|245/252 par|[from] item: Leftovers\n|upkeep\n|turn|24\n|inactive|megustatusangre has 120 seconds left.\n|\n|t:|1721411622\n|move|p2a: Volbeat|Thunder Wave|p1a: Weezing\n|-fail|p1a: Weezing|par\n|move|p1a: Weezing|Gunk Shot|p2a: Volbeat\n|-damage|p2a: Volbeat|103/263\n|\n|-heal|p1a: Weezing|252/252 par|[from] item: Leftovers\n|upkeep\n|turn|25\n|inactive|Ryannlink has 90 seconds left.\n|\n|t:|1721411629\n|move|p2a: Volbeat|Encore|p1a: Weezing\n|-start|p1a: Weezing|Encore\n|move|p1a: Weezing|Gunk Shot|p2a: Volbeat\n|-damage|p2a: Volbeat|0 fnt\n|faint|p2a: Volbeat\n|\n|upkeep\n|\n|t:|1721411635\n|switch|p2a: Haxorus|Haxorus, L77, F|244/244\n|-damage|p2a: Haxorus|214/244|[from] Spikes\n|-ability|p2a: Haxorus|Mold Breaker\n|turn|26\n|\n|t:|1721411647\n|-terastallize|p1a: Weezing|Steel\n|move|p2a: Haxorus|Dragon Dance|p2a: Haxorus\n|-boost|p2a: Haxorus|atk|1\n|-boost|p2a: Haxorus|spe|1\n|move|p1a: Weezing|Gunk Shot|p2a: Haxorus\n|-damage|p2a: Haxorus|75/244\n|\n|upkeep\n|turn|27\n|c|\u2606megustatusangre|im dumb\n|inactive|megustatusangre has 120 seconds left.\n|c|\u2606megustatusangre|i already used my tera\n|c|\u2606megustatusangre|hahaha\n|\n|t:|1721411680\n|move|p2a: Haxorus|Iron Head|p1a: Weezing\n|-resisted|p1a: Weezing\n|-damage|p1a: Weezing|216/252 par\n|cant|p1a: Weezing|flinch\n|\n|-heal|p1a: Weezing|231/252 par|[from] item: Leftovers\n|-end|p1a: Weezing|Encore\n|upkeep\n|turn|28\n|\n|t:|1721411699\n|move|p2a: Haxorus|Outrage|p1a: Weezing\n|-resisted|p1a: Weezing\n|-damage|p1a: Weezing|143/252 par\n|move|p1a: Weezing|Strange Steam|p2a: Haxorus\n|-supereffective|p2a: Haxorus\n|-damage|p2a: Haxorus|0 fnt\n|faint|p2a: Haxorus\n|\n|-heal|p1a: Weezing|158/252 par|[from] item: Leftovers\n|upkeep\n|\n|t:|1721411707\n|switch|p2a: Ogerpon|Ogerpon, L80, F|259/259\n|turn|29\n|\n|t:|1721411722\n|move|p2a: Ogerpon|Ivy Cudgel|p1a: Weezing\n|-resisted|p1a: Weezing\n|-damage|p1a: Weezing|117/252 par\n|cant|p1a: Weezing|par\n|\n|-heal|p1a: Weezing|132/252 par|[from] item: Leftovers\n|upkeep\n|turn|30\n|\n|t:|1721411729\n|move|p2a: Ogerpon|Superpower|p1a: Weezing\n|-supereffective|p1a: Weezing\n|-damage|p1a: Weezing|0 fnt\n|-unboost|p2a: Ogerpon|atk|1\n|-unboost|p2a: Ogerpon|def|1\n|faint|p1a: Weezing\n|\n|upkeep\n|c|\u2606Ryannlink|Really lol\n|\n|t:|1721411744\n|switch|p1a: Blastoise|Blastoise, L80, F|226/258 par\n|-damage|p1a: Blastoise|194/258 par|[from] Spikes\n|turn|31\n|c|\u2606Ryannlink|This sucks\n|\n|t:|1721411755\n|move|p2a: Ogerpon|Ivy Cudgel|p1a: Blastoise\n|-supereffective|p1a: Blastoise\n|-crit|p1a: Blastoise\n|-damage|p1a: Blastoise|0 fnt\n|faint|p1a: Blastoise\n|\n|win|megustatusangre\n|raw|Ryannlink's rating: 2249 &rarr; <strong>2231</strong><br />(-18 for losing)\n|raw|megustatusangre's rating: 2289 &rarr; <strong>2307</strong><br />(+18 for winning)\n|c|\u2606megustatusangre|told you, i have plot armor\n|c|\u2606megustatusangre|gg\n|l|\u2606Ryannlink\n|player|p1|\n|l| Olmo Aqquato\n", "inputlog": ">version b92a1fd3e3b98f2011b0160b7399266ebee5d224\n>start {\"formatid\":\"gen9randombattle\",\"seed\":[48367,58931,39341,25819],\"rated\":\"Rated battle\"}\n>player p1 {\"name\":\"Ryannlink\",\"avatar\":\"102\",\"rating\":2249,\"seed\":[9571,5483,24689,29507]}\n>player p2 {\"name\":\"megustatusangre\",\"avatar\":\"dragontamer\",\"rating\":2289,\"seed\":[14415,39381,62992,13953]}\n>p1 move ivycudgel\n>p2 switch 6\n>p1 move spikes\n>p2 move swordsdance\n>p1 move ivycudgel\n>p2 move leafblade\n>p1 move spikes\n>p2 move leafblade\n>p1 switch 5\n>p1 move iciclecrash\n>p2 move leafblade terastallize\n>chat \u2606Ryannlink|A flinch there would\u2019ve been hilarious\n>chat \u2606Ryannlink|you had no other switch in???\n>chat \u2606megustatusangre|no\n>chat \u2606Ryannlink|That play won you the fame\n>chat \u2606Ryannlink|everything gets outsped and dies\n>chat \u2606megustatusangre|it depends\n>p1 switch 4\n>chat \u2606megustatusangre|you have a weaville?\n>p1 move psychicnoise\n>p2 move leafblade\n>chat \u2606Ryannlink|That was my weavile\n>p2 switch 4\n>p1 switch 3\n>p2 move spikes\n>p1 move gunkshot\n>p2 move uturn\n>p2 switch 2\n>p1 switch 3\n>p2 move hydropump\n>p1 switch 2\n>p1 move icebeam\n>p2 move hydropump\n>chat \u2606megustatusangre|you might win\n>chat \u2606megustatusangre|that weezing is hard\n>p2 switch 3\n>p1 move scald\n>p2 move thunderwave\n>p1 move flipturn\n>p2 move uturn\n>p2 switch 5\n>p1 switch 3\n>p1 move gunkshot\n>p2 move bodyslam\n>p1 move strangesteam\n>p2 move roost\n>p1 move gunkshot\n>p2 move roost\n>p1 move gunkshot\n>p2 move bodyslam\n>p1 switch 3\n>p2 move bodyslam\n>chat \u2606Ryannlink|Aw\n>chat \u2606Ryannlink|No Roost\n>p1 move recover\n>p2 move bodyslam\n>chat \u2606Ryannlink|gg\n>p1 switch 6\n>chat \u2606megustatusangre|No, need damage to weezing\n>chat \u2606megustatusangre|And need para on this thing\n>p1 move hydropump\n>p2 move bodyslam\n>chat \u2606Ryannlink|Wait\n>chat \u2606Ryannlink|why\n>p2 switch 5\n>chat \u2606Ryannlink|why didn\u2019t you go hard volbeat\n>chat \u2606Ryannlink|on she\u2019ll smash\n>chat \u2606Ryannlink|And encore\n>chat \u2606Ryannlink|Man\n>chat \u2606megustatusangre|ye, my bad\n>chat \u2606Ryannlink|you would let me win ;-;\n>chat \u2606Ryannlink|now it\u2019s over\n>p1 move hydropump\n>p2 move thunderwave\n>chat \u2606megustatusangre|i usually lucky\n>chat \u2606Ryannlink|I guess it didn\u2019t matter\n>p1 switch 3\n>p2 move encore\n>p1 move gunkshot\n>p2 move roost\n>p1 move gunkshot\n>p2 move thunderwave\n>p1 move gunkshot\n>p2 move thunderwave\n>p1 move fireblast\n>p2 move encore\n>p2 switch 6\n>p1 move gunkshot terastallize\n>p2 move dragondance\n>chat \u2606megustatusangre|im dumb\n>chat \u2606megustatusangre|i already used my tera\n>chat \u2606megustatusangre|hahaha\n>p1 move gunkshot\n>p2 move ironhead\n>p1 move strangesteam\n>p2 move outrage\n>p2 switch 2\n>p1 move gunkshot\n>p2 move ivycudgel\n>p1 move gunkshot\n>p2 move superpower\n>chat \u2606Ryannlink|Really lol\n>p1 switch 3\n>chat \u2606Ryannlink|This sucks\n>p1 move icebeam\n>p2 move ivycudgel", "uploadtime": 1721411833, "views": 155, "formatid": "gen9randombattle", "rating": 2231, "private": 0, "password": null}