{"id": "gen9randombattle-2260050116", "format": "[Gen 9] Random Battle", "players": ["abdul jhabar jakul", "junin9zx"], "log": "|j|\u2606abdul jhabar jakul\n|j|\u2606junin9zx\n|t:|1733795736\n|gametype|singles\n|player|p1|abdul jhabar jakul|swimmerf|1117\n|player|p2|junin9zx|li|1168\n|teamsize|p1|6\n|teamsize|p2|6\n|gen|9\n|tier|[Gen 9] Random Battle\n|rated|\n|rule|Species Clause: Limit one of each Pok\u00e9mon\n|rule|HP Percentage Mod: HP is shown in percentages\n|rule|Sleep Clause Mod: Limit one foe put to sleep\n|rule|Illusion Level Mod: Illusion disguises the Pok\u00e9mon's true level\n|\n|t:|1733795736\n|start\n|switch|p1a: Excadrill|Excadrill, L79, F|303/303\n|switch|p2a: Froslass|Froslass, L87, F|263/263\n|-ability|p1a: Excadrill|Mold Breaker\n|turn|1\n|\n|t:|1733795764\n|move|p2a: Froslass|Taunt|p1a: Excadrill\n|-start|p1a: Excadrill|move: Taunt\n|move|p1a: Excadrill|Rock Slide|p2a: Froslass\n|-supereffective|p2a: Froslass\n|-damage|p2a: Froslass|111/263\n|\n|upkeep\n|turn|2\n|\n|t:|1733795773\n|move|p2a: Froslass|Destiny Bond|p2a: Froslass\n|-singlemove|p2a: Froslass|Destiny Bond\n|move|p1a: Excadrill|Rock Slide|p2a: Froslass\n|-supereffective|p2a: Froslass\n|-damage|p2a: Froslass|0 fnt\n|faint|p2a: Froslass\n|-activate|p2a: Froslass|move: Destiny Bond\n|faint|p1a: Excadrill\n|\n|upkeep\n|\n|t:|1733795785\n|switch|p2a: Probopass|Probopass, L92, F|260/260\n|switch|p1a: Espeon|Espeon, L84, F|246/246\n|turn|3\n|\n|t:|1733795803\n|move|p1a: Espeon|Calm Mind|p1a: Espeon\n|-boost|p1a: Espeon|spa|1\n|-boost|p1a: Espeon|spd|1\n|move|p2a: Probopass|Iron Defense|p2a: Probopass\n|-boost|p2a: Probopass|def|2\n|\n|upkeep\n|turn|4\n|\n|t:|1733795811\n|move|p1a: Espeon|Calm Mind|p1a: Espeon\n|-boost|p1a: Espeon|spa|1\n|-boost|p1a: Espeon|spd|1\n|move|p2a: Probopass|Iron Defense|p2a: Probopass\n|-boost|p2a: Probopass|def|2\n|\n|upkeep\n|turn|5\n|\n|t:|1733795824\n|move|p1a: Espeon|Alluring Voice|p2a: Probopass\n|-resisted|p2a: Probopass\n|-damage|p2a: Probopass|202/260\n|-damage|p1a: Espeon|222/246|[from] item: Life Orb\n|move|p2a: Probopass|Body Press|p1a: Espeon\n|-resisted|p1a: Espeon\n|-damage|p1a: Espeon|56/246\n|\n|-heal|p2a: Probopass|218/260|[from] item: Leftovers\n|upkeep\n|turn|6\n|\n|t:|1733795839\n|move|p1a: Espeon|Shadow Ball|p2a: Probopass\n|-damage|p2a: Probopass|104/260\n|-unboost|p2a: Probopass|spd|1\n|-damage|p1a: Espeon|32/246|[from] item: Life Orb\n|move|p2a: Probopass|Body Press|p1a: Espeon\n|-resisted|p1a: Espeon\n|-damage|p1a: Espeon|0 fnt\n|faint|p1a: Espeon\n|\n|-heal|p2a: Probopass|120/260|[from] item: Leftovers\n|upkeep\n|\n|t:|1733795855\n|switch|p1a: Sandy Shocks|Sandy Shocks, L80|267/267\n|turn|7\n|\n|t:|1733795861\n|move|p1a: Sandy Shocks|Volt Switch|p2a: Probopass\n|-damage|p2a: Probopass|42/260\n|\n|t:|1733795865\n|-end|p1a: Sandy Shocks|Protosynthesis|[silent]\n|switch|p1a: Mewtwo|Mewtwo, L72|272/272|[from] Volt Switch\n|-ability|p1a: Mewtwo|Unnerve\n|move|p2a: Probopass|Body Press|p1a: Mewtwo\n|-resisted|p1a: Mewtwo\n|-damage|p1a: Mewtwo|128/272\n|\n|-heal|p2a: Probopass|58/260|[from] item: Leftovers\n|upkeep\n|turn|8\n|\n|t:|1733795880\n|move|p1a: Mewtwo|Dark Pulse|p2a: Probopass\n|-damage|p2a: Probopass|0 fnt\n|faint|p2a: Probopass\n|-damage|p1a: Mewtwo|101/272|[from] item: Life Orb\n|\n|upkeep\n|\n|t:|1733795892\n|switch|p2a: Smeargle|Smeargle, L95, F|258/258\n|turn|9\n|\n|t:|1733795897\n|move|p1a: Mewtwo|Recover|p1a: Mewtwo\n|-heal|p1a: Mewtwo|237/272\n|move|p2a: Smeargle|Spore|p1a: Mewtwo\n|-status|p1a: Mewtwo|slp|[from] move: Spore\n|\n|upkeep\n|turn|10\n|\n|t:|1733795906\n|cant|p1a: Mewtwo|slp\n|move|p2a: Smeargle|Shell Smash|p2a: Smeargle\n|-unboost|p2a: Smeargle|def|1\n|-unboost|p2a: Smeargle|spd|1\n|-boost|p2a: Smeargle|atk|2\n|-boost|p2a: Smeargle|spa|2\n|-boost|p2a: Smeargle|spe|2\n|\n|upkeep\n|turn|11\n|\n|t:|1733795914\n|move|p2a: Smeargle|Shell Smash|p2a: Smeargle\n|-unboost|p2a: Smeargle|def|1\n|-unboost|p2a: Smeargle|spd|1\n|-boost|p2a: Smeargle|atk|2\n|-boost|p2a: Smeargle|spa|2\n|-boost|p2a: Smeargle|spe|2\n|cant|p1a: Mewtwo|slp\n|\n|upkeep\n|turn|12\n|\n|t:|1733795924\n|move|p2a: Smeargle|Population Bomb|p1a: Mewtwo\n|-damage|p1a: Mewtwo|186/272 slp\n|-damage|p1a: Mewtwo|135/272 slp\n|-damage|p1a: Mewtwo|84/272 slp\n|-damage|p1a: Mewtwo|30/272 slp\n|-damage|p1a: Mewtwo|0 fnt\n|faint|p1a: Mewtwo\n|-hitcount|p1: Mewtwo|5\n|\n|upkeep\n|\n|t:|1733795936\n|switch|p1a: Toxicroak|Toxicroak, L84, F|277/277\n|turn|13\n|\n|t:|1733795942\n|move|p2a: Smeargle|Spore|p1a: Toxicroak\n|-status|p1a: Toxicroak|slp|[from] move: Spore\n|cant|p1a: Toxicroak|slp\n|\n|upkeep\n|turn|14\n|\n|t:|1733795949\n|move|p2a: Smeargle|Population Bomb|p1a: Toxicroak\n|-damage|p1a: Toxicroak|220/277 slp\n|-damage|p1a: Toxicroak|159/277 slp\n|-damage|p1a: Toxicroak|104/277 slp\n|-damage|p1a: Toxicroak|49/277 slp\n|-damage|p1a: Toxicroak|0 fnt\n|faint|p1a: Toxicroak\n|-hitcount|p1: Toxicroak|5\n|\n|upkeep\n|\n|t:|1733795959\n|switch|p1a: Sandy Shocks|Sandy Shocks, L80|267/267\n|turn|15\n|\n|t:|1733795965\n|move|p2a: Smeargle|Spore|p1a: Sandy Shocks\n|-status|p1a: Sandy Shocks|slp|[from] move: Spore\n|cant|p1a: Sandy Shocks|slp\n|\n|upkeep\n|turn|16\n|\n|t:|1733795972\n|-terastallize|p1a: Sandy Shocks|Ground\n|move|p2a: Smeargle|Population Bomb|p1a: Sandy Shocks\n|-damage|p1a: Sandy Shocks|219/267 slp\n|-damage|p1a: Sandy Shocks|171/267 slp\n|-damage|p1a: Sandy Shocks|129/267 slp\n|-damage|p1a: Sandy Shocks|81/267 slp\n|-damage|p1a: Sandy Shocks|36/267 slp\n|-damage|p1a: Sandy Shocks|0 fnt\n|faint|p1a: Sandy Shocks\n|-end|p1a: Sandy Shocks|Protosynthesis|[silent]\n|-hitcount|p1: Sandy Shocks|6\n|\n|upkeep\n|\n|t:|1733795985\n|switch|p1a: Leavanny|Leavanny, L86, F|269/269\n|turn|17\n|\n|t:|1733795994\n|move|p2a: Smeargle|Population Bomb|p1a: Leavanny\n|-damage|p1a: Leavanny|221/269\n|-damage|p1a: Leavanny|167/269\n|-damage|p1a: Leavanny|113/269\n|-damage|p1a: Leavanny|67/269\n|-damage|p1a: Leavanny|15/269\n|-damage|p1a: Leavanny|0 fnt\n|faint|p1a: Leavanny\n|-hitcount|p1: Leavanny|6\n|\n|win|junin9zx\n|raw|abdul jhabar jakul's rating: 1117 &rarr; <strong>1096</strong><br />(-21 for losing)\n|raw|junin9zx's rating: 1168 &rarr; <strong>1189</strong><br />(+21 for winning)\n|l|\u2606abdul jhabar jakul\n|player|p1|\n", "inputlog": ">version bfd83cad13791eb5a5a409923076391caf6fb4d4\n>start {\"formatid\":\"gen9randombattle\",\"seed\":[61583,42506,17776,62594],\"rated\":\"Rated battle\"}\n>player p1 {\"name\":\"abdul jhabar jakul\",\"avatar\":\"swimmerf\",\"rating\":1117,\"seed\":[57470,41641,29809,37536]}\n>player p2 {\"name\":\"junin9zx\",\"avatar\":\"li\",\"rating\":1168,\"seed\":[57599,58216,8273,36205]}\n>p1 move rockslide\n>p2 move taunt\n>p1 move rockslide\n>p2 move destinybond\n>p1 switch 4\n>p2 switch 6\n>p1 move calmmind\n>p2 move irondefense\n>p1 move calmmind\n>p2 move irondefense\n>p1 move alluringvoice\n>p2 move bodypress\n>p1 move shadowball\n>p2 move bodypress\n>p1 switch 6\n>p1 move voltswitch\n>p2 move bodypress\n>p1 switch 2\n>p1 move darkpulse\n>p2 move bodypress\n>p2 switch 2\n>p1 move recover\n>p2 move spore\n>p1 move nastyplot\n>p2 move shellsmash\n>p1 move nastyplot\n>p2 move shellsmash\n>p1 move nastyplot\n>p2 move populationbomb\n>p1 switch 5\n>p1 move earthquake\n>p2 move spore\n>p1 move earthquake\n>p2 move populationbomb\n>p1 switch 2\n>p1 move earthpower\n>p2 move spore\n>p1 move earthpower terastallize\n>p2 move populationbomb\n>p1 switch 3\n>p1 move lunge\n>p2 move populationbomb", "uploadtime": 1733796003, "views": 10, "formatid": "gen9randombattle", "rating": 1096, "private": 0, "password": null}