{"id": "gen9randombattle-2260097102", "format": "[Gen 9] Random Battle", "players": ["crackasarethedevil", "Keeganator8741"], "log": "|j|\u203dcrackasarethedevil\n|j|\u2606Keeganator8741\n|t:|1733801971\n|gametype|singles\n|player|p1|crackasarethedevil|lenora|1202\n|player|p2|Keeganator8741|unknown|1229\n|teamsize|p1|6\n|teamsize|p2|6\n|gen|9\n|tier|[Gen 9] Random Battle\n|rated|\n|rule|Species Clause: Limit one of each Pok\u00e9mon\n|rule|HP Percentage Mod: HP is shown in percentages\n|rule|Sleep Clause Mod: Limit one foe put to sleep\n|rule|Illusion Level Mod: Illusion disguises the Pok\u00e9mon's true level\n|\n|t:|1733801971\n|start\n|switch|p1a: Okidogi|Okidogi, L77, M|262/262\n|switch|p2a: Ting-Lu|Ting-Lu, L78|370/370\n|-ability|p2a: Ting-Lu|Vessel of Ruin\n|turn|1\n|inactive|Battle timer is ON: inactive players will automatically lose when time's up. (requested by crackasarethedevil)\n|\n|t:|1733801983\n|move|p1a: Okidogi|Bulk Up|p1a: Okidogi\n|-boost|p1a: Okidogi|atk|1\n|-boost|p1a: Okidogi|def|1\n|move|p2a: Ting-Lu|Stealth Rock|p1a: Okidogi\n|-sidestart|p1: crackasarethedevil|move: Stealth Rock\n|\n|upkeep\n|turn|2\n|\n|t:|1733802008\n|move|p1a: Okidogi|Bulk Up|p1a: Okidogi\n|-boost|p1a: Okidogi|atk|1\n|-boost|p1a: Okidogi|def|1\n|move|p2a: Ting-Lu|Earthquake|p1a: Okidogi\n|-supereffective|p1a: Okidogi\n|-damage|p1a: Okidogi|160/262\n|\n|-heal|p1a: Okidogi|176/262|[from] item: Leftovers\n|upkeep\n|turn|3\n|\n|t:|1733802021\n|move|p1a: Okidogi|Drain Punch|p2a: Ting-Lu\n|-supereffective|p2a: Ting-Lu\n|-damage|p2a: Ting-Lu|98/370\n|-heal|p1a: Okidogi|262/262|[from] drain|[of] p2a: Ting-Lu\n|move|p2a: Ting-Lu|Earthquake|p1a: Okidogi\n|-supereffective|p1a: Okidogi\n|-damage|p1a: Okidogi|170/262\n|\n|-heal|p1a: Okidogi|186/262|[from] item: Leftovers\n|-heal|p2a: Ting-Lu|121/370|[from] item: Leftovers\n|upkeep\n|turn|4\n|\n|t:|1733802031\n|move|p1a: Okidogi|Drain Punch|p2a: Ting-Lu\n|-supereffective|p2a: Ting-Lu\n|-damage|p2a: Ting-Lu|0 fnt\n|-heal|p1a: Okidogi|247/262|[from] drain|[of] p2a: Ting-Lu\n|faint|p2a: Ting-Lu\n|\n|-heal|p1a: Okidogi|262/262|[from] item: Leftovers\n|upkeep\n|\n|t:|1733802040\n|switch|p2a: Espeon|Espeon, L84, M|246/246\n|turn|5\n|\n|t:|1733802046\n|-terastallize|p1a: Okidogi|Dark\n|move|p2a: Espeon|Trick|p1a: Okidogi\n|-activate|p2a: Espeon|move: Trick|[of] p1a: Okidogi\n|-item|p1a: Okidogi|Choice Specs|[from] move: Trick\n|-item|p2a: Espeon|Leftovers|[from] move: Trick\n|move|p1a: Okidogi|Knock Off|p2a: Espeon\n|-supereffective|p2a: Espeon\n|-damage|p2a: Espeon|0 fnt\n|-enditem|p2a: Espeon|Leftovers|[from] move: Knock Off|[of] p1a: Okidogi\n|faint|p2a: Espeon\n|\n|upkeep\n|\n|t:|1733802063\n|switch|p2a: Toxicroak|Toxicroak, L84, F|277/277\n|turn|6\n|\n|t:|1733802075\n|move|p2a: Toxicroak|Close Combat|p1a: Okidogi\n|-supereffective|p1a: Okidogi\n|-damage|p1a: Okidogi|88/262\n|-unboost|p2a: Toxicroak|def|1\n|-unboost|p2a: Toxicroak|spd|1\n|move|p1a: Okidogi|Knock Off|p2a: Toxicroak\n|-resisted|p2a: Toxicroak\n|-damage|p2a: Toxicroak|62/277\n|-enditem|p2a: Toxicroak|Choice Band|[from] move: Knock Off|[of] p1a: Okidogi\n|\n|upkeep\n|turn|7\n|\n|t:|1733802082\n|move|p2a: Toxicroak|Close Combat|p1a: Okidogi\n|-supereffective|p1a: Okidogi\n|-damage|p1a: Okidogi|0 fnt\n|-unboost|p2a: Toxicroak|def|1\n|-unboost|p2a: Toxicroak|spd|1\n|faint|p1a: Okidogi\n|\n|upkeep\n|\n|t:|1733802094\n|switch|p1a: Latias|Latias, L79, F|256/256\n|-damage|p1a: Latias|224/256|[from] Stealth Rock\n|turn|8\n|\n|t:|1733802106\n|move|p2a: Toxicroak|Sucker Punch||[still]\n|-fail|p2a: Toxicroak\n|move|p1a: Latias|Calm Mind|p1a: Latias\n|-boost|p1a: Latias|spa|1\n|-boost|p1a: Latias|spd|1\n|\n|upkeep\n|turn|9\n|\n|t:|1733802112\n|move|p1a: Latias|Psyshock|p2a: Toxicroak\n|-supereffective|p2a: Toxicroak\n|-damage|p2a: Toxicroak|0 fnt\n|faint|p2a: Toxicroak\n|\n|upkeep\n|\n|t:|1733802118\n|switch|p2a: Dedenne|Dedenne, L88, F|261/261\n|turn|10\n|\n|t:|1733802132\n|move|p2a: Dedenne|Nuzzle|p1a: Latias\n|-resisted|p1a: Latias\n|-damage|p1a: Latias|215/256\n|-status|p1a: Latias|par\n|move|p1a: Latias|Psyshock|p2a: Dedenne\n|-damage|p2a: Dedenne|53/261\n|-enditem|p2a: Dedenne|Sitrus Berry|[eat]\n|-heal|p2a: Dedenne|118/261|[from] item: Sitrus Berry\n|-heal|p2a: Dedenne|205/261|[from] ability: Cheek Pouch\n|\n|upkeep\n|turn|11\n|\n|t:|1733802143\n|move|p2a: Dedenne|Dazzling Gleam|p1a: Latias\n|-supereffective|p1a: Latias\n|-damage|p1a: Latias|135/256 par\n|move|p1a: Latias|Psyshock|p2a: Dedenne\n|-damage|p2a: Dedenne|22/261\n|\n|upkeep\n|turn|12\n|\n|t:|1733802153\n|move|p2a: Dedenne|Dazzling Gleam|p1a: Latias\n|-supereffective|p1a: Latias\n|-damage|p1a: Latias|39/256 par\n|move|p1a: Latias|Recover|p1a: Latias\n|-heal|p1a: Latias|167/256 par\n|\n|upkeep\n|turn|13\n|\n|t:|1733802158\n|move|p2a: Dedenne|Super Fang|p1a: Latias\n|-damage|p1a: Latias|84/256 par\n|move|p1a: Latias|Psyshock|p2a: Dedenne\n|-damage|p2a: Dedenne|0 fnt\n|faint|p2a: Dedenne\n|\n|upkeep\n|\n|t:|1733802169\n|switch|p2a: Samurott|Samurott, L88, M|310/310\n|turn|14\n|\n|t:|1733802173\n|move|p2a: Samurott|Ice Beam|p1a: Latias\n|-supereffective|p1a: Latias\n|-damage|p1a: Latias|0 fnt\n|faint|p1a: Latias\n|\n|upkeep\n|\n|t:|1733802183\n|switch|p1a: Weezing|Weezing-Galar, L86, F|252/252\n|-damage|p1a: Weezing|221/252|[from] Stealth Rock\n|turn|15\n|\n|t:|1733802198\n|move|p2a: Samurott|Hydro Pump|p1a: Weezing|[miss]\n|-miss|p2a: Samurott|p1a: Weezing\n|move|p1a: Weezing|Defog|p2a: Samurott\n|-unboost|p2a: Samurott|evasion|1\n|-sideend|p1: crackasarethedevil|Stealth Rock|[from] move: Defog|[of] p1a: Weezing\n|\n|-heal|p1a: Weezing|236/252|[from] item: Leftovers\n|upkeep\n|turn|16\n|\n|t:|1733802204\n|move|p2a: Samurott|Hydro Pump|p1a: Weezing\n|-damage|p1a: Weezing|88/252\n|move|p1a: Weezing|Gunk Shot|p2a: Samurott\n|-damage|p2a: Samurott|189/310\n|-status|p2a: Samurott|psn\n|\n|-heal|p1a: Weezing|103/252|[from] item: Leftovers\n|-damage|p2a: Samurott|151/310 psn|[from] psn\n|upkeep\n|turn|17\n|\n|t:|1733802218\n|move|p2a: Samurott|Hydro Pump|p1a: Weezing\n|-damage|p1a: Weezing|0 fnt\n|faint|p1a: Weezing\n|\n|-damage|p2a: Samurott|113/310 psn|[from] psn\n|upkeep\n|\n|t:|1733802230\n|switch|p1a: Toucannon|Toucannon, L88, F|284/284\n|turn|18\n|\n|t:|1733802243\n|move|p2a: Samurott|Hydro Pump|p1a: Toucannon\n|-damage|p1a: Toucannon|139/284\n|move|p1a: Toucannon|Boomburst|p2a: Samurott\n|-damage|p2a: Samurott|7/310 psn\n|\n|-damage|p2a: Samurott|0 fnt|[from] psn\n|faint|p2a: Samurott\n|upkeep\n|\n|t:|1733802248\n|switch|p2a: Garchomp|Garchomp, L74, M|282/282\n|turn|19\n|\n|t:|1733802256\n|-singleturn|p1a: Toucannon|move: Beak Blast\n|move|p1a: Toucannon|Beak Blast|p2a: Garchomp\n|-damage|p2a: Garchomp|135/282\n|move|p2a: Garchomp|Dragon Tail|p1a: Toucannon\n|-damage|p1a: Toucannon|69/284\n|drag|p1a: Froslass|Froslass, L87, F|263/263\n|\n|upkeep\n|turn|20\n|\n|t:|1733802269\n|-terastallize|p2a: Garchomp|Steel\n|move|p1a: Froslass|Triple Axel|p2a: Garchomp\n|-resisted|p2a: Garchomp\n|-damage|p2a: Garchomp|126/282\n|-damage|p1a: Froslass|231/263|[from] ability: Rough Skin|[of] p2a: Garchomp\n|-damage|p1a: Froslass|188/263|[from] item: Rocky Helmet|[of] p2a: Garchomp\n|-resisted|p2a: Garchomp\n|-damage|p2a: Garchomp|107/282\n|-damage|p1a: Froslass|156/263|[from] ability: Rough Skin|[of] p2a: Garchomp\n|-damage|p1a: Froslass|113/263|[from] item: Rocky Helmet|[of] p2a: Garchomp\n|-resisted|p2a: Garchomp\n|-damage|p2a: Garchomp|76/282\n|-damage|p1a: Froslass|81/263|[from] ability: Rough Skin|[of] p2a: Garchomp\n|-damage|p1a: Froslass|38/263|[from] item: Rocky Helmet|[of] p2a: Garchomp\n|-hitcount|p2a: Garchomp|3\n|move|p2a: Garchomp|Earthquake|p1a: Froslass\n|-damage|p1a: Froslass|0 fnt\n|faint|p1a: Froslass\n|\n|upkeep\n|\n|t:|1733802279\n|switch|p1a: Perrserker|Perrserker, L89, F|269/269\n|turn|21\n|\n|t:|1733802290\n|move|p2a: Garchomp|Earthquake|p1a: Perrserker\n|-supereffective|p1a: Perrserker\n|-damage|p1a: Perrserker|99/269\n|move|p1a: Perrserker|Close Combat|p2a: Garchomp\n|-supereffective|p2a: Garchomp\n|-damage|p2a: Garchomp|0 fnt\n|-unboost|p1a: Perrserker|def|1\n|-unboost|p1a: Perrserker|spd|1\n|-damage|p1a: Perrserker|66/269|[from] ability: Rough Skin|[of] p2a: Garchomp\n|-damage|p1a: Perrserker|22/269|[from] item: Rocky Helmet|[of] p2a: Garchomp\n|faint|p2a: Garchomp\n|-damage|p1a: Perrserker|0 fnt|[from] item: Life Orb\n|faint|p1a: Perrserker\n|\n|win|crackasarethedevil\n|raw|crackasarethedevil's rating: 1202 &rarr; <strong>1229</strong><br />(+27 for winning)\n|raw|Keeganator8741's rating: 1229 &rarr; <strong>1202</strong><br />(-27 for losing)\n|l|\u2606Keeganator8741\n|player|p2|\n", "inputlog": ">version bfd83cad13791eb5a5a409923076391caf6fb4d4\n>start {\"formatid\":\"gen9randombattle\",\"seed\":[48268,12986,34924,11954],\"rated\":\"Rated battle\"}\n>player p1 {\"name\":\"crackasarethedevil\",\"avatar\":\"lenora\",\"rating\":1202,\"seed\":[18589,16183,9832,46829]}\n>player p2 {\"name\":\"Keeganator8741\",\"avatar\":\"unknown\",\"rating\":1229,\"seed\":[43810,8332,41251,56873]}\n>p1 move bulkup\n>p2 move stealthrock\n>p1 move bulkup\n>p2 move earthquake\n>p1 move drainpunch\n>p2 move earthquake\n>p1 move drainpunch\n>p2 move payback\n>p2 switch 6\n>p1 move knockoff terastallize\n>p2 move trick\n>p2 switch 2\n>p1 move knockoff\n>p2 move closecombat\n>p1 move knockoff\n>p2 move closecombat\n>p1 switch 5\n>p1 move calmmind\n>p2 move suckerpunch\n>p1 move psyshock\n>p2 move knockoff\n>p2 switch 5\n>p1 move psyshock\n>p2 move nuzzle\n>p1 move psyshock\n>p2 move dazzlinggleam\n>p1 move recover\n>p2 move dazzlinggleam\n>p1 move psyshock\n>p2 move superfang\n>p2 switch 4\n>p1 move dracometeor\n>p2 move icebeam\n>p1 switch 2\n>p1 move defog\n>p2 move hydropump\n>p1 move gunkshot\n>p2 move hydropump\n>p1 move gunkshot\n>p2 move hydropump\n>p1 switch 6\n>p1 move boomburst\n>p2 move hydropump\n>p2 switch 3\n>p1 move beakblast\n>p2 move dragontail\n>p1 move tripleaxel\n>p2 move earthquake terastallize\n>p1 switch 3\n>p1 move closecombat\n>p2 move earthquake", "uploadtime": 1733802295, "views": 15, "formatid": "gen9randombattle", "rating": 1202, "private": 0, "password": null}