{"id": "gen9randombattle-2260817574", "format": "[Gen 9] Random Battle", "players": ["deathdarkgon", "kirbykill3r"], "log": "|j|\u2606deathdarkgon\n|j|\u2606kirbykill3r\n|t:|1733897463\n|gametype|singles\n|player|p1|deathdarkgon|guitarist|1593\n|player|p2|kirbykill3r|265|1535\n|teamsize|p1|6\n|teamsize|p2|6\n|gen|9\n|tier|[Gen 9] Random Battle\n|rated|\n|rule|Species Clause: Limit one of each Pok\u00e9mon\n|rule|HP Percentage Mod: HP is shown in percentages\n|rule|Sleep Clause Mod: Limit one foe put to sleep\n|rule|Illusion Level Mod: Illusion disguises the Pok\u00e9mon's true level\n|\n|t:|1733897463\n|start\n|switch|p1a: Duraludon|Duraludon, L82, F|249/249\n|switch|p2a: Altaria|Altaria, L88, F|275/275\n|turn|1\n|c|\u2606deathdarkgon|Glhf\n|\n|t:|1733897477\n|switch|p2a: Overqwil|Overqwil, L82, F|274/274\n|-ability|p2a: Overqwil|Intimidate|boost\n|-unboost|p1a: Duraludon|atk|1\n|move|p1a: Duraludon|Thunder Wave|p2a: Overqwil\n|-status|p2a: Overqwil|par\n|\n|upkeep\n|turn|2\n|\n|t:|1733897498\n|switch|p1a: Bombirdier|Bombirdier, L85, M|258/258\n|move|p2a: Overqwil|Crunch|p1a: Bombirdier\n|-resisted|p1a: Bombirdier\n|-damage|p1a: Bombirdier|207/258\n|\n|upkeep\n|turn|3\n|\n|t:|1733897506\n|move|p1a: Bombirdier|Knock Off|p2a: Overqwil\n|-resisted|p2a: Overqwil\n|-damage|p2a: Overqwil|222/274 par\n|-enditem|p2a: Overqwil|Loaded Dice|[from] move: Knock Off|[of] p1a: Bombirdier\n|move|p2a: Overqwil|Gunk Shot|p1a: Bombirdier|[miss]\n|-miss|p2a: Overqwil|p1a: Bombirdier\n|\n|upkeep\n|turn|4\n|\n|t:|1733897515\n|move|p1a: Bombirdier|Brave Bird|p2a: Overqwil\n|-damage|p2a: Overqwil|86/274 par\n|-damage|p1a: Bombirdier|162/258|[from] Recoil\n|cant|p2a: Overqwil|par\n|\n|upkeep\n|turn|5\n|\n|t:|1733897522\n|move|p1a: Bombirdier|Brave Bird|p2a: Overqwil\n|-damage|p2a: Overqwil|0 fnt\n|faint|p2a: Overqwil\n|-damage|p1a: Bombirdier|134/258|[from] Recoil\n|\n|upkeep\n|\n|t:|1733897529\n|switch|p2a: Altaria|Altaria, L88, F|275/275\n|turn|6\n|\n|t:|1733897533\n|move|p2a: Altaria|Brave Bird|p1a: Bombirdier\n|-damage|p1a: Bombirdier|29/258\n|-damage|p2a: Altaria|240/275|[from] Recoil\n|move|p1a: Bombirdier|Knock Off|p2a: Altaria\n|-damage|p2a: Altaria|137/275\n|-enditem|p2a: Altaria|Heavy-Duty Boots|[from] move: Knock Off|[of] p1a: Bombirdier\n|\n|upkeep\n|turn|7\n|\n|t:|1733897542\n|move|p1a: Bombirdier|Sucker Punch|p2a: Altaria\n|-damage|p2a: Altaria|62/275\n|move|p2a: Altaria|Brave Bird|p1a: Bombirdier\n|-damage|p1a: Bombirdier|0 fnt\n|faint|p1a: Bombirdier\n|-damage|p2a: Altaria|52/275|[from] Recoil\n|\n|upkeep\n|\n|t:|1733897551\n|switch|p1a: Duraludon|Duraludon, L82, F|249/249\n|turn|8\n|\n|t:|1733897558\n|move|p2a: Altaria|Roost|p2a: Altaria\n|-heal|p2a: Altaria|190/275\n|-singleturn|p2a: Altaria|move: Roost\n|move|p1a: Duraludon|Flash Cannon|p2a: Altaria\n|-damage|p2a: Altaria|117/275\n|\n|upkeep\n|turn|9\n|\n|t:|1733897565\n|move|p2a: Altaria|Roost|p2a: Altaria\n|-heal|p2a: Altaria|255/275\n|-singleturn|p2a: Altaria|move: Roost\n|move|p1a: Duraludon|Thunder Wave|p2a: Altaria\n|-status|p2a: Altaria|par\n|\n|upkeep\n|turn|10\n|\n|t:|1733897575\n|move|p1a: Duraludon|Draco Meteor|p2a: Altaria\n|-supereffective|p2a: Altaria\n|-damage|p2a: Altaria|19/275 par\n|-unboost|p1a: Duraludon|spa|2\n|move|p2a: Altaria|Brave Bird|p1a: Duraludon\n|-resisted|p1a: Duraludon\n|-damage|p1a: Duraludon|218/249\n|-damage|p2a: Altaria|9/275 par|[from] Recoil\n|\n|upkeep\n|turn|11\n|\n|t:|1733897585\n|move|p1a: Duraludon|Body Press|p2a: Altaria\n|-resisted|p2a: Altaria\n|-damage|p2a: Altaria|0 fnt\n|faint|p2a: Altaria\n|\n|upkeep\n|\n|t:|1733897596\n|switch|p2a: Shiftry|Shiftry, L89, F|305/305\n|turn|12\n|\n|t:|1733897600\n|move|p2a: Shiftry|Knock Off|p1a: Duraludon\n|-damage|p1a: Duraludon|124/249\n|-enditem|p1a: Duraludon|Eviolite|[from] move: Knock Off|[of] p2a: Shiftry\n|-damage|p2a: Shiftry|275/305|[from] item: Life Orb\n|move|p1a: Duraludon|Body Press|p2a: Shiftry\n|-supereffective|p2a: Shiftry\n|-damage|p2a: Shiftry|125/305\n|\n|upkeep\n|turn|13\n|\n|t:|1733897609\n|move|p2a: Shiftry|Low Kick|p1a: Duraludon\n|-supereffective|p1a: Duraludon\n|-damage|p1a: Duraludon|51/249\n|-damage|p2a: Shiftry|95/305|[from] item: Life Orb\n|move|p1a: Duraludon|Thunder Wave|p2a: Shiftry|[miss]\n|-miss|p1a: Duraludon|p2a: Shiftry\n|\n|upkeep\n|turn|14\n|\n|t:|1733897618\n|move|p2a: Shiftry|Low Kick|p1a: Duraludon\n|-supereffective|p1a: Duraludon\n|-damage|p1a: Duraludon|0 fnt\n|faint|p1a: Duraludon\n|-damage|p2a: Shiftry|65/305|[from] item: Life Orb\n|\n|upkeep\n|\n|t:|1733897634\n|switch|p1a: Flutter Mane|Flutter Mane, L74|203/203\n|turn|15\n|\n|t:|1733897639\n|move|p1a: Flutter Mane|Mystical Fire|p2a: Shiftry\n|-supereffective|p2a: Shiftry\n|-damage|p2a: Shiftry|0 fnt\n|faint|p2a: Shiftry\n|-damage|p1a: Flutter Mane|183/203|[from] item: Life Orb\n|\n|upkeep\n|\n|t:|1733897642\n|switch|p2a: Chansey|Chansey, L85, F|564/564\n|turn|16\n|\n|t:|1733897653\n|-end|p1a: Flutter Mane|Protosynthesis|[silent]\n|switch|p1a: Flygon|Flygon, L82, F|265/265\n|move|p2a: Chansey|Thunder Wave|p1a: Flygon\n|-immune|p1a: Flygon\n|\n|upkeep\n|turn|17\n|\n|t:|1733897660\n|switch|p2a: Espathra|Espathra, L80, F|283/283\n|move|p1a: Flygon|Dragon Dance|p1a: Flygon\n|-boost|p1a: Flygon|atk|1\n|-boost|p1a: Flygon|spe|1\n|\n|upkeep\n|turn|18\n|\n|t:|1733897672\n|move|p1a: Flygon|Outrage|p2a: Espathra\n|-damage|p2a: Espathra|25/283\n|move|p2a: Espathra|Lumina Crash|p1a: Flygon\n|-damage|p1a: Flygon|127/265\n|-unboost|p1a: Flygon|spd|2\n|\n|-ability|p2a: Espathra|Speed Boost|boost\n|-boost|p2a: Espathra|spe|1\n|upkeep\n|turn|19\n|\n|t:|1733897684\n|-terastallize|p2a: Espathra|Fairy\n|move|p2a: Espathra|Lumina Crash|p1a: Flygon\n|-damage|p1a: Flygon|0 fnt\n|faint|p1a: Flygon\n|\n|-ability|p2a: Espathra|Speed Boost|boost\n|-boost|p2a: Espathra|spe|1\n|upkeep\n|\n|t:|1733897700\n|switch|p1a: Oranguru|Oranguru, L92, F|315/315\n|turn|20\n|\n|t:|1733897704\n|move|p2a: Espathra|Lumina Crash|p1a: Oranguru\n|-resisted|p1a: Oranguru\n|-damage|p1a: Oranguru|267/315\n|-unboost|p1a: Oranguru|spd|2\n|move|p1a: Oranguru|Thunderbolt|p2a: Espathra\n|-damage|p2a: Espathra|0 fnt\n|faint|p2a: Espathra\n|\n|-heal|p1a: Oranguru|286/315|[from] item: Leftovers\n|upkeep\n|\n|t:|1733897712\n|switch|p2a: Iron Boulder|Iron Boulder, L77|265/265\n|turn|21\n|\n|t:|1733897723\n|move|p2a: Iron Boulder|Swords Dance|p2a: Iron Boulder\n|-boost|p2a: Iron Boulder|atk|2\n|move|p1a: Oranguru|Nasty Plot|p1a: Oranguru\n|-boost|p1a: Oranguru|spa|2\n|\n|-heal|p1a: Oranguru|305/315|[from] item: Leftovers\n|upkeep\n|turn|22\n|\n|t:|1733897732\n|move|p2a: Iron Boulder|Mighty Cleave|p1a: Oranguru\n|-damage|p1a: Oranguru|55/315\n|-damage|p2a: Iron Boulder|239/265|[from] item: Life Orb\n|move|p1a: Oranguru|Thunderbolt|p2a: Iron Boulder\n|-crit|p2a: Iron Boulder\n|-damage|p2a: Iron Boulder|25/265\n|\n|-heal|p1a: Oranguru|74/315|[from] item: Leftovers\n|upkeep\n|turn|23\n|\n|t:|1733897743\n|move|p2a: Iron Boulder|Mighty Cleave|p1a: Oranguru\n|-damage|p1a: Oranguru|0 fnt\n|faint|p1a: Oranguru\n|-damage|p2a: Iron Boulder|0 fnt|[from] item: Life Orb\n|faint|p2a: Iron Boulder\n|-end|p2a: Iron Boulder|Quark Drive|[silent]\n|\n|upkeep\n|\n|t:|1733897751\n|switch|p2a: Chansey|Chansey, L85, F|564/564\n|switch|p1a: Lanturn|Lanturn, L89, M|367/367\n|turn|24\n|\n|t:|1733897758\n|move|p1a: Lanturn|Scald|p2a: Chansey\n|-damage|p2a: Chansey|495/564\n|move|p2a: Chansey|Seismic Toss|p1a: Lanturn\n|-damage|p1a: Lanturn|282/367\n|\n|upkeep\n|turn|25\n|\n|t:|1733897765\n|move|p1a: Lanturn|Scald|p2a: Chansey\n|-damage|p2a: Chansey|428/564\n|-status|p2a: Chansey|brn\n|move|p2a: Chansey|Seismic Toss|p1a: Lanturn\n|-damage|p1a: Lanturn|197/367\n|\n|-damage|p2a: Chansey|393/564 brn|[from] brn\n|upkeep\n|turn|26\n|\n|t:|1733897776\n|switch|p1a: Flutter Mane|Flutter Mane, L74|183/203\n|move|p2a: Chansey|Seismic Toss|p1a: Flutter Mane\n|-immune|p1a: Flutter Mane\n|\n|-damage|p2a: Chansey|358/564 brn|[from] brn\n|upkeep\n|turn|27\n|\n|t:|1733897789\n|move|p1a: Flutter Mane|Moonblast|p2a: Chansey\n|-damage|p2a: Chansey|280/564 brn\n|-damage|p1a: Flutter Mane|163/203|[from] item: Life Orb\n|move|p2a: Chansey|Soft-Boiled|p2a: Chansey\n|-heal|p2a: Chansey|562/564 brn\n|\n|-damage|p2a: Chansey|527/564 brn|[from] brn\n|upkeep\n|turn|28\n|\n|t:|1733897800\n|move|p1a: Flutter Mane|Moonblast|p2a: Chansey\n|-damage|p2a: Chansey|449/564 brn\n|-damage|p1a: Flutter Mane|143/203|[from] item: Life Orb\n|move|p2a: Chansey|Heal Bell|p2a: Chansey\n|-activate|p2a: Chansey|move: Heal Bell\n|-curestatus|p2a: Chansey|brn|[msg]\n|\n|upkeep\n|turn|29\n|\n|t:|1733897810\n|move|p1a: Flutter Mane|Calm Mind|p1a: Flutter Mane\n|-boost|p1a: Flutter Mane|spa|1\n|-boost|p1a: Flutter Mane|spd|1\n|move|p2a: Chansey|Thunder Wave|p1a: Flutter Mane\n|-status|p1a: Flutter Mane|par\n|\n|upkeep\n|turn|30\n|\n|t:|1733897817\n|move|p2a: Chansey|Seismic Toss|p1a: Flutter Mane\n|-immune|p1a: Flutter Mane\n|cant|p1a: Flutter Mane|par\n|\n|upkeep\n|turn|31\n|c|\u2606kirbykill3r|lol gg\n|\n|t:|1733897826\n|move|p2a: Chansey|Thunder Wave|p1a: Flutter Mane\n|-fail|p1a: Flutter Mane|par\n|move|p1a: Flutter Mane|Calm Mind|p1a: Flutter Mane\n|-boost|p1a: Flutter Mane|spa|1\n|-boost|p1a: Flutter Mane|spd|1\n|\n|upkeep\n|turn|32\n|-message|kirbykill3r forfeited.\n|\n|win|deathdarkgon\n|raw|deathdarkgon's rating: 1593 &rarr; <strong>1610</strong><br />(+17 for winning)\n|raw|kirbykill3r's rating: 1535 &rarr; <strong>1518</strong><br />(-17 for losing)\n|l|\u2606kirbykill3r\n|player|p2|\n|c|\u2606deathdarkgon|Gg\n", "inputlog": ">version bfd83cad13791eb5a5a409923076391caf6fb4d4\n>start {\"formatid\":\"gen9randombattle\",\"seed\":[6887,36683,537,58992],\"rated\":\"Rated battle\"}\n>player p1 {\"name\":\"deathdarkgon\",\"avatar\":\"guitarist\",\"rating\":1593,\"seed\":[16854,14823,37992,11257]}\n>player p2 {\"name\":\"kirbykill3r\",\"avatar\":\"265\",\"rating\":1535,\"seed\":[55323,758,46966,16286]}\n>chat \u2606deathdarkgon|Glhf\n>p1 move thunderwave\n>p2 switch 3\n>p1 switch 5\n>p2 move crunch\n>p1 move knockoff\n>p2 move gunkshot\n>p1 move bravebird\n>p2 move gunkshot\n>p1 move bravebird\n>p2 move gunkshot\n>p2 switch 3\n>p1 move knockoff\n>p2 move bravebird\n>p1 move suckerpunch\n>p2 move bravebird\n>p1 switch 5\n>p1 move flashcannon\n>p2 move roost\n>p1 move thunderwave\n>p2 move roost\n>p1 move dracometeor\n>p2 move bravebird\n>p1 move bodypress\n>p2 move bravebird\n>p2 switch 2\n>p1 move bodypress\n>p2 move knockoff\n>p1 move thunderwave\n>p2 move lowkick\n>p1 move thunderwave\n>p2 move lowkick\n>p1 switch 2\n>p1 move mysticalfire\n>p2 move tailwind\n>p2 switch 5\n>p1 switch 3\n>p2 move thunderwave\n>p1 move dragondance\n>p2 switch 6\n>p1 move outrage\n>p2 move luminacrash\n>p1 move outrage\n>p2 move luminacrash terastallize\n>p1 switch 6\n>p1 move thunderbolt\n>p2 move luminacrash\n>p2 switch 4\n>p1 move nastyplot\n>p2 move swordsdance\n>p1 move thunderbolt\n>p2 move mightycleave\n>p1 move psyshock\n>p2 move mightycleave\n>p1 switch 4\n>p2 switch 6\n>p1 move scald\n>p2 move seismictoss\n>p1 move scald\n>p2 move seismictoss\n>p1 switch 3\n>p2 move seismictoss\n>p1 move moonblast\n>p2 move softboiled\n>p1 move moonblast\n>p2 move healbell\n>p1 move calmmind\n>p2 move thunderwave\n>p1 move calmmind\n>p2 move seismictoss\n>chat \u2606kirbykill3r|lol gg\n>p1 move calmmind\n>p2 move thunderwave\n>forcelose p2", "uploadtime": 1733897846, "views": 3, "formatid": "gen9randombattle", "rating": 1518, "private": 0, "password": null}