{"id": "gen9randombattle-2259987002", "format": "[Gen 9] Random Battle", "players": ["ClemEnergie", "adqhdgqwd"], "log": "|j|\u2606ClemEnergie\n|j|\u2606adqhdgqwd\n|t:|1733787826\n|gametype|singles\n|player|p1|ClemEnergie|2|1087\n|player|p2|adqhdgqwd|depotagent|1107\n|teamsize|p1|6\n|teamsize|p2|6\n|gen|9\n|tier|[Gen 9] Random Battle\n|rated|\n|rule|Species Clause: Limit one of each Pok\u00e9mon\n|rule|HP Percentage Mod: HP is shown in percentages\n|rule|Sleep Clause Mod: Limit one foe put to sleep\n|rule|Illusion Level Mod: Illusion disguises the Pok\u00e9mon's true level\n|\n|t:|1733787826\n|start\n|switch|p1a: Froslass|Froslass, L87, F|263/263\n|switch|p2a: Thundurus|Thundurus-Therian, L80, M|258/258\n|turn|1\n|\n|t:|1733787847\n|switch|p2a: Avalugg|Avalugg-Hisui, L90, F|317/317\n|move|p1a: Froslass|Will-O-Wisp|p2a: Avalugg\n|-status|p2a: Avalugg|brn\n|\n|-damage|p2a: Avalugg|298/317 brn|[from] brn\n|upkeep\n|turn|2\n|\n|t:|1733787869\n|switch|p1a: Inteleon|Inteleon, L81, M|246/246\n|move|p2a: Avalugg|Stone Edge|p1a: Inteleon\n|-crit|p1a: Inteleon\n|-damage|p1a: Inteleon|90/246\n|\n|-damage|p2a: Avalugg|279/317 brn|[from] brn\n|upkeep\n|turn|3\n|\n|t:|1733787907\n|switch|p2a: Walking Wake|Walking Wake, L79|286/286\n|move|p1a: Inteleon|Scald|p2a: Walking Wake\n|-resisted|p2a: Walking Wake\n|-damage|p2a: Walking Wake|246/286\n|-status|p2a: Walking Wake|brn\n|\n|-damage|p2a: Walking Wake|229/286 brn|[from] brn\n|upkeep\n|turn|4\n|\n|t:|1733787921\n|switch|p1a: Ogerpon|Ogerpon-Wellspring, L76, F|247/247\n|move|p2a: Walking Wake|Sunny Day|p2a: Walking Wake\n|-weather|SunnyDay\n|-activate|p2a: Walking Wake|ability: Protosynthesis\n|-start|p2a: Walking Wake|protosynthesisspa\n|\n|-weather|SunnyDay|[upkeep]\n|-damage|p2a: Walking Wake|212/286 brn|[from] brn\n|upkeep\n|turn|5\n|\n|t:|1733787943\n|move|p2a: Walking Wake|Flamethrower|p1a: Ogerpon\n|-damage|p1a: Ogerpon|52/247\n|-damage|p2a: Walking Wake|184/286 brn|[from] item: Life Orb\n|move|p1a: Ogerpon|Play Rough|p2a: Walking Wake\n|-supereffective|p2a: Walking Wake\n|-damage|p2a: Walking Wake|30/286 brn\n|\n|-weather|SunnyDay|[upkeep]\n|-damage|p2a: Walking Wake|13/286 brn|[from] brn\n|upkeep\n|turn|6\n|\n|t:|1733787966\n|switch|p1a: Chansey|Chansey, L85, F|564/564\n|move|p2a: Walking Wake|Flamethrower|p1a: Chansey\n|-damage|p1a: Chansey|455/564\n|-damage|p2a: Walking Wake|0 fnt|[from] item: Life Orb\n|faint|p2a: Walking Wake\n|-end|p2a: Walking Wake|Protosynthesis|[silent]\n|\n|-weather|SunnyDay|[upkeep]\n|upkeep\n|\n|t:|1733787997\n|switch|p2a: Avalugg|Avalugg-Hisui, L90, F|279/317 brn\n|turn|7\n|\n|t:|1733788024\n|switch|p1a: Glimmora|Glimmora, L75, F|248/248\n|-item|p1a: Glimmora|Air Balloon\n|move|p2a: Avalugg|Body Press|p1a: Glimmora\n|-damage|p1a: Glimmora|184/248\n|-activate|p1a: Glimmora|ability: Toxic Debris\n|-sidestart|p2: adqhdgqwd|move: Toxic Spikes\n|-enditem|p1a: Glimmora|Air Balloon\n|\n|-weather|SunnyDay|[upkeep]\n|-damage|p2a: Avalugg|260/317 brn|[from] brn\n|upkeep\n|turn|8\n|\n|t:|1733788056\n|switch|p2a: Shaymin|Shaymin-Sky, L73|266/266\n|move|p1a: Glimmora|Earth Power|p2a: Shaymin\n|-immune|p2a: Shaymin\n|\n|-weather|none\n|upkeep\n|turn|9\n|\n|t:|1733788069\n|switch|p1a: Froslass|Froslass, L87, F|263/263\n|move|p2a: Shaymin|Earth Power|p1a: Froslass\n|-damage|p1a: Froslass|199/263\n|-start|p2a: Shaymin|Disable|Earth Power|[from] ability: Cursed Body|[of] p1a: Froslass\n|\n|upkeep\n|turn|10\n|\n|t:|1733788098\n|switch|p2a: Avalugg|Avalugg-Hisui, L90, F|260/317 brn\n|move|p1a: Froslass|Poltergeist|p2a: Avalugg\n|-activate|p2a: Avalugg|move: Poltergeist|Heavy-Duty Boots\n|-damage|p2a: Avalugg|208/317 brn\n|\n|-damage|p2a: Avalugg|189/317 brn|[from] brn\n|upkeep\n|turn|11\n|\n|t:|1733788137\n|switch|p1a: Glimmora|Glimmora, L75, F|184/248\n|move|p2a: Avalugg|Recover|p2a: Avalugg\n|-heal|p2a: Avalugg|317/317 brn\n|\n|-damage|p2a: Avalugg|298/317 brn|[from] brn\n|upkeep\n|turn|12\n|\n|t:|1733788160\n|switch|p2a: Thundurus|Thundurus-Therian, L80, M|258/258\n|move|p1a: Glimmora|Spikes|p2a: Thundurus\n|-sidestart|p2: adqhdgqwd|Spikes\n|\n|upkeep\n|turn|13\n|\n|t:|1733788193\n|switch|p1a: Chansey|Chansey, L85, F|455/564\n|move|p2a: Thundurus|Thunderbolt|p1a: Chansey\n|-damage|p1a: Chansey|350/564\n|\n|upkeep\n|turn|14\n|\n|t:|1733788205\n|switch|p2a: Avalugg|Avalugg-Hisui, L90, F|298/317 brn\n|move|p1a: Chansey|Thunder Wave||[still]\n|-fail|p1a: Chansey\n|\n|-damage|p2a: Avalugg|279/317 brn|[from] brn\n|upkeep\n|turn|15\n|\n|t:|1733788236\n|move|p1a: Chansey|Seismic Toss|p2a: Avalugg\n|-damage|p2a: Avalugg|194/317 brn\n|move|p2a: Avalugg|Recover|p2a: Avalugg\n|-heal|p2a: Avalugg|317/317 brn\n|\n|-damage|p2a: Avalugg|298/317 brn|[from] brn\n|upkeep\n|turn|16\n|\n|t:|1733788250\n|switch|p2a: Zarude|Zarude-Dada, L78|292/292\n|-status|p2a: Zarude|psn\n|-damage|p2a: Zarude|256/292 psn|[from] Spikes\n|move|p1a: Chansey|Soft-Boiled|p1a: Chansey\n|-heal|p1a: Chansey|564/564\n|\n|-damage|p2a: Zarude|220/292 psn|[from] psn\n|upkeep\n|turn|17\n|\n|t:|1733788268\n|switch|p1a: Froslass|Froslass, L87, F|199/263\n|move|p2a: Zarude|Knock Off|p1a: Froslass\n|-supereffective|p1a: Froslass\n|-damage|p1a: Froslass|0 fnt\n|-enditem|p1a: Froslass|Wide Lens|[from] move: Knock Off|[of] p2a: Zarude\n|faint|p1a: Froslass\n|-damage|p2a: Zarude|191/292 psn|[from] item: Life Orb\n|\n|-damage|p2a: Zarude|155/292 psn|[from] psn\n|upkeep\n|\n|t:|1733788282\n|switch|p1a: Heracross|Heracross, L80, M|259/259\n|turn|18\n|\n|t:|1733788301\n|move|p1a: Heracross|Close Combat|p2a: Zarude\n|-supereffective|p2a: Zarude\n|-damage|p2a: Zarude|0 fnt\n|-unboost|p1a: Heracross|def|1\n|-unboost|p1a: Heracross|spd|1\n|faint|p2a: Zarude\n|-ability|p1a: Heracross|Moxie|boost\n|-boost|p1a: Heracross|atk|1\n|\n|upkeep\n|\n|t:|1733788306\n|switch|p2a: Thundurus|Thundurus-Therian, L80, M|258/258\n|turn|19\n|\n|t:|1733788334\n|switch|p1a: Ogerpon|Ogerpon-Wellspring, L76, F|52/247\n|move|p2a: Thundurus|Volt Switch|p1a: Ogerpon\n|-damage|p1a: Ogerpon|0 fnt\n|faint|p1a: Ogerpon\n|\n|t:|1733788340\n|switch|p2a: Avalugg|Avalugg-Hisui, L90, F|298/317 brn|[from] Volt Switch\n|\n|-damage|p2a: Avalugg|279/317 brn|[from] brn\n|upkeep\n|\n|t:|1733788345\n|switch|p1a: Heracross|Heracross, L80, M|259/259\n|turn|20\n|\n|t:|1733788366\n|-terastallize|p2a: Avalugg|Flying\n|move|p1a: Heracross|Stone Edge|p2a: Avalugg\n|-supereffective|p2a: Avalugg\n|-damage|p2a: Avalugg|203/317 brn\n|move|p2a: Avalugg|Stone Edge|p1a: Heracross\n|-damage|p1a: Heracross|167/259\n|\n|-damage|p2a: Avalugg|184/317 brn|[from] brn\n|upkeep\n|turn|21\n|\n|t:|1733788381\n|move|p1a: Heracross|Stone Edge|p2a: Avalugg\n|-supereffective|p2a: Avalugg\n|-damage|p2a: Avalugg|104/317 brn\n|move|p2a: Avalugg|Recover|p2a: Avalugg\n|-heal|p2a: Avalugg|263/317 brn\n|\n|-damage|p2a: Avalugg|244/317 brn|[from] brn\n|upkeep\n|turn|22\n|\n|t:|1733788388\n|move|p1a: Heracross|Stone Edge|p2a: Avalugg\n|-supereffective|p2a: Avalugg\n|-damage|p2a: Avalugg|164/317 brn\n|move|p2a: Avalugg|Stone Edge|p1a: Heracross\n|-crit|p1a: Heracross\n|-damage|p1a: Heracross|39/259\n|\n|-damage|p2a: Avalugg|145/317 brn|[from] brn\n|upkeep\n|turn|23\n|\n|t:|1733788396\n|switch|p1a: Inteleon|Inteleon, L81, M|90/246\n|move|p2a: Avalugg|Body Press|p1a: Inteleon\n|-damage|p1a: Inteleon|20/246\n|\n|-damage|p2a: Avalugg|126/317 brn|[from] brn\n|upkeep\n|turn|24\n|\n|t:|1733788414\n|move|p1a: Inteleon|Ice Beam|p2a: Avalugg\n|-supereffective|p2a: Avalugg\n|-damage|p2a: Avalugg|0 fnt\n|faint|p2a: Avalugg\n|\n|upkeep\n|\n|t:|1733788417\n|switch|p2a: Sudowoodo|Sudowoodo, L94, F|284/284\n|-status|p2a: Sudowoodo|psn\n|-damage|p2a: Sudowoodo|249/284 psn|[from] Spikes\n|turn|25\n|\n|t:|1733788435\n|switch|p1a: Chansey|Chansey, L85, F|564/564\n|move|p2a: Sudowoodo|Stealth Rock|p1a: Chansey\n|-sidestart|p1: ClemEnergie|move: Stealth Rock\n|\n|-heal|p2a: Sudowoodo|266/284 psn|[from] item: Leftovers\n|-damage|p2a: Sudowoodo|231/284 psn|[from] psn\n|upkeep\n|turn|26\n|\n|t:|1733788448\n|switch|p1a: Glimmora|Glimmora, L75, F|184/248\n|-damage|p1a: Glimmora|153/248|[from] Stealth Rock\n|move|p2a: Sudowoodo|Head Smash|p1a: Glimmora\n|-damage|p1a: Glimmora|0 fnt\n|-activate|p1a: Glimmora|ability: Toxic Debris\n|-sidestart|p2: adqhdgqwd|move: Toxic Spikes\n|faint|p1a: Glimmora\n|\n|-heal|p2a: Sudowoodo|248/284 psn|[from] item: Leftovers\n|-damage|p2a: Sudowoodo|213/284 psn|[from] psn\n|upkeep\n|\n|t:|1733788461\n|switch|p1a: Inteleon|Inteleon, L81, M|20/246\n|-damage|p1a: Inteleon|0 fnt|[from] Stealth Rock\n|faint|p1a: Inteleon\n|\n|t:|1733788466\n|switch|p1a: Heracross|Heracross, L80, M|39/259\n|-damage|p1a: Heracross|7/259|[from] Stealth Rock\n|turn|27\n|\n|t:|1733788489\n|move|p1a: Heracross|Close Combat|p2a: Sudowoodo\n|-supereffective|p2a: Sudowoodo\n|-damage|p2a: Sudowoodo|15/284 psn\n|-unboost|p1a: Heracross|def|1\n|-unboost|p1a: Heracross|spd|1\n|move|p2a: Sudowoodo|Head Smash|p1a: Heracross\n|-damage|p1a: Heracross|0 fnt\n|faint|p1a: Heracross\n|\n|-heal|p2a: Sudowoodo|32/284 psn|[from] item: Leftovers\n|-damage|p2a: Sudowoodo|0 fnt|[from] psn\n|faint|p2a: Sudowoodo\n|upkeep\n|\n|t:|1733788500\n|switch|p1a: Chansey|Chansey, L85, F|564/564\n|switch|p2a: Shaymin|Shaymin-Sky, L73|266/266\n|-damage|p1a: Chansey|494/564|[from] Stealth Rock\n|turn|28\n|\n|t:|1733788509\n|move|p2a: Shaymin|Seed Flare|p1a: Chansey\n|-damage|p1a: Chansey|430/564\n|-unboost|p1a: Chansey|spd|2\n|move|p1a: Chansey|Thunder Wave|p2a: Shaymin|[miss]\n|-miss|p1a: Chansey|p2a: Shaymin\n|\n|upkeep\n|turn|29\n|\n|t:|1733788518\n|move|p2a: Shaymin|Seed Flare|p1a: Chansey\n|-damage|p1a: Chansey|301/564\n|-unboost|p1a: Chansey|spd|2\n|move|p1a: Chansey|Seismic Toss|p2a: Shaymin\n|-damage|p2a: Shaymin|181/266\n|\n|upkeep\n|turn|30\n|\n|t:|1733788527\n|move|p2a: Shaymin|Seed Flare|p1a: Chansey\n|-damage|p1a: Chansey|111/564\n|-unboost|p1a: Chansey|spd|2\n|move|p1a: Chansey|Seismic Toss|p2a: Shaymin\n|-damage|p2a: Shaymin|96/266\n|\n|upkeep\n|turn|31\n|\n|t:|1733788534\n|move|p2a: Shaymin|Earth Power|p1a: Chansey\n|-damage|p1a: Chansey|0 fnt\n|faint|p1a: Chansey\n|\n|win|adqhdgqwd\n|raw|ClemEnergie's rating: 1087 &rarr; <strong>1065</strong><br />(-22 for losing)\n|raw|adqhdgqwd's rating: 1107 &rarr; <strong>1131</strong><br />(+24 for winning)\n|l|\u2606ClemEnergie\n|player|p1|\n", "inputlog": ">version bfd83cad13791eb5a5a409923076391caf6fb4d4\n>start {\"formatid\":\"gen9randombattle\",\"seed\":[49714,18809,27975,11401],\"rated\":\"Rated battle\"}\n>player p1 {\"name\":\"ClemEnergie\",\"avatar\":\"2\",\"rating\":1087,\"seed\":[48927,22729,6339,1104]}\n>player p2 {\"name\":\"adqhdgqwd\",\"avatar\":\"depotagent\",\"rating\":1107,\"seed\":[27810,59276,53630,23691]}\n>p1 move willowisp\n>p2 switch 2\n>p1 switch 5\n>p2 move stoneedge\n>p1 move scald\n>p2 switch 4\n>p1 switch 2\n>p2 move sunnyday\n>p1 move playrough\n>p2 move flamethrower\n>p1 switch 4\n>p2 move flamethrower\n>p2 switch 4\n>p1 switch 3\n>p2 move bodypress\n>p1 move earthpower\n>p2 switch 5\n>p1 switch 5\n>p2 move earthpower\n>p1 move poltergeist\n>p2 switch 5\n>p1 switch 5\n>p2 move recover\n>p1 move spikes\n>p2 switch 2\n>p1 switch 3\n>p2 move thunderbolt\n>p1 move thunderwave\n>p2 switch 2\n>p1 move seismictoss\n>p2 move recover\n>p1 move softboiled\n>p2 switch 6\n>p1 switch 5\n>p2 move knockoff\n>p1 switch 6\n>p1 move closecombat\n>p2 move knockoff\n>p2 switch 2\n>p1 switch 4\n>p2 move voltswitch\n>p2 switch 6\n>p1 switch 4\n>p1 move stoneedge\n>p2 move stoneedge terastallize\n>p1 move stoneedge\n>p2 move recover\n>p1 move stoneedge\n>p2 move stoneedge\n>p1 switch 2\n>p2 move bodypress\n>p1 move icebeam\n>p2 move recover\n>p2 switch 3\n>p1 switch 5\n>p2 move stealthrock\n>p1 switch 3\n>p2 move headsmash\n>p1 switch 5\n>p1 switch 2\n>p1 move closecombat\n>p2 move headsmash\n>p1 switch 3\n>p2 switch 5\n>p1 move thunderwave\n>p2 move seedflare\n>p1 move seismictoss\n>p2 move seedflare\n>p1 move seismictoss\n>p2 move seedflare\n>p1 move seismictoss\n>p2 move earthpower", "uploadtime": 1733788547, "views": 3, "formatid": "gen9randombattle", "rating": 1065, "private": 0, "password": null}