{"id": "gen9randombattle-2260302202", "format": "[Gen 9] Random Battle", "players": ["blunderrismydad", "SpeShadow"], "log": "|j|\u2606blunderrismydad\n|j|\u2606SpeShadow\n|t:|1733837350\n|gametype|singles\n|player|p1|blunderrismydad|102|1506\n|player|p2|SpeShadow|nate|1527\n|teamsize|p1|6\n|teamsize|p2|6\n|gen|9\n|tier|[Gen 9] Random Battle\n|rated|\n|rule|Species Clause: Limit one of each Pok\u00e9mon\n|rule|HP Percentage Mod: HP is shown in percentages\n|rule|Sleep Clause Mod: Limit one foe put to sleep\n|rule|Illusion Level Mod: Illusion disguises the Pok\u00e9mon's true level\n|\n|t:|1733837350\n|start\n|switch|p1a: Politoed|Politoed, L88, F|302/302\n|switch|p2a: Dugtrio|Dugtrio, L84, M|196/196\n|-weather|RainDance|[from] ability: Drizzle|[of] p1a: Politoed\n|turn|1\n|inactive|Battle timer is ON: inactive players will automatically lose when time's up. (requested by SpeShadow)\n|\n|t:|1733837369\n|switch|p2a: Goodra|Goodra-Hisui, L82, F|265/265\n|move|p1a: Politoed|Ice Beam|p2a: Goodra\n|-damage|p2a: Goodra|234/265\n|\n|-weather|RainDance|[upkeep]\n|upkeep\n|turn|2\n|\n|t:|1733837380\n|switch|p1a: Hitmontop|Hitmontop, L88, M|231/231\n|-ability|p1a: Hitmontop|Intimidate|boost\n|-unboost|p2a: Goodra|atk|1\n|move|p2a: Goodra|Draco Meteor|p1a: Hitmontop\n|-damage|p1a: Hitmontop|147/231\n|-unboost|p2a: Goodra|spa|2\n|\n|-weather|RainDance|[upkeep]\n|upkeep\n|turn|3\n|\n|t:|1733837391\n|switch|p2a: Lunala|Lunala, L70|308/308\n|move|p1a: Hitmontop|Close Combat|p2a: Lunala\n|-immune|p2a: Lunala\n|\n|-weather|RainDance|[upkeep]\n|upkeep\n|turn|4\n|\n|t:|1733837404\n|move|p2a: Lunala|Calm Mind|p2a: Lunala\n|-boost|p2a: Lunala|spa|1\n|-boost|p2a: Lunala|spd|1\n|move|p1a: Hitmontop|Earthquake|p2a: Lunala\n|-damage|p2a: Lunala|263/308\n|\n|-weather|RainDance|[upkeep]\n|-heal|p2a: Lunala|282/308|[from] item: Leftovers\n|upkeep\n|turn|5\n|\n|t:|1733837415\n|switch|p1a: Politoed|Politoed, L88, F|302/302\n|move|p2a: Lunala|Psyshock|p1a: Politoed\n|-damage|p1a: Politoed|169/302\n|\n|-weather|none\n|-heal|p2a: Lunala|301/308|[from] item: Leftovers\n|-heal|p1a: Politoed|187/302|[from] item: Leftovers\n|upkeep\n|turn|6\n|\n|t:|1733837428\n|switch|p1a: Weavile|Weavile, L79, M|240/240\n|move|p2a: Lunala|Calm Mind|p2a: Lunala\n|-boost|p2a: Lunala|spa|1\n|-boost|p2a: Lunala|spd|1\n|\n|-heal|p2a: Lunala|308/308|[from] item: Leftovers\n|upkeep\n|turn|7\n|\n|t:|1733837450\n|switch|p2a: Magcargo|Magcargo, L95, F|268/268\n|move|p1a: Weavile|Knock Off|p2a: Magcargo\n|-damage|p2a: Magcargo|196/268\n|-ability|p2a: Magcargo|Weak Armor|boost\n|-unboost|p2a: Magcargo|def|1\n|-boost|p2a: Magcargo|spe|2\n|-enditem|p2a: Magcargo|Heavy-Duty Boots|[from] move: Knock Off|[of] p1a: Weavile\n|\n|upkeep\n|turn|8\n|\n|t:|1733837461\n|move|p1a: Weavile|Low Kick|p2a: Magcargo\n|-supereffective|p2a: Magcargo\n|-damage|p2a: Magcargo|62/268\n|-ability|p2a: Magcargo|Weak Armor|boost\n|-unboost|p2a: Magcargo|def|1\n|-boost|p2a: Magcargo|spe|2\n|move|p2a: Magcargo|Shell Smash|p2a: Magcargo\n|-unboost|p2a: Magcargo|def|1\n|-unboost|p2a: Magcargo|spd|1\n|-boost|p2a: Magcargo|atk|2\n|-boost|p2a: Magcargo|spa|2\n|-boost|p2a: Magcargo|spe|2\n|\n|upkeep\n|turn|9\n|\n|t:|1733837469\n|switch|p1a: Alomomola|Alomomola, L87, F|429/429\n|move|p2a: Magcargo|Power Gem|p1a: Alomomola\n|-damage|p1a: Alomomola|99/429\n|\n|upkeep\n|turn|10\n|\n|t:|1733837478\n|move|p1a: Alomomola|Protect|p1a: Alomomola\n|-singleturn|p1a: Alomomola|Protect\n|move|p2a: Magcargo|Power Gem|p1a: Alomomola\n|-activate|p1a: Alomomola|move: Protect\n|\n|upkeep\n|turn|11\n|\n|t:|1733837485\n|move|p2a: Magcargo|Power Gem|p1a: Alomomola\n|-damage|p1a: Alomomola|0 fnt\n|faint|p1a: Alomomola\n|\n|upkeep\n|\n|t:|1733837486\n|switch|p1a: Hitmontop|Hitmontop, L88, M|147/231\n|-ability|p1a: Hitmontop|Intimidate|boost\n|-unboost|p2a: Magcargo|atk|1\n|turn|12\n|\n|t:|1733837493\n|move|p2a: Magcargo|Fire Blast|p1a: Hitmontop\n|-damage|p1a: Hitmontop|0 fnt\n|faint|p1a: Hitmontop\n|\n|upkeep\n|\n|t:|1733837503\n|switch|p1a: Staraptor|Staraptor, L79, F|263/263\n|turn|13\n|\n|t:|1733837508\n|move|p1a: Staraptor|Quick Attack|p2a: Magcargo\n|-resisted|p2a: Magcargo\n|-damage|p2a: Magcargo|1/268\n|-ability|p2a: Magcargo|Weak Armor|boost\n|-unboost|p2a: Magcargo|def|1\n|move|p2a: Magcargo|Power Gem|p1a: Staraptor\n|-supereffective|p1a: Staraptor\n|-damage|p1a: Staraptor|0 fnt\n|faint|p1a: Staraptor\n|\n|upkeep\n|inactive|blunderrismydad has 120 seconds left.\n|inactive|blunderrismydad has 90 seconds left.\n|inactive|blunderrismydad has 60 seconds left.\n|inactive|blunderrismydad has 30 seconds left.\n|inactive|blunderrismydad has 20 seconds left.\n|inactive|blunderrismydad has 15 seconds left.\n|inactive|blunderrismydad has 10 seconds left.\n|inactive|blunderrismydad has 5 seconds left.\n|-message|blunderrismydad lost due to inactivity.\n|\n|win|SpeShadow\n|raw|blunderrismydad's rating: 1506 &rarr; <strong>1486</strong><br />(-20 for losing)\n|raw|SpeShadow's rating: 1506 &rarr; <strong>1526</strong><br />(+20 for winning)\n", "inputlog": ">version bfd83cad13791eb5a5a409923076391caf6fb4d4\n>start {\"formatid\":\"gen9randombattle\",\"seed\":[19231,46894,50534,14862],\"rated\":\"Rated battle\"}\n>player p1 {\"name\":\"blunderrismydad\",\"avatar\":\"102\",\"rating\":1506,\"seed\":[37134,51311,30863,32302]}\n>player p2 {\"name\":\"SpeShadow\",\"avatar\":\"nate\",\"rating\":1527,\"seed\":[52022,11831,8538,18861]}\n>p1 move icebeam\n>p2 switch 5\n>p1 switch 2\n>p2 move dracometeor\n>p1 move closecombat\n>p2 switch 2\n>p1 move earthquake\n>p2 move calmmind\n>p1 switch 2\n>p2 move psyshock\n>p1 switch 6\n>p2 move calmmind\n>p1 move knockoff\n>p2 switch 4\n>p1 move lowkick\n>p2 move shellsmash\n>p1 switch 3\n>p2 move powergem\n>p1 move protect\n>p2 move powergem\n>p1 move flipturn\n>p2 move powergem\n>p1 switch 2\n>p1 move earthquake\n>p2 move fireblast\n>p1 switch 4\n>p1 move quickattack\n>p2 move powergem\n>forcelose p1", "uploadtime": 1733837753, "views": 8, "formatid": "gen9randombattle", "rating": 1486, "private": 0, "password": null}