{"id": "gen9randombattle-2175313626", "format": "[Gen 9] Random Battle", "players": ["SymphonyNo.17", "Delta 2777"], "log": "|badge|p1|bronze|gen9randombattle|100-2\n|uhtml|medal-msg|<div class=\"broadcast-blue\">Curious what those medals under the avatar are? PS now has Ladder Seasons! For more information, check out the <a href=\"https://www.smogon.com/forums/threads/3740067/\">thread on Smogon.</a></div>\n|badge|p2|silver|gen9randombattle|30-2\n|uhtml|medal-msg|<div class=\"broadcast-blue\">Curious what those medals under the avatar are? PS now has Ladder Seasons! For more information, check out the <a href=\"https://www.smogon.com/forums/threads/3740067/\">thread on Smogon.</a></div>\n|j|\u2606SymphonyNo.17\n|j|\u2606Delta 2777\n|t:|1723039318\n|gametype|singles\n|player|p1|SymphonyNo.17|miku-water|2395\n|player|p2|Delta 2777|170|2482\n|teamsize|p1|6\n|teamsize|p2|6\n|gen|9\n|tier|[Gen 9] Random Battle\n|rated|\n|rule|Species Clause: Limit one of each Pok\u00e9mon\n|rule|HP Percentage Mod: HP is shown in percentages\n|rule|Sleep Clause Mod: Limit one foe put to sleep\n|rule|Illusion Level Mod: Illusion disguises the Pok\u00e9mon's true level\n|\n|t:|1723039318\n|start\n|switch|p1a: Chi-Yu|Chi-Yu, L77|211/211\n|switch|p2a: Cresselia|Cresselia, L80, F|323/323\n|-ability|p1a: Chi-Yu|Beads of Ruin\n|turn|1\n|inactive|Battle timer is ON: inactive players will automatically lose when time's up. (requested by Delta 2777)\n|\n|t:|1723039336\n|switch|p2a: Blissey|Blissey, L84, F|566/566\n|move|p1a: Chi-Yu|Dark Pulse|p2a: Blissey\n|-damage|p2a: Blissey|473/566\n|\n|-heal|p2a: Blissey|508/566|[from] item: Leftovers\n|upkeep\n|turn|2\n|\n|t:|1723039355\n|switch|p1a: Forretress|Forretress, L84, M|263/263\n|move|p2a: Blissey|Stealth Rock|p1a: Forretress\n|-sidestart|p1: SymphonyNo.17|move: Stealth Rock\n|\n|-heal|p2a: Blissey|543/566|[from] item: Leftovers\n|upkeep\n|turn|3\n|inactive|Delta 2777 has 120 seconds left.\n|\n|t:|1723039385\n|switch|p2a: Giratina|Giratina, L75|349/349\n|-ability|p2a: Giratina|Pressure\n|move|p1a: Forretress|Stealth Rock|p2a: Giratina\n|-sidestart|p2: Delta 2777|move: Stealth Rock\n|\n|upkeep\n|turn|4\n|\n|t:|1723039415\n|switch|p1a: Toxapex|Toxapex, L82, M|216/216\n|-damage|p1a: Toxapex|189/216|[from] Stealth Rock\n|move|p2a: Giratina|Calm Mind|p2a: Giratina\n|-boost|p2a: Giratina|spa|1\n|-boost|p2a: Giratina|spd|1\n|\n|upkeep\n|turn|5\n|inactive|Delta 2777 has 120 seconds left.\n|\n|t:|1723039436\n|move|p2a: Giratina|Dragon Pulse|p1a: Toxapex\n|-damage|p1a: Toxapex|111/216\n|move|p1a: Toxapex|Haze|p1a: Toxapex\n|-clearallboost\n|\n|upkeep\n|turn|6\n|inactive|SymphonyNo.17 has 120 seconds left.\n|\n|t:|1723039463\n|switch|p2a: Excadrill|Excadrill, L80, F|307/307\n|-damage|p2a: Excadrill|298/307|[from] Stealth Rock\n|-ability|p2a: Excadrill|Mold Breaker\n|switch|p1a: Lurantis|Lurantis, L87, M|264/264\n|-damage|p1a: Lurantis|231/264|[from] Stealth Rock\n|\n|upkeep\n|turn|7\n|inactive|Delta 2777 has 120 seconds left.\n|inactive|SymphonyNo.17 has 90 seconds left.\n|inactive|Delta 2777 has 90 seconds left.\n|\n|t:|1723039513\n|switch|p2a: Giratina|Giratina, L75|349/349\n|-damage|p2a: Giratina|306/349|[from] Stealth Rock\n|-ability|p2a: Giratina|Pressure\n|move|p1a: Lurantis|Knock Off|p2a: Giratina\n|-supereffective|p2a: Giratina\n|-crit|p2a: Giratina\n|-damage|p2a: Giratina|84/349\n|-enditem|p2a: Giratina|Leftovers|[from] move: Knock Off|[of] p1a: Lurantis\n|\n|upkeep\n|turn|8\n|inactive|SymphonyNo.17 has 90 seconds left.\n|\n|t:|1723039532\n|move|p2a: Giratina|Rest|p2a: Giratina\n|-status|p2a: Giratina|slp|[from] move: Rest\n|-heal|p2a: Giratina|349/349 slp|[silent]\n|move|p1a: Lurantis|Leaf Storm|p2a: Giratina\n|-resisted|p2a: Giratina\n|-damage|p2a: Giratina|298/349 slp\n|-boost|p1a: Lurantis|spa|2\n|\n|upkeep\n|turn|9\n|\n|t:|1723039540\n|cant|p2a: Giratina|slp\n|move|p2a: Giratina|Sleep Talk|p2a: Giratina\n|move|p2a: Giratina|Dragon Pulse|p1a: Lurantis|[from]move: Sleep Talk\n|-damage|p1a: Lurantis|180/264\n|move|p1a: Lurantis|Leaf Storm|p2a: Giratina\n|-resisted|p2a: Giratina\n|-damage|p2a: Giratina|185/349 slp\n|-boost|p1a: Lurantis|spa|2\n|\n|upkeep\n|turn|10\n|\n|t:|1723039553\n|cant|p2a: Giratina|slp\n|move|p2a: Giratina|Sleep Talk|p2a: Giratina\n|move|p2a: Giratina|Calm Mind|p2a: Giratina|[from]move: Sleep Talk\n|-boost|p2a: Giratina|spa|1\n|-boost|p2a: Giratina|spd|1\n|move|p1a: Lurantis|Leaf Storm|p2a: Giratina\n|-resisted|p2a: Giratina\n|-damage|p2a: Giratina|78/349 slp\n|-boost|p1a: Lurantis|spa|2\n|\n|upkeep\n|turn|11\n|inactive|SymphonyNo.17 has 90 seconds left.\n|inactive|SymphonyNo.17 has 60 seconds left.\n|\n|t:|1723039606\n|switch|p1a: Toxapex|Toxapex, L82, M|183/216\n|-damage|p1a: Toxapex|156/216|[from] Stealth Rock\n|-curestatus|p2a: Giratina|slp|[msg]\n|move|p2a: Giratina|Rest|p2a: Giratina\n|-status|p2a: Giratina|slp|[from] move: Rest\n|-heal|p2a: Giratina|349/349 slp|[silent]\n|\n|upkeep\n|turn|12\n|inactive|SymphonyNo.17 has 60 seconds left.\n|\n|t:|1723039631\n|cant|p2a: Giratina|slp\n|move|p2a: Giratina|Sleep Talk|p2a: Giratina\n|move|p2a: Giratina|Rest||[from]move: Sleep Talk|[still]\n|-fail|p2a: Giratina\n|move|p1a: Toxapex|Liquidation|p2a: Giratina\n|-resisted|p2a: Giratina\n|-damage|p2a: Giratina|324/349 slp\n|\n|upkeep\n|turn|13\n|inactive|SymphonyNo.17 has 60 seconds left.\n|\n|t:|1723039637\n|cant|p2a: Giratina|slp\n|move|p2a: Giratina|Sleep Talk|p2a: Giratina\n|move|p2a: Giratina|Dragon Pulse|p1a: Toxapex|[from]move: Sleep Talk\n|-damage|p1a: Toxapex|78/216\n|move|p1a: Toxapex|Haze|p1a: Toxapex\n|-clearallboost\n|\n|upkeep\n|turn|14\n|\n|t:|1723039646\n|switch|p2a: Excadrill|Excadrill, L80, F|298/307\n|-damage|p2a: Excadrill|289/307|[from] Stealth Rock\n|-ability|p2a: Excadrill|Mold Breaker\n|move|p1a: Toxapex|Recover|p1a: Toxapex\n|-heal|p1a: Toxapex|186/216\n|\n|upkeep\n|turn|15\n|inactive|SymphonyNo.17 has 60 seconds left.\n|\n|t:|1723039675\n|switch|p1a: Dodrio|Dodrio, L86, F|243/243\n|move|p2a: Excadrill|Earthquake|p1a: Dodrio\n|-immune|p1a: Dodrio\n|\n|upkeep\n|turn|16\n|inactive|SymphonyNo.17 has 30 seconds left.\n|\n|t:|1723039705\n|switch|p1a: Toxapex|Toxapex, L82, M|216/216\n|-damage|p1a: Toxapex|189/216|[from] Stealth Rock\n|switch|p2a: Cresselia|Cresselia, L80, F|323/323\n|-damage|p2a: Cresselia|283/323|[from] Stealth Rock\n|\n|-heal|p2a: Cresselia|303/323|[from] item: Leftovers\n|upkeep\n|turn|17\n|inactive|SymphonyNo.17 has 30 seconds left.\n|\n|t:|1723039721\n|switch|p2a: Blissey|Blissey, L84, F|543/566\n|-damage|p2a: Blissey|473/566|[from] Stealth Rock\n|move|p1a: Toxapex|Toxic|p2a: Blissey\n|-status|p2a: Blissey|tox\n|\n|-heal|p2a: Blissey|508/566 tox|[from] item: Leftovers\n|-damage|p2a: Blissey|473/566 tox|[from] psn\n|upkeep\n|turn|18\n|inactive|SymphonyNo.17 has 30 seconds left.\n|\n|t:|1723039733\n|move|p2a: Blissey|Thunder Wave|p1a: Toxapex\n|-status|p1a: Toxapex|par\n|move|p1a: Toxapex|Liquidation|p2a: Blissey\n|-damage|p2a: Blissey|292/566 tox\n|\n|-heal|p2a: Blissey|327/566 tox|[from] item: Leftovers\n|-damage|p2a: Blissey|257/566 tox|[from] psn\n|upkeep\n|turn|19\n|inactive|SymphonyNo.17 has 30 seconds left.\n|inactive|Delta 2777 has 120 seconds left.\n|\n|t:|1723039744\n|-curestatus|p2a: Blissey|tox|[from] ability: Natural Cure\n|switch|p2a: Giratina|Giratina, L75|324/349 slp\n|-damage|p2a: Giratina|281/349 slp|[from] Stealth Rock\n|-ability|p2a: Giratina|Pressure\n|move|p1a: Toxapex|Liquidation|p2a: Giratina\n|-resisted|p2a: Giratina\n|-damage|p2a: Giratina|255/349 slp\n|\n|upkeep\n|turn|20\n|inactive|SymphonyNo.17 has 30 seconds left.\n|inactive|Delta 2777 has 120 seconds left.\n|\n|t:|1723039757\n|switch|p2a: Blissey|Blissey, L84, F|257/566\n|-damage|p2a: Blissey|187/566|[from] Stealth Rock\n|move|p1a: Toxapex|Liquidation|p2a: Blissey\n|-damage|p2a: Blissey|16/566\n|\n|-heal|p2a: Blissey|51/566|[from] item: Leftovers\n|upkeep\n|turn|21\n|inactive|SymphonyNo.17 has 30 seconds left.\n|inactive|Delta 2777 has 120 seconds left.\n|\n|t:|1723039768\n|move|p2a: Blissey|Soft-Boiled|p2a: Blissey\n|-heal|p2a: Blissey|334/566\n|move|p1a: Toxapex|Toxic|p2a: Blissey\n|-status|p2a: Blissey|tox\n|\n|-heal|p2a: Blissey|369/566 tox|[from] item: Leftovers\n|-damage|p2a: Blissey|334/566 tox|[from] psn\n|upkeep\n|turn|22\n|inactive|SymphonyNo.17 has 30 seconds left.\n|\n|t:|1723039775\n|-curestatus|p2a: Blissey|tox|[from] ability: Natural Cure\n|switch|p2a: Giratina|Giratina, L75|255/349 slp\n|-damage|p2a: Giratina|212/349 slp|[from] Stealth Rock\n|-ability|p2a: Giratina|Pressure\n|switch|p1a: Dodrio|Dodrio, L86, F|243/243\n|\n|upkeep\n|turn|23\n|inactive|SymphonyNo.17 has 30 seconds left.\n|\n|t:|1723039788\n|move|p1a: Dodrio|Swords Dance|p1a: Dodrio\n|-boost|p1a: Dodrio|atk|2\n|-curestatus|p2a: Giratina|slp|[msg]\n|move|p2a: Giratina|Dragon Pulse|p1a: Dodrio\n|-damage|p1a: Dodrio|147/243\n|\n|upkeep\n|turn|24\n|inactive|SymphonyNo.17 has 30 seconds left.\n|\n|t:|1723039804\n|move|p1a: Dodrio|Brave Bird|p2a: Giratina\n|-damage|p2a: Giratina|0 fnt\n|faint|p2a: Giratina\n|-damage|p1a: Dodrio|77/243|[from] Recoil\n|\n|upkeep\n|inactive|SymphonyNo.17 has 30 seconds left this turn.\n|\n|t:|1723039814\n|switch|p2a: Breloom|Breloom, L82, M|233/233\n|-damage|p2a: Breloom|219/233|[from] Stealth Rock\n|turn|25\n|inactive|SymphonyNo.17 has 30 seconds left.\n|\n|t:|1723039831\n|switch|p1a: Forretress|Forretress, L84, M|263/263\n|-damage|p1a: Forretress|231/263|[from] Stealth Rock\n|move|p2a: Breloom|Swords Dance|p2a: Breloom\n|-boost|p2a: Breloom|atk|2\n|\n|-heal|p1a: Forretress|247/263|[from] item: Leftovers\n|upkeep\n|turn|26\n|inactive|SymphonyNo.17 has 30 seconds left.\n|inactive|SymphonyNo.17 has 20 seconds left.\n|\n|t:|1723039849\n|move|p2a: Breloom|Mach Punch|p1a: Forretress\n|-damage|p1a: Forretress|121/263\n|-damage|p2a: Breloom|196/233|[from] item: Life Orb\n|move|p1a: Forretress|Rapid Spin|p2a: Breloom\n|-damage|p2a: Breloom|162/233\n|-boost|p1a: Forretress|spe|1\n|-sideend|p1: SymphonyNo.17|Stealth Rock|[from] move: Rapid Spin|[of] p1a: Forretress\n|\n|-heal|p1a: Forretress|137/263|[from] item: Leftovers\n|upkeep\n|turn|27\n|inactive|SymphonyNo.17 has 30 seconds left this turn.\n|inactive|SymphonyNo.17 has 20 seconds left.\n|inactive|SymphonyNo.17 has 15 seconds left.\n|inactive|Delta 2777 has 120 seconds left.\n|inactive|SymphonyNo.17 has 10 seconds left.\n|\n|t:|1723039888\n|move|p2a: Breloom|Mach Punch|p1a: Forretress\n|-damage|p1a: Forretress|0 fnt\n|faint|p1a: Forretress\n|-damage|p2a: Breloom|139/233|[from] item: Life Orb\n|\n|upkeep\n|inactive|SymphonyNo.17 has 15 seconds left this turn.\n|inactive|SymphonyNo.17 has 10 seconds left.\n|\n|t:|1723039897\n|switch|p1a: Yanmega|Yanmega, L82, M|275/275\n|turn|28\n|inactive|SymphonyNo.17 has 20 seconds left this turn.\n|inactive|SymphonyNo.17 has 15 seconds left.\n|\n|t:|1723039906\n|switch|p2a: Blissey|Blissey, L84, F|334/566\n|-damage|p2a: Blissey|264/566|[from] Stealth Rock\n|move|p1a: Yanmega|Air Slash|p2a: Blissey\n|-damage|p2a: Blissey|204/566\n|\n|-heal|p2a: Blissey|239/566|[from] item: Leftovers\n|-ability|p1a: Yanmega|Speed Boost|boost\n|-boost|p1a: Yanmega|spe|1\n|upkeep\n|turn|29\n|inactive|SymphonyNo.17 has 25 seconds left this turn.\n|inactive|SymphonyNo.17 has 20 seconds left.\n|inactive|SymphonyNo.17 has 15 seconds left.\n|inactive|SymphonyNo.17 has 10 seconds left.\n|\n|t:|1723039922\n|switch|p1a: Dodrio|Dodrio, L86, F|77/243\n|move|p2a: Blissey|Soft-Boiled|p2a: Blissey\n|-heal|p2a: Blissey|522/566\n|\n|-heal|p2a: Blissey|557/566|[from] item: Leftovers\n|upkeep\n|turn|30\n|inactive|SymphonyNo.17 has 20 seconds left this turn.\n|inactive|SymphonyNo.17 has 15 seconds left.\n|inactive|SymphonyNo.17 has 10 seconds left.\n|inactive|Delta 2777 has 90 seconds left.\n|\n|t:|1723039952\n|move|p1a: Dodrio|Drill Run|p2a: Blissey\n|-crit|p2a: Blissey\n|-damage|p2a: Blissey|271/566\n|move|p2a: Blissey|Seismic Toss|p1a: Dodrio\n|-damage|p1a: Dodrio|0 fnt\n|faint|p1a: Dodrio\n|\n|-heal|p2a: Blissey|306/566|[from] item: Leftovers\n|upkeep\n|inactive|SymphonyNo.17 has 15 seconds left this turn.\n|inactive|SymphonyNo.17 has 10 seconds left.\n|\n|t:|1723039960\n|switch|p1a: Lurantis|Lurantis, L87, M|180/264\n|turn|31\n|inactive|SymphonyNo.17 has 20 seconds left this turn.\n|inactive|SymphonyNo.17 has 15 seconds left.\n|inactive|SymphonyNo.17 has 10 seconds left.\n|inactive|Delta 2777 has 90 seconds left.\n|inactive|Delta 2777 has 60 seconds left.\n|inactive|Delta 2777 has 30 seconds left.\n|inactive|Delta 2777 has 20 seconds left.\n|inactive|Delta 2777 has 15 seconds left.\n|\n|t:|1723040052\n|move|p2a: Blissey|Seismic Toss|p1a: Lurantis\n|-damage|p1a: Lurantis|96/264\n|move|p1a: Lurantis|Superpower|p2a: Blissey\n|-supereffective|p2a: Blissey\n|-damage|p2a: Blissey|0 fnt\n|-boost|p1a: Lurantis|atk|1\n|-boost|p1a: Lurantis|def|1\n|faint|p2a: Blissey\n|\n|upkeep\n|inactive|SymphonyNo.17 has 15 seconds left this turn.\n|inactive|Delta 2777 has 20 seconds left this turn.\n|\n|t:|1723040056\n|switch|p2a: Cresselia|Cresselia, L80, F|303/323\n|-damage|p2a: Cresselia|263/323|[from] Stealth Rock\n|turn|32\n|inactive|SymphonyNo.17 has 25 seconds left this turn.\n|inactive|Delta 2777 has 30 seconds left this turn.\n|inactive|SymphonyNo.17 has 20 seconds left.\n|inactive|SymphonyNo.17 has 15 seconds left.\n|\n|t:|1723040067\n|-terastallize|p2a: Cresselia|Poison\n|move|p2a: Cresselia|Calm Mind|p2a: Cresselia\n|-boost|p2a: Cresselia|spa|1\n|-boost|p2a: Cresselia|spd|1\n|move|p1a: Lurantis|Leech Life|p2a: Cresselia\n|-resisted|p2a: Cresselia\n|-damage|p2a: Cresselia|220/323\n|-heal|p1a: Lurantis|118/264|[from] drain|[of] p2a: Cresselia\n|\n|-heal|p2a: Cresselia|240/323|[from] item: Leftovers\n|upkeep\n|turn|33\n|inactive|SymphonyNo.17 has 25 seconds left this turn.\n|inactive|SymphonyNo.17 has 20 seconds left.\n|inactive|SymphonyNo.17 has 15 seconds left.\n|inactive|Delta 2777 has 30 seconds left.\n|inactive|SymphonyNo.17 has 10 seconds left.\n|\n|t:|1723040082\n|move|p2a: Cresselia|Calm Mind|p2a: Cresselia\n|-boost|p2a: Cresselia|spa|1\n|-boost|p2a: Cresselia|spd|1\n|move|p1a: Lurantis|Knock Off|p2a: Cresselia\n|-damage|p2a: Cresselia|136/323\n|-enditem|p2a: Cresselia|Leftovers|[from] move: Knock Off|[of] p1a: Lurantis\n|\n|upkeep\n|turn|34\n|inactive|SymphonyNo.17 has 20 seconds left this turn.\n|inactive|SymphonyNo.17 has 15 seconds left.\n|inactive|SymphonyNo.17 has 10 seconds left.\n|\n|t:|1723040094\n|move|p2a: Cresselia|Moonlight|p2a: Cresselia\n|-heal|p2a: Cresselia|297/323\n|move|p1a: Lurantis|Superpower|p2a: Cresselia\n|-resisted|p2a: Cresselia\n|-damage|p2a: Cresselia|235/323\n|-boost|p1a: Lurantis|atk|1\n|-boost|p1a: Lurantis|def|1\n|\n|upkeep\n|turn|35\n|inactive|SymphonyNo.17 has 20 seconds left this turn.\n|inactive|SymphonyNo.17 has 15 seconds left.\n|\n|t:|1723040103\n|move|p2a: Cresselia|Psyshock|p1a: Lurantis\n|-damage|p1a: Lurantis|55/264\n|move|p1a: Lurantis|Superpower|p2a: Cresselia\n|-resisted|p2a: Cresselia\n|-damage|p2a: Cresselia|151/323\n|-boost|p1a: Lurantis|atk|1\n|-boost|p1a: Lurantis|def|1\n|\n|upkeep\n|turn|36\n|inactive|SymphonyNo.17 has 25 seconds left this turn.\n|inactive|SymphonyNo.17 has 20 seconds left.\n|inactive|SymphonyNo.17 has 15 seconds left.\n|\n|t:|1723040116\n|move|p2a: Cresselia|Moonlight|p2a: Cresselia\n|-heal|p2a: Cresselia|312/323\n|move|p1a: Lurantis|Knock Off|p2a: Cresselia\n|-damage|p2a: Cresselia|201/323\n|\n|upkeep\n|turn|37\n|inactive|SymphonyNo.17 has 25 seconds left this turn.\n|inactive|SymphonyNo.17 has 20 seconds left.\n|\n|t:|1723040123\n|move|p2a: Cresselia|Psyshock|p1a: Lurantis\n|-damage|p1a: Lurantis|7/264\n|move|p1a: Lurantis|Superpower|p2a: Cresselia\n|-resisted|p2a: Cresselia\n|-damage|p2a: Cresselia|102/323\n|-boost|p1a: Lurantis|atk|1\n|-boost|p1a: Lurantis|def|1\n|\n|upkeep\n|turn|38\n|inactive|SymphonyNo.17 has 30 seconds left this turn.\n|inactive|Delta 2777 has 60 seconds left.\n|\n|t:|1723040151\n|move|p2a: Cresselia|Psyshock|p1a: Lurantis\n|-damage|p1a: Lurantis|0 fnt\n|faint|p1a: Lurantis\n|\n|upkeep\n|inactive|SymphonyNo.17 has 30 seconds left this turn.\n|inactive|SymphonyNo.17 has 20 seconds left.\n|inactive|SymphonyNo.17 has 15 seconds left.\n|inactive|SymphonyNo.17 has 10 seconds left.\n|\n|t:|1723040173\n|switch|p1a: Chi-Yu|Chi-Yu, L77|211/211\n|-ability|p1a: Chi-Yu|Beads of Ruin\n|turn|39\n|inactive|SymphonyNo.17 has 20 seconds left this turn.\n|inactive|SymphonyNo.17 has 15 seconds left.\n|\n|t:|1723040182\n|-terastallize|p1a: Chi-Yu|Dark\n|move|p1a: Chi-Yu|Dark Pulse|p2a: Cresselia\n|-damage|p2a: Cresselia|36/323\n|cant|p2a: Cresselia|flinch\n|\n|upkeep\n|turn|40\n|inactive|SymphonyNo.17 has 25 seconds left this turn.\n|inactive|Delta 2777 has 60 seconds left.\n|\n|t:|1723040190\n|move|p1a: Chi-Yu|Dark Pulse|p2a: Cresselia\n|-damage|p2a: Cresselia|0 fnt\n|faint|p2a: Cresselia\n|\n|upkeep\n|inactive|SymphonyNo.17 has 30 seconds left this turn.\n|\n|t:|1723040194\n|switch|p2a: Breloom|Breloom, L82, M|139/233\n|-damage|p2a: Breloom|125/233|[from] Stealth Rock\n|turn|41\n|inactive|SymphonyNo.17 has 30 seconds left.\n|\n|t:|1723040206\n|switch|p1a: Toxapex|Toxapex, L82, M|216/216 par\n|move|p2a: Breloom|Swords Dance|p2a: Breloom\n|-boost|p2a: Breloom|atk|2\n|\n|upkeep\n|turn|42\n|inactive|SymphonyNo.17 has 30 seconds left.\n|inactive|SymphonyNo.17 has 20 seconds left.\n|inactive|SymphonyNo.17 has 15 seconds left.\n|inactive|SymphonyNo.17 has 10 seconds left.\n|\n|t:|1723040237\n|move|p2a: Breloom|Rock Tomb|p1a: Toxapex\n|-damage|p1a: Toxapex|81/216 par\n|-unboost|p1a: Toxapex|spe|1\n|-damage|p2a: Breloom|102/233|[from] item: Life Orb\n|move|p1a: Toxapex|Toxic|p2a: Breloom\n|-status|p2a: Breloom|tox\n|\n|-damage|p2a: Breloom|88/233 tox|[from] psn\n|upkeep\n|turn|43\n|inactive|SymphonyNo.17 has 20 seconds left this turn.\n|inactive|SymphonyNo.17 has 15 seconds left.\n|inactive|SymphonyNo.17 has 10 seconds left.\n|\n|t:|1723040248\n|move|p2a: Breloom|Rock Tomb|p1a: Toxapex\n|-damage|p1a: Toxapex|0 fnt\n|faint|p1a: Toxapex\n|-damage|p2a: Breloom|65/233 tox|[from] item: Life Orb\n|\n|-damage|p2a: Breloom|37/233 tox|[from] psn\n|upkeep\n|inactive|SymphonyNo.17 has 15 seconds left this turn.\n|inactive|SymphonyNo.17 has 10 seconds left.\n|\n|t:|1723040257\n|switch|p1a: Yanmega|Yanmega, L82, M|275/275\n|turn|44\n|inactive|SymphonyNo.17 has 20 seconds left this turn.\n|inactive|SymphonyNo.17 has 15 seconds left.\n|inactive|Delta 2777 has 90 seconds left.\n|\n|t:|1723040265\n|move|p2a: Breloom|Mach Punch|p1a: Yanmega\n|-resisted|p1a: Yanmega\n|-damage|p1a: Yanmega|227/275\n|-damage|p2a: Breloom|14/233 tox|[from] item: Life Orb\n|move|p1a: Yanmega|Bug Buzz|p2a: Breloom\n|-crit|p2a: Breloom\n|-damage|p2a: Breloom|0 fnt\n|faint|p2a: Breloom\n|\n|-ability|p1a: Yanmega|Speed Boost|boost\n|-boost|p1a: Yanmega|spe|1\n|upkeep\n|inactive|SymphonyNo.17 has 20 seconds left this turn.\n|\n|t:|1723040269\n|switch|p2a: Excadrill|Excadrill, L80, F|289/307\n|-damage|p2a: Excadrill|280/307|[from] Stealth Rock\n|-ability|p2a: Excadrill|Mold Breaker\n|turn|45\n|inactive|SymphonyNo.17 has 30 seconds left this turn.\n|inactive|SymphonyNo.17 has 20 seconds left.\n|inactive|Delta 2777 has 90 seconds left.\n|\n|t:|1723040286\n|switch|p1a: Chi-Yu|Chi-Yu, L77, tera:Dark|211/211\n|-ability|p1a: Chi-Yu|Beads of Ruin\n|move|p2a: Excadrill|Rock Slide|p1a: Chi-Yu\n|-damage|p1a: Chi-Yu|120/211\n|-damage|p2a: Excadrill|250/307|[from] item: Life Orb\n|\n|upkeep\n|turn|46\n|inactive|SymphonyNo.17 has 30 seconds left this turn.\n|\n|t:|1723040294\n|switch|p2a: Appletun|Appletun, L92, F|352/352\n|-damage|p2a: Appletun|308/352|[from] Stealth Rock\n|move|p1a: Chi-Yu|Flamethrower|p2a: Appletun\n|-damage|p2a: Appletun|239/352\n|\n|-heal|p2a: Appletun|261/352|[from] item: Leftovers\n|upkeep\n|turn|47\n|inactive|SymphonyNo.17 has 30 seconds left.\n|\n|t:|1723040309\n|switch|p1a: Yanmega|Yanmega, L82, M|227/275\n|move|p2a: Appletun|Leech Seed|p1a: Yanmega\n|-start|p1a: Yanmega|move: Leech Seed\n|\n|-heal|p2a: Appletun|283/352|[from] item: Leftovers\n|-damage|p1a: Yanmega|193/275|[from] Leech Seed|[of] p2a: Appletun\n|-heal|p2a: Appletun|317/352|[silent]\n|upkeep\n|turn|48\n|inactive|SymphonyNo.17 has 30 seconds left.\n|\n|t:|1723040319\n|move|p1a: Yanmega|Bug Buzz|p2a: Appletun\n|-supereffective|p2a: Appletun\n|-damage|p2a: Appletun|101/352\n|move|p2a: Appletun|Recover|p2a: Appletun\n|-heal|p2a: Appletun|277/352\n|\n|-heal|p2a: Appletun|299/352|[from] item: Leftovers\n|-damage|p1a: Yanmega|159/275|[from] Leech Seed|[of] p2a: Appletun\n|-heal|p2a: Appletun|333/352|[silent]\n|-ability|p1a: Yanmega|Speed Boost|boost\n|-boost|p1a: Yanmega|spe|1\n|upkeep\n|turn|49\n|inactive|SymphonyNo.17 has 30 seconds left.\n|\n|t:|1723040327\n|switch|p2a: Excadrill|Excadrill, L80, F|250/307\n|-damage|p2a: Excadrill|241/307|[from] Stealth Rock\n|-ability|p2a: Excadrill|Mold Breaker\n|move|p1a: Yanmega|Air Slash|p2a: Excadrill\n|-resisted|p2a: Excadrill\n|-damage|p2a: Excadrill|187/307\n|\n|-damage|p1a: Yanmega|125/275|[from] Leech Seed|[of] p2a: Excadrill\n|-heal|p2a: Excadrill|221/307|[silent]\n|-ability|p1a: Yanmega|Speed Boost|boost\n|-boost|p1a: Yanmega|spe|1\n|upkeep\n|turn|50\n|inactive|SymphonyNo.17 has 30 seconds left.\n|\n|t:|1723040339\n|move|p1a: Yanmega|Bug Buzz|p2a: Excadrill\n|-resisted|p2a: Excadrill\n|-crit|p2a: Excadrill\n|-damage|p2a: Excadrill|111/307\n|move|p2a: Excadrill|Iron Head|p1a: Yanmega\n|-damage|p1a: Yanmega|0 fnt\n|faint|p1a: Yanmega\n|-damage|p2a: Excadrill|81/307|[from] item: Life Orb\n|\n|upkeep\n|\n|t:|1723040343\n|switch|p1a: Chi-Yu|Chi-Yu, L77, tera:Dark|120/211\n|-ability|p1a: Chi-Yu|Beads of Ruin\n|turn|51\n|\n|t:|1723040350\n|move|p1a: Chi-Yu|Dark Pulse|p2a: Excadrill\n|-damage|p2a: Excadrill|0 fnt\n|faint|p2a: Excadrill\n|\n|upkeep\n|\n|t:|1723040351\n|switch|p2a: Appletun|Appletun, L92, F|333/352\n|-damage|p2a: Appletun|289/352|[from] Stealth Rock\n|turn|52\n|\n|t:|1723040360\n|move|p1a: Chi-Yu|Dark Pulse|p2a: Appletun\n|-damage|p2a: Appletun|129/352\n|move|p2a: Appletun|Draco Meteor|p1a: Chi-Yu\n|-damage|p1a: Chi-Yu|0 fnt\n|-unboost|p2a: Appletun|spa|2\n|faint|p1a: Chi-Yu\n|\n|win|Delta 2777\n|raw|SymphonyNo.17's rating: 2395 &rarr; <strong>2380</strong><br />(-15 for losing)\n|raw|Delta 2777's rating: 2482 &rarr; <strong>2497</strong><br />(+15 for winning)\n|c|\u2606SymphonyNo.17|gg\n|l|\u2606SymphonyNo.17\n|player|p1|\n|c|\u2606Delta 2777|gg\n", "inputlog": ">version 645aa3833dc4d492fc8695bcaa26b087252171ab\n>start {\"formatid\":\"gen9randombattle\",\"seed\":[49506,42113,29184,36140],\"rated\":\"Rated battle\"}\n>player p1 {\"name\":\"SymphonyNo.17\",\"avatar\":\"miku-water\",\"rating\":2395,\"seed\":[54313,11807,21742,19664]}\n>player p2 {\"name\":\"Delta 2777\",\"avatar\":\"170\",\"rating\":2482,\"seed\":[38288,64376,61719,17997]}\n>p1 move darkpulse\n>p2 switch 4\n>p1 switch 6\n>p2 move stealthrock\n>p1 move stealthrock\n>p2 switch 5\n>p1 switch 4\n>p2 move calmmind\n>p1 move haze\n>p2 move dragonpulse\n>p1 switch 3\n>p2 switch 6\n>p1 move knockoff\n>p2 switch 6\n>p1 move leafstorm\n>p2 move rest\n>p1 move leafstorm\n>p2 move sleeptalk\n>p1 move leafstorm\n>p2 move sleeptalk\n>p1 switch 3\n>p2 move rest\n>p1 move liquidation\n>p2 move sleeptalk\n>p1 move haze\n>p2 move sleeptalk\n>p1 move recover\n>p2 switch 6\n>p1 switch 2\n>p2 move earthquake\n>p1 switch 2\n>p2 switch 4\n>p1 move toxic\n>p2 switch 5\n>p1 move liquidation\n>p2 move thunderwave\n>p1 move liquidation\n>p2 switch 6\n>p1 move liquidation\n>p2 switch 6\n>p1 move toxic\n>p2 move softboiled\n>p1 switch 2\n>p2 switch 6\n>p1 move swordsdance\n>p2 move dragonpulse\n>p1 move bravebird\n>p2 move dragonpulse\n>p2 switch 3\n>p1 switch 4\n>p2 move swordsdance\n>p1 move rapidspin\n>p2 move machpunch\n>p1 move toxicspikes\n>p2 move machpunch\n>p1 switch 5\n>p1 move airslash\n>p2 switch 6\n>p1 switch 4\n>p2 move softboiled\n>p1 move drillrun\n>p2 move seismictoss\n>p1 switch 3\n>p1 move superpower\n>p2 move seismictoss\n>p2 switch 5\n>p1 move leechlife\n>p2 move calmmind terastallize\n>p1 move knockoff\n>p2 move calmmind\n>p1 move superpower\n>p2 move moonlight\n>p1 move superpower\n>p2 move psyshock\n>p1 move knockoff\n>p2 move moonlight\n>p1 move superpower\n>p2 move psyshock\n>p1 move knockoff\n>p2 move psyshock\n>p1 switch 6\n>p1 move darkpulse terastallize\n>p2 move moonlight\n>p1 move darkpulse\n>p2 move moonlight\n>p2 switch 6\n>p1 switch 2\n>p2 move swordsdance\n>p1 move toxic\n>p2 move rocktomb\n>p1 move recover\n>p2 move rocktomb\n>p1 switch 4\n>p1 move bugbuzz\n>p2 move machpunch\n>p2 switch 4\n>p1 switch 2\n>p2 move rockslide\n>p1 move flamethrower\n>p2 switch 2\n>p1 switch 2\n>p2 move leechseed\n>p1 move bugbuzz\n>p2 move recover\n>p1 move airslash\n>p2 switch 2\n>p1 move bugbuzz\n>p2 move ironhead\n>p1 switch 2\n>p1 move darkpulse\n>p2 move earthquake\n>p2 switch 2\n>p1 move darkpulse\n>p2 move dracometeor", "uploadtime": 1723040792, "views": 132, "formatid": "gen9randombattle", "rating": 2380, "private": 0, "password": null}