{"id": "gen9randombattle-2260602499", "format": "[Gen 9] Random Battle", "players": ["morph0sa", "SolaAtella"], "log": "|j|\u2606morph0sa\n|j|\u2606SolaAtella\n|t:|1733868115\n|gametype|singles\n|player|p1|morph0sa|giovanni|\n|player|p2|SolaAtella|cynthia-gen4|\n|teamsize|p1|6\n|teamsize|p2|6\n|gen|9\n|tier|[Gen 9] Random Battle\n|rule|Species Clause: Limit one of each Pok\u00e9mon\n|rule|HP Percentage Mod: HP is shown in percentages\n|rule|Sleep Clause Mod: Limit one foe put to sleep\n|rule|Illusion Level Mod: Illusion disguises the Pok\u00e9mon's true level\n|\n|t:|1733868115\n|start\n|switch|p1a: Squawkabilly|Squawkabilly-Yellow, L89, F|291/291\n|switch|p2a: Tinkaton|Tinkaton, L82, F|274/274\n|-ability|p2a: Tinkaton|Mold Breaker\n|turn|1\n|\n|t:|1733868160\n|move|p1a: Squawkabilly|Parting Shot|p2a: Tinkaton\n|-unboost|p2a: Tinkaton|atk|1\n|-unboost|p2a: Tinkaton|spa|1\n|\n|t:|1733868171\n|switch|p1a: Drifblim|Drifblim, L86, M|396/396|[from] Parting Shot\n|move|p2a: Tinkaton|Stealth Rock|p1a: Drifblim\n|-sidestart|p1: morph0sa|move: Stealth Rock\n|\n|upkeep\n|turn|2\n|\n|t:|1733868195\n|switch|p2a: Clefable|Clefable, L83, M|293/293\n|move|p1a: Drifblim|Calm Mind|p1a: Drifblim\n|-boost|p1a: Drifblim|spa|1\n|-boost|p1a: Drifblim|spd|1\n|\n|upkeep\n|turn|3\n|\n|t:|1733868205\n|move|p1a: Drifblim|Air Slash|p2a: Clefable\n|-crit|p2a: Clefable\n|-damage|p2a: Clefable|121/293\n|move|p2a: Clefable|Calm Mind|p2a: Clefable\n|-boost|p2a: Clefable|spa|1\n|-boost|p2a: Clefable|spd|1\n|\n|upkeep\n|turn|4\n|\n|t:|1733868219\n|move|p1a: Drifblim|Shadow Ball|p2a: Clefable\n|-damage|p2a: Clefable|43/293\n|move|p2a: Clefable|Moonlight|p2a: Clefable\n|-heal|p2a: Clefable|189/293\n|\n|upkeep\n|turn|5\n|\n|t:|1733868233\n|move|p1a: Drifblim|Calm Mind|p1a: Drifblim\n|-boost|p1a: Drifblim|spa|1\n|-boost|p1a: Drifblim|spd|1\n|move|p2a: Clefable|Calm Mind|p2a: Clefable\n|-boost|p2a: Clefable|spa|1\n|-boost|p2a: Clefable|spd|1\n|\n|upkeep\n|turn|6\n|\n|t:|1733868252\n|move|p1a: Drifblim|Air Slash|p2a: Clefable\n|-damage|p2a: Clefable|108/293\n|move|p2a: Clefable|Calm Mind|p2a: Clefable\n|-boost|p2a: Clefable|spa|1\n|-boost|p2a: Clefable|spd|1\n|\n|upkeep\n|turn|7\n|\n|t:|1733868259\n|move|p1a: Drifblim|Calm Mind|p1a: Drifblim\n|-boost|p1a: Drifblim|spa|1\n|-boost|p1a: Drifblim|spd|1\n|move|p2a: Clefable|Moonlight|p2a: Clefable\n|-heal|p2a: Clefable|254/293\n|\n|upkeep\n|turn|8\n|\n|t:|1733868269\n|move|p1a: Drifblim|Calm Mind|p1a: Drifblim\n|-boost|p1a: Drifblim|spa|1\n|-boost|p1a: Drifblim|spd|1\n|move|p2a: Clefable|Calm Mind|p2a: Clefable\n|-boost|p2a: Clefable|spa|1\n|-boost|p2a: Clefable|spd|1\n|\n|upkeep\n|turn|9\n|\n|t:|1733868277\n|move|p1a: Drifblim|Calm Mind|p1a: Drifblim\n|-boost|p1a: Drifblim|spa|1\n|-boost|p1a: Drifblim|spd|1\n|move|p2a: Clefable|Calm Mind|p2a: Clefable\n|-boost|p2a: Clefable|spa|1\n|-boost|p2a: Clefable|spd|1\n|\n|upkeep\n|turn|10\n|\n|t:|1733868285\n|move|p1a: Drifblim|Calm Mind|p1a: Drifblim\n|-boost|p1a: Drifblim|spa|1\n|-boost|p1a: Drifblim|spd|1\n|move|p2a: Clefable|Calm Mind|p2a: Clefable\n|-boost|p2a: Clefable|spa|1\n|-boost|p2a: Clefable|spd|1\n|\n|upkeep\n|turn|11\n|\n|t:|1733868298\n|move|p1a: Drifblim|Air Slash|p2a: Clefable\n|-damage|p2a: Clefable|173/293\n|cant|p2a: Clefable|flinch\n|\n|upkeep\n|turn|12\n|\n|t:|1733868303\n|move|p1a: Drifblim|Air Slash|p2a: Clefable\n|-damage|p2a: Clefable|97/293\n|move|p2a: Clefable|Moonlight|p2a: Clefable\n|-heal|p2a: Clefable|243/293\n|\n|upkeep\n|turn|13\n|\n|t:|1733868312\n|move|p1a: Drifblim|Air Slash|p2a: Clefable\n|-damage|p2a: Clefable|165/293\n|move|p2a: Clefable|Fire Blast|p1a: Drifblim\n|-damage|p1a: Drifblim|256/396\n|\n|upkeep\n|turn|14\n|\n|t:|1733868345\n|move|p1a: Drifblim|Air Slash|p2a: Clefable\n|-damage|p2a: Clefable|86/293\n|move|p2a: Clefable|Fire Blast|p1a: Drifblim\n|-damage|p1a: Drifblim|120/396\n|-enditem|p1a: Drifblim|Sitrus Berry|[eat]\n|-heal|p1a: Drifblim|219/396|[from] item: Sitrus Berry\n|\n|upkeep\n|turn|15\n|\n|t:|1733868355\n|move|p1a: Drifblim|Shadow Ball|p2a: Clefable\n|-damage|p2a: Clefable|0 fnt\n|faint|p2a: Clefable\n|\n|upkeep\n|\n|t:|1733868375\n|switch|p2a: Infernape|Infernape, L82, M|259/259\n|turn|16\n|\n|t:|1733868380\n|move|p1a: Drifblim|Strength Sap|p2a: Infernape\n|-unboost|p2a: Infernape|atk|1\n|-heal|p1a: Drifblim|396/396\n|move|p2a: Infernape|Knock Off|p1a: Drifblim\n|-supereffective|p1a: Drifblim\n|-damage|p1a: Drifblim|266/396\n|-damage|p2a: Infernape|234/259|[from] item: Life Orb\n|\n|upkeep\n|turn|17\n|\n|t:|1733868401\n|switch|p2a: Tinkaton|Tinkaton, L82, F|274/274\n|-ability|p2a: Tinkaton|Mold Breaker\n|move|p1a: Drifblim|Strength Sap|p2a: Tinkaton\n|-unboost|p2a: Tinkaton|atk|1\n|-heal|p1a: Drifblim|396/396\n|\n|upkeep\n|turn|18\n|\n|t:|1733868413\n|move|p1a: Drifblim|Shadow Ball|p2a: Tinkaton\n|-damage|p2a: Tinkaton|0 fnt\n|faint|p2a: Tinkaton\n|\n|upkeep\n|\n|t:|1733868428\n|switch|p2a: Mew|Mew, L82|298/298\n|turn|19\n|\n|t:|1733868434\n|move|p1a: Drifblim|Shadow Ball|p2a: Mew\n|-supereffective|p2a: Mew\n|-damage|p2a: Mew|0 fnt\n|faint|p2a: Mew\n|\n|upkeep\n|\n|t:|1733868442\n|switch|p2a: Greninja|Greninja, L80, M|246/246\n|turn|20\n|c|\u2606SolaAtella|Me papeaste thio\n|\n|t:|1733868461\n|move|p1a: Drifblim|Air Slash|p2a: Greninja\n|-damage|p2a: Greninja|0 fnt\n|faint|p2a: Greninja\n|\n|upkeep\n|\n|t:|1733868466\n|switch|p2a: Corviknight|Corviknight, L80, F|288/288\n|turn|21\n|c|\u2606morph0sa|GGs thio\n|\n|t:|1733868472\n|move|p1a: Drifblim|Shadow Ball|p2a: Corviknight\n|-damage|p2a: Corviknight|0 fnt\n|faint|p2a: Corviknight\n|\n|upkeep\n|\n|t:|1733868480\n|switch|p2a: Infernape|Infernape, L82, M|234/259\n|turn|22\n|\n|t:|1733868486\n|-terastallize|p2a: Infernape|Fire\n|move|p1a: Drifblim|Air Slash|p2a: Infernape|[miss]\n|-miss|p1a: Drifblim|p2a: Infernape\n|move|p2a: Infernape|Overheat|p1a: Drifblim\n|-damage|p1a: Drifblim|313/396\n|-unboost|p2a: Infernape|spa|2\n|-damage|p2a: Infernape|209/259|[from] item: Life Orb\n|\n|upkeep\n|turn|23\n|\n|t:|1733868498\n|move|p2a: Infernape|Mach Punch|p1a: Drifblim\n|-immune|p1a: Drifblim\n|move|p1a: Drifblim|Strength Sap|p2a: Infernape\n|-unboost|p2a: Infernape|atk|1\n|-heal|p1a: Drifblim|396/396\n|\n|upkeep\n|turn|24\n|\n|t:|1733868509\n|move|p1a: Drifblim|Shadow Ball|p2a: Infernape\n|-damage|p2a: Infernape|0 fnt\n|faint|p2a: Infernape\n|\n|win|morph0sa\n", "inputlog": ">version bfd83cad13791eb5a5a409923076391caf6fb4d4\n>start {\"formatid\":\"gen9randombattle\",\"seed\":[7782,33975,44296,14077]}\n>player p1 {\"name\":\"morph0sa\",\"avatar\":\"giovanni\",\"rating\":0,\"seed\":[24513,42304,47239,31676]}\n>player p2 {\"name\":\"SolaAtella\",\"avatar\":\"cynthia-gen4\",\"rating\":0,\"seed\":[712,25124,46413,39952]}\n>p1 move partingshot\n>p2 move stealthrock\n>p1 switch 2\n>p1 move calmmind\n>p2 switch 6\n>p1 move airslash\n>p2 move calmmind\n>p1 move shadowball\n>p2 move moonlight\n>p1 move calmmind\n>p2 move calmmind\n>p1 move airslash\n>p2 move calmmind\n>p1 move calmmind\n>p2 move moonlight\n>p1 move calmmind\n>p2 move calmmind\n>p1 move calmmind\n>p2 move calmmind\n>p1 move calmmind\n>p2 move calmmind\n>p1 move airslash\n>p2 move fireblast\n>p1 move airslash\n>p2 move moonlight\n>p1 move airslash\n>p2 move fireblast\n>p1 move airslash\n>p2 move fireblast\n>p1 move shadowball\n>p2 move moonlight\n>p2 switch 3\n>p1 move strengthsap\n>p2 move knockoff\n>p1 move strengthsap\n>p2 switch 6\n>p1 move shadowball\n>p2 move encore\n>p2 switch 4\n>p1 move shadowball\n>p2 move swordsdance\n>p2 switch 2\n>chat \u2606SolaAtella|Me papeaste thio\n>p1 move airslash\n>p2 move gunkshot\n>p2 switch 5\n>chat \u2606morph0sa|GGs thio\n>p1 move shadowball\n>p2 move bravebird\n>p2 switch 6\n>p1 move airslash\n>p2 move overheat terastallize\n>p1 move strengthsap\n>p2 move machpunch\n>p1 move shadowball\n>p2 move knockoff", "uploadtime": 1733868524, "views": 1, "formatid": "gen9randombattle", "rating": null, "private": 0, "password": null}