{"id": "gen9randombattle-2260420248", "format": "[Gen 9] Random Battle", "players": ["Jotaro's underwear", "tardtemis"], "log": "|j|\u2606Jotaro's underwear\n|j|\u2606tardtemis\n|t:|1733849886\n|gametype|singles\n|player|p1|Jotaro's underwear|volkner|1667\n|player|p2|tardtemis|265|1710\n|teamsize|p1|6\n|teamsize|p2|6\n|gen|9\n|tier|[Gen 9] Random Battle\n|rated|\n|rule|Species Clause: Limit one of each Pok\u00e9mon\n|rule|HP Percentage Mod: HP is shown in percentages\n|rule|Sleep Clause Mod: Limit one foe put to sleep\n|rule|Illusion Level Mod: Illusion disguises the Pok\u00e9mon's true level\n|\n|t:|1733849886\n|start\n|switch|p1a: Kricketune|Kricketune, L99, M|311/311\n|switch|p2a: Whiscash|Whiscash, L88, M|337/337\n|turn|1\n|inactive|Battle timer is ON: inactive players will automatically lose when time's up. (requested by Jotaro's underwear)\n|c|\u2606Jotaro's underwear|!dt oblivious\n|raw|<ul class=\"utilichart\"><li class=\"result\"><span class=\"col namecol\"><a href=\"https://dex.pokemonshowdown.com/abilities/oblivious\">Oblivious</a></span> <span class=\"col abilitydesccol\">This Pokemon cannot be infatuated or taunted. Immune to Intimidate.</span> </li><li style=\"clear:both\"></li></ul>\n|raw|<font size=\"1\"><font color=\"#686868\">Gen:</font> 3&nbsp;|&ThickSpace;&#10003; Ignored by Mold Breaker</font>\n\n|inactive|Jotaro's underwear has 120 seconds left.\n|\n|t:|1733849923\n|switch|p1a: Amoonguss|Amoonguss, L82, M|321/321\n|move|p2a: Whiscash|Stone Edge|p1a: Amoonguss|[miss]\n|-miss|p2a: Whiscash|p1a: Amoonguss\n|\n|upkeep\n|turn|2\n|inactive|Jotaro's underwear has 120 seconds left.\n|inactive|Jotaro's underwear has 90 seconds left.\n|inactive|Jotaro's underwear has 60 seconds left.\n|\n|t:|1733850036\n|switch|p2a: Braviary|Braviary-Hisui, L85, M|326/326\n|move|p1a: Amoonguss|Spore|p2a: Braviary\n|-status|p2a: Braviary|slp|[from] move: Spore\n|\n|upkeep\n|turn|3\n|inactive|tardtemis has 120 seconds left.\n|\n|t:|1733850058\n|switch|p1a: Haxorus|Haxorus, L77, F|244/244\n|-ability|p1a: Haxorus|Mold Breaker\n|cant|p2a: Braviary|slp\n|\n|upkeep\n|turn|4\n|\n|t:|1733850068\n|switch|p2a: Enamorus|Enamorus-Therian, L83, F|259/259\n|move|p1a: Haxorus|Dragon Dance|p1a: Haxorus\n|-boost|p1a: Haxorus|atk|1\n|-boost|p1a: Haxorus|spe|1\n|\n|upkeep\n|turn|5\n|\n|t:|1733850078\n|-terastallize|p1a: Haxorus|Steel\n|move|p1a: Haxorus|Iron Head|p2a: Enamorus\n|-supereffective|p2a: Enamorus\n|-damage|p2a: Enamorus|25/259\n|-enditem|p2a: Enamorus|Weakness Policy\n|-boost|p2a: Enamorus|atk|2|[from] item: Weakness Policy\n|-boost|p2a: Enamorus|spa|2|[from] item: Weakness Policy\n|move|p2a: Enamorus|Earth Power|p1a: Haxorus\n|-supereffective|p1a: Haxorus\n|-damage|p1a: Haxorus|0 fnt\n|faint|p1a: Haxorus\n|\n|upkeep\n|c|\u2606Jotaro's underwear|wow\n|c|\u2606Jotaro's underwear|wp\n|c|\u2606tardtemis|Thx\n|\n|t:|1733850101\n|switch|p1a: Kricketune|Kricketune, L99, M|311/311\n|turn|6\n|\n|t:|1733850106\n|move|p1a: Kricketune|Knock Off|p2a: Enamorus\n|-resisted|p2a: Enamorus\n|-damage|p2a: Enamorus|3/259\n|move|p2a: Enamorus|Mystical Fire|p1a: Kricketune\n|-supereffective|p1a: Kricketune\n|-enditem|p1a: Kricketune|Focus Sash\n|-damage|p1a: Kricketune|1/311\n|-unboost|p1a: Kricketune|spa|1\n|\n|upkeep\n|turn|7\n|\n|t:|1733850111\n|move|p1a: Kricketune|Sticky Web|p2a: Enamorus\n|-sidestart|p2: tardtemis|move: Sticky Web\n|move|p2a: Enamorus|Agility|p2a: Enamorus\n|-boost|p2a: Enamorus|spe|2\n|\n|upkeep\n|turn|8\n|inactive|Jotaro's underwear has 60 seconds left.\n|\n|t:|1733850133\n|move|p2a: Enamorus|Mystical Fire|p1a: Kricketune\n|-supereffective|p1a: Kricketune\n|-damage|p1a: Kricketune|0 fnt\n|faint|p1a: Kricketune\n|\n|upkeep\n|\n|t:|1733850139\n|switch|p1a: Amoonguss|Amoonguss, L82, M|321/321\n|turn|9\n|\n|t:|1733850150\n|-terastallize|p2a: Enamorus|Ground\n|move|p2a: Enamorus|Earth Power|p1a: Amoonguss\n|-crit|p1a: Amoonguss\n|-damage|p1a: Amoonguss|0 fnt\n|faint|p1a: Amoonguss\n|\n|upkeep\n|\n|t:|1733850155\n|switch|p1a: Dachsbun|Dachsbun, L92, F|254/254\n|turn|10\n|\n|t:|1733850160\n|move|p2a: Enamorus|Earth Power|p1a: Dachsbun\n|-damage|p1a: Dachsbun|34/254\n|move|p1a: Dachsbun|Body Press|p2a: Enamorus\n|-damage|p2a: Enamorus|0 fnt\n|faint|p2a: Enamorus\n|\n|-heal|p1a: Dachsbun|49/254|[from] item: Leftovers\n|upkeep\n|\n|t:|1733850177\n|switch|p2a: Duraludon|Duraludon, L82, F|249/249\n|-activate|p2a: Duraludon|move: Sticky Web\n|-unboost|p2a: Duraludon|spe|1\n|turn|11\n|\n|t:|1733850183\n|move|p1a: Dachsbun|Wish|p1a: Dachsbun\n|move|p2a: Duraludon|Flash Cannon|p1a: Dachsbun\n|-supereffective|p1a: Dachsbun\n|-damage|p1a: Dachsbun|0 fnt\n|faint|p1a: Dachsbun\n|\n|upkeep\n|\n|t:|1733850190\n|switch|p1a: Orthworm|Orthworm, L88, F|266/266\n|turn|12\n|\n|t:|1733850196\n|switch|p2a: Arbok|Arbok, L87, M|246/246\n|-activate|p2a: Arbok|move: Sticky Web\n|-unboost|p2a: Arbok|spe|1\n|-ability|p2a: Arbok|Intimidate|boost\n|-unboost|p1a: Orthworm|atk|1\n|move|p1a: Orthworm|Coil|p1a: Orthworm\n|-boost|p1a: Orthworm|atk|1\n|-boost|p1a: Orthworm|def|1\n|-boost|p1a: Orthworm|accuracy|1\n|\n|upkeep\n|turn|13\n|\n|t:|1733850200\n|move|p1a: Orthworm|Coil|p1a: Orthworm\n|-boost|p1a: Orthworm|atk|1\n|-boost|p1a: Orthworm|def|1\n|-boost|p1a: Orthworm|accuracy|1\n|move|p2a: Arbok|Glare|p1a: Orthworm\n|-status|p1a: Orthworm|par\n|\n|upkeep\n|turn|14\n|inactive|tardtemis has 120 seconds left.\n|c|\u2606tardtemis|Well\n|c|\u2606tardtemis|Absolutely nothing to pass this mon\n|inactive|tardtemis has 90 seconds left.\n|c|\u2606Jotaro's underwear|haha im lucky\n|c|\u2606Jotaro's underwear|but you deserve the win 100% for that read\n|\n|t:|1733850271\n|move|p2a: Arbok|Knock Off|p1a: Orthworm\n|-damage|p1a: Orthworm|237/266 par\n|-enditem|p1a: Orthworm|Chesto Berry|[from] move: Knock Off|[of] p2a: Arbok\n|-damage|p2a: Arbok|222/246|[from] item: Life Orb\n|move|p1a: Orthworm|Coil|p1a: Orthworm\n|-boost|p1a: Orthworm|atk|1\n|-boost|p1a: Orthworm|def|1\n|-boost|p1a: Orthworm|accuracy|1\n|\n|upkeep\n|turn|15\n|\n|t:|1733850288\n|switch|p2a: Whiscash|Whiscash, L88, M|337/337\n|-activate|p2a: Whiscash|move: Sticky Web\n|-unboost|p2a: Whiscash|spe|1\n|move|p1a: Orthworm|Coil|p1a: Orthworm\n|-boost|p1a: Orthworm|atk|1\n|-boost|p1a: Orthworm|def|1\n|-boost|p1a: Orthworm|accuracy|1\n|\n|upkeep\n|turn|16\n|\n|t:|1733850294\n|move|p2a: Whiscash|Dragon Dance|p2a: Whiscash\n|-boost|p2a: Whiscash|atk|1\n|-boost|p2a: Whiscash|spe|1\n|move|p1a: Orthworm|Body Press|p2a: Whiscash\n|-damage|p2a: Whiscash|55/337\n|\n|upkeep\n|turn|17\n|inactive|tardtemis has 90 seconds left.\n|\n|t:|1733850300\n|move|p2a: Whiscash|Liquidation|p1a: Orthworm\n|-damage|p1a: Orthworm|202/266 par\n|-damage|p2a: Whiscash|22/337|[from] item: Life Orb\n|move|p1a: Orthworm|Body Press|p2a: Whiscash\n|-damage|p2a: Whiscash|0 fnt\n|faint|p2a: Whiscash\n|\n|upkeep\n|inactive|tardtemis has 90 seconds left.\n|\n|t:|1733850325\n|switch|p2a: Duraludon|Duraludon, L82, F|249/249\n|-activate|p2a: Duraludon|move: Sticky Web\n|-unboost|p2a: Duraludon|spe|1\n|turn|18\n|\n|t:|1733850333\n|move|p2a: Duraludon|Draco Meteor|p1a: Orthworm\n|-resisted|p1a: Orthworm\n|-damage|p1a: Orthworm|100/266 par\n|-unboost|p2a: Duraludon|spa|2\n|move|p1a: Orthworm|Body Press|p2a: Duraludon\n|-supereffective|p2a: Duraludon\n|-damage|p2a: Duraludon|0 fnt\n|faint|p2a: Duraludon\n|\n|upkeep\n|\n|t:|1733850353\n|switch|p2a: Braviary|Braviary-Hisui, L85, M|326/326 slp\n|turn|19\n|\n|t:|1733850360\n|cant|p2a: Braviary|slp\n|cant|p1a: Orthworm|par\n|\n|upkeep\n|turn|20\n|\n|t:|1733850362\n|-curestatus|p2a: Braviary|slp|[msg]\n|move|p2a: Braviary|Vacuum Wave|p1a: Orthworm\n|-supereffective|p1a: Orthworm\n|-damage|p1a: Orthworm|0 fnt\n|faint|p1a: Orthworm\n|\n|upkeep\n|\n|t:|1733850366\n|switch|p1a: Toxtricity|Toxtricity, L82, F|257/257\n|turn|21\n|inactive|tardtemis has 90 seconds left.\n|\n|t:|1733850376\n|move|p2a: Braviary|Vacuum Wave|p1a: Toxtricity\n|-resisted|p1a: Toxtricity\n|-damage|p1a: Toxtricity|199/257\n|move|p1a: Toxtricity|Overdrive|p2a: Braviary\n|-supereffective|p2a: Braviary\n|-damage|p2a: Braviary|0 fnt\n|faint|p2a: Braviary\n|\n|upkeep\n|\n|t:|1733850379\n|switch|p2a: Arbok|Arbok, L87, M|222/246\n|-activate|p2a: Arbok|move: Sticky Web\n|-unboost|p2a: Arbok|spe|1\n|-ability|p2a: Arbok|Intimidate|boost\n|-unboost|p1a: Toxtricity|atk|1\n|turn|22\n|\n|t:|1733850381\n|move|p1a: Toxtricity|Overdrive|p2a: Arbok\n|-damage|p2a: Arbok|24/246\n|move|p2a: Arbok|Earthquake|p1a: Toxtricity\n|-supereffective|p1a: Toxtricity\n|-damage|p1a: Toxtricity|0 fnt\n|faint|p1a: Toxtricity\n|-damage|p2a: Arbok|0 fnt|[from] item: Life Orb\n|faint|p2a: Arbok\n|\n|win|tardtemis\n|raw|Jotaro&apos;s underwear's rating: 1667 &rarr; <strong>1649</strong><br />(-18 for losing)\n|raw|tardtemis's rating: 1710 &rarr; <strong>1728</strong><br />(+18 for winning)\n|c|\u2606Jotaro's underwear|gg\n|c|\u2606tardtemis|Gg\n|l|\u2606Jotaro's underwear\n|player|p1|\n", "inputlog": ">version bfd83cad13791eb5a5a409923076391caf6fb4d4\n>start {\"formatid\":\"gen9randombattle\",\"seed\":[57718,27020,32867,45458],\"rated\":\"Rated battle\"}\n>player p1 {\"name\":\"Jotaro's underwear\",\"avatar\":\"volkner\",\"rating\":1667,\"seed\":[6191,34860,49591,43943]}\n>player p2 {\"name\":\"tardtemis\",\"avatar\":\"265\",\"rating\":1710,\"seed\":[28426,27025,52030,11095]}\n>chat \u2606Jotaro's underwear|!dt oblivious\n>p1 switch 5\n>p2 move stoneedge\n>p1 move spore\n>p2 switch 4\n>p1 switch 2\n>p2 move uturn\n>p1 move dragondance\n>p2 switch 3\n>p1 move ironhead terastallize\n>p2 move earthpower\n>chat \u2606Jotaro's underwear|wow\n>chat \u2606Jotaro's underwear|wp\n>chat \u2606tardtemis|Thx\n>p1 switch 5\n>p1 move knockoff\n>p2 move mysticalfire\n>p1 move stickyweb\n>p2 move agility\n>p1 move pounce\n>p2 move mysticalfire\n>p1 switch 2\n>p1 move clearsmog\n>p2 move earthpower terastallize\n>p1 switch 6\n>p1 move bodypress\n>p2 move earthpower\n>p2 switch 2\n>p1 move wish\n>p2 move flashcannon\n>p1 switch 3\n>p1 move coil\n>p2 switch 5\n>p1 move coil\n>p2 move glare\n>chat \u2606tardtemis|Well\n>chat \u2606tardtemis|Absolutely nothing to pass this mon\n>chat \u2606Jotaro's underwear|haha im lucky\n>chat \u2606Jotaro's underwear|but you deserve the win 100% for that read\n>p1 move coil\n>p2 move knockoff\n>p1 move coil\n>p2 switch 4\n>p1 move bodypress\n>p2 move dragondance\n>p1 move bodypress\n>p2 move liquidation\n>p2 switch 5\n>p1 move bodypress\n>p2 move dracometeor\n>p2 switch 3\n>p1 move irontail\n>p2 move vacuumwave\n>p1 move irontail\n>p2 move vacuumwave\n>p1 switch 4\n>p1 move overdrive\n>p2 move vacuumwave\n>p2 switch 4\n>p1 move overdrive\n>p2 move earthquake", "uploadtime": 1733850391, "views": 1, "formatid": "gen9randombattle", "rating": 1649, "private": 0, "password": null}