{"id": "gen9randombattle-2260662891", "format": "[Gen 9] Random Battle", "players": ["Terrae Causa", "Gullytrickz"], "log": "|j|\u2606Terrae Causa\n|j|\u2606Gullytrickz\n|t:|1733875402\n|gametype|singles\n|player|p1|Terrae Causa|rika|1518\n|player|p2|Gullytrickz|102|1485\n|teamsize|p1|6\n|teamsize|p2|6\n|gen|9\n|tier|[Gen 9] Random Battle\n|rated|\n|rule|Species Clause: Limit one of each Pok\u00e9mon\n|rule|HP Percentage Mod: HP is shown in percentages\n|rule|Sleep Clause Mod: Limit one foe put to sleep\n|rule|Illusion Level Mod: Illusion disguises the Pok\u00e9mon's true level\n|\n|t:|1733875402\n|start\n|switch|p1a: Weezing|Weezing-Galar, L86, F|252/252\n|switch|p2a: Vikavolt|Vikavolt, L83, M|263/263\n|turn|1\n|inactive|Battle timer is ON: inactive players will automatically lose when time's up. (requested by Gullytrickz)\n|\n|t:|1733875412\n|move|p1a: Weezing|Gunk Shot|p2a: Vikavolt\n|-damage|p2a: Vikavolt|136/263\n|move|p2a: Vikavolt|Sticky Web|p1a: Weezing\n|-sidestart|p1: Terrae Causa|move: Sticky Web\n|\n|upkeep\n|turn|2\n|\n|t:|1733875419\n|move|p1a: Weezing|Gunk Shot|p2a: Vikavolt|[miss]\n|-miss|p1a: Weezing|p2a: Vikavolt\n|move|p2a: Vikavolt|Thunderbolt|p1a: Weezing\n|-damage|p1a: Weezing|108/252\n|\n|-heal|p1a: Weezing|123/252|[from] item: Leftovers\n|upkeep\n|turn|3\n|\n|t:|1733875427\n|move|p1a: Weezing|Gunk Shot|p2a: Vikavolt\n|-crit|p2a: Vikavolt\n|-damage|p2a: Vikavolt|0 fnt\n|faint|p2a: Vikavolt\n|\n|-heal|p1a: Weezing|138/252|[from] item: Leftovers\n|upkeep\n|inactive|Gullytrickz has 120 seconds left.\n|\n|t:|1733875457\n|switch|p2a: Chi-Yu|Chi-Yu, L77|211/211\n|-ability|p2a: Chi-Yu|Beads of Ruin\n|turn|4\n|\n|t:|1733875475\n|move|p2a: Chi-Yu|Nasty Plot|p2a: Chi-Yu\n|-boost|p2a: Chi-Yu|spa|2\n|move|p1a: Weezing|Defog|p2a: Chi-Yu\n|-unboost|p2a: Chi-Yu|evasion|1\n|-sideend|p1: Terrae Causa|Sticky Web|[from] move: Defog|[of] p1a: Weezing\n|\n|-heal|p1a: Weezing|153/252|[from] item: Leftovers\n|upkeep\n|turn|5\n|\n|t:|1733875485\n|switch|p1a: Ditto|Ditto, L87|225/225\n|-transform|p1a: Ditto|p2a: Chi-Yu|[from] ability: Imposter\n|-ability|p1a: Ditto|Beads of Ruin\n|move|p2a: Chi-Yu|Psychic|p1a: Ditto\n|-immune|p1a: Ditto\n|\n|upkeep\n|turn|6\n|\n|t:|1733875508\n|move|p1a: Ditto|Dark Pulse|p2a: Chi-Yu\n|-resisted|p2a: Chi-Yu\n|-crit|p2a: Chi-Yu\n|-damage|p2a: Chi-Yu|70/211\n|move|p2a: Chi-Yu|Fire Blast|p1a: Ditto\n|-resisted|p1a: Ditto\n|-damage|p1a: Ditto|125/225\n|\n|upkeep\n|turn|7\n|\n|t:|1733875517\n|move|p1a: Ditto|Dark Pulse|p2a: Chi-Yu\n|-resisted|p2a: Chi-Yu\n|-damage|p2a: Chi-Yu|0 fnt\n|faint|p2a: Chi-Yu\n|\n|upkeep\n|\n|t:|1733875528\n|switch|p2a: Azumarill|Azumarill, L82, M|298/298\n|turn|8\n|\n|t:|1733875535\n|switch|p1a: Qwilfish|Qwilfish, L86, F|252/252\n|-ability|p1a: Qwilfish|Intimidate|boost\n|-unboost|p2a: Azumarill|atk|1\n|move|p2a: Azumarill|Liquidation|p1a: Qwilfish\n|-resisted|p1a: Qwilfish\n|-damage|p1a: Qwilfish|195/252\n|-unboost|p1a: Qwilfish|def|1\n|\n|upkeep\n|turn|9\n|\n|t:|1733875544\n|move|p1a: Qwilfish|Toxic|p2a: Azumarill\n|-status|p2a: Azumarill|tox\n|move|p2a: Azumarill|Liquidation|p1a: Qwilfish\n|-resisted|p1a: Qwilfish\n|-damage|p1a: Qwilfish|112/252\n|\n|-damage|p2a: Azumarill|280/298 tox|[from] psn\n|upkeep\n|turn|10\n|\n|t:|1733875554\n|move|p1a: Qwilfish|Gunk Shot|p2a: Azumarill\n|-supereffective|p2a: Azumarill\n|-damage|p2a: Azumarill|0 fnt\n|faint|p2a: Azumarill\n|\n|upkeep\n|\n|t:|1733875562\n|switch|p2a: Masquerain|Masquerain, L87, F|264/264\n|-ability|p2a: Masquerain|Intimidate|boost\n|-unboost|p1a: Qwilfish|atk|1\n|turn|11\n|\n|t:|1733875575\n|move|p1a: Qwilfish|Flip Turn|p2a: Masquerain\n|-damage|p2a: Masquerain|207/264\n|\n|t:|1733875580\n|switch|p1a: Golem|Golem-Alola, L93, M|300/300|[from] Flip Turn\n|move|p2a: Masquerain|Quiver Dance|p2a: Masquerain\n|-boost|p2a: Masquerain|spa|1\n|-boost|p2a: Masquerain|spd|1\n|-boost|p2a: Masquerain|spe|1\n|\n|upkeep\n|turn|12\n|\n|t:|1733875590\n|-terastallize|p2a: Masquerain|Water\n|move|p2a: Masquerain|Hydro Pump|p1a: Golem|[miss]\n|-miss|p2a: Masquerain|p1a: Golem\n|move|p1a: Golem|Stone Edge|p2a: Masquerain\n|-damage|p2a: Masquerain|0 fnt\n|faint|p2a: Masquerain\n|-damage|p1a: Golem|270/300|[from] item: Life Orb\n|\n|upkeep\n|\n|t:|1733875593\n|switch|p2a: Brambleghast|Brambleghast, L88, M|240/240\n|turn|13\n|\n|t:|1733875621\n|switch|p1a: Zapdos|Zapdos-Galar, L77|265/265\n|move|p2a: Brambleghast|Poltergeist|p1a: Zapdos\n|-activate|p1a: Zapdos|move: Poltergeist|Life Orb\n|-damage|p1a: Zapdos|115/265\n|\n|upkeep\n|turn|14\n|inactive|Terrae Causa has 120 seconds left.\n|\n|t:|1733875636\n|move|p2a: Brambleghast|Poltergeist|p1a: Zapdos\n|-activate|p1a: Zapdos|move: Poltergeist|Life Orb\n|-damage|p1a: Zapdos|0 fnt\n|faint|p1a: Zapdos\n|\n|upkeep\n|inactive|Terrae Causa has 120 seconds left.\n|\n|t:|1733875644\n|switch|p1a: Qwilfish|Qwilfish, L86, F|112/252\n|-ability|p1a: Qwilfish|Intimidate|boost\n|-unboost|p2a: Brambleghast|atk|1\n|turn|15\n|\n|t:|1733875660\n|move|p2a: Brambleghast|Power Whip|p1a: Qwilfish\n|-damage|p1a: Qwilfish|0 fnt\n|faint|p1a: Qwilfish\n|\n|upkeep\n|\n|t:|1733875668\n|switch|p1a: Weezing|Weezing-Galar, L86, F|153/252\n|turn|16\n|\n|t:|1733875676\n|switch|p2a: Infernape|Infernape, L82, F|259/259\n|move|p1a: Weezing|Gunk Shot|p2a: Infernape\n|-damage|p2a: Infernape|103/259\n|\n|-heal|p1a: Weezing|168/252|[from] item: Leftovers\n|upkeep\n|turn|17\n|\n|t:|1733875688\n|move|p2a: Infernape|Overheat|p1a: Weezing\n|-damage|p1a: Weezing|0 fnt\n|-unboost|p2a: Infernape|spa|2\n|faint|p1a: Weezing\n|-damage|p2a: Infernape|78/259|[from] item: Life Orb\n|\n|upkeep\n|\n|t:|1733875695\n|switch|p1a: Whiscash|Whiscash, L88, M|337/337\n|turn|18\n|\n|t:|1733875699\n|move|p2a: Infernape|Grass Knot|p1a: Whiscash\n|-supereffective|p1a: Whiscash\n|-damage|p1a: Whiscash|243/337\n|-damage|p2a: Infernape|53/259|[from] item: Life Orb\n|move|p1a: Whiscash|Dragon Dance|p1a: Whiscash\n|-boost|p1a: Whiscash|atk|1\n|-boost|p1a: Whiscash|spe|1\n|\n|upkeep\n|turn|19\n|\n|t:|1733875711\n|switch|p2a: Brambleghast|Brambleghast, L88, M|240/240\n|move|p1a: Whiscash|Liquidation|p2a: Brambleghast\n|-resisted|p2a: Brambleghast\n|-damage|p2a: Brambleghast|152/240\n|-damage|p1a: Whiscash|210/337|[from] item: Life Orb\n|\n|upkeep\n|turn|20\n|inactive|Terrae Causa has 120 seconds left.\n|\n|t:|1733875750\n|switch|p1a: Ditto|Ditto, L87|125/225\n|-transform|p1a: Ditto|p2a: Brambleghast|[from] ability: Imposter\n|move|p2a: Brambleghast|Rapid Spin|p1a: Ditto\n|-immune|p1a: Ditto\n|\n|upkeep\n|turn|21\n|inactive|Terrae Causa has 120 seconds left.\n|\n|t:|1733875766\n|-terastallize|p1a: Ditto|Steel\n|move|p1a: Ditto|Poltergeist|p2a: Brambleghast\n|-activate|p2a: Brambleghast|move: Poltergeist|Heavy-Duty Boots\n|-supereffective|p2a: Brambleghast\n|-damage|p2a: Brambleghast|0 fnt\n|faint|p2a: Brambleghast\n|\n|upkeep\n|\n|t:|1733875768\n|switch|p2a: Infernape|Infernape, L82, F|53/259\n|turn|22\n|\n|t:|1733875775\n|move|p1a: Ditto|Poltergeist|p2a: Infernape\n|-activate|p2a: Infernape|move: Poltergeist|Life Orb\n|-damage|p2a: Infernape|0 fnt\n|faint|p2a: Infernape\n|\n|win|Terrae Causa\n|raw|Terrae Causa's rating: 1518 &rarr; <strong>1536</strong><br />(+18 for winning)\n|raw|Gullytrickz's rating: 1485 &rarr; <strong>1467</strong><br />(-18 for losing)\n|l|\u2606Gullytrickz\n|player|p2|\n", "inputlog": ">version bfd83cad13791eb5a5a409923076391caf6fb4d4\n>start {\"formatid\":\"gen9randombattle\",\"seed\":[59793,12376,32459,49474],\"rated\":\"Rated battle\"}\n>player p1 {\"name\":\"Terrae Causa\",\"avatar\":\"rika\",\"rating\":1518,\"seed\":[45647,52578,11096,1297]}\n>player p2 {\"name\":\"Gullytrickz\",\"avatar\":\"102\",\"rating\":1485,\"seed\":[26258,62772,10397,38059]}\n>p1 move gunkshot\n>p2 move stickyweb\n>p1 move gunkshot\n>p2 move thunderbolt\n>p1 move gunkshot\n>p2 move thunderbolt\n>p2 switch 5\n>p1 move defog\n>p2 move nastyplot\n>p1 switch 3\n>p2 move psychic\n>p1 move darkpulse\n>p2 move fireblast\n>p1 move darkpulse\n>p2 move fireblast\n>p2 switch 6\n>p1 switch 2\n>p2 move liquidation\n>p1 move toxic\n>p2 move liquidation\n>p1 move gunkshot\n>p2 move liquidation\n>p2 switch 3\n>p1 move flipturn\n>p2 move quiverdance\n>p1 switch 5\n>p1 move stoneedge\n>p2 move hydropump terastallize\n>p2 switch 4\n>p1 switch 6\n>p2 move poltergeist\n>p1 move knockoff\n>p2 move poltergeist\n>p1 switch 5\n>p1 move toxic\n>p2 move powerwhip\n>p1 switch 3\n>p1 move gunkshot\n>p2 switch 2\n>p1 move strangesteam\n>p2 move overheat\n>p1 switch 4\n>p1 move dragondance\n>p2 move grassknot\n>p1 move liquidation\n>p2 switch 2\n>p1 switch 2\n>p2 move rapidspin\n>p1 move poltergeist terastallize\n>p2 move poltergeist\n>p2 switch 2\n>p1 move poltergeist\n>p2 move closecombat", "uploadtime": 1733875782, "views": 2, "formatid": "gen9randombattle", "rating": 1467, "private": 0, "password": null}