{"id": "gen9randombattle-2260781587", "format": "[Gen 9] Random Battle", "players": ["xinyazhili", "Zara home 001"], "log": "|j|\u2606xinyazhili\n|j|\u2606Zara home 001\n|t:|1733891143\n|gametype|singles\n|player|p1|xinyazhili|170|\n|player|p2|Zara home 001|266|\n|teamsize|p1|6\n|teamsize|p2|6\n|gen|9\n|tier|[Gen 9] Random Battle\n|rule|Species Clause: Limit one of each Pok\u00e9mon\n|rule|HP Percentage Mod: HP is shown in percentages\n|rule|Sleep Clause Mod: Limit one foe put to sleep\n|rule|Illusion Level Mod: Illusion disguises the Pok\u00e9mon's true level\n|\n|t:|1733891143\n|start\n|switch|p1a: Garchomp|Garchomp, L74, F|282/282\n|switch|p2a: Ariados|Ariados, L95, F|287/287\n|turn|1\n|inactive|Battle timer is ON: inactive players will automatically lose when time's up. (requested by xinyazhili)\n|\n|t:|1733891149\n|move|p1a: Garchomp|Stealth Rock|p2a: Ariados\n|-sidestart|p2: Zara home 001|move: Stealth Rock\n|move|p2a: Ariados|Sticky Web|p1a: Garchomp\n|-sidestart|p1: xinyazhili|move: Sticky Web\n|\n|upkeep\n|turn|2\n|\n|t:|1733891153\n|move|p2a: Ariados|Toxic Spikes|p1a: Garchomp\n|-sidestart|p1: xinyazhili|move: Toxic Spikes\n|move|p1a: Garchomp|Dragon Tail|p2a: Ariados\n|-damage|p2a: Ariados|218/287\n|drag|p2a: Noctowl|Noctowl, L95, F|344/344\n|\n|upkeep\n|turn|3\n|\n|t:|1733891157\n|move|p1a: Garchomp|Outrage|p2a: Noctowl\n|-damage|p2a: Noctowl|190/344\n|move|p2a: Noctowl|Nasty Plot|p2a: Noctowl\n|-boost|p2a: Noctowl|spa|2\n|\n|upkeep\n|turn|4\n|\n|t:|1733891161\n|move|p1a: Garchomp|Outrage|p2a: Noctowl|[from]lockedmove\n|-damage|p2a: Noctowl|21/344\n|-start|p1a: Garchomp|confusion|[fatigue]\n|move|p2a: Noctowl|Hurricane|p1a: Garchomp\n|-damage|p1a: Garchomp|0 fnt\n|faint|p1a: Garchomp\n|\n|upkeep\n|\n|t:|1733891174\n|switch|p1a: Overqwil|Overqwil, L82, M|274/274\n|-activate|p1a: Overqwil|move: Sticky Web\n|-unboost|p1a: Overqwil|spe|1\n|-sideend|p1: xinyazhili|move: Toxic Spikes|[of] p1a: Overqwil\n|-ability|p1a: Overqwil|Intimidate|boost\n|-unboost|p2a: Noctowl|atk|1\n|turn|5\n|\n|t:|1733891179\n|move|p2a: Noctowl|Hurricane|p1a: Overqwil\n|-crit|p1a: Overqwil\n|-damage|p1a: Overqwil|0 fnt\n|faint|p1a: Overqwil\n|\n|upkeep\n|\n|t:|1733891184\n|switch|p1a: Necrozma|Necrozma-Dusk-Mane, L69|248/248\n|-activate|p1a: Necrozma|move: Sticky Web\n|-unboost|p1a: Necrozma|spe|1\n|turn|6\n|\n|t:|1733891190\n|move|p2a: Noctowl|Hurricane|p1a: Necrozma\n|-resisted|p1a: Necrozma\n|-damage|p1a: Necrozma|0 fnt\n|faint|p1a: Necrozma\n|\n|upkeep\n|\n|t:|1733891212\n|switch|p1a: Entei|Entei, L78|307/307\n|-activate|p1a: Entei|move: Sticky Web\n|-unboost|p1a: Entei|spe|1\n|turn|7\n|\n|t:|1733891216\n|move|p1a: Entei|Extreme Speed|p2a: Noctowl\n|-damage|p2a: Noctowl|0 fnt\n|faint|p2a: Noctowl\n|\n|upkeep\n|\n|t:|1733891220\n|switch|p2a: Ariados|Ariados, L95, F|218/287\n|-damage|p2a: Ariados|147/287|[from] Stealth Rock\n|turn|8\n|\n|t:|1733891225\n|-terastallize|p1a: Entei|Normal\n|move|p1a: Entei|Extreme Speed|p2a: Ariados\n|-damage|p2a: Ariados|15/287\n|move|p2a: Ariados|Toxic Spikes|p1a: Entei\n|-sidestart|p1: xinyazhili|move: Toxic Spikes\n|\n|upkeep\n|turn|9\n|\n|t:|1733891229\n|move|p1a: Entei|Extreme Speed|p2a: Ariados\n|-damage|p2a: Ariados|0 fnt\n|faint|p2a: Ariados\n|\n|upkeep\n|\n|t:|1733891232\n|switch|p2a: Wugtrio|Wugtrio, L91, M|212/212\n|-damage|p2a: Wugtrio|186/212|[from] Stealth Rock\n|turn|10\n|\n|t:|1733891235\n|move|p1a: Entei|Extreme Speed|p2a: Wugtrio\n|-damage|p2a: Wugtrio|26/212\n|-ability|p2a: Wugtrio|Gooey\n|-unboost|p1a: Entei|spe|1\n|move|p2a: Wugtrio|Liquidation|p1a: Entei\n|-damage|p1a: Entei|117/307\n|\n|upkeep\n|turn|11\n|\n|t:|1733891238\n|move|p1a: Entei|Extreme Speed|p2a: Wugtrio\n|-damage|p2a: Wugtrio|0 fnt\n|-ability|p2a: Wugtrio|Gooey\n|-unboost|p1a: Entei|spe|1\n|faint|p2a: Wugtrio\n|\n|upkeep\n|\n|t:|1733891240\n|switch|p2a: Tauros|Tauros-Paldea-Aqua, L81, M|252/252\n|-damage|p2a: Tauros|237/252|[from] Stealth Rock\n|turn|12\n|\n|t:|1733891245\n|switch|p1a: Virizion|Virizion, L82|283/283\n|-activate|p1a: Virizion|move: Sticky Web\n|-unboost|p1a: Virizion|spe|1\n|-status|p1a: Virizion|psn\n|move|p2a: Tauros|Bulk Up|p2a: Tauros\n|-boost|p2a: Tauros|atk|1\n|-boost|p2a: Tauros|def|1\n|\n|-damage|p1a: Virizion|248/283 psn|[from] psn\n|upkeep\n|turn|13\n|\n|t:|1733891253\n|move|p2a: Tauros|Close Combat|p1a: Virizion\n|-crit|p1a: Virizion\n|-damage|p1a: Virizion|0 fnt\n|-unboost|p2a: Tauros|def|1\n|-unboost|p2a: Tauros|spd|1\n|faint|p1a: Virizion\n|\n|upkeep\n|\n|t:|1733891257\n|switch|p1a: Wo-Chien|Wo-Chien, L83|277/277\n|-activate|p1a: Wo-Chien|move: Sticky Web\n|-unboost|p1a: Wo-Chien|spe|1\n|-status|p1a: Wo-Chien|psn\n|-ability|p1a: Wo-Chien|Tablets of Ruin\n|turn|14\n|\n|t:|1733891259\n|move|p2a: Tauros|Close Combat|p1a: Wo-Chien\n|-supereffective|p1a: Wo-Chien\n|-damage|p1a: Wo-Chien|0 fnt\n|-unboost|p2a: Tauros|def|1\n|-unboost|p2a: Tauros|spd|1\n|faint|p1a: Wo-Chien\n|\n|upkeep\n|\n|t:|1733891261\n|switch|p1a: Entei|Entei, L78, tera:Normal|117/307\n|-activate|p1a: Entei|move: Sticky Web\n|-unboost|p1a: Entei|spe|1\n|-status|p1a: Entei|psn\n|turn|15\n|\n|t:|1733891263\n|move|p1a: Entei|Extreme Speed|p2a: Tauros\n|-crit|p2a: Tauros\n|-damage|p2a: Tauros|0 fnt\n|faint|p2a: Tauros\n|\n|-damage|p1a: Entei|79/307 psn|[from] psn\n|upkeep\n|\n|t:|1733891267\n|switch|p2a: Magcargo|Magcargo, L95, F|268/268\n|turn|16\n|\n|t:|1733891271\n|move|p1a: Entei|Extreme Speed|p2a: Magcargo\n|-resisted|p2a: Magcargo\n|-damage|p2a: Magcargo|221/268\n|-ability|p2a: Magcargo|Weak Armor|boost\n|-unboost|p2a: Magcargo|def|1\n|-boost|p2a: Magcargo|spe|2\n|move|p2a: Magcargo|Shell Smash|p2a: Magcargo\n|-unboost|p2a: Magcargo|def|1\n|-unboost|p2a: Magcargo|spd|1\n|-boost|p2a: Magcargo|atk|2\n|-boost|p2a: Magcargo|spa|2\n|-boost|p2a: Magcargo|spe|2\n|\n|-damage|p1a: Entei|41/307 psn|[from] psn\n|upkeep\n|turn|17\n|\n|t:|1733891278\n|move|p1a: Entei|Extreme Speed|p2a: Magcargo\n|-resisted|p2a: Magcargo\n|-damage|p2a: Magcargo|131/268\n|-ability|p2a: Magcargo|Weak Armor|boost\n|-unboost|p2a: Magcargo|def|1\n|-boost|p2a: Magcargo|spe|2\n|move|p2a: Magcargo|Earth Power|p1a: Entei\n|-damage|p1a: Entei|0 fnt\n|faint|p1a: Entei\n|\n|win|Zara home 001\n|l|\u2606xinyazhili\n|player|p1|\n", "inputlog": ">version bfd83cad13791eb5a5a409923076391caf6fb4d4\n>start {\"formatid\":\"gen9randombattle\",\"seed\":[31025,60851,41765,41432]}\n>player p1 {\"name\":\"xinyazhili\",\"avatar\":\"170\",\"rating\":0,\"seed\":[11721,54228,8745,50555]}\n>player p2 {\"name\":\"Zara home 001\",\"avatar\":\"266\",\"rating\":0,\"seed\":[5616,19499,18655,3932]}\n>p1 move stealthrock\n>p2 move stickyweb\n>p1 move dragontail\n>p2 move toxicspikes\n>p1 move outrage\n>p2 move nastyplot\n>p1 move outrage\n>p2 move hurricane\n>p1 switch 6\n>p1 move liquidation\n>p2 move hurricane\n>p1 switch 4\n>p1 move dragondance\n>p2 move hurricane\n>p1 switch 2\n>p1 move extremespeed\n>p2 move hurricane\n>p2 switch 3\n>p1 move extremespeed terastallize\n>p2 move toxicspikes\n>p1 move extremespeed\n>p2 move poisonjab\n>p2 switch 5\n>p1 move extremespeed\n>p2 move liquidation\n>p1 move extremespeed\n>p2 move liquidation\n>p2 switch 2\n>p1 switch 3\n>p2 move bulkup\n>p1 move leafblade\n>p2 move closecombat\n>p1 switch 5\n>p1 move gigadrain\n>p2 move closecombat\n>p1 switch 3\n>p1 move extremespeed\n>p2 move closecombat\n>p2 switch 6\n>p1 move extremespeed\n>p2 move shellsmash\n>p1 move extremespeed\n>p2 move earthpower", "uploadtime": 1733891284, "views": 12, "formatid": "gen9randombattle", "rating": null, "private": 0, "password": null}