{"id": "gen9randombattle-2260667922", "format": "[Gen 9] Random Battle", "players": ["ShuckTillYouMuk", "PM) Edson Acuna"], "log": "|j|\u2606ShuckTillYouMuk\n|j|\u2606PM) Edson Acuna\n|t:|1733876031\n|gametype|singles\n|player|p1|ShuckTillYouMuk|170|1698\n|player|p2|PM) Edson Acuna|thorton|1686\n|teamsize|p1|6\n|teamsize|p2|6\n|gen|9\n|tier|[Gen 9] Random Battle\n|rated|\n|rule|Species Clause: Limit one of each Pok\u00e9mon\n|rule|HP Percentage Mod: HP is shown in percentages\n|rule|Sleep Clause Mod: Limit one foe put to sleep\n|rule|Illusion Level Mod: Illusion disguises the Pok\u00e9mon's true level\n|\n|t:|1733876031\n|start\n|switch|p1a: Glalie|Glalie, L96, M|309/309\n|switch|p2a: Swampert|Swampert, L83, F|302/302\n|turn|1\n|inactive|Battle timer is ON: inactive players will automatically lose when time's up. (requested by PM) Edson Acuna)\n|\n|t:|1733876039\n|switch|p2a: Iron Crown|Iron Crown, L78|268/268\n|move|p1a: Glalie|Freeze-Dry|p2a: Iron Crown\n|-resisted|p2a: Iron Crown\n|-damage|p2a: Iron Crown|228/268\n|\n|-heal|p2a: Iron Crown|244/268|[from] item: Leftovers\n|upkeep\n|turn|2\n|\n|t:|1733876047\n|switch|p1a: Camerupt|Camerupt, L91, M|275/275\n|move|p2a: Iron Crown|Calm Mind|p2a: Iron Crown\n|-boost|p2a: Iron Crown|spa|1\n|-boost|p2a: Iron Crown|spd|1\n|\n|-heal|p2a: Iron Crown|260/268|[from] item: Leftovers\n|upkeep\n|turn|3\n|\n|t:|1733876053\n|-end|p2a: Iron Crown|Quark Drive|[silent]\n|switch|p2a: Dachsbun|Dachsbun, L92, M|254/254\n|move|p1a: Camerupt|Stealth Rock|p2a: Dachsbun\n|-sidestart|p2: PM) Edson Acuna|move: Stealth Rock\n|\n|upkeep\n|turn|4\n|\n|t:|1733876069\n|move|p2a: Dachsbun|Stomping Tantrum|p1a: Camerupt\n|-supereffective|p1a: Camerupt\n|-damage|p1a: Camerupt|191/275\n|move|p1a: Camerupt|Earthquake|p2a: Dachsbun\n|-damage|p2a: Dachsbun|167/254\n|\n|-heal|p2a: Dachsbun|182/254|[from] item: Leftovers\n|-heal|p1a: Camerupt|208/275|[from] item: Leftovers\n|upkeep\n|turn|5\n|\n|t:|1733876076\n|move|p2a: Dachsbun|Stomping Tantrum|p1a: Camerupt\n|-supereffective|p1a: Camerupt\n|-damage|p1a: Camerupt|126/275\n|move|p1a: Camerupt|Roar|p2a: Dachsbun\n|drag|p2a: Swampert|Swampert, L83, F|302/302\n|-damage|p2a: Swampert|284/302|[from] Stealth Rock\n|\n|-heal|p2a: Swampert|302/302|[from] item: Leftovers\n|-heal|p1a: Camerupt|143/275|[from] item: Leftovers\n|upkeep\n|turn|6\n|\n|t:|1733876086\n|switch|p1a: Glalie|Glalie, L96, M|309/309\n|move|p2a: Swampert|Flip Turn|p1a: Glalie\n|-damage|p1a: Glalie|242/309\n|\n|t:|1733876091\n|switch|p2a: Serperior|Serperior, L79, F|248/248|[from] Flip Turn\n|-damage|p2a: Serperior|217/248|[from] Stealth Rock\n|\n|upkeep\n|turn|7\n|\n|t:|1733876098\n|-terastallize|p2a: Serperior|Fire\n|move|p2a: Serperior|Leaf Storm|p1a: Glalie\n|-damage|p1a: Glalie|113/309\n|-boost|p2a: Serperior|spa|2\n|-damage|p2a: Serperior|193/248|[from] item: Life Orb\n|move|p1a: Glalie|Freeze-Dry|p2a: Serperior\n|-resisted|p2a: Serperior\n|-damage|p2a: Serperior|151/248\n|\n|upkeep\n|turn|8\n|\n|t:|1733876102\n|move|p2a: Serperior|Leaf Storm|p1a: Glalie\n|-damage|p1a: Glalie|0 fnt\n|-boost|p2a: Serperior|spa|2\n|faint|p1a: Glalie\n|-damage|p2a: Serperior|127/248|[from] item: Life Orb\n|\n|upkeep\n|\n|t:|1733876108\n|switch|p1a: Pyroar|Pyroar, L88, F|295/295\n|-ability|p1a: Pyroar|Unnerve\n|turn|9\n|\n|t:|1733876111\n|move|p1a: Pyroar|Hyper Voice|p2a: Serperior\n|-damage|p2a: Serperior|18/248\n|move|p2a: Serperior|Glare|p1a: Pyroar\n|-status|p1a: Pyroar|par\n|\n|upkeep\n|turn|10\n|\n|t:|1733876116\n|move|p2a: Serperior|Synthesis|p2a: Serperior\n|-heal|p2a: Serperior|142/248\n|move|p1a: Pyroar|Hyper Voice|p2a: Serperior\n|-damage|p2a: Serperior|34/248\n|\n|upkeep\n|turn|11\n|\n|t:|1733876120\n|move|p2a: Serperior|Synthesis|p2a: Serperior\n|-heal|p2a: Serperior|158/248\n|move|p1a: Pyroar|Hyper Voice|p2a: Serperior\n|-damage|p2a: Serperior|32/248\n|\n|upkeep\n|turn|12\n|\n|t:|1733876125\n|move|p2a: Serperior|Synthesis|p2a: Serperior\n|-heal|p2a: Serperior|156/248\n|move|p1a: Pyroar|Taunt|p2a: Serperior\n|-start|p2a: Serperior|move: Taunt\n|\n|upkeep\n|turn|13\n|\n|t:|1733876129\n|move|p2a: Serperior|Leaf Storm|p1a: Pyroar\n|-resisted|p1a: Pyroar\n|-damage|p1a: Pyroar|79/295 par\n|-boost|p2a: Serperior|spa|2\n|-damage|p2a: Serperior|132/248|[from] item: Life Orb\n|move|p1a: Pyroar|Hyper Voice|p2a: Serperior\n|-damage|p2a: Serperior|26/248\n|\n|upkeep\n|turn|14\n|\n|t:|1733876139\n|move|p2a: Serperior|Leaf Storm|p1a: Pyroar\n|-resisted|p1a: Pyroar\n|-damage|p1a: Pyroar|0 fnt\n|faint|p1a: Pyroar\n|-damage|p2a: Serperior|2/248|[from] item: Life Orb\n|\n|upkeep\n|\n|t:|1733876150\n|switch|p1a: Camerupt|Camerupt, L91, M|143/275\n|turn|15\n|\n|t:|1733876155\n|move|p2a: Serperior|Leaf Storm|p1a: Camerupt|[miss]\n|-miss|p2a: Serperior|p1a: Camerupt\n|move|p1a: Camerupt|Roar|p2a: Serperior\n|drag|p2a: Swampert|Swampert, L83, F|302/302\n|-damage|p2a: Swampert|284/302|[from] Stealth Rock\n|\n|-heal|p2a: Swampert|302/302|[from] item: Leftovers\n|-heal|p1a: Camerupt|160/275|[from] item: Leftovers\n|upkeep\n|turn|16\n|\n|t:|1733876166\n|move|p2a: Swampert|Flip Turn|p1a: Camerupt\n|-supereffective|p1a: Camerupt\n|-damage|p1a: Camerupt|0 fnt\n|faint|p1a: Camerupt\n|\n|t:|1733876170\n|switch|p2a: Iron Crown|Iron Crown, L78|260/268|[from] Flip Turn\n|-damage|p2a: Iron Crown|244/268|[from] Stealth Rock\n|\n|-heal|p2a: Iron Crown|260/268|[from] item: Leftovers\n|upkeep\n|\n|t:|1733876179\n|switch|p1a: Malamar|Malamar, L82, M|275/275\n|turn|17\n|inactive|PM) Edson Acuna has 120 seconds left.\n|\n|t:|1733876213\n|-end|p2a: Iron Crown|Quark Drive|[silent]\n|switch|p2a: Dachsbun|Dachsbun, L92, M|182/254\n|-damage|p2a: Dachsbun|151/254|[from] Stealth Rock\n|move|p1a: Malamar|Superpower|p2a: Dachsbun\n|-resisted|p2a: Dachsbun\n|-crit|p2a: Dachsbun\n|-damage|p2a: Dachsbun|110/254\n|-boost|p1a: Malamar|atk|1\n|-boost|p1a: Malamar|def|1\n|\n|-heal|p2a: Dachsbun|125/254|[from] item: Leftovers\n|upkeep\n|turn|18\n|\n|t:|1733876225\n|move|p2a: Dachsbun|Wish|p2a: Dachsbun\n|move|p1a: Malamar|Superpower|p2a: Dachsbun\n|-resisted|p2a: Dachsbun\n|-damage|p2a: Dachsbun|79/254\n|-boost|p1a: Malamar|atk|1\n|-boost|p1a: Malamar|def|1\n|\n|-heal|p2a: Dachsbun|94/254|[from] item: Leftovers\n|upkeep\n|turn|19\n|\n|t:|1733876234\n|move|p2a: Dachsbun|Play Rough|p1a: Malamar\n|-supereffective|p1a: Malamar\n|-damage|p1a: Malamar|167/275\n|move|p1a: Malamar|Knock Off|p2a: Dachsbun\n|-resisted|p2a: Dachsbun\n|-damage|p2a: Dachsbun|22/254\n|-enditem|p2a: Dachsbun|Leftovers|[from] move: Knock Off|[of] p1a: Malamar\n|\n|-heal|p2a: Dachsbun|149/254|[from] move: Wish|[wisher] Dachsbun\n|-heal|p1a: Malamar|184/275|[from] item: Leftovers\n|upkeep\n|turn|20\n|\n|t:|1733876244\n|move|p2a: Dachsbun|Play Rough|p1a: Malamar\n|-supereffective|p1a: Malamar\n|-damage|p1a: Malamar|80/275\n|move|p1a: Malamar|Superpower|p2a: Dachsbun\n|-resisted|p2a: Dachsbun\n|-crit|p2a: Dachsbun\n|-damage|p2a: Dachsbun|69/254\n|-boost|p1a: Malamar|atk|1\n|-boost|p1a: Malamar|def|1\n|\n|-heal|p1a: Malamar|97/275|[from] item: Leftovers\n|upkeep\n|turn|21\n|\n|t:|1733876250\n|move|p2a: Dachsbun|Play Rough|p1a: Malamar\n|-supereffective|p1a: Malamar\n|-damage|p1a: Malamar|17/275\n|move|p1a: Malamar|Rest|p1a: Malamar\n|-status|p1a: Malamar|slp|[from] move: Rest\n|-heal|p1a: Malamar|275/275 slp|[silent]\n|\n|upkeep\n|turn|22\n|\n|t:|1733876258\n|move|p2a: Dachsbun|Wish|p2a: Dachsbun\n|cant|p1a: Malamar|slp\n|move|p1a: Malamar|Sleep Talk|p1a: Malamar\n|move|p1a: Malamar|Superpower|p2a: Dachsbun|[from]move: Sleep Talk\n|-resisted|p2a: Dachsbun\n|-damage|p2a: Dachsbun|0 fnt\n|-boost|p1a: Malamar|atk|1\n|-boost|p1a: Malamar|def|1\n|faint|p2a: Dachsbun\n|\n|upkeep\n|\n|t:|1733876264\n|switch|p2a: Swampert|Swampert, L83, F|302/302\n|-damage|p2a: Swampert|284/302|[from] Stealth Rock\n|turn|23\n|inactive|ShuckTillYouMuk has 120 seconds left.\n|\n|t:|1733876321\n|cant|p1a: Malamar|slp\n|move|p1a: Malamar|Sleep Talk|p1a: Malamar\n|move|p1a: Malamar|Knock Off|p2a: Swampert|[from]move: Sleep Talk\n|-damage|p2a: Swampert|0 fnt\n|-enditem|p2a: Swampert|Leftovers|[from] move: Knock Off|[of] p1a: Malamar\n|faint|p2a: Swampert\n|\n|upkeep\n|\n|t:|1733876330\n|switch|p2a: Cinccino|Cinccino, L83, F|260/260\n|-damage|p2a: Cinccino|228/260|[from] Stealth Rock\n|turn|24\n|\n|t:|1733876336\n|move|p2a: Cinccino|U-turn|p1a: Malamar\n|-supereffective|p1a: Malamar\n|-crit|p1a: Malamar\n|-damage|p1a: Malamar|0 fnt\n|faint|p1a: Malamar\n|\n|t:|1733876339\n|switch|p2a: Iron Crown|Iron Crown, L78|260/268|[from] U-turn\n|-damage|p2a: Iron Crown|244/268|[from] Stealth Rock\n|\n|-heal|p2a: Iron Crown|260/268|[from] item: Leftovers\n|upkeep\n|\n|t:|1733876358\n|switch|p1a: Poliwrath|Poliwrath, L88, M|302/302\n|turn|25\n|\n|t:|1733876371\n|-terastallize|p1a: Poliwrath|Dark\n|move|p2a: Iron Crown|Psyshock|p1a: Poliwrath\n|-immune|p1a: Poliwrath\n|move|p1a: Poliwrath|Rain Dance|p1a: Poliwrath\n|-weather|RainDance\n|\n|-weather|RainDance|[upkeep]\n|-heal|p2a: Iron Crown|268/268|[from] item: Leftovers\n|upkeep\n|turn|26\n|\n|t:|1733876377\n|-end|p2a: Iron Crown|Quark Drive|[silent]\n|switch|p2a: Serperior|Serperior, L79, F, tera:Fire|2/248\n|-damage|p2a: Serperior|0 fnt|[from] Stealth Rock\n|faint|p2a: Serperior\n|move|p1a: Poliwrath|Knock Off|p2: Serperior|[notarget]\n|-fail|p1a: Poliwrath\n|\n|-weather|RainDance|[upkeep]\n|upkeep\n|\n|t:|1733876386\n|switch|p2a: Iron Crown|Iron Crown, L78|268/268\n|-damage|p2a: Iron Crown|252/268|[from] Stealth Rock\n|turn|27\n|\n|t:|1733876389\n|move|p1a: Poliwrath|Knock Off|p2a: Iron Crown\n|-supereffective|p2a: Iron Crown\n|-damage|p2a: Iron Crown|0 fnt\n|-enditem|p2a: Iron Crown|Leftovers|[from] move: Knock Off|[of] p1a: Poliwrath\n|faint|p2a: Iron Crown\n|-end|p2a: Iron Crown|Quark Drive|[silent]\n|-damage|p1a: Poliwrath|272/302|[from] item: Life Orb\n|\n|-weather|RainDance|[upkeep]\n|upkeep\n|\n|t:|1733876392\n|switch|p2a: Cinccino|Cinccino, L83, F|228/260\n|-damage|p2a: Cinccino|196/260|[from] Stealth Rock\n|turn|28\n|\n|t:|1733876401\n|move|p1a: Poliwrath|Close Combat|p2a: Cinccino\n|-supereffective|p2a: Cinccino\n|-damage|p2a: Cinccino|0 fnt\n|-unboost|p1a: Poliwrath|def|1\n|-unboost|p1a: Poliwrath|spd|1\n|faint|p2a: Cinccino\n|-damage|p1a: Poliwrath|242/302|[from] item: Life Orb\n|\n|-weather|RainDance|[upkeep]\n|upkeep\n|\n|t:|1733876404\n|switch|p2a: Piloswine|Piloswine, L85, M|309/309\n|-damage|p2a: Piloswine|271/309|[from] Stealth Rock\n|turn|29\n|\n|t:|1733876413\n|move|p1a: Poliwrath|Liquidation|p2a: Piloswine\n|-supereffective|p2a: Piloswine\n|-damage|p2a: Piloswine|0 fnt\n|faint|p2a: Piloswine\n|-damage|p1a: Poliwrath|212/302|[from] item: Life Orb\n|\n|win|ShuckTillYouMuk\n|raw|ShuckTillYouMuk's rating: 1698 &rarr; <strong>1717</strong><br />(+19 for winning)\n|raw|PM) Edson Acuna's rating: 1686 &rarr; <strong>1667</strong><br />(-19 for losing)\n|l|\u2606PM) Edson Acuna\n|player|p2|\n", "inputlog": ">version bfd83cad13791eb5a5a409923076391caf6fb4d4\n>start {\"formatid\":\"gen9randombattle\",\"seed\":[16109,64895,42283,14880],\"rated\":\"Rated battle\"}\n>player p1 {\"name\":\"ShuckTillYouMuk\",\"avatar\":\"170\",\"rating\":1698,\"seed\":[38980,37446,22326,18249]}\n>player p2 {\"name\":\"PM) Edson Acuna\",\"avatar\":\"thorton\",\"rating\":1686,\"seed\":[2866,39050,49059,40319]}\n>p1 move freezedry\n>p2 switch 3\n>p1 switch 4\n>p2 move calmmind\n>p1 move stealthrock\n>p2 switch 2\n>p1 move earthquake\n>p2 move stompingtantrum\n>p1 move roar\n>p2 move stompingtantrum\n>p1 switch 4\n>p2 move flipturn\n>p2 switch 6\n>p1 move freezedry\n>p2 move leafstorm terastallize\n>p1 move earthquake\n>p2 move leafstorm\n>p1 switch 3\n>p1 move hypervoice\n>p2 move glare\n>p1 move hypervoice\n>p2 move synthesis\n>p1 move hypervoice\n>p2 move synthesis\n>p1 move taunt\n>p2 move synthesis\n>p1 move hypervoice\n>p2 move leafstorm\n>p1 move hypervoice\n>p2 move leafstorm\n>p1 switch 4\n>p1 move roar\n>p2 move leafstorm\n>p1 move earthquake\n>p2 move flipturn\n>p2 switch 2\n>p1 switch 5\n>p1 move superpower\n>p2 switch 3\n>p1 move superpower\n>p2 move wish\n>p1 move knockoff\n>p2 move playrough\n>p1 move superpower\n>p2 move playrough\n>p1 move rest\n>p2 move playrough\n>p1 move sleeptalk\n>p2 move wish\n>p2 switch 2\n>p1 move sleeptalk\n>p2 move roar\n>p2 switch 5\n>p1 move superpower\n>p2 move uturn\n>p2 switch 3\n>p1 switch 6\n>p1 move raindance terastallize\n>p2 move psyshock\n>p1 move knockoff\n>p2 switch 6\n>p2 switch 6\n>p1 move knockoff\n>p2 move focusblast\n>p2 switch 3\n>p1 move closecombat\n>p2 move uturn\n>p2 switch 4\n>p1 move liquidation\n>p2 move iciclecrash", "uploadtime": 1733876422, "views": 2, "formatid": "gen9randombattle", "rating": 1667, "private": 0, "password": null}