{"id": "gen9randombattle-2246998443", "format": "[Gen 9] Random Battle", "players": ["Drop a nickname", "horohorovasey"], "log": "|j|\u2606Drop a nickname\n|j|\u2606horohorovasey\n|t:|1732036553\n|gametype|singles\n|player|p1|Drop a nickname|101|2249\n|player|p2|horohorovasey|miku-flying|2261\n|teamsize|p1|6\n|teamsize|p2|6\n|gen|9\n|tier|[Gen 9] Random Battle\n|rated|\n|rule|Species Clause: Limit one of each Pok\u00e9mon\n|rule|HP Percentage Mod: HP is shown in percentages\n|rule|Sleep Clause Mod: Limit one foe put to sleep\n|rule|Illusion Level Mod: Illusion disguises the Pok\u00e9mon's true level\n|\n|t:|1732036553\n|start\n|switch|p1a: Talonflame|Talonflame, L84, F|268/268\n|switch|p2a: Slowking|Slowking-Galar, L85, M|300/300\n|turn|1\n|\n|t:|1732036561\n|move|p1a: Talonflame|U-turn|p2a: Slowking\n|-damage|p2a: Slowking|257/300\n|\n|t:|1732036565\n|switch|p1a: Goodra|Goodra-Hisui, L82, F|265/265|[from] U-turn\n|move|p2a: Slowking|Surf|p1a: Goodra\n|-resisted|p1a: Goodra\n|-damage|p1a: Goodra|249/265\n|\n|upkeep\n|turn|2\n|inactive|Battle timer is ON: inactive players will automatically lose when time's up. (requested by Drop a nickname)\n|inactive|horohorovasey has 120 seconds left.\n|\n|t:|1732036615\n|switch|p2a: Seviper|Seviper, L93, F|287/287\n|move|p1a: Goodra|Heavy Slam|p2a: Seviper\n|-damage|p2a: Seviper|145/287\n|\n|-heal|p2a: Seviper|162/287|[from] item: Leftovers\n|upkeep\n|turn|3\n|\n|t:|1732036620\n|move|p2a: Seviper|Earthquake|p1a: Goodra\n|-supereffective|p1a: Goodra\n|-damage|p1a: Goodra|85/265\n|move|p1a: Goodra|Draco Meteor|p2a: Seviper\n|-damage|p2a: Seviper|0 fnt\n|-unboost|p1a: Goodra|spa|2\n|faint|p2a: Seviper\n|\n|upkeep\n|\n|t:|1732036636\n|switch|p2a: Ambipom|Ambipom, L84, F|263/263\n|turn|4\n|\n|t:|1732036656\n|move|p2a: Ambipom|Fake Out|p1a: Goodra\n|-resisted|p1a: Goodra\n|-damage|p1a: Goodra|48/265\n|cant|p1a: Goodra|flinch\n|\n|upkeep\n|turn|5\n|\n|t:|1732036664\n|switch|p1a: Talonflame|Talonflame, L84, F|268/268\n|move|p2a: Ambipom|Knock Off|p1a: Talonflame\n|-damage|p1a: Talonflame|185/268\n|-enditem|p1a: Talonflame|Heavy-Duty Boots|[from] move: Knock Off|[of] p2a: Ambipom\n|\n|upkeep\n|turn|6\n|\n|t:|1732036673\n|switch|p2a: Slowking|Slowking-Galar, L85, M|300/300\n|move|p1a: Talonflame|Brave Bird|p2a: Slowking\n|-damage|p2a: Slowking|182/300\n|-damage|p1a: Talonflame|146/268|[from] Recoil\n|\n|upkeep\n|turn|7\n|\n|t:|1732036697\n|move|p1a: Talonflame|Brave Bird|p2a: Slowking\n|-damage|p2a: Slowking|70/300\n|-damage|p1a: Talonflame|109/268|[from] Recoil\n|move|p2a: Slowking|Fire Blast|p1a: Talonflame\n|-resisted|p1a: Talonflame\n|-damage|p1a: Talonflame|52/268\n|\n|upkeep\n|turn|8\n|\n|t:|1732036700\n|switch|p2a: Lycanroc|Lycanroc-Midnight, L89, M|296/296\n|move|p1a: Talonflame|Brave Bird|p2a: Lycanroc\n|-resisted|p2a: Lycanroc\n|-damage|p2a: Lycanroc|242/296\n|-damage|p1a: Talonflame|34/268|[from] Recoil\n|\n|upkeep\n|turn|9\n|\n|t:|1732036706\n|switch|p2a: Slowking|Slowking-Galar, L85, M|170/300\n|move|p1a: Talonflame|U-turn|p2a: Slowking\n|-damage|p2a: Slowking|126/300\n|\n|t:|1732036708\n|switch|p1a: Goodra|Goodra-Hisui, L82, F|48/265|[from] U-turn\n|\n|upkeep\n|turn|10\n|\n|t:|1732036718\n|switch|p2a: Ambipom|Ambipom, L84, F|263/263\n|move|p1a: Goodra|Heavy Slam|p2a: Ambipom\n|-damage|p2a: Ambipom|115/263\n|\n|upkeep\n|turn|11\n|\n|t:|1732036728\n|move|p2a: Ambipom|Fake Out|p1a: Goodra\n|-resisted|p1a: Goodra\n|-damage|p1a: Goodra|13/265\n|cant|p1a: Goodra|flinch\n|\n|upkeep\n|turn|12\n|\n|t:|1732036734\n|move|p2a: Ambipom|U-turn|p1a: Goodra\n|-resisted|p1a: Goodra\n|-damage|p1a: Goodra|0 fnt\n|faint|p1a: Goodra\n|\n|t:|1732036737\n|switch|p2a: Slowking|Slowking-Galar, L85, M|226/300|[from] U-turn\n|\n|upkeep\n|\n|t:|1732036742\n|switch|p1a: Leafeon|Leafeon, L88, F|258/258\n|turn|13\n|\n|t:|1732036745\n|-terastallize|p1a: Leafeon|Dark\n|move|p1a: Leafeon|Swords Dance|p1a: Leafeon\n|-boost|p1a: Leafeon|atk|2\n|move|p2a: Slowking|Sludge Bomb|p1a: Leafeon\n|-damage|p1a: Leafeon|129/258\n|\n|upkeep\n|turn|14\n|\n|t:|1732036753\n|switch|p2a: Grumpig|Grumpig, L92, F|297/297\n|move|p1a: Leafeon|Knock Off|p2a: Grumpig\n|-supereffective|p2a: Grumpig\n|-damage|p2a: Grumpig|0 fnt\n|-enditem|p2a: Grumpig|Choice Scarf|[from] move: Knock Off|[of] p1a: Leafeon\n|faint|p2a: Grumpig\n|-damage|p1a: Leafeon|104/258|[from] item: Life Orb\n|\n|upkeep\n|\n|t:|1732036757\n|switch|p2a: Ambipom|Ambipom, L84, F|115/263\n|turn|15\n|\n|t:|1732036761\n|switch|p1a: Talonflame|Talonflame, L84, F|34/268\n|move|p2a: Ambipom|Fake Out|p1a: Talonflame\n|-damage|p1a: Talonflame|0 fnt\n|-status|p2a: Ambipom|brn|[from] ability: Flame Body|[of] p1a: Talonflame\n|faint|p1a: Talonflame\n|\n|-damage|p2a: Ambipom|99/263 brn|[from] brn\n|upkeep\n|\n|t:|1732036763\n|switch|p1a: Leafeon|Leafeon, L88, F, tera:Dark|104/258\n|turn|16\n|\n|t:|1732036767\n|move|p2a: Ambipom|Double-Edge|p1a: Leafeon\n|-damage|p1a: Leafeon|44/258\n|-damage|p2a: Ambipom|79/263 brn|[from] Recoil\n|move|p1a: Leafeon|Synthesis|p1a: Leafeon\n|-heal|p1a: Leafeon|173/258\n|\n|-damage|p2a: Ambipom|63/263 brn|[from] brn\n|upkeep\n|turn|17\n|\n|t:|1732036783\n|move|p2a: Ambipom|Knock Off|p1a: Leafeon\n|-resisted|p1a: Leafeon\n|-damage|p1a: Leafeon|161/258\n|-enditem|p1a: Leafeon|Life Orb|[from] move: Knock Off|[of] p2a: Ambipom\n|move|p1a: Leafeon|Knock Off|p2a: Ambipom\n|-damage|p2a: Ambipom|0 fnt\n|-enditem|p2a: Ambipom|Silk Scarf|[from] move: Knock Off|[of] p1a: Leafeon\n|faint|p2a: Ambipom\n|\n|upkeep\n|\n|t:|1732036791\n|switch|p2a: Slowking|Slowking-Galar, L85, M|300/300\n|turn|18\n|\n|t:|1732036792\n|move|p1a: Leafeon|Knock Off|p2a: Slowking\n|-supereffective|p2a: Slowking\n|-damage|p2a: Slowking|36/300\n|-enditem|p2a: Slowking|Assault Vest|[from] move: Knock Off|[of] p1a: Leafeon\n|move|p2a: Slowking|Sludge Bomb|p1a: Leafeon\n|-damage|p1a: Leafeon|22/258\n|-status|p1a: Leafeon|psn\n|\n|-damage|p1a: Leafeon|0 fnt|[from] psn\n|faint|p1a: Leafeon\n|upkeep\n|\n|t:|1732036804\n|switch|p1a: Florges|Florges-White, L85, F|271/271\n|turn|19\n|\n|t:|1732036811\n|move|p1a: Florges|Moonblast|p2a: Slowking\n|-resisted|p2a: Slowking\n|-damage|p2a: Slowking|0 fnt\n|faint|p2a: Slowking\n|\n|upkeep\n|\n|t:|1732036813\n|switch|p2a: Lycanroc|Lycanroc-Midnight, L89, M|242/296\n|turn|20\n|\n|t:|1732036816\n|move|p2a: Lycanroc|Swords Dance|p2a: Lycanroc\n|-boost|p2a: Lycanroc|atk|2\n|move|p1a: Florges|Moonblast|p2a: Lycanroc\n|-damage|p2a: Lycanroc|119/296\n|-unboost|p2a: Lycanroc|spa|1\n|\n|upkeep\n|turn|21\n|\n|t:|1732036823\n|move|p2a: Lycanroc|Stone Edge|p1a: Florges\n|-damage|p1a: Florges|0 fnt\n|faint|p1a: Florges\n|-damage|p2a: Lycanroc|90/296|[from] item: Life Orb\n|\n|upkeep\n|\n|t:|1732036827\n|switch|p1a: Hatterene|Hatterene, L85, F|236/236\n|turn|22\n|\n|t:|1732036830\n|move|p2a: Lycanroc|Stone Edge|p1a: Hatterene\n|-damage|p1a: Hatterene|0 fnt\n|faint|p1a: Hatterene\n|-damage|p2a: Lycanroc|61/296|[from] item: Life Orb\n|\n|upkeep\n|\n|t:|1732036832\n|switch|p1a: Probopass|Probopass, L92, M|260/260\n|turn|23\n|\n|t:|1732036835\n|move|p2a: Lycanroc|Close Combat|p1a: Probopass\n|-supereffective|p1a: Probopass\n|-damage|p1a: Probopass|0 fnt\n|-unboost|p2a: Lycanroc|def|1\n|-unboost|p2a: Lycanroc|spd|1\n|faint|p1a: Probopass\n|-damage|p2a: Lycanroc|32/296|[from] item: Life Orb\n|\n|win|horohorovasey\n|raw|Drop a nickname's rating: 2249 &rarr; <strong>2230</strong><br />(-19 for losing)\n|raw|horohorovasey's rating: 2261 &rarr; <strong>2280</strong><br />(+19 for winning)\n|l|\u2606Drop a nickname\n|player|p1|\n|c|\u2606horohorovasey|gg\n", "inputlog": ">version baf9aa68cbe18cf25f290680a08c9ad9c5e3e828\n>start {\"formatid\":\"gen9randombattle\",\"seed\":[4794,30534,5615,6997],\"rated\":\"Rated battle\"}\n>player p1 {\"name\":\"Drop a nickname\",\"avatar\":\"101\",\"rating\":2249,\"seed\":[26157,16633,55009,10928]}\n>player p2 {\"name\":\"horohorovasey\",\"avatar\":\"miku-flying\",\"rating\":2261,\"seed\":[44231,48254,34947,52052]}\n>p1 move uturn\n>p2 move surf\n>p1 switch 3\n>p1 move heavyslam\n>p2 switch 4\n>p1 move dracometeor\n>p2 move earthquake\n>p2 switch 2\n>p1 move heavyslam\n>p2 move fakeout\n>p1 switch 3\n>p2 move knockoff\n>p1 move bravebird\n>p2 switch 4\n>p1 move bravebird\n>p2 move fireblast\n>p1 move bravebird\n>p2 switch 5\n>p1 move uturn\n>p2 switch 5\n>p1 switch 3\n>p1 move heavyslam\n>p2 switch 4\n>p1 move heavyslam\n>p2 move fakeout\n>p1 move heavyslam\n>p2 move uturn\n>p2 switch 4\n>p1 switch 5\n>p1 move swordsdance terastallize\n>p2 move sludgebomb\n>p1 move knockoff\n>p2 switch 6\n>p2 switch 4\n>p1 switch 3\n>p2 move fakeout\n>p1 switch 3\n>p1 move synthesis\n>p2 move doubleedge\n>p1 move knockoff\n>p2 move knockoff\n>p2 switch 6\n>p1 move knockoff\n>p2 move sludgebomb\n>p1 switch 2\n>p1 move moonblast\n>p2 move sludgebomb\n>p2 switch 5\n>p1 move moonblast\n>p2 move swordsdance\n>p1 move moonblast\n>p2 move stoneedge\n>p1 switch 6\n>p1 move drainingkiss\n>p2 move stoneedge\n>p1 switch 4\n>p1 move irondefense\n>p2 move closecombat", "uploadtime": 1732036845, "views": 44, "formatid": "gen9randombattle", "rating": 2230, "private": 0, "password": null}