{"id": "gen9randombattle-2260517960", "format": "[Gen 9] Random Battle", "players": ["FABOSEK", "pau es gay"], "log": "|j|\u2606FABOSEK\n|j|\u203dpau es gay\n|t:|1733859344\n|gametype|singles\n|player|p1|FABOSEK|102|1213\n|player|p2|pau es gay|102|1263\n|teamsize|p1|6\n|teamsize|p2|6\n|gen|9\n|tier|[Gen 9] Random Battle\n|rated|\n|rule|Species Clause: Limit one of each Pok\u00e9mon\n|rule|HP Percentage Mod: HP is shown in percentages\n|rule|Sleep Clause Mod: Limit one foe put to sleep\n|rule|Illusion Level Mod: Illusion disguises the Pok\u00e9mon's true level\n|\n|t:|1733859344\n|start\n|switch|p1a: Magmortar|Magmortar, L88, F|275/275\n|switch|p2a: Sandy Shocks|Sandy Shocks, L80|267/267\n|turn|1\n|inactive|Battle timer is ON: inactive players will automatically lose when time's up. (requested by pau es gay)\n|\n|t:|1733859360\n|move|p2a: Sandy Shocks|Spikes|p1a: Magmortar\n|-sidestart|p1: FABOSEK|Spikes\n|move|p1a: Magmortar|Scorching Sands|p2a: Sandy Shocks\n|-supereffective|p2a: Sandy Shocks\n|-damage|p2a: Sandy Shocks|33/267\n|\n|upkeep\n|turn|2\n|\n|t:|1733859370\n|move|p2a: Sandy Shocks|Earth Power|p1a: Magmortar\n|-supereffective|p1a: Magmortar\n|-damage|p1a: Magmortar|95/275\n|move|p1a: Magmortar|Scorching Sands|p2a: Sandy Shocks\n|-supereffective|p2a: Sandy Shocks\n|-damage|p2a: Sandy Shocks|0 fnt\n|faint|p2a: Sandy Shocks\n|-end|p2a: Sandy Shocks|Protosynthesis|[silent]\n|\n|upkeep\n|\n|t:|1733859379\n|switch|p2a: Ursaluna|Ursaluna-Bloodmoon, L79, M|308/308\n|turn|3\n|\n|t:|1733859388\n|move|p1a: Magmortar|Scorching Sands|p2a: Ursaluna\n|-damage|p2a: Ursaluna|180/308\n|-status|p2a: Ursaluna|brn\n|move|p2a: Ursaluna|Calm Mind|p2a: Ursaluna\n|-boost|p2a: Ursaluna|spa|1\n|-boost|p2a: Ursaluna|spd|1\n|\n|-heal|p2a: Ursaluna|199/308 brn|[from] item: Leftovers\n|-damage|p2a: Ursaluna|180/308 brn|[from] brn\n|upkeep\n|turn|4\n|\n|t:|1733859398\n|move|p1a: Magmortar|Scorching Sands|p2a: Ursaluna\n|-damage|p2a: Ursaluna|96/308 brn\n|move|p2a: Ursaluna|Blood Moon|p1a: Magmortar\n|-damage|p1a: Magmortar|0 fnt\n|faint|p1a: Magmortar\n|\n|-heal|p2a: Ursaluna|115/308 brn|[from] item: Leftovers\n|-damage|p2a: Ursaluna|96/308 brn|[from] brn\n|upkeep\n|\n|t:|1733859423\n|switch|p1a: Brute Bonnet|Brute Bonnet, L81|312/312\n|-damage|p1a: Brute Bonnet|273/312|[from] Spikes\n|turn|5\n|\n|t:|1733859431\n|move|p1a: Brute Bonnet|Seed Bomb|p2a: Ursaluna\n|-supereffective|p2a: Ursaluna\n|-damage|p2a: Ursaluna|0 fnt\n|faint|p2a: Ursaluna\n|\n|-heal|p1a: Brute Bonnet|292/312|[from] item: Leftovers\n|upkeep\n|\n|t:|1733859436\n|switch|p2a: Delibird|Delibird, F|252/252\n|turn|6\n|\n|t:|1733859449\n|-terastallize|p1a: Brute Bonnet|Poison\n|move|p2a: Delibird|Brave Bird|p1a: Brute Bonnet|[miss]\n|-miss|p2a: Delibird|p1a: Brute Bonnet\n|move|p1a: Brute Bonnet|Spore|p2a: Delibird\n|-status|p2a: Delibird|slp|[from] move: Spore\n|\n|-heal|p1a: Brute Bonnet|311/312|[from] item: Leftovers\n|upkeep\n|turn|7\n|\n|t:|1733859458\n|cant|p2a: Delibird|slp\n|move|p1a: Brute Bonnet|Seed Bomb|p2a: Delibird\n|-resisted|p2a: Delibird\n|-damage|p2a: Delibird|183/252 slp\n|\n|-heal|p1a: Brute Bonnet|312/312|[from] item: Leftovers\n|upkeep\n|turn|8\n|\n|t:|1733859465\n|cant|p2a: Delibird|slp\n|move|p1a: Brute Bonnet|Seed Bomb|p2a: Delibird\n|-resisted|p2a: Delibird\n|-damage|p2a: Delibird|116/252 slp\n|\n|upkeep\n|turn|9\n|\n|t:|1733859473\n|-curestatus|p2a: Delibird|slp|[msg]\n|move|p2a: Delibird|Drill Run|p1a: Brute Bonnet\n|-supereffective|p1a: Brute Bonnet\n|-damage|p1a: Brute Bonnet|156/312\n|move|p1a: Brute Bonnet|Close Combat|p2a: Delibird\n|-damage|p2a: Delibird|0 fnt\n|-unboost|p1a: Brute Bonnet|def|1\n|-unboost|p1a: Brute Bonnet|spd|1\n|faint|p2a: Delibird\n|\n|-heal|p1a: Brute Bonnet|175/312|[from] item: Leftovers\n|upkeep\n|\n|t:|1733859485\n|switch|p2a: Typhlosion|Typhlosion-Hisui, L83, F|257/257\n|turn|10\n|\n|t:|1733859490\n|move|p1a: Brute Bonnet|Sucker Punch|p2a: Typhlosion\n|-supereffective|p2a: Typhlosion\n|-damage|p2a: Typhlosion|77/257\n|move|p2a: Typhlosion|Eruption|p1a: Brute Bonnet\n|-damage|p1a: Brute Bonnet|52/312\n|\n|-heal|p1a: Brute Bonnet|71/312|[from] item: Leftovers\n|upkeep\n|turn|11\n|\n|t:|1733859498\n|switch|p2a: Regidrago|Regidrago, L77|435/435\n|move|p1a: Brute Bonnet|Sucker Punch||[still]\n|-fail|p1a: Brute Bonnet\n|\n|-heal|p1a: Brute Bonnet|90/312|[from] item: Leftovers\n|upkeep\n|turn|12\n|\n|t:|1733859506\n|move|p2a: Regidrago|Dragon Dance|p2a: Regidrago\n|-boost|p2a: Regidrago|atk|1\n|-boost|p2a: Regidrago|spe|1\n|move|p1a: Brute Bonnet|Spore|p2a: Regidrago\n|-status|p2a: Regidrago|slp|[from] move: Spore\n|\n|-heal|p1a: Brute Bonnet|109/312|[from] item: Leftovers\n|upkeep\n|turn|13\n|\n|t:|1733859515\n|cant|p2a: Regidrago|slp\n|move|p1a: Brute Bonnet|Seed Bomb|p2a: Regidrago\n|-resisted|p2a: Regidrago\n|-damage|p2a: Regidrago|362/435 slp\n|\n|-heal|p1a: Brute Bonnet|128/312|[from] item: Leftovers\n|upkeep\n|turn|14\n|\n|t:|1733859525\n|-end|p1a: Brute Bonnet|Protosynthesis|[silent]\n|switch|p1a: Manaphy|Manaphy, L78|284/284\n|-damage|p1a: Manaphy|249/284|[from] Spikes\n|-curestatus|p2a: Regidrago|slp|[msg]\n|move|p2a: Regidrago|Dragon Dance|p2a: Regidrago\n|-boost|p2a: Regidrago|atk|1\n|-boost|p2a: Regidrago|spe|1\n|\n|-heal|p1a: Manaphy|266/284|[from] item: Leftovers\n|upkeep\n|turn|15\n|\n|t:|1733859540\n|move|p2a: Regidrago|Dragon Claw|p1a: Manaphy\n|-damage|p1a: Manaphy|13/284\n|-damage|p2a: Regidrago|319/435|[from] item: Life Orb\n|move|p1a: Manaphy|Ice Beam|p2a: Regidrago\n|-supereffective|p2a: Regidrago\n|-damage|p2a: Regidrago|129/435\n|\n|-heal|p1a: Manaphy|30/284|[from] item: Leftovers\n|upkeep\n|turn|16\n|c|\u2606FABOSEK|gay pau\n|\n|t:|1733859566\n|move|p2a: Regidrago|Dragon Claw|p1a: Manaphy\n|-damage|p1a: Manaphy|0 fnt\n|faint|p1a: Manaphy\n|-damage|p2a: Regidrago|86/435|[from] item: Life Orb\n|\n|upkeep\n|\n|t:|1733859574\n|switch|p1a: Brute Bonnet|Brute Bonnet, L81, tera:Poison|128/312\n|-damage|p1a: Brute Bonnet|89/312|[from] Spikes\n|turn|17\n|\n|t:|1733859582\n|move|p1a: Brute Bonnet|Sucker Punch|p2a: Regidrago\n|-damage|p2a: Regidrago|0 fnt\n|faint|p2a: Regidrago\n|\n|-heal|p1a: Brute Bonnet|108/312|[from] item: Leftovers\n|upkeep\n|\n|t:|1733859587\n|switch|p2a: Iron Valiant|Iron Valiant, L78|244/244\n|turn|18\n|\n|t:|1733859598\n|move|p2a: Iron Valiant|Knock Off|p1a: Brute Bonnet\n|-damage|p1a: Brute Bonnet|20/312\n|-enditem|p1a: Brute Bonnet|Leftovers|[from] move: Knock Off|[of] p2a: Iron Valiant\n|-damage|p2a: Iron Valiant|220/244|[from] item: Life Orb\n|move|p1a: Brute Bonnet|Spore|p2a: Iron Valiant\n|-status|p2a: Iron Valiant|slp|[from] move: Spore\n|\n|upkeep\n|turn|19\n|\n|t:|1733859608\n|cant|p2a: Iron Valiant|slp\n|move|p1a: Brute Bonnet|Seed Bomb|p2a: Iron Valiant\n|-damage|p2a: Iron Valiant|111/244 slp\n|\n|upkeep\n|turn|20\n|-message|pau es gay forfeited.\n|\n|win|FABOSEK\n", "inputlog": ">version bfd83cad13791eb5a5a409923076391caf6fb4d4\n>start {\"formatid\":\"gen9randombattle\",\"seed\":[2106,19632,62331,11932],\"rated\":\"Rated battle\"}\n>player p1 {\"name\":\"FABOSEK\",\"avatar\":\"102\",\"rating\":1213,\"seed\":[65527,64572,4904,20437]}\n>player p2 {\"name\":\"pau es gay\",\"avatar\":\"102\",\"rating\":1263,\"seed\":[15668,41301,15715,27494]}\n>p1 move scorchingsands\n>p2 move spikes\n>p1 move scorchingsands\n>p2 move earthpower\n>p2 switch 5\n>p1 move scorchingsands\n>p2 move calmmind\n>p1 move scorchingsands\n>p2 move bloodmoon\n>p1 switch 6\n>p1 move seedbomb\n>p2 move moonlight\n>p2 switch 4\n>p1 move spore terastallize\n>p2 move bravebird\n>p1 move seedbomb\n>p2 move bravebird\n>p1 move seedbomb\n>p2 move bravebird\n>p1 move closecombat\n>p2 move drillrun\n>p2 switch 2\n>p1 move suckerpunch\n>p2 move eruption\n>p1 move suckerpunch\n>p2 switch 3\n>p1 move spore\n>p2 move dragondance\n>p1 move seedbomb\n>p2 move earthquake\n>p1 switch 3\n>p2 move dragondance\n>p1 move icebeam\n>p2 move dragonclaw\n>chat \u2606FABOSEK|gay pau \n>p1 move icebeam\n>p2 move dragonclaw\n>p1 switch 3\n>p1 move suckerpunch\n>p2 move earthquake\n>p2 switch 6\n>p1 move spore\n>p2 move knockoff\n>p1 move seedbomb\n>p2 move knockoff\n>forcelose p2", "uploadtime": 1733859562, "views": 1, "formatid": "gen9randombattle", "rating": null, "private": 0, "password": null}