{"id": "gen9randombattle-2053612770", "format": "[Gen 9] Random Battle", "players": ["Emboar02", "dcenoris"], "log": "|j|\u2606Emboar02\n|j|\u2606dcenoris\n|t:|1707280798\n|gametype|singles\n|player|p1|Emboar02|#rbtt7teamdarkrai|2233\n|player|p2|dcenoris|lucas|2237\n|teamsize|p1|6\n|teamsize|p2|6\n|gen|9\n|tier|[Gen 9] Random Battle\n|rated|\n|rule|Species Clause: Limit one of each Pok\u00e9mon\n|rule|HP Percentage Mod: HP is shown in percentages\n|rule|Sleep Clause Mod: Limit one foe put to sleep\n|rule|Illusion Level Mod: Illusion disguises the Pok\u00e9mon's true level\n|\n|t:|1707280798\n|start\n|switch|p1a: Passimian|Passimian, L83, F|302/302\n|switch|p2a: Gurdurr|Gurdurr, L85, M|283/283\n|turn|1\n|j| Sticki Minaj\n|\n|t:|1707280824\n|move|p1a: Passimian|Bulk Up|p1a: Passimian\n|-boost|p1a: Passimian|atk|1\n|-boost|p1a: Passimian|def|1\n|move|p2a: Gurdurr|Knock Off|p1a: Passimian\n|-resisted|p1a: Passimian\n|-damage|p1a: Passimian|276/302\n|-enditem|p1a: Passimian|Leftovers|[from] move: Knock Off|[of] p2a: Gurdurr\n|\n|upkeep\n|turn|2\n|\n|t:|1707280836\n|move|p2a: Gurdurr|Mach Punch|p1a: Passimian\n|-damage|p1a: Passimian|243/302\n|move|p1a: Passimian|Knock Off|p2a: Gurdurr\n|-resisted|p2a: Gurdurr\n|-crit|p2a: Gurdurr\n|-damage|p2a: Gurdurr|227/283\n|-enditem|p2a: Gurdurr|Eviolite|[from] move: Knock Off|[of] p1a: Passimian\n|\n|upkeep\n|turn|3\n|\n|t:|1707280842\n|switch|p2a: Slowking|Slowking, L88, F|310/310\n|move|p1a: Passimian|Drain Punch|p2a: Slowking\n|-resisted|p2a: Slowking\n|-damage|p2a: Slowking|242/310\n|-heal|p1a: Passimian|277/302|[from] drain|[of] p2a: Slowking\n|\n|upkeep\n|turn|4\n|\n|t:|1707280847\n|move|p1a: Passimian|Knock Off|p2a: Slowking\n|-supereffective|p2a: Slowking\n|-damage|p2a: Slowking|12/310\n|-enditem|p2a: Slowking|Life Orb|[from] move: Knock Off|[of] p1a: Passimian\n|move|p2a: Slowking|Psyshock|p1a: Passimian\n|-supereffective|p1a: Passimian\n|-damage|p1a: Passimian|155/302\n|\n|upkeep\n|turn|5\n|\n|t:|1707280852\n|move|p1a: Passimian|Drain Punch|p2a: Slowking\n|-resisted|p2a: Slowking\n|-damage|p2a: Slowking|0 fnt\n|-heal|p1a: Passimian|161/302|[from] drain|[of] p2a: Slowking\n|faint|p2a: Slowking\n|\n|upkeep\n|\n|t:|1707280857\n|switch|p2a: Lanturn|Lanturn, L89, M|367/367\n|turn|6\n|l| Sticki Minaj\n|\n|t:|1707280863\n|move|p1a: Passimian|Drain Punch|p2a: Lanturn\n|-damage|p2a: Lanturn|193/367\n|-heal|p1a: Passimian|248/302|[from] drain|[of] p2a: Lanturn\n|move|p2a: Lanturn|Thunder Wave|p1a: Passimian\n|-status|p1a: Passimian|par\n|\n|upkeep\n|turn|7\n|\n|t:|1707280875\n|switch|p1a: Archaludon|Archaludon, L79, M|272/272\n|move|p2a: Lanturn|Volt Switch|p1a: Archaludon\n|-resisted|p1a: Archaludon\n|-damage|p1a: Archaludon|224/272\n|-ability|p1a: Archaludon|Stamina|boost\n|-boost|p1a: Archaludon|def|1\n|\n|t:|1707280881\n|switch|p2a: Spiritomb|Spiritomb, L90, F|236/236|[from] Volt Switch\n|\n|upkeep\n|turn|8\n|\n|t:|1707280887\n|move|p1a: Archaludon|Swords Dance|p1a: Archaludon\n|-boost|p1a: Archaludon|atk|2\n|move|p2a: Spiritomb|Calm Mind|p2a: Spiritomb\n|-boost|p2a: Spiritomb|spa|1\n|-boost|p2a: Spiritomb|spd|1\n|\n|upkeep\n|turn|9\n|\n|t:|1707280921\n|move|p1a: Archaludon|Swords Dance|p1a: Archaludon\n|-boost|p1a: Archaludon|atk|2\n|move|p2a: Spiritomb|Dark Pulse|p1a: Archaludon\n|-damage|p1a: Archaludon|50/272\n|-ability|p1a: Archaludon|Stamina|boost\n|-boost|p1a: Archaludon|def|1\n|\n|upkeep\n|turn|10\n|\n|t:|1707280941\n|switch|p2a: Gurdurr|Gurdurr, L85, M|227/283\n|move|p1a: Archaludon|Outrage|p2a: Gurdurr\n|-damage|p2a: Gurdurr|0 fnt\n|faint|p2a: Gurdurr\n|\n|upkeep\n|\n|t:|1707280945\n|switch|p2a: Raikou|Raikou, L81|278/278\n|-ability|p2a: Raikou|Pressure\n|turn|11\n|\n|t:|1707280950\n|move|p2a: Raikou|Thunderbolt|p1a: Archaludon\n|-resisted|p1a: Archaludon\n|-damage|p1a: Archaludon|0 fnt\n|faint|p1a: Archaludon\n|\n|upkeep\n|\n|t:|1707280984\n|switch|p1a: Regidrago|Regidrago, L77|435/435\n|turn|12\n|j| 5a2f1b65fkmjz\n|\n|t:|1707281012\n|move|p2a: Raikou|Thunderbolt|p1a: Regidrago\n|-resisted|p1a: Regidrago\n|-damage|p1a: Regidrago|348/435\n|move|p1a: Regidrago|Dragon Dance|p1a: Regidrago\n|-boost|p1a: Regidrago|atk|1\n|-boost|p1a: Regidrago|spe|1\n|\n|upkeep\n|turn|13\n|\n|t:|1707281031\n|move|p1a: Regidrago|Outrage|p2a: Raikou\n|-damage|p2a: Raikou|0 fnt\n|faint|p2a: Raikou\n|\n|upkeep\n|\n|t:|1707281038\n|switch|p2a: Jirachi|Jirachi, L80|291/291\n|turn|14\n|\n|t:|1707281117\n|move|p1a: Regidrago|Outrage|p2a: Jirachi|[from]lockedmove\n|-resisted|p2a: Jirachi\n|-damage|p2a: Jirachi|181/291\n|move|p2a: Jirachi|Iron Head|p1a: Regidrago\n|-damage|p1a: Regidrago|230/435\n|\n|-heal|p2a: Jirachi|199/291|[from] item: Leftovers\n|upkeep\n|turn|15\n|\n|t:|1707281138\n|move|p1a: Regidrago|Outrage|p2a: Jirachi|[from]lockedmove\n|-resisted|p2a: Jirachi\n|-damage|p2a: Jirachi|86/291\n|-start|p1a: Regidrago|confusion|[fatigue]\n|-enditem|p1a: Regidrago|Lum Berry|[eat]\n|-end|p1a: Regidrago|confusion\n|move|p2a: Jirachi|Iron Head|p1a: Regidrago\n|-damage|p1a: Regidrago|92/435\n|\n|-heal|p2a: Jirachi|104/291|[from] item: Leftovers\n|upkeep\n|turn|16\n|\n|t:|1707281149\n|move|p2a: Jirachi|Protect|p2a: Jirachi\n|-singleturn|p2a: Jirachi|Protect\n|move|p1a: Regidrago|Earthquake|p2a: Jirachi\n|-activate|p2a: Jirachi|move: Protect\n|\n|-heal|p2a: Jirachi|122/291|[from] item: Leftovers\n|upkeep\n|turn|17\n|\n|t:|1707281152\n|switch|p2a: Lanturn|Lanturn, L89, M|193/367\n|move|p1a: Regidrago|Earthquake|p2a: Lanturn\n|-supereffective|p2a: Lanturn\n|-damage|p2a: Lanturn|0 fnt\n|faint|p2a: Lanturn\n|\n|upkeep\n|\n|t:|1707281154\n|switch|p2a: Spiritomb|Spiritomb, L90, F|236/236\n|turn|18\n|\n|t:|1707281158\n|move|p1a: Regidrago|Outrage|p2a: Spiritomb\n|-damage|p2a: Spiritomb|28/236\n|move|p2a: Spiritomb|Dark Pulse|p1a: Regidrago\n|-damage|p1a: Regidrago|0 fnt\n|faint|p1a: Regidrago\n|\n|-heal|p2a: Spiritomb|42/236|[from] item: Leftovers\n|upkeep\n|\n|t:|1707281169\n|switch|p1a: Staraptor|Staraptor, L79, M|263/263\n|turn|19\n|\n|t:|1707281177\n|move|p1a: Staraptor|Brave Bird|p2a: Spiritomb\n|-damage|p2a: Spiritomb|0 fnt\n|faint|p2a: Spiritomb\n|-damage|p1a: Staraptor|249/263|[from] Recoil\n|\n|upkeep\n|\n|t:|1707281179\n|switch|p2a: Jirachi|Jirachi, L80|122/291\n|turn|20\n|\n|t:|1707281184\n|move|p2a: Jirachi|Protect|p2a: Jirachi\n|-singleturn|p2a: Jirachi|Protect\n|move|p1a: Staraptor|Brave Bird|p2a: Jirachi\n|-activate|p2a: Jirachi|move: Protect\n|\n|-heal|p2a: Jirachi|140/291|[from] item: Leftovers\n|upkeep\n|turn|21\n|\n|t:|1707281197\n|move|p2a: Jirachi|Wish|p2a: Jirachi\n|move|p1a: Staraptor|Brave Bird|p2a: Jirachi\n|-resisted|p2a: Jirachi\n|-damage|p2a: Jirachi|30/291\n|-damage|p1a: Staraptor|213/263|[from] Recoil\n|\n|-heal|p2a: Jirachi|48/291|[from] item: Leftovers\n|upkeep\n|turn|22\n|\n|t:|1707281202\n|switch|p1a: Polteageist|Polteageist-Antique, L79|224/224\n|move|p2a: Jirachi|Protect||[still]\n|-fail|p2a: Jirachi\n|\n|-heal|p2a: Jirachi|193/291|[from] move: Wish|[wisher] Jirachi\n|-heal|p2a: Jirachi|211/291|[from] item: Leftovers\n|upkeep\n|turn|23\n|\n|t:|1707281205\n|move|p2a: Jirachi|Iron Head|p1a: Polteageist\n|-damage|p1a: Polteageist|113/224\n|cant|p1a: Polteageist|flinch\n|\n|-heal|p2a: Jirachi|229/291|[from] item: Leftovers\n|upkeep\n|turn|24\n|\n|t:|1707281215\n|move|p2a: Jirachi|Iron Head|p1a: Polteageist\n|-damage|p1a: Polteageist|0 fnt\n|faint|p1a: Polteageist\n|\n|-heal|p2a: Jirachi|247/291|[from] item: Leftovers\n|upkeep\n|\n|t:|1707281218\n|switch|p1a: Slither Wing|Slither Wing, L82|274/274\n|-enditem|p1a: Slither Wing|Booster Energy\n|-activate|p1a: Slither Wing|ability: Protosynthesis|[fromitem]\n|-start|p1a: Slither Wing|protosynthesisatk\n|turn|25\n|\n|t:|1707281223\n|-terastallize|p1a: Slither Wing|Fighting\n|move|p2a: Jirachi|Protect|p2a: Jirachi\n|-singleturn|p2a: Jirachi|Protect\n|move|p1a: Slither Wing|Close Combat|p2a: Jirachi\n|-activate|p2a: Jirachi|move: Protect\n|\n|-heal|p2a: Jirachi|265/291|[from] item: Leftovers\n|upkeep\n|turn|26\n|\n|t:|1707281228\n|move|p2a: Jirachi|Iron Head|p1a: Slither Wing\n|-damage|p1a: Slither Wing|186/274\n|cant|p1a: Slither Wing|flinch\n|\n|-heal|p2a: Jirachi|283/291|[from] item: Leftovers\n|upkeep\n|turn|27\n|\n|t:|1707281232\n|move|p2a: Jirachi|Iron Head|p1a: Slither Wing\n|-damage|p1a: Slither Wing|98/274\n|cant|p1a: Slither Wing|flinch\n|\n|-heal|p2a: Jirachi|291/291|[from] item: Leftovers\n|upkeep\n|turn|28\n|\n|t:|1707281238\n|move|p2a: Jirachi|Iron Head|p1a: Slither Wing\n|-damage|p1a: Slither Wing|16/274\n|cant|p1a: Slither Wing|flinch\n|\n|upkeep\n|turn|29\n|\n|t:|1707281241\n|move|p2a: Jirachi|Iron Head|p1a: Slither Wing\n|-damage|p1a: Slither Wing|0 fnt\n|faint|p1a: Slither Wing\n|-end|p1a: Slither Wing|Protosynthesis|[silent]\n|\n|upkeep\n|\n|t:|1707281248\n|switch|p1a: Passimian|Passimian, L83, F|248/302 par\n|turn|30\n|\n|t:|1707281253\n|move|p2a: Jirachi|Iron Head|p1a: Passimian\n|-damage|p1a: Passimian|167/302 par\n|cant|p1a: Passimian|flinch\n|\n|upkeep\n|turn|31\n|\n|t:|1707281255\n|move|p2a: Jirachi|Iron Head|p1a: Passimian\n|-damage|p1a: Passimian|88/302 par\n|move|p1a: Passimian|Knock Off|p2a: Jirachi\n|-supereffective|p2a: Jirachi\n|-damage|p2a: Jirachi|125/291\n|-enditem|p2a: Jirachi|Leftovers|[from] move: Knock Off|[of] p1a: Passimian\n|\n|upkeep\n|turn|32\n|\n|t:|1707281263\n|move|p2a: Jirachi|Wish|p2a: Jirachi\n|move|p1a: Passimian|Bulk Up|p1a: Passimian\n|-boost|p1a: Passimian|atk|1\n|-boost|p1a: Passimian|def|1\n|\n|upkeep\n|turn|33\n|\n|t:|1707281266\n|move|p2a: Jirachi|Iron Head|p1a: Passimian\n|-damage|p1a: Passimian|39/302 par\n|cant|p1a: Passimian|flinch\n|\n|-heal|p2a: Jirachi|270/291|[from] move: Wish|[wisher] Jirachi\n|upkeep\n|turn|34\n|\n|t:|1707281269\n|move|p2a: Jirachi|Iron Head|p1a: Passimian\n|-crit|p1a: Passimian\n|-damage|p1a: Passimian|0 fnt\n|faint|p1a: Passimian\n|\n|upkeep\n|\n|t:|1707281271\n|switch|p1a: Staraptor|Staraptor, L79, M|213/263\n|turn|35\n|\n|t:|1707281275\n|move|p2a: Jirachi|Protect|p2a: Jirachi\n|-singleturn|p2a: Jirachi|Protect\n|move|p1a: Staraptor|Close Combat|p2a: Jirachi\n|-activate|p2a: Jirachi|move: Protect\n|\n|upkeep\n|turn|36\n|\n|t:|1707281277\n|move|p2a: Jirachi|Iron Head|p1a: Staraptor\n|-damage|p1a: Staraptor|117/263\n|cant|p1a: Staraptor|flinch\n|\n|upkeep\n|turn|37\n|\n|t:|1707281279\n|move|p2a: Jirachi|Iron Head|p1a: Staraptor\n|-damage|p1a: Staraptor|8/263\n|cant|p1a: Staraptor|flinch\n|\n|upkeep\n|turn|38\n|\n|t:|1707281281\n|move|p2a: Jirachi|Iron Head|p1a: Staraptor\n|-damage|p1a: Staraptor|0 fnt\n|faint|p1a: Staraptor\n|\n|win|dcenoris\n|raw|Emboar02's rating: 2233 &rarr; <strong>2213</strong><br />(-20 for losing)\n|raw|dcenoris's rating: 2237 &rarr; <strong>2257</strong><br />(+20 for winning)\n|l|\u2606dcenoris\n|player|p2|\n|c|\u2606Emboar02|gameplay\n", "inputlog": ">version f7febc1e180278a4fad948cfe1d20c95eaa9a53c\n>start {\"formatid\":\"gen9randombattle\",\"seed\":[47970,60381,41689,4316],\"rated\":\"Rated battle\"}\n>player p1 {\"name\":\"Emboar02\",\"avatar\":\"#rbtt7teamdarkrai\",\"rating\":2233,\"seed\":[37285,62206,53845,58052]}\n>player p2 {\"name\":\"dcenoris\",\"avatar\":\"lucas\",\"rating\":2237,\"seed\":[8913,14578,53175,9104]}\n>p1 move bulkup\n>p2 move knockoff\n>p1 move knockoff\n>p2 move machpunch\n>p1 move drainpunch\n>p2 switch 5\n>p1 move knockoff\n>p2 move psyshock\n>p1 move drainpunch\n>p2 move trickroom\n>p2 switch 2\n>p1 move drainpunch\n>p2 move thunderwave\n>p1 switch 5\n>p2 move voltswitch\n>p2 switch 3\n>p1 move swordsdance\n>p2 move calmmind\n>p1 move swordsdance\n>p2 move darkpulse\n>p1 move outrage\n>p2 switch 5\n>p2 switch 6\n>p1 move outrage\n>p2 move thunderbolt\n>p1 switch 4\n>p1 move dragondance\n>p2 move thunderbolt\n>p1 move outrage\n>p2 move thunderbolt\n>p2 switch 4\n>p1 move outrage\n>p2 move ironhead\n>p1 move outrage\n>p2 move ironhead\n>p1 move earthquake\n>p2 move protect\n>p1 move earthquake\n>p2 switch 3\n>p2 switch 5\n>p1 move outrage\n>p2 move darkpulse\n>p1 switch 3\n>p1 move bravebird\n>p2 move darkpulse\n>p2 switch 3\n>p1 move bravebird\n>p2 move protect\n>p1 move bravebird\n>p2 move wish\n>p1 switch 6\n>p2 move protect\n>p1 move shellsmash\n>p2 move ironhead\n>p1 move shellsmash\n>p2 move ironhead\n>p1 switch 2\n>p1 move closecombat terastallize\n>p2 move protect\n>p1 move closecombat\n>p2 move ironhead\n>p1 move closecombat\n>p2 move ironhead\n>p1 move closecombat\n>p2 move ironhead\n>p1 move closecombat\n>p2 move ironhead\n>p1 switch 5\n>p1 move knockoff\n>p2 move ironhead\n>p1 move knockoff\n>p2 move ironhead\n>p1 move bulkup\n>p2 move wish\n>p1 move knockoff\n>p2 move ironhead\n>p1 move knockoff\n>p2 move ironhead\n>p1 switch 6\n>p1 move closecombat\n>p2 move protect\n>p1 move closecombat\n>p2 move ironhead\n>p1 move closecombat\n>p2 move ironhead\n>p1 move closecombat\n>p2 move ironhead", "uploadtime": 1707281287, "views": 250, "formatid": "gen9randombattle", "rating": 2213, "private": 0, "password": null}