{"id": "gen9randombattle-2260364824", "format": "[Gen 9] Random Battle", "players": ["Rei Limao", "Avide C."], "log": "|j|\u2606Rei Limao\n|j|\u2606Avide C.\n|t:|1733844355\n|gametype|singles\n|player|p1|Rei Limao|bellepa|1628\n|player|p2|Avide C.|acetrainer-gen4dp|1639\n|teamsize|p1|6\n|teamsize|p2|6\n|gen|9\n|tier|[Gen 9] Random Battle\n|rated|\n|rule|Species Clause: Limit one of each Pok\u00e9mon\n|rule|HP Percentage Mod: HP is shown in percentages\n|rule|Sleep Clause Mod: Limit one foe put to sleep\n|rule|Illusion Level Mod: Illusion disguises the Pok\u00e9mon's true level\n|\n|t:|1733844355\n|start\n|switch|p1a: Entei|Entei, L78|307/307\n|switch|p2a: Medicham|Medicham, L86, F|243/243\n|turn|1\n|inactive|Battle timer is ON: inactive players will automatically lose when time's up. (requested by Rei Limao)\n|\n|t:|1733844382\n|switch|p1a: Sinistcha|Sinistcha, L83|254/254\n|move|p2a: Medicham|Close Combat|p1a: Sinistcha\n|-immune|p1a: Sinistcha\n|\n|upkeep\n|turn|2\n|\n|t:|1733844400\n|switch|p2a: Scream Tail|Scream Tail, L84|330/330\n|move|p1a: Sinistcha|Matcha Gotcha|p2a: Scream Tail\n|-damage|p2a: Scream Tail|255/330\n|\n|-heal|p2a: Scream Tail|275/330|[from] item: Leftovers\n|upkeep\n|turn|3\n|\n|t:|1733844409\n|move|p2a: Scream Tail|Wish|p2a: Scream Tail\n|move|p1a: Sinistcha|Calm Mind|p1a: Sinistcha\n|-boost|p1a: Sinistcha|spa|1\n|-boost|p1a: Sinistcha|spd|1\n|\n|-heal|p2a: Scream Tail|295/330|[from] item: Leftovers\n|upkeep\n|turn|4\n|\n|t:|1733844417\n|-end|p2a: Scream Tail|Protosynthesis|[silent]\n|switch|p2a: Greninja|Greninja, L80, M|246/246\n|move|p1a: Sinistcha|Shadow Ball|p2a: Greninja\n|-resisted|p2a: Greninja\n|-damage|p2a: Greninja|150/246\n|\n|-heal|p2a: Greninja|246/246|[from] move: Wish|[wisher] Scream Tail\n|upkeep\n|turn|5\n|\n|t:|1733844430\n|move|p2a: Greninja|Dark Pulse|p1a: Sinistcha\n|-start|p2a: Greninja|typechange|Dark|[from] ability: Protean\n|-supereffective|p1a: Sinistcha\n|-damage|p1a: Sinistcha|95/254\n|-damage|p2a: Greninja|222/246|[from] item: Life Orb\n|cant|p1a: Sinistcha|flinch\n|\n|-heal|p1a: Sinistcha|110/254|[from] item: Leftovers\n|upkeep\n|turn|6\n|\n|t:|1733844442\n|switch|p1a: Hitmonchan|Hitmonchan, L87, M|229/229\n|move|p2a: Greninja|Dark Pulse|p1a: Hitmonchan\n|-resisted|p1a: Hitmonchan\n|-damage|p1a: Hitmonchan|182/229\n|-damage|p2a: Greninja|198/246|[from] item: Life Orb\n|\n|upkeep\n|turn|7\n|\n|t:|1733844449\n|switch|p2a: Medicham|Medicham, L86, F|243/243\n|move|p1a: Hitmonchan|Knock Off|p2a: Medicham\n|-damage|p2a: Medicham|140/243\n|-enditem|p2a: Medicham|Choice Band|[from] move: Knock Off|[of] p1a: Hitmonchan\n|-damage|p1a: Hitmonchan|160/229|[from] item: Life Orb\n|\n|upkeep\n|turn|8\n|\n|t:|1733844466\n|switch|p1a: Gumshoos|Gumshoos, L95, M|321/321\n|move|p2a: Medicham|Zen Headbutt|p1a: Gumshoos\n|-damage|p1a: Gumshoos|177/321\n|\n|upkeep\n|turn|9\n|\n|t:|1733844472\n|move|p2a: Medicham|Close Combat|p1a: Gumshoos\n|-supereffective|p1a: Gumshoos\n|-damage|p1a: Gumshoos|0 fnt\n|-unboost|p2a: Medicham|def|1\n|-unboost|p2a: Medicham|spd|1\n|faint|p1a: Gumshoos\n|\n|upkeep\n|\n|t:|1733844487\n|switch|p1a: Sinistcha|Sinistcha, L83|110/254\n|turn|10\n|\n|t:|1733844507\n|move|p2a: Medicham|Zen Headbutt|p1a: Sinistcha\n|-damage|p1a: Sinistcha|8/254\n|move|p1a: Sinistcha|Strength Sap|p2a: Medicham\n|-unboost|p2a: Medicham|atk|1\n|-heal|p1a: Sinistcha|160/254\n|\n|-heal|p1a: Sinistcha|175/254|[from] item: Leftovers\n|upkeep\n|turn|11\n|\n|t:|1733844524\n|switch|p2a: Scream Tail|Scream Tail, L84|295/330\n|move|p1a: Sinistcha|Strength Sap|p2a: Scream Tail\n|-unboost|p2a: Scream Tail|atk|1\n|-heal|p1a: Sinistcha|254/254\n|\n|-heal|p2a: Scream Tail|315/330|[from] item: Leftovers\n|upkeep\n|turn|12\n|\n|t:|1733844533\n|move|p2a: Scream Tail|Wish|p2a: Scream Tail\n|move|p1a: Sinistcha|Calm Mind|p1a: Sinistcha\n|-boost|p1a: Sinistcha|spa|1\n|-boost|p1a: Sinistcha|spd|1\n|\n|-heal|p2a: Scream Tail|330/330|[from] item: Leftovers\n|upkeep\n|turn|13\n|\n|t:|1733844539\n|move|p2a: Scream Tail|Encore|p1a: Sinistcha\n|-start|p1a: Sinistcha|Encore\n|move|p1a: Sinistcha|Calm Mind|p1a: Sinistcha\n|-boost|p1a: Sinistcha|spa|1\n|-boost|p1a: Sinistcha|spd|1\n|\n|upkeep\n|turn|14\n|\n|t:|1733844560\n|-end|p2a: Scream Tail|Protosynthesis|[silent]\n|switch|p2a: Medicham|Medicham, L86, F|140/243\n|switch|p1a: Clodsire|Clodsire, L81, M|343/343\n|\n|upkeep\n|turn|15\n|-message|Rei Limao forfeited.\n|\n|win|Avide C.\n|raw|Rei Limao's rating: 1628 &rarr; <strong>1609</strong><br />(-19 for losing)\n|raw|Avide C.'s rating: 1639 &rarr; <strong>1658</strong><br />(+19 for winning)\n|l|\u2606Rei Limao\n|player|p1|\n", "inputlog": ">version bfd83cad13791eb5a5a409923076391caf6fb4d4\n>start {\"formatid\":\"gen9randombattle\",\"seed\":[48793,8855,32029,42695],\"rated\":\"Rated battle\"}\n>player p1 {\"name\":\"Rei Limao\",\"avatar\":\"bellepa\",\"rating\":1628,\"seed\":[56507,4375,51418,63844]}\n>player p2 {\"name\":\"Avide C.\",\"avatar\":\"acetrainer-gen4dp\",\"rating\":1639,\"seed\":[39840,13323,42915,1968]}\n>p1 switch 4\n>p2 move closecombat\n>p1 move matchagotcha\n>p2 switch 6\n>p1 move calmmind\n>p2 move wish\n>p1 move shadowball\n>p2 switch 5\n>p1 move strengthsap\n>p2 move darkpulse\n>p1 switch 3\n>p2 move darkpulse\n>p1 move knockoff\n>p2 switch 6\n>p1 switch 5\n>p2 move zenheadbutt\n>p1 move doubleedge\n>p2 move closecombat\n>p1 switch 3\n>p1 move strengthsap\n>p2 move zenheadbutt\n>p1 move strengthsap\n>p2 switch 5\n>p1 move calmmind\n>p2 move wish\n>p1 move matchagotcha\n>p2 move encore\n>p1 switch 6\n>p2 switch 5\n>forcelose p1", "uploadtime": 1733844573, "views": 1, "formatid": "gen9randombattle", "rating": 1609, "private": 0, "password": null}