{"id": "gen9randombattle-2260677428", "format": "[Gen 9] Random Battle", "players": ["One Odd Fan", "N11N"], "log": "|j|\u2606One Odd Fan\n|j|\u203dN11N\n|t:|1733877240\n|gametype|singles\n|player|p1|One Odd Fan|gentleman-gen4dp|1275\n|player|p2|N11N|boarder|1239\n|teamsize|p1|6\n|teamsize|p2|6\n|gen|9\n|tier|[Gen 9] Random Battle\n|rated|\n|rule|Species Clause: Limit one of each Pok\u00e9mon\n|rule|HP Percentage Mod: HP is shown in percentages\n|rule|Sleep Clause Mod: Limit one foe put to sleep\n|rule|Illusion Level Mod: Illusion disguises the Pok\u00e9mon's true level\n|\n|t:|1733877240\n|start\n|switch|p1a: Kommo-o|Kommo-o, L78, F|245/245\n|switch|p2a: Leavanny|Leavanny, L86, F|269/269\n|turn|1\n|inactive|Battle timer is ON: inactive players will automatically lose when time's up. (requested by One Odd Fan)\n|\n|t:|1733877266\n|move|p2a: Leavanny|Knock Off|p1a: Kommo-o\n|-resisted|p1a: Kommo-o\n|-damage|p1a: Kommo-o|213/245\n|-enditem|p1a: Kommo-o|Throat Spray|[from] move: Knock Off|[of] p2a: Leavanny\n|move|p1a: Kommo-o|Clangorous Soul|p1a: Kommo-o\n|-boost|p1a: Kommo-o|atk|1\n|-boost|p1a: Kommo-o|def|1\n|-boost|p1a: Kommo-o|spa|1\n|-boost|p1a: Kommo-o|spd|1\n|-boost|p1a: Kommo-o|spe|1\n|-damage|p1a: Kommo-o|133/245\n|\n|upkeep\n|turn|2\n|\n|t:|1733877276\n|move|p1a: Kommo-o|Boomburst|p2a: Leavanny\n|-damage|p2a: Leavanny|122/269\n|move|p2a: Leavanny|Sticky Web|p1a: Kommo-o\n|-sidestart|p1: One Odd Fan|move: Sticky Web\n|\n|upkeep\n|turn|3\n|\n|t:|1733877306\n|move|p1a: Kommo-o|Boomburst|p2a: Leavanny\n|-damage|p2a: Leavanny|0 fnt\n|faint|p2a: Leavanny\n|\n|upkeep\n|inactive|N11N has 120 seconds left.\n|\n|t:|1733877317\n|switch|p2a: Alomomola|Alomomola, L87, M|429/429\n|turn|4\n|\n|t:|1733877325\n|move|p1a: Kommo-o|Clanging Scales|p2a: Alomomola\n|-damage|p2a: Alomomola|174/429\n|-unboost|p1a: Kommo-o|def|1\n|move|p2a: Alomomola|Scald|p1a: Kommo-o\n|-resisted|p1a: Kommo-o\n|-damage|p1a: Kommo-o|117/245\n|\n|upkeep\n|turn|5\n|\n|t:|1733877337\n|switch|p2a: Zebstrika|Zebstrika, L87, M|272/272\n|move|p1a: Kommo-o|Clanging Scales|p2a: Zebstrika\n|-damage|p2a: Zebstrika|94/272\n|-unboost|p1a: Kommo-o|def|1\n|\n|upkeep\n|turn|6\n|\n|t:|1733877348\n|move|p1a: Kommo-o|Boomburst|p2a: Zebstrika\n|-damage|p2a: Zebstrika|0 fnt\n|faint|p2a: Zebstrika\n|\n|upkeep\n|\n|t:|1733877357\n|switch|p2a: Regidrago|Regidrago, L77|435/435\n|turn|7\n|\n|t:|1733877364\n|move|p1a: Kommo-o|Clanging Scales|p2a: Regidrago\n|-supereffective|p2a: Regidrago\n|-damage|p2a: Regidrago|0 fnt\n|faint|p2a: Regidrago\n|-unboost|p1a: Kommo-o|def|1\n|\n|upkeep\n|\n|t:|1733877370\n|switch|p2a: Klawf|Klawf, L90, M|272/272\n|turn|8\n|\n|t:|1733877377\n|move|p1a: Kommo-o|Close Combat|p2a: Klawf\n|-supereffective|p2a: Klawf\n|-damage|p2a: Klawf|6/272\n|-unboost|p1a: Kommo-o|def|1\n|-unboost|p1a: Kommo-o|spd|1\n|-ability|p2a: Klawf|Anger Shell|boost\n|-boost|p2a: Klawf|atk|1\n|-boost|p2a: Klawf|spa|1\n|-boost|p2a: Klawf|spe|1\n|-unboost|p2a: Klawf|def|1\n|-unboost|p2a: Klawf|spd|1\n|move|p2a: Klawf|Stone Edge|p1a: Kommo-o|[miss]\n|-miss|p2a: Klawf|p1a: Kommo-o\n|\n|upkeep\n|turn|9\n|-message|N11N forfeited.\n|\n|win|One Odd Fan\n|raw|One Odd Fan's rating: 1275 &rarr; <strong>1297</strong><br />(+22 for winning)\n|raw|N11N's rating: 1239 &rarr; <strong>1217</strong><br />(-22 for losing)\n|l|\u203dN11N\n|player|p2|\n", "inputlog": ">version bfd83cad13791eb5a5a409923076391caf6fb4d4\n>start {\"formatid\":\"gen9randombattle\",\"seed\":[61936,65164,64551,64877],\"rated\":\"Rated battle\"}\n>player p1 {\"name\":\"One Odd Fan\",\"avatar\":\"gentleman-gen4dp\",\"rating\":1275,\"seed\":[58536,52736,27713,23642]}\n>player p2 {\"name\":\"N11N\",\"avatar\":\"boarder\",\"rating\":1239,\"seed\":[26705,59724,60976,37480]}\n>p1 move clangoroussoul\n>p2 move knockoff\n>p1 move boomburst\n>p2 move stickyweb\n>p1 move boomburst\n>p2 move lunge\n>p2 switch 6\n>p1 move clangingscales\n>p2 move scald\n>p1 move clangingscales\n>p2 switch 4\n>p1 move boomburst\n>p2 move highhorsepower\n>p2 switch 2\n>p1 move clangingscales\n>p2 move dragonenergy\n>p2 switch 3\n>p1 move closecombat\n>p2 move stoneedge\n>forcelose p2", "uploadtime": 1733877398, "views": 13, "formatid": "gen9randombattle", "rating": 1217, "private": 0, "password": null}