{"id": "gen9randombattle-2259769208", "format": "[Gen 9] Random Battle", "players": ["Foxalis_acetosella", "daydrinking"], "log": "|j|\u2606Foxalis_acetosella\n|j|\u2606daydrinking\n|t:|1733764902\n|gametype|singles\n|player|p1|Foxalis_acetosella|cheren|1666\n|player|p2|daydrinking|170|1625\n|teamsize|p1|6\n|teamsize|p2|6\n|gen|9\n|tier|[Gen 9] Random Battle\n|rated|\n|rule|Species Clause: Limit one of each Pok\u00e9mon\n|rule|HP Percentage Mod: HP is shown in percentages\n|rule|Sleep Clause Mod: Limit one foe put to sleep\n|rule|Illusion Level Mod: Illusion disguises the Pok\u00e9mon's true level\n|\n|t:|1733764902\n|start\n|switch|p1a: Tentacruel|Tentacruel, L84, M|272/272\n|switch|p2a: Chien-Pao|Chien-Pao, L72|234/234\n|-ability|p2a: Chien-Pao|Sword of Ruin\n|turn|1\n|\n|t:|1733764928\n|switch|p2a: Dragalge|Dragalge, L88, M|258/258\n|move|p1a: Tentacruel|Toxic Spikes|p2a: Dragalge\n|-sidestart|p2: daydrinking|move: Toxic Spikes\n|\n|upkeep\n|turn|2\n|\n|t:|1733764942\n|switch|p1a: Gumshoos|Gumshoos, L95, F|321/321\n|move|p2a: Dragalge|Draco Meteor|p1a: Gumshoos\n|-crit|p1a: Gumshoos\n|-damage|p1a: Gumshoos|0 fnt\n|-unboost|p2a: Dragalge|spa|2\n|faint|p1a: Gumshoos\n|\n|upkeep\n|\n|t:|1733764952\n|switch|p1a: Ursaluna|Ursaluna, L79, F|335/335\n|turn|3\n|\n|t:|1733764978\n|switch|p2a: Lilligant|Lilligant-Hisui, L79, F|240/240\n|-status|p2a: Lilligant|psn\n|move|p1a: Ursaluna|Trailblaze|p2a: Lilligant\n|-resisted|p2a: Lilligant\n|-damage|p2a: Lilligant|216/240 psn\n|-boost|p1a: Ursaluna|spe|1\n|\n|-damage|p2a: Lilligant|186/240 psn|[from] psn\n|-status|p1a: Ursaluna|brn|[from] item: Flame Orb\n|upkeep\n|turn|4\n|\n|t:|1733764994\n|move|p2a: Lilligant|Close Combat|p1a: Ursaluna\n|-supereffective|p1a: Ursaluna\n|-damage|p1a: Ursaluna|17/335 brn\n|-unboost|p2a: Lilligant|def|1\n|-unboost|p2a: Lilligant|spd|1\n|move|p1a: Ursaluna|Trailblaze|p2a: Lilligant\n|-resisted|p2a: Lilligant\n|-damage|p2a: Lilligant|134/240 psn\n|-boost|p1a: Ursaluna|spe|1\n|\n|-damage|p2a: Lilligant|104/240 psn|[from] psn\n|-damage|p1a: Ursaluna|0 fnt|[from] brn\n|faint|p1a: Ursaluna\n|upkeep\n|\n|t:|1733765010\n|switch|p1a: Charizard|Charizard, L85, F|271/271\n|turn|5\n|\n|t:|1733765018\n|switch|p2a: Dragalge|Dragalge, L88, M|258/258\n|-sideend|p2: daydrinking|move: Toxic Spikes|[of] p2a: Dragalge\n|move|p1a: Charizard|Flamethrower|p2a: Dragalge\n|-resisted|p2a: Dragalge\n|-damage|p2a: Dragalge|215/258\n|-status|p2a: Dragalge|brn\n|\n|-damage|p2a: Dragalge|199/258 brn|[from] brn\n|upkeep\n|turn|6\n|\n|t:|1733765027\n|switch|p1a: Tentacruel|Tentacruel, L84, M|272/272\n|move|p2a: Dragalge|Sludge Wave|p1a: Tentacruel\n|-resisted|p1a: Tentacruel\n|-damage|p1a: Tentacruel|188/272\n|\n|-heal|p1a: Tentacruel|205/272|[from] item: Leftovers\n|-damage|p2a: Dragalge|183/258 brn|[from] brn\n|upkeep\n|turn|7\n|\n|t:|1733765049\n|move|p1a: Tentacruel|Sludge Bomb|p2a: Dragalge\n|-resisted|p2a: Dragalge\n|-damage|p2a: Dragalge|153/258 brn\n|move|p2a: Dragalge|Sludge Wave|p1a: Tentacruel\n|-resisted|p1a: Tentacruel\n|-damage|p1a: Tentacruel|115/272\n|\n|-heal|p1a: Tentacruel|132/272|[from] item: Leftovers\n|-damage|p2a: Dragalge|137/258 brn|[from] brn\n|upkeep\n|turn|8\n|\n|t:|1733765067\n|move|p1a: Tentacruel|Surf|p2a: Dragalge\n|-resisted|p2a: Dragalge\n|-damage|p2a: Dragalge|105/258 brn\n|move|p2a: Dragalge|Sludge Wave|p1a: Tentacruel\n|-resisted|p1a: Tentacruel\n|-damage|p1a: Tentacruel|52/272\n|\n|-heal|p1a: Tentacruel|69/272|[from] item: Leftovers\n|-damage|p2a: Dragalge|89/258 brn|[from] brn\n|upkeep\n|turn|9\n|\n|t:|1733765072\n|move|p1a: Tentacruel|Surf|p2a: Dragalge\n|-resisted|p2a: Dragalge\n|-damage|p2a: Dragalge|59/258 brn\n|move|p2a: Dragalge|Sludge Wave|p1a: Tentacruel\n|-resisted|p1a: Tentacruel\n|-damage|p1a: Tentacruel|0 fnt\n|faint|p1a: Tentacruel\n|\n|-damage|p2a: Dragalge|43/258 brn|[from] brn\n|upkeep\n|\n|t:|1733765082\n|switch|p1a: Spectrier|Spectrier, L75|274/274\n|turn|10\n|\n|t:|1733765092\n|switch|p2a: Florges|Florges-Orange, L85, F|271/271\n|move|p1a: Spectrier|Shadow Ball|p2a: Florges\n|-damage|p2a: Florges|193/271\n|-damage|p1a: Spectrier|247/274|[from] item: Life Orb\n|\n|-heal|p2a: Florges|209/271|[from] item: Leftovers\n|upkeep\n|turn|11\n|\n|t:|1733765100\n|move|p1a: Spectrier|Nasty Plot|p1a: Spectrier\n|-boost|p1a: Spectrier|spa|2\n|move|p2a: Florges|Calm Mind|p2a: Florges\n|-boost|p2a: Florges|spa|1\n|-boost|p2a: Florges|spd|1\n|\n|-heal|p2a: Florges|225/271|[from] item: Leftovers\n|upkeep\n|turn|12\n|\n|t:|1733765105\n|move|p1a: Spectrier|Shadow Ball|p2a: Florges\n|-damage|p2a: Florges|115/271\n|-unboost|p2a: Florges|spd|1\n|-damage|p1a: Spectrier|220/274|[from] item: Life Orb\n|move|p2a: Florges|Moonblast|p1a: Spectrier\n|-crit|p1a: Spectrier\n|-damage|p1a: Spectrier|0 fnt\n|faint|p1a: Spectrier\n|\n|-heal|p2a: Florges|131/271|[from] item: Leftovers\n|upkeep\n|\n|t:|1733765114\n|switch|p1a: Charizard|Charizard, L85, F|271/271\n|turn|13\n|\n|t:|1733765125\n|-terastallize|p1a: Charizard|Fire\n|move|p1a: Charizard|Flamethrower|p2a: Florges\n|-damage|p2a: Florges|43/271\n|-status|p2a: Florges|brn\n|move|p2a: Florges|Synthesis|p2a: Florges\n|-heal|p2a: Florges|178/271 brn\n|\n|-heal|p2a: Florges|194/271 brn|[from] item: Leftovers\n|-damage|p2a: Florges|178/271 brn|[from] brn\n|upkeep\n|turn|14\n|\n|t:|1733765133\n|move|p1a: Charizard|Hurricane|p2a: Florges\n|-damage|p2a: Florges|88/271 brn\n|move|p2a: Florges|Calm Mind|p2a: Florges\n|-boost|p2a: Florges|spa|1\n|-boost|p2a: Florges|spd|1\n|\n|-heal|p2a: Florges|104/271 brn|[from] item: Leftovers\n|-damage|p2a: Florges|88/271 brn|[from] brn\n|upkeep\n|turn|15\n|\n|t:|1733765140\n|move|p1a: Charizard|Earthquake|p2a: Florges\n|-damage|p2a: Florges|10/271 brn\n|move|p2a: Florges|Synthesis|p2a: Florges\n|-heal|p2a: Florges|145/271 brn\n|\n|-heal|p2a: Florges|161/271 brn|[from] item: Leftovers\n|-damage|p2a: Florges|145/271 brn|[from] brn\n|upkeep\n|turn|16\n|\n|t:|1733765148\n|move|p1a: Charizard|Earthquake|p2a: Florges\n|-damage|p2a: Florges|61/271 brn\n|move|p2a: Florges|Moonblast|p1a: Charizard\n|-resisted|p1a: Charizard\n|-damage|p1a: Charizard|157/271\n|\n|-heal|p2a: Florges|77/271 brn|[from] item: Leftovers\n|-damage|p2a: Florges|61/271 brn|[from] brn\n|upkeep\n|turn|17\n|\n|t:|1733765153\n|move|p1a: Charizard|Earthquake|p2a: Florges\n|-crit|p2a: Florges\n|-damage|p2a: Florges|0 fnt\n|faint|p2a: Florges\n|\n|upkeep\n|\n|t:|1733765167\n|switch|p2a: Salazzle|Salazzle, L83, F|249/249\n|turn|18\n|\n|t:|1733765172\n|move|p2a: Salazzle|Toxic|p1a: Charizard\n|-status|p1a: Charizard|tox\n|move|p1a: Charizard|Earthquake|p2a: Salazzle\n|-supereffective|p2a: Salazzle\n|-damage|p2a: Salazzle|0 fnt\n|faint|p2a: Salazzle\n|\n|-damage|p1a: Charizard|141/271 tox|[from] psn\n|upkeep\n|\n|t:|1733765175\n|switch|p2a: Dragalge|Dragalge, L88, M|43/258 brn\n|turn|19\n|\n|t:|1733765182\n|move|p1a: Charizard|Earthquake|p2a: Dragalge\n|-supereffective|p2a: Dragalge\n|-damage|p2a: Dragalge|0 fnt\n|faint|p2a: Dragalge\n|\n|-damage|p1a: Charizard|109/271 tox|[from] psn\n|upkeep\n|\n|t:|1733765188\n|switch|p2a: Lilligant|Lilligant-Hisui, L79, F|104/240 psn\n|turn|20\n|\n|t:|1733765196\n|move|p1a: Charizard|Flamethrower|p2a: Lilligant\n|-supereffective|p2a: Lilligant\n|-damage|p2a: Lilligant|0 fnt\n|faint|p2a: Lilligant\n|\n|-damage|p1a: Charizard|61/271 tox|[from] psn\n|upkeep\n|\n|t:|1733765200\n|switch|p2a: Chien-Pao|Chien-Pao, L72|234/234\n|-ability|p2a: Chien-Pao|Sword of Ruin\n|turn|21\n|\n|t:|1733765206\n|-terastallize|p2a: Chien-Pao|Fighting\n|move|p2a: Chien-Pao|Swords Dance|p2a: Chien-Pao\n|-boost|p2a: Chien-Pao|atk|2\n|move|p1a: Charizard|Flamethrower|p2a: Chien-Pao\n|-damage|p2a: Chien-Pao|0 fnt\n|faint|p2a: Chien-Pao\n|\n|-damage|p1a: Charizard|0 fnt|[from] psn\n|faint|p1a: Charizard\n|upkeep\n|\n|t:|1733765216\n|switch|p2a: Zekrom|Zekrom, L71|259/259\n|switch|p1a: Gurdurr|Gurdurr, L85, M|283/283\n|-ability|p2a: Zekrom|Teravolt\n|turn|22\n|\n|t:|1733765224\n|move|p2a: Zekrom|Substitute|p2a: Zekrom\n|-start|p2a: Zekrom|Substitute\n|-damage|p2a: Zekrom|195/259\n|move|p1a: Gurdurr|Bulk Up|p1a: Gurdurr\n|-boost|p1a: Gurdurr|atk|1\n|-boost|p1a: Gurdurr|def|1\n|\n|-heal|p2a: Zekrom|211/259|[from] item: Leftovers\n|upkeep\n|turn|23\n|\n|t:|1733765228\n|move|p2a: Zekrom|Dragon Dance|p2a: Zekrom\n|-boost|p2a: Zekrom|atk|1\n|-boost|p2a: Zekrom|spe|1\n|move|p1a: Gurdurr|Drain Punch|p2a: Zekrom\n|-end|p2a: Zekrom|Substitute\n|\n|-heal|p2a: Zekrom|227/259|[from] item: Leftovers\n|upkeep\n|turn|24\n|\n|t:|1733765234\n|move|p2a: Zekrom|Dragon Dance|p2a: Zekrom\n|-boost|p2a: Zekrom|atk|1\n|-boost|p2a: Zekrom|spe|1\n|move|p1a: Gurdurr|Knock Off|p2a: Zekrom\n|-damage|p2a: Zekrom|131/259\n|-enditem|p2a: Zekrom|Leftovers|[from] move: Knock Off|[of] p1a: Gurdurr\n|\n|upkeep\n|turn|25\n|\n|t:|1733765240\n|move|p2a: Zekrom|Dragon Dance|p2a: Zekrom\n|-boost|p2a: Zekrom|atk|1\n|-boost|p2a: Zekrom|spe|1\n|move|p1a: Gurdurr|Drain Punch|p2a: Zekrom\n|-damage|p2a: Zekrom|8/259\n|\n|upkeep\n|turn|26\n|\n|t:|1733765246\n|move|p1a: Gurdurr|Mach Punch|p2a: Zekrom\n|-damage|p2a: Zekrom|0 fnt\n|faint|p2a: Zekrom\n|\n|win|Foxalis_acetosella\n|raw|Foxalis_acetosella's rating: 1666 &rarr; <strong>1684</strong><br />(+18 for winning)\n|raw|daydrinking's rating: 1625 &rarr; <strong>1607</strong><br />(-18 for losing)\n|l|\u2606daydrinking\n|player|p2|\n", "inputlog": ">version bfd83cad13791eb5a5a409923076391caf6fb4d4\n>start {\"formatid\":\"gen9randombattle\",\"seed\":[49969,9572,10967,56380],\"rated\":\"Rated battle\"}\n>player p1 {\"name\":\"Foxalis_acetosella\",\"avatar\":\"cheren\",\"rating\":1666,\"seed\":[17327,23840,54676,30680]}\n>player p2 {\"name\":\"daydrinking\",\"avatar\":\"170\",\"rating\":1625,\"seed\":[33015,14802,34708,12335]}\n>p1 move toxicspikes\n>p2 switch 5\n>p1 switch 2\n>p2 move dracometeor\n>p1 switch 4\n>p1 move trailblaze\n>p2 switch 6\n>p1 move trailblaze\n>p2 move closecombat\n>p1 switch 5\n>p1 move flamethrower\n>p2 switch 6\n>p1 switch 2\n>p2 move sludgewave\n>p1 move sludgebomb\n>p2 move sludgewave\n>p1 move surf\n>p2 move sludgewave\n>p1 move surf\n>p2 move sludgewave\n>p1 switch 3\n>p1 move shadowball\n>p2 switch 2\n>p1 move nastyplot\n>p2 move calmmind\n>p1 move shadowball\n>p2 move moonblast\n>p1 switch 2\n>p1 move flamethrower terastallize\n>p2 move synthesis\n>p1 move hurricane\n>p2 move calmmind\n>p1 move earthquake\n>p2 move synthesis\n>p1 move earthquake\n>p2 move moonblast\n>p1 move earthquake\n>p2 move moonblast\n>p2 switch 3\n>p1 move earthquake\n>p2 move toxic\n>p2 switch 2\n>p1 move earthquake\n>p2 move flipturn\n>p2 switch 6\n>p1 move flamethrower\n>p2 move closecombat\n>p2 switch 5\n>p1 move flamethrower\n>p2 move swordsdance terastallize\n>p1 switch 6\n>p2 switch 4\n>p1 move bulkup\n>p2 move substitute\n>p1 move drainpunch\n>p2 move dragondance\n>p1 move knockoff\n>p2 move dragondance\n>p1 move drainpunch\n>p2 move dragondance\n>p1 move machpunch\n>p2 move outrage", "uploadtime": 1733765280, "views": 13, "formatid": "gen9randombattle", "rating": 1607, "private": 0, "password": null}