{"id": "gen9randombattle-2260832860", "format": "[Gen 9] Random Battle", "players": ["Nimpleton", "HenrikSedin"], "log": "|j|\u2606Nimpleton\n|j|\u2606HenrikSedin\n|t:|1733900481\n|gametype|singles\n|player|p1|Nimpleton|pokemonranger-gen4|1172\n|player|p2|HenrikSedin|266|1118\n|teamsize|p1|6\n|teamsize|p2|6\n|gen|9\n|tier|[Gen 9] Random Battle\n|rated|\n|rule|Species Clause: Limit one of each Pok\u00e9mon\n|rule|HP Percentage Mod: HP is shown in percentages\n|rule|Sleep Clause Mod: Limit one foe put to sleep\n|rule|Illusion Level Mod: Illusion disguises the Pok\u00e9mon's true level\n|\n|t:|1733900481\n|start\n|switch|p1a: Metagross|Metagross, L79|256/256\n|switch|p2a: Ninetales|Ninetales, L85, M|263/263\n|-weather|SunnyDay|[from] ability: Drought|[of] p2a: Ninetales\n|turn|1\n|inactive|Battle timer is ON: inactive players will automatically lose when time's up. (requested by HenrikSedin)\n|\n|t:|1733900507\n|switch|p1a: Terrakion|Terrakion, L79|273/273\n|move|p2a: Ninetales|Scorching Sands|p1a: Terrakion\n|-supereffective|p1a: Terrakion\n|-damage|p1a: Terrakion|177/273\n|-status|p1a: Terrakion|brn\n|\n|-weather|SunnyDay|[upkeep]\n|-damage|p1a: Terrakion|160/273 brn|[from] brn\n|upkeep\n|turn|2\n|\n|t:|1733900522\n|move|p2a: Ninetales|Scorching Sands|p1a: Terrakion\n|-supereffective|p1a: Terrakion\n|-damage|p1a: Terrakion|68/273 brn\n|move|p1a: Terrakion|Earthquake|p2a: Ninetales\n|-supereffective|p2a: Ninetales\n|-damage|p2a: Ninetales|134/263\n|\n|-weather|SunnyDay|[upkeep]\n|-damage|p1a: Terrakion|51/273 brn|[from] brn\n|upkeep\n|turn|3\n|\n|t:|1733900537\n|move|p2a: Ninetales|Scorching Sands|p1a: Terrakion\n|-supereffective|p1a: Terrakion\n|-damage|p1a: Terrakion|0 fnt\n|faint|p1a: Terrakion\n|\n|-weather|SunnyDay|[upkeep]\n|upkeep\n|\n|t:|1733900545\n|switch|p1a: Zapdos|Zapdos-Galar, L77|265/265\n|turn|4\n|\n|t:|1733900559\n|switch|p2a: Regieleki|Regieleki, L79|256/256\n|move|p1a: Zapdos|Brave Bird|p2a: Regieleki\n|-resisted|p2a: Regieleki\n|-damage|p2a: Regieleki|127/256\n|-damage|p1a: Zapdos|222/265|[from] Recoil\n|-damage|p1a: Zapdos|196/265|[from] item: Life Orb\n|\n|-weather|SunnyDay|[upkeep]\n|upkeep\n|turn|5\n|\n|t:|1733900575\n|switch|p1a: Leavanny|Leavanny, L86, F|269/269\n|move|p2a: Regieleki|Thunderbolt|p1a: Leavanny\n|-resisted|p1a: Leavanny\n|-damage|p1a: Leavanny|203/269\n|\n|-weather|none\n|upkeep\n|turn|6\n|\n|t:|1733900583\n|-terastallize|p2a: Regieleki|Ice\n|move|p2a: Regieleki|Tera Blast|p1a: Leavanny|[anim] Tera Blast Ice\n|-supereffective|p1a: Leavanny\n|-damage|p1a: Leavanny|53/269\n|move|p1a: Leavanny|Sticky Web|p2a: Regieleki\n|-sidestart|p2: HenrikSedin|move: Sticky Web\n|\n|upkeep\n|turn|7\n|\n|t:|1733900606\n|switch|p1a: Metagross|Metagross, L79|256/256\n|move|p2a: Regieleki|Tera Blast|p1a: Metagross|[anim] Tera Blast Ice\n|-resisted|p1a: Metagross\n|-damage|p1a: Metagross|214/256\n|\n|-heal|p1a: Metagross|230/256|[from] item: Leftovers\n|upkeep\n|turn|8\n|\n|t:|1733900618\n|move|p2a: Regieleki|Rapid Spin|p1a: Metagross\n|-resisted|p1a: Metagross\n|-damage|p1a: Metagross|218/256\n|-boost|p2a: Regieleki|spe|1\n|-sideend|p2: HenrikSedin|Sticky Web|[from] move: Rapid Spin|[of] p2a: Regieleki\n|move|p1a: Metagross|Stealth Rock|p2a: Regieleki\n|-sidestart|p2: HenrikSedin|move: Stealth Rock\n|\n|-heal|p1a: Metagross|234/256|[from] item: Leftovers\n|upkeep\n|turn|9\n|\n|t:|1733900631\n|move|p2a: Regieleki|Rapid Spin|p1a: Metagross\n|-resisted|p1a: Metagross\n|-damage|p1a: Metagross|222/256\n|-boost|p2a: Regieleki|spe|1\n|-sideend|p2: HenrikSedin|Stealth Rock|[from] move: Rapid Spin|[of] p2a: Regieleki\n|move|p1a: Metagross|Heavy Slam|p2a: Regieleki\n|-supereffective|p2a: Regieleki\n|-damage|p2a: Regieleki|0 fnt\n|faint|p2a: Regieleki\n|\n|-heal|p1a: Metagross|238/256|[from] item: Leftovers\n|upkeep\n|\n|t:|1733900643\n|switch|p2a: Ninetales|Ninetales, L85, M|134/263\n|-weather|SunnyDay|[from] ability: Drought|[of] p2a: Ninetales\n|turn|10\n|\n|t:|1733900657\n|switch|p1a: Tentacruel|Tentacruel, L84, F|272/272\n|move|p2a: Ninetales|Fire Blast|p1a: Tentacruel\n|-resisted|p1a: Tentacruel\n|-damage|p1a: Tentacruel|211/272\n|\n|-weather|SunnyDay|[upkeep]\n|-heal|p1a: Tentacruel|228/272|[from] item: Leftovers\n|upkeep\n|turn|11\n|\n|t:|1733900670\n|switch|p2a: Ariados|Ariados, L95, F|287/287\n|move|p1a: Tentacruel|Toxic Spikes|p2a: Ariados\n|-sidestart|p2: HenrikSedin|move: Toxic Spikes\n|\n|-weather|SunnyDay|[upkeep]\n|-heal|p1a: Tentacruel|245/272|[from] item: Leftovers\n|upkeep\n|turn|12\n|\n|t:|1733900682\n|move|p1a: Tentacruel|Surf|p2a: Ariados\n|-damage|p2a: Ariados|241/287\n|move|p2a: Ariados|Sticky Web|p1a: Tentacruel\n|-sidestart|p1: Nimpleton|move: Sticky Web\n|\n|-weather|SunnyDay|[upkeep]\n|-heal|p1a: Tentacruel|262/272|[from] item: Leftovers\n|upkeep\n|turn|13\n|\n|t:|1733900688\n|move|p1a: Tentacruel|Toxic Spikes|p2a: Ariados\n|-sidestart|p2: HenrikSedin|move: Toxic Spikes\n|move|p2a: Ariados|Megahorn|p1a: Tentacruel\n|-resisted|p1a: Tentacruel\n|-damage|p1a: Tentacruel|171/272\n|\n|-weather|SunnyDay|[upkeep]\n|-heal|p1a: Tentacruel|188/272|[from] item: Leftovers\n|upkeep\n|turn|14\n|\n|t:|1733900695\n|move|p1a: Tentacruel|Rapid Spin|p2a: Ariados\n|-damage|p2a: Ariados|212/287\n|-boost|p1a: Tentacruel|spe|1\n|-sideend|p1: Nimpleton|Sticky Web|[from] move: Rapid Spin|[of] p1a: Tentacruel\n|move|p2a: Ariados|Megahorn|p1a: Tentacruel\n|-resisted|p1a: Tentacruel\n|-damage|p1a: Tentacruel|89/272\n|\n|-weather|none\n|-heal|p1a: Tentacruel|106/272|[from] item: Leftovers\n|upkeep\n|turn|15\n|\n|t:|1733900708\n|move|p1a: Tentacruel|Surf|p2a: Ariados\n|-damage|p2a: Ariados|131/287\n|move|p2a: Ariados|Megahorn|p1a: Tentacruel\n|-resisted|p1a: Tentacruel\n|-damage|p1a: Tentacruel|15/272\n|\n|-heal|p1a: Tentacruel|32/272|[from] item: Leftovers\n|upkeep\n|turn|16\n|\n|t:|1733900733\n|switch|p1a: Zapdos|Zapdos-Galar, L77|196/265\n|move|p2a: Ariados|Sucker Punch||[still]\n|-fail|p2a: Ariados\n|\n|upkeep\n|turn|17\n|\n|t:|1733900749\n|switch|p2a: Persian|Persian, L92, M|269/269\n|-status|p2a: Persian|tox\n|move|p1a: Zapdos|Brave Bird|p2a: Persian\n|-damage|p2a: Persian|77/269 tox\n|-damage|p1a: Zapdos|133/265|[from] Recoil\n|-damage|p1a: Zapdos|107/265|[from] item: Life Orb\n|\n|-damage|p2a: Persian|61/269 tox|[from] psn\n|upkeep\n|turn|18\n|\n|t:|1733900767\n|switch|p1a: Metagross|Metagross, L79|238/256\n|move|p2a: Persian|Fake Out|p1a: Metagross\n|-resisted|p1a: Metagross\n|-damage|p1a: Metagross|210/256\n|\n|-heal|p1a: Metagross|226/256|[from] item: Leftovers\n|-damage|p2a: Persian|29/269 tox|[from] psn\n|upkeep\n|turn|19\n|\n|t:|1733900785\n|move|p2a: Persian|Knock Off|p1a: Metagross\n|-supereffective|p1a: Metagross\n|-damage|p1a: Metagross|120/256\n|-enditem|p1a: Metagross|Leftovers|[from] move: Knock Off|[of] p2a: Persian\n|move|p1a: Metagross|Stealth Rock|p2a: Persian\n|-sidestart|p2: HenrikSedin|move: Stealth Rock\n|\n|-damage|p2a: Persian|0 fnt|[from] psn\n|faint|p2a: Persian\n|upkeep\n|\n|t:|1733900793\n|switch|p2a: Ariados|Ariados, L95, F|131/287\n|-sideend|p2: HenrikSedin|move: Toxic Spikes|[of] p2a: Ariados\n|turn|20\n|\n|t:|1733900803\n|move|p2a: Ariados|Sucker Punch|p1a: Metagross\n|-supereffective|p1a: Metagross\n|-damage|p1a: Metagross|20/256\n|move|p1a: Metagross|Psychic Fangs|p2a: Ariados\n|-supereffective|p2a: Ariados\n|-damage|p2a: Ariados|0 fnt\n|faint|p2a: Ariados\n|\n|upkeep\n|\n|t:|1733900819\n|switch|p2a: Mabosstiff|Mabosstiff, L86, M|278/278\n|-damage|p2a: Mabosstiff|244/278|[from] Stealth Rock\n|turn|21\n|\n|t:|1733900838\n|switch|p1a: Arboliva|Arboliva, L91, F|288/288\n|move|p2a: Mabosstiff|Crunch|p1a: Arboliva\n|-damage|p1a: Arboliva|0 fnt\n|faint|p1a: Arboliva\n|\n|upkeep\n|\n|t:|1733900854\n|switch|p1a: Zapdos|Zapdos-Galar, L77|107/265\n|turn|22\n|inactive|HenrikSedin has 120 seconds left.\n|\n|t:|1733900903\n|move|p1a: Zapdos|Close Combat|p2a: Mabosstiff\n|-supereffective|p2a: Mabosstiff\n|-damage|p2a: Mabosstiff|0 fnt\n|-unboost|p1a: Zapdos|def|1\n|-unboost|p1a: Zapdos|spd|1\n|faint|p2a: Mabosstiff\n|-damage|p1a: Zapdos|81/265|[from] item: Life Orb\n|\n|upkeep\n|\n|t:|1733900918\n|switch|p2a: Abomasnow|Abomasnow, L85, M|291/291\n|-damage|p2a: Abomasnow|219/291|[from] Stealth Rock\n|-weather|Snow|[from] ability: Snow Warning|[of] p2a: Abomasnow\n|turn|23\n|\n|t:|1733900929\n|move|p2a: Abomasnow|Ice Shard|p1a: Zapdos\n|-supereffective|p1a: Zapdos\n|-damage|p1a: Zapdos|0 fnt\n|faint|p1a: Zapdos\n|\n|-weather|Snow|[upkeep]\n|upkeep\n|\n|t:|1733900953\n|switch|p1a: Leavanny|Leavanny, L86, F|53/269\n|turn|24\n|\n|t:|1733900959\n|move|p2a: Abomasnow|Ice Shard|p1a: Leavanny\n|-supereffective|p1a: Leavanny\n|-damage|p1a: Leavanny|0 fnt\n|faint|p1a: Leavanny\n|\n|-weather|Snow|[upkeep]\n|upkeep\n|inactive|Nimpleton has 120 seconds left.\n|\n|t:|1733900976\n|switch|p1a: Tentacruel|Tentacruel, L84, F|32/272\n|turn|25\n|\n|t:|1733900984\n|move|p2a: Abomasnow|Ice Shard|p1a: Tentacruel\n|-resisted|p1a: Tentacruel\n|-damage|p1a: Tentacruel|8/272\n|move|p1a: Tentacruel|Sludge Bomb|p2a: Abomasnow\n|-supereffective|p2a: Abomasnow\n|-damage|p2a: Abomasnow|51/291\n|\n|-weather|Snow|[upkeep]\n|-heal|p1a: Tentacruel|25/272|[from] item: Leftovers\n|upkeep\n|turn|26\n|inactive|Nimpleton has 120 seconds left.\n|\n|t:|1733901005\n|move|p2a: Abomasnow|Ice Shard|p1a: Tentacruel\n|-resisted|p1a: Tentacruel\n|-damage|p1a: Tentacruel|0 fnt\n|faint|p1a: Tentacruel\n|\n|-weather|Snow|[upkeep]\n|upkeep\n|\n|t:|1733901009\n|switch|p1a: Metagross|Metagross, L79|20/256\n|turn|27\n|c|\u2606HenrikSedin|xd\n|inactive|Nimpleton has 120 seconds left.\n|\n|t:|1733901043\n|-terastallize|p1a: Metagross|Water\n|move|p2a: Abomasnow|Ice Shard|p1a: Metagross\n|-resisted|p1a: Metagross\n|-damage|p1a: Metagross|4/256\n|move|p1a: Metagross|Heavy Slam|p2a: Abomasnow\n|-supereffective|p2a: Abomasnow\n|-damage|p2a: Abomasnow|0 fnt\n|faint|p2a: Abomasnow\n|\n|-weather|none\n|upkeep\n|\n|t:|1733901053\n|switch|p2a: Ninetales|Ninetales, L85, M|134/263\n|-weather|SunnyDay|[from] ability: Drought|[of] p2a: Ninetales\n|turn|28\n|c|\u2606Nimpleton|rizz\n|inactive|Nimpleton has 90 seconds left.\n|\n|t:|1733901079\n|move|p2a: Ninetales|Scorching Sands|p1a: Metagross\n|-damage|p1a: Metagross|0 fnt\n|faint|p1a: Metagross\n|\n|win|HenrikSedin\n|raw|Nimpleton's rating: 1172 &rarr; <strong>1143</strong><br />(-29 for losing)\n|raw|HenrikSedin's rating: 1118 &rarr; <strong>1147</strong><br />(+29 for winning)\n|c|\u2606Nimpleton|gg\n", "inputlog": ">version bfd83cad13791eb5a5a409923076391caf6fb4d4\n>start {\"formatid\":\"gen9randombattle\",\"seed\":[13341,24881,25186,22250],\"rated\":\"Rated battle\"}\n>player p1 {\"name\":\"Nimpleton\",\"avatar\":\"pokemonranger-gen4\",\"rating\":1172,\"seed\":[49090,29755,51332,33552]}\n>player p2 {\"name\":\"HenrikSedin\",\"avatar\":\"266\",\"rating\":1118,\"seed\":[46867,46879,44418,14830]}\n>p1 switch 6\n>p2 move scorchingsands\n>p1 move earthquake\n>p2 move scorchingsands\n>p1 move earthquake\n>p2 move scorchingsands\n>p1 switch 2\n>p1 move bravebird\n>p2 switch 6\n>p1 switch 3\n>p2 move thunderbolt\n>p1 move stickyweb\n>p2 move terablast terastallize\n>p1 switch 6\n>p2 move terablast\n>p1 move stealthrock\n>p2 move rapidspin\n>p1 move heavyslam\n>p2 move rapidspin\n>p2 switch 6\n>p1 switch 5\n>p2 move fireblast\n>p1 move toxicspikes\n>p2 switch 5\n>p1 move surf\n>p2 move stickyweb\n>p1 move toxicspikes\n>p2 move megahorn\n>p1 move rapidspin\n>p2 move megahorn\n>p1 move surf\n>p2 move megahorn\n>p1 switch 3\n>p2 move suckerpunch\n>p1 move bravebird\n>p2 switch 2\n>p1 switch 5\n>p2 move fakeout\n>p1 move stealthrock\n>p2 move knockoff\n>p2 switch 2\n>p1 move psychicfangs\n>p2 move suckerpunch\n>p2 switch 3\n>p1 switch 4\n>p2 move crunch\n>p1 switch 5\n>p1 move closecombat\n>p2 move crunch\n>p2 switch 4\n>p1 move closecombat\n>p2 move iceshard\n>p1 switch 6\n>p1 move lunge\n>p2 move iceshard\n>p1 switch 3\n>p1 move sludgebomb\n>p2 move iceshard\n>p1 move rapidspin\n>p2 move iceshard\n>p1 switch 4\n>chat \u2606HenrikSedin|xd\n>p1 move heavyslam terastallize\n>p2 move iceshard\n>p2 switch 5\n>chat \u2606Nimpleton|rizz\n>p1 move psychicfangs\n>p2 move scorchingsands", "uploadtime": 1733901085, "views": 4, "formatid": "gen9randombattle", "rating": 1143, "private": 0, "password": null}