{"id": "gen9randombattle-2246284180", "format": "[Gen 9] Random Battle", "players": ["ananananji", "Star Wheel"], "log": "|j|\u2606ananananji\n|j|\u203dStar Wheel\n|t:|1731947267\n|gametype|singles\n|player|p1|ananananji|1|2201\n|player|p2|Star Wheel|darach-caitlin|2292\n|teamsize|p1|6\n|teamsize|p2|6\n|gen|9\n|tier|[Gen 9] Random Battle\n|rated|\n|rule|Species Clause: Limit one of each Pok\u00e9mon\n|rule|HP Percentage Mod: HP is shown in percentages\n|rule|Sleep Clause Mod: Limit one foe put to sleep\n|rule|Illusion Level Mod: Illusion disguises the Pok\u00e9mon's true level\n|\n|t:|1731947267\n|start\n|switch|p1a: Rotom|Rotom, L88|231/231\n|switch|p2a: Iron Valiant|Iron Valiant, L78|244/244\n|turn|1\n|inactive|Battle timer is ON: inactive players will automatically lose when time's up. (requested by Star Wheel)\n|\n|t:|1731947278\n|-end|p2a: Iron Valiant|Quark Drive|[silent]\n|switch|p2a: Infernape|Infernape, L82, F|259/259\n|move|p1a: Rotom|Will-O-Wisp|p2a: Infernape\n|-immune|p2a: Infernape\n|\n|upkeep\n|turn|2\n|\n|t:|1731947289\n|switch|p1a: Hippowdon|Hippowdon, L82, M|311/311\n|-weather|Sandstorm|[from] ability: Sand Stream|[of] p1a: Hippowdon\n|move|p2a: Infernape|Knock Off|p1a: Hippowdon\n|-damage|p1a: Hippowdon|236/311\n|-enditem|p1a: Hippowdon|Leftovers|[from] move: Knock Off|[of] p2a: Infernape\n|-damage|p2a: Infernape|234/259|[from] item: Life Orb\n|\n|-weather|Sandstorm|[upkeep]\n|-damage|p2a: Infernape|218/259|[from] Sandstorm\n|upkeep\n|turn|3\n|\n|t:|1731947298\n|switch|p2a: Gothitelle|Gothitelle, L90, F|272/272\n|switch|p1a: Rotom|Rotom, L88|231/231\n|\n|-weather|Sandstorm|[upkeep]\n|-damage|p1a: Rotom|217/231|[from] Sandstorm\n|-damage|p2a: Gothitelle|255/272|[from] Sandstorm\n|-heal|p2a: Gothitelle|272/272|[from] item: Leftovers\n|upkeep\n|turn|4\n|\n|t:|1731947307\n|switch|p2a: Mabosstiff|Mabosstiff, L86, M|278/278\n|move|p1a: Rotom|Shadow Ball|p2a: Mabosstiff\n|-resisted|p2a: Mabosstiff\n|-damage|p2a: Mabosstiff|209/278\n|-unboost|p2a: Mabosstiff|spd|1\n|-damage|p1a: Rotom|194/231|[from] item: Life Orb\n|\n|-weather|Sandstorm|[upkeep]\n|-damage|p1a: Rotom|180/231|[from] Sandstorm\n|-damage|p2a: Mabosstiff|192/278|[from] Sandstorm\n|upkeep\n|turn|5\n|\n|t:|1731947312\n|move|p1a: Rotom|Will-O-Wisp|p2a: Mabosstiff|[miss]\n|-miss|p1a: Rotom|p2a: Mabosstiff\n|move|p2a: Mabosstiff|Crunch|p1a: Rotom\n|-supereffective|p1a: Rotom\n|-damage|p1a: Rotom|0 fnt\n|faint|p1a: Rotom\n|\n|-weather|Sandstorm|[upkeep]\n|-damage|p2a: Mabosstiff|175/278|[from] Sandstorm\n|upkeep\n|\n|t:|1731947322\n|switch|p1a: Hippowdon|Hippowdon, L82, M|236/311\n|turn|6\n|\n|t:|1731947330\n|move|p2a: Mabosstiff|Crunch|p1a: Hippowdon\n|-damage|p1a: Hippowdon|113/311\n|move|p1a: Hippowdon|Earthquake|p2a: Mabosstiff\n|-damage|p2a: Mabosstiff|63/278\n|\n|-weather|none\n|upkeep\n|turn|7\n|\n|t:|1731947336\n|move|p2a: Mabosstiff|Crunch|p1a: Hippowdon\n|-damage|p1a: Hippowdon|0 fnt\n|faint|p1a: Hippowdon\n|\n|upkeep\n|\n|t:|1731947351\n|switch|p1a: Iron Valiant|Iron Valiant, L78|244/244\n|turn|8\n|\n|t:|1731947361\n|switch|p2a: Reuniclus|Reuniclus, L88, F|337/337\n|move|p1a: Iron Valiant|Calm Mind|p1a: Iron Valiant\n|-boost|p1a: Iron Valiant|spa|1\n|-boost|p1a: Iron Valiant|spd|1\n|\n|upkeep\n|turn|9\n|\n|t:|1731947365\n|move|p1a: Iron Valiant|Moonblast|p2a: Reuniclus\n|-damage|p2a: Reuniclus|126/337\n|-damage|p1a: Iron Valiant|220/244|[from] item: Life Orb\n|move|p2a: Reuniclus|Psyshock|p1a: Iron Valiant\n|-supereffective|p1a: Iron Valiant\n|-damage|p1a: Iron Valiant|0 fnt\n|faint|p1a: Iron Valiant\n|-end|p1a: Iron Valiant|Quark Drive|[silent]\n|\n|upkeep\n|\n|t:|1731947376\n|switch|p1a: Deoxys|Deoxys, L74|196/196\n|-ability|p1a: Deoxys|Pressure\n|turn|10\n|\n|t:|1731947379\n|move|p1a: Deoxys|Knock Off|p2a: Reuniclus\n|-supereffective|p2a: Reuniclus\n|-damage|p2a: Reuniclus|0 fnt\n|-enditem|p2a: Reuniclus|Life Orb|[from] move: Knock Off|[of] p1a: Deoxys\n|faint|p2a: Reuniclus\n|-damage|p1a: Deoxys|177/196|[from] item: Life Orb\n|\n|upkeep\n|\n|t:|1731947399\n|switch|p2a: Frosmoth|Frosmoth, L82, M|249/249\n|turn|11\n|j| joylar\n|\n|t:|1731947410\n|move|p1a: Deoxys|Psycho Boost|p2a: Frosmoth|[miss]\n|-miss|p1a: Deoxys|p2a: Frosmoth\n|move|p2a: Frosmoth|Ice Beam|p1a: Deoxys\n|-crit|p1a: Deoxys\n|-damage|p1a: Deoxys|0 fnt\n|faint|p1a: Deoxys\n|\n|upkeep\n|\n|t:|1731947414\n|switch|p1a: Volcanion|Volcanion, L79|255/255\n|turn|12\n|\n|t:|1731947419\n|-terastallize|p2a: Frosmoth|Ground\n|move|p1a: Volcanion|Flame Charge|p2a: Frosmoth\n|-damage|p2a: Frosmoth|183/249\n|-boost|p1a: Volcanion|spe|1\n|move|p2a: Frosmoth|Quiver Dance|p2a: Frosmoth\n|-boost|p2a: Frosmoth|spa|1\n|-boost|p2a: Frosmoth|spd|1\n|-boost|p2a: Frosmoth|spe|1\n|\n|upkeep\n|turn|13\n|\n|t:|1731947423\n|move|p1a: Volcanion|Steam Eruption|p2a: Frosmoth\n|-supereffective|p2a: Frosmoth\n|-damage|p2a: Frosmoth|92/249\n|move|p2a: Frosmoth|Tera Blast|p1a: Volcanion|[anim] Tera Blast Ground\n|-supereffective|p1a: Volcanion\n|-damage|p1a: Volcanion|33/255\n|\n|upkeep\n|turn|14\n|\n|t:|1731947430\n|move|p1a: Volcanion|Steam Eruption|p2a: Frosmoth\n|-supereffective|p2a: Frosmoth\n|-damage|p2a: Frosmoth|8/249\n|move|p2a: Frosmoth|Giga Drain|p1a: Volcanion\n|-damage|p1a: Volcanion|0 fnt\n|-heal|p2a: Frosmoth|25/249|[from] drain|[of] p1a: Volcanion\n|faint|p1a: Volcanion\n|\n|upkeep\n|\n|t:|1731947433\n|switch|p1a: Espeon|Espeon, L84, M|246/246\n|turn|15\n|\n|t:|1731947444\n|move|p1a: Espeon|Psychic|p2a: Frosmoth\n|-damage|p2a: Frosmoth|0 fnt\n|faint|p2a: Frosmoth\n|-damage|p1a: Espeon|222/246|[from] item: Life Orb\n|\n|upkeep\n|j| Infinite79\n|l| Infinite79\n|\n|t:|1731947458\n|switch|p2a: Iron Valiant|Iron Valiant, L78|244/244\n|turn|16\n|\n|t:|1731947464\n|move|p1a: Espeon|Psychic|p2a: Iron Valiant\n|-supereffective|p2a: Iron Valiant\n|-damage|p2a: Iron Valiant|0 fnt\n|faint|p2a: Iron Valiant\n|-end|p2a: Iron Valiant|Quark Drive|[silent]\n|-damage|p1a: Espeon|198/246|[from] item: Life Orb\n|\n|upkeep\n|\n|t:|1731947466\n|switch|p2a: Infernape|Infernape, L82, F|218/259\n|turn|17\n|\n|t:|1731947469\n|move|p1a: Espeon|Psychic|p2a: Infernape\n|-supereffective|p2a: Infernape\n|-damage|p2a: Infernape|0 fnt\n|faint|p2a: Infernape\n|-damage|p1a: Espeon|174/246|[from] item: Life Orb\n|\n|upkeep\n|\n|t:|1731947471\n|switch|p2a: Mabosstiff|Mabosstiff, L86, M|63/278\n|turn|18\n|\n|t:|1731947475\n|move|p1a: Espeon|Alluring Voice|p2a: Mabosstiff\n|-supereffective|p2a: Mabosstiff\n|-damage|p2a: Mabosstiff|0 fnt\n|faint|p2a: Mabosstiff\n|-damage|p1a: Espeon|150/246|[from] item: Life Orb\n|\n|upkeep\n|\n|t:|1731947477\n|switch|p2a: Gothitelle|Gothitelle, L90, F|272/272\n|turn|19\n|\n|t:|1731947480\n|-terastallize|p1a: Espeon|Fairy\n|move|p1a: Espeon|Shadow Ball|p2a: Gothitelle\n|-supereffective|p2a: Gothitelle\n|-damage|p2a: Gothitelle|111/272\n|-unboost|p2a: Gothitelle|spd|1\n|-damage|p1a: Espeon|126/246|[from] item: Life Orb\n|move|p2a: Gothitelle|Calm Mind|p2a: Gothitelle\n|-boost|p2a: Gothitelle|spa|1\n|-boost|p2a: Gothitelle|spd|1\n|\n|-heal|p2a: Gothitelle|128/272|[from] item: Leftovers\n|upkeep\n|turn|20\n|\n|t:|1731947486\n|move|p1a: Espeon|Shadow Ball|p2a: Gothitelle\n|-supereffective|p2a: Gothitelle\n|-damage|p2a: Gothitelle|0 fnt\n|faint|p2a: Gothitelle\n|-damage|p1a: Espeon|102/246|[from] item: Life Orb\n|\n|win|ananananji\n|raw|ananananji's rating: 2201 &rarr; <strong>2226</strong><br />(+25 for winning)\n|raw|Star Wheel's rating: 2292 &rarr; <strong>2267</strong><br />(-25 for losing)\n|l|\u203dStar Wheel\n|player|p2|\n", "inputlog": ">version 48604a2341c6e7bec58958c0f00ddbd3a745b6d0\n>start {\"formatid\":\"gen9randombattle\",\"seed\":[7321,64549,30758,7747],\"rated\":\"Rated battle\"}\n>player p1 {\"name\":\"ananananji\",\"avatar\":\"1\",\"rating\":2201,\"seed\":[51383,41049,64409,9517]}\n>player p2 {\"name\":\"Star Wheel\",\"avatar\":\"darach-caitlin\",\"rating\":2292,\"seed\":[34765,48620,16629,1769]}\n>p1 move willowisp\n>p2 switch 2\n>p1 switch 5\n>p2 move knockoff\n>p1 switch 5\n>p2 switch 4\n>p1 move shadowball\n>p2 switch 3\n>p1 move willowisp\n>p2 move crunch\n>p1 switch 5\n>p1 move earthquake\n>p2 move crunch\n>p1 move slackoff\n>p2 move crunch\n>p1 switch 3\n>p1 move calmmind\n>p2 switch 6\n>p1 move moonblast\n>p2 move psyshock\n>p1 switch 2\n>p1 move knockoff\n>p2 move psyshock\n>p2 switch 5\n>p1 move psychoboost\n>p2 move icebeam\n>p1 switch 4\n>p1 move flamecharge\n>p2 move quiverdance terastallize\n>p1 move steameruption\n>p2 move terablast\n>p1 move steameruption\n>p2 move gigadrain\n>p1 switch 6\n>p1 move psychic\n>p2 move icebeam\n>p2 switch 2\n>p1 move psychic\n>p2 move knockoff\n>p2 switch 4\n>p1 move psychic\n>p2 move gunkshot\n>p2 switch 6\n>p1 move alluringvoice\n>p2 move crunch\n>p2 switch 3\n>p1 move shadowball terastallize\n>p2 move calmmind\n>p1 move shadowball\n>p2 move psychicnoise", "uploadtime": 1731947492, "views": 23, "formatid": "gen9randombattle", "rating": 2226, "private": 0, "password": null}