{"id": "gen9randombattle-2260582688", "format": "[Gen 9] Random Battle", "players": ["vegemite360", "jtuckc44"], "log": "|j|\u2606vegemite360\n|j|\u2606jtuckc44\n|t:|1733865961\n|gametype|singles\n|player|p1|vegemite360|lance|1969\n|player|p2|jtuckc44|102|1952\n|teamsize|p1|6\n|teamsize|p2|6\n|gen|9\n|tier|[Gen 9] Random Battle\n|rated|\n|rule|Species Clause: Limit one of each Pok\u00e9mon\n|rule|HP Percentage Mod: HP is shown in percentages\n|rule|Sleep Clause Mod: Limit one foe put to sleep\n|rule|Illusion Level Mod: Illusion disguises the Pok\u00e9mon's true level\n|\n|t:|1733865961\n|start\n|switch|p1a: Yanmega|Yanmega, L82, M|275/275\n|switch|p2a: Eiscue|Eiscue, L88, M|272/272\n|turn|1\n|inactive|Battle timer is ON: inactive players will automatically lose when time's up. (requested by vegemite360)\n|\n|t:|1733865974\n|switch|p2a: Munkidori|Munkidori, L79, M|269/269\n|move|p1a: Yanmega|Bug Buzz|p2a: Munkidori\n|-damage|p2a: Munkidori|155/269\n|\n|upkeep\n|turn|2\n|inactive|vegemite360 has 120 seconds left.\n|\n|t:|1733866008\n|switch|p1a: Houndstone|Houndstone, L86, M|264/264\n|move|p2a: Munkidori|Sludge Wave|p1a: Houndstone\n|-resisted|p1a: Houndstone\n|-damage|p1a: Houndstone|231/264\n|-status|p1a: Houndstone|tox|[from] ability: Toxic Chain|[of] p2a: Munkidori\n|\n|-damage|p1a: Houndstone|215/264 tox|[from] psn\n|upkeep\n|turn|3\n|inactive|vegemite360 has 120 seconds left.\n|\n|t:|1733866021\n|switch|p2a: Abomasnow|Abomasnow, L85, F|291/291\n|-weather|Snow|[from] ability: Snow Warning|[of] p2a: Abomasnow\n|move|p1a: Houndstone|Body Press|p2a: Abomasnow\n|-supereffective|p2a: Abomasnow\n|-damage|p2a: Abomasnow|195/291\n|\n|-weather|Snow|[upkeep]\n|-damage|p1a: Houndstone|183/264 tox|[from] psn\n|upkeep\n|turn|4\n|\n|t:|1733866030\n|switch|p1a: Pelipper|Pelipper, L86, M|243/243\n|-weather|RainDance|[from] ability: Drizzle|[of] p1a: Pelipper\n|move|p2a: Abomasnow|Aurora Veil||[still]\n|-fail|p2a: Abomasnow\n|\n|-weather|RainDance|[upkeep]\n|upkeep\n|turn|5\n|\n|t:|1733866039\n|switch|p2a: Munkidori|Munkidori, L79, M|155/269\n|move|p1a: Pelipper|U-turn|p2a: Munkidori\n|-damage|p2a: Munkidori|110/269\n|\n|t:|1733866048\n|switch|p1a: Houndstone|Houndstone, L86, M|183/264 tox|[from] U-turn\n|\n|-weather|RainDance|[upkeep]\n|-damage|p1a: Houndstone|167/264 tox|[from] psn\n|upkeep\n|turn|6\n|\n|t:|1733866054\n|switch|p2a: Abomasnow|Abomasnow, L85, F|195/291\n|-weather|Snow|[from] ability: Snow Warning|[of] p2a: Abomasnow\n|move|p1a: Houndstone|Poltergeist|p2a: Abomasnow\n|-activate|p2a: Abomasnow|move: Poltergeist|Light Clay\n|-damage|p2a: Abomasnow|107/291\n|\n|-weather|Snow|[upkeep]\n|-damage|p1a: Houndstone|135/264 tox|[from] psn\n|upkeep\n|turn|7\n|\n|t:|1733866064\n|switch|p1a: Pelipper|Pelipper, L86, M|243/243\n|-weather|RainDance|[from] ability: Drizzle|[of] p1a: Pelipper\n|move|p2a: Abomasnow|Blizzard|p1a: Pelipper|[miss]\n|-miss|p2a: Abomasnow|p1a: Pelipper\n|\n|-weather|RainDance|[upkeep]\n|upkeep\n|turn|8\n|\n|t:|1733866073\n|switch|p2a: Munkidori|Munkidori, L79, M|110/269\n|move|p1a: Pelipper|U-turn|p2a: Munkidori\n|-damage|p2a: Munkidori|63/269\n|\n|t:|1733866077\n|switch|p1a: Houndstone|Houndstone, L86, M|135/264 tox|[from] U-turn\n|\n|-weather|RainDance|[upkeep]\n|-damage|p1a: Houndstone|119/264 tox|[from] psn\n|upkeep\n|turn|9\n|\n|t:|1733866081\n|move|p2a: Munkidori|Psychic Noise|p1a: Houndstone\n|-damage|p1a: Houndstone|62/264 tox\n|-start|p1a: Houndstone|move: Heal Block\n|move|p1a: Houndstone|Poltergeist|p2a: Munkidori\n|-activate|p2a: Munkidori|move: Poltergeist|Assault Vest\n|-supereffective|p2a: Munkidori\n|-damage|p2a: Munkidori|0 fnt\n|faint|p2a: Munkidori\n|\n|-weather|RainDance|[upkeep]\n|-damage|p1a: Houndstone|30/264 tox|[from] psn\n|upkeep\n|\n|t:|1733866107\n|switch|p2a: Kingdra|Kingdra, L84, M|263/263\n|turn|10\n|\n|t:|1733866113\n|move|p2a: Kingdra|Waterfall|p1a: Houndstone\n|-damage|p1a: Houndstone|0 fnt\n|faint|p1a: Houndstone\n|\n|-weather|RainDance|[upkeep]\n|upkeep\n|\n|t:|1733866127\n|switch|p1a: Pelipper|Pelipper, L86, M|243/243\n|turn|11\n|\n|t:|1733866137\n|move|p2a: Kingdra|Dragon Dance|p2a: Kingdra\n|-boost|p2a: Kingdra|atk|1\n|-boost|p2a: Kingdra|spe|1\n|move|p1a: Pelipper|Hurricane|p2a: Kingdra\n|-damage|p2a: Kingdra|151/263\n|\n|-weather|none\n|upkeep\n|turn|12\n|\n|t:|1733866145\n|move|p2a: Kingdra|Waterfall|p1a: Pelipper\n|-resisted|p1a: Pelipper\n|-damage|p1a: Pelipper|188/243\n|move|p1a: Pelipper|Hurricane|p2a: Kingdra\n|-damage|p2a: Kingdra|37/263\n|\n|upkeep\n|turn|13\n|\n|t:|1733866155\n|move|p2a: Kingdra|Outrage|p1a: Pelipper\n|-damage|p1a: Pelipper|26/243\n|move|p1a: Pelipper|U-turn|p2a: Kingdra\n|-damage|p2a: Kingdra|6/263\n|\n|t:|1733866160\n|switch|p1a: Alomomola|Alomomola, L87, M|429/429|[from] U-turn\n|\n|upkeep\n|turn|14\n|\n|t:|1733866163\n|move|p2a: Kingdra|Outrage|p1a: Alomomola|[from]lockedmove\n|-damage|p1a: Alomomola|245/429\n|-damage|p2a: Kingdra|0 fnt|[from] item: Rocky Helmet|[of] p1a: Alomomola\n|faint|p2a: Kingdra\n|move|p1a: Alomomola|Wish|p1a: Alomomola\n|\n|upkeep\n|\n|t:|1733866169\n|switch|p2a: Smeargle|Smeargle, L95, F|258/258\n|turn|15\n|\n|t:|1733866176\n|move|p1a: Alomomola|Protect|p1a: Alomomola\n|-singleturn|p1a: Alomomola|Protect\n|move|p2a: Smeargle|Sticky Web|p1a: Alomomola\n|-sidestart|p1: vegemite360|move: Sticky Web\n|\n|-heal|p1a: Alomomola|429/429|[from] move: Wish|[wisher] Alomomola\n|upkeep\n|turn|16\n|\n|t:|1733866185\n|switch|p1a: Toedscruel|Toedscruel, L87, M|281/281\n|-activate|p1a: Toedscruel|move: Sticky Web\n|-unboost|p1a: Toedscruel|spe|1\n|move|p2a: Smeargle|Spore|p1a: Toedscruel\n|-immune|p1a: Toedscruel\n|\n|upkeep\n|turn|17\n|\n|t:|1733866193\n|-terastallize|p2a: Smeargle|Ghost\n|move|p2a: Smeargle|Ceaseless Edge|p1a: Toedscruel\n|-damage|p1a: Toedscruel|254/281\n|-sidestart|p1: vegemite360|Spikes\n|move|p1a: Toedscruel|Rapid Spin|p2a: Smeargle\n|-immune|p2a: Smeargle\n|\n|-heal|p1a: Toedscruel|271/281|[from] item: Leftovers\n|upkeep\n|turn|18\n|\n|t:|1733866202\n|switch|p2a: Abomasnow|Abomasnow, L85, F|107/291\n|-weather|Snow|[from] ability: Snow Warning|[of] p2a: Abomasnow\n|move|p1a: Toedscruel|Toxic|p2a: Abomasnow\n|-status|p2a: Abomasnow|tox\n|\n|-weather|Snow|[upkeep]\n|-heal|p1a: Toedscruel|281/281|[from] item: Leftovers\n|-damage|p2a: Abomasnow|89/291 tox|[from] psn\n|upkeep\n|turn|19\n|\n|t:|1733866213\n|switch|p2a: Pawmot|Pawmot, L80, M|243/243\n|switch|p1a: Pelipper|Pelipper, L86, M|26/243\n|-weather|RainDance|[from] ability: Drizzle|[of] p1a: Pelipper\n|\n|-weather|RainDance|[upkeep]\n|upkeep\n|turn|20\n|\n|t:|1733866219\n|move|p2a: Pawmot|Ice Punch|p1a: Pelipper\n|-damage|p1a: Pelipper|0 fnt\n|faint|p1a: Pelipper\n|-damage|p2a: Pawmot|219/243|[from] item: Life Orb\n|\n|-weather|RainDance|[upkeep]\n|upkeep\n|inactive|vegemite360 has 120 seconds left.\n|inactive|vegemite360 has 90 seconds left.\n|\n|t:|1733866280\n|switch|p1a: Yanmega|Yanmega, L82, M|275/275\n|turn|21\n|\n|t:|1733866298\n|-terastallize|p1a: Yanmega|Bug\n|move|p2a: Pawmot|Revival Blessing|p2a: Pawmot\n|\n|t:|1733866301\n|-heal|p2: Kingdra|131/263|[from] move: Revival Blessing\n|move|p1a: Yanmega|Bug Buzz|p2a: Pawmot\n|-resisted|p2a: Pawmot\n|-damage|p2a: Pawmot|0 fnt\n|faint|p2a: Pawmot\n|\n|-weather|RainDance|[upkeep]\n|upkeep\n|\n|t:|1733866304\n|switch|p2a: Kingdra|Kingdra, L84, M|131/263\n|turn|22\n|\n|t:|1733866316\n|switch|p2a: Abomasnow|Abomasnow, L85, F|89/291 tox\n|-weather|Snow|[from] ability: Snow Warning|[of] p2a: Abomasnow\n|move|p1a: Yanmega|Bug Buzz|p2a: Abomasnow\n|-supereffective|p2a: Abomasnow\n|-damage|p2a: Abomasnow|0 fnt\n|faint|p2a: Abomasnow\n|\n|-weather|Snow|[upkeep]\n|upkeep\n|\n|t:|1733866330\n|switch|p2a: Smeargle|Smeargle, L95, F, tera:Ghost|258/258\n|turn|23\n|\n|t:|1733866333\n|switch|p1a: Toedscruel|Toedscruel, L87, M|281/281\n|-activate|p1a: Toedscruel|move: Sticky Web\n|-unboost|p1a: Toedscruel|spe|1\n|-damage|p1a: Toedscruel|246/281|[from] Spikes\n|move|p2a: Smeargle|Spore|p1a: Toedscruel\n|-immune|p1a: Toedscruel\n|\n|-weather|Snow|[upkeep]\n|-heal|p1a: Toedscruel|263/281|[from] item: Leftovers\n|upkeep\n|turn|24\n|\n|t:|1733866342\n|switch|p2a: Kingdra|Kingdra, L84, M|131/263\n|move|p1a: Toedscruel|Toxic|p2a: Kingdra\n|-status|p2a: Kingdra|tox\n|-enditem|p2a: Kingdra|Lum Berry|[eat]\n|-curestatus|p2a: Kingdra|tox|[msg]\n|\n|-weather|Snow|[upkeep]\n|-heal|p1a: Toedscruel|280/281|[from] item: Leftovers\n|upkeep\n|turn|25\n|\n|t:|1733866351\n|move|p2a: Kingdra|Wave Crash|p1a: Toedscruel\n|-damage|p1a: Toedscruel|124/281\n|-damage|p2a: Kingdra|80/263|[from] Recoil\n|move|p1a: Toedscruel|Rapid Spin|p2a: Kingdra\n|-damage|p2a: Kingdra|50/263\n|-boost|p1a: Toedscruel|spe|1\n|-sideend|p1: vegemite360|Spikes|[from] move: Rapid Spin|[of] p1a: Toedscruel\n|-sideend|p1: vegemite360|Sticky Web|[from] move: Rapid Spin|[of] p1a: Toedscruel\n|\n|-weather|Snow|[upkeep]\n|-heal|p1a: Toedscruel|141/281|[from] item: Leftovers\n|upkeep\n|turn|26\n|\n|t:|1733866358\n|move|p1a: Toedscruel|Earth Power|p2a: Kingdra\n|-damage|p2a: Kingdra|0 fnt\n|faint|p2a: Kingdra\n|\n|-weather|none\n|-heal|p1a: Toedscruel|158/281|[from] item: Leftovers\n|upkeep\n|\n|t:|1733866363\n|switch|p2a: Eiscue|Eiscue, L88, M|272/272\n|turn|27\n|\n|t:|1733866369\n|move|p1a: Toedscruel|Leaf Storm|p2a: Eiscue\n|-damage|p2a: Eiscue|158/272\n|-unboost|p1a: Toedscruel|spa|2\n|move|p2a: Eiscue|Ice Spinner|p1a: Toedscruel\n|-supereffective|p1a: Toedscruel\n|-damage|p1a: Toedscruel|0 fnt\n|faint|p1a: Toedscruel\n|\n|upkeep\n|\n|t:|1733866375\n|switch|p1a: Yanmega|Yanmega, L82, M, tera:Bug|275/275\n|turn|28\n|\n|t:|1733866378\n|move|p1a: Yanmega|Bug Buzz|p2a: Eiscue\n|-damage|p2a: Eiscue|0 fnt\n|faint|p2a: Eiscue\n|\n|upkeep\n|-message|jtuckc44 forfeited.\n|\n|win|vegemite360\n|raw|vegemite360's rating: 1969 &rarr; <strong>1988</strong><br />(+19 for winning)\n|raw|jtuckc44's rating: 1952 &rarr; <strong>1933</strong><br />(-19 for losing)\n|l|\u2606jtuckc44\n|player|p2|\n", "inputlog": ">version bfd83cad13791eb5a5a409923076391caf6fb4d4\n>start {\"formatid\":\"gen9randombattle\",\"seed\":[49789,13976,21021,5775],\"rated\":\"Rated battle\"}\n>player p1 {\"name\":\"vegemite360\",\"avatar\":\"lance\",\"rating\":1969,\"seed\":[17438,52461,62856,3363]}\n>player p2 {\"name\":\"jtuckc44\",\"avatar\":\"102\",\"rating\":1952,\"seed\":[20913,14268,24392,61053]}\n>p1 move bugbuzz\n>p2 switch 5\n>p1 switch 5\n>p2 move sludgewave\n>p1 move bodypress\n>p2 switch 2\n>p1 switch 3\n>p2 move auroraveil\n>p1 move uturn\n>p2 switch 2\n>p1 switch 3\n>p1 move poltergeist\n>p2 switch 2\n>p1 switch 3\n>p2 move blizzard\n>p1 move uturn\n>p2 switch 2\n>p1 switch 3\n>p1 move poltergeist\n>p2 move psychicnoise\n>p2 switch 3\n>p1 move playrough\n>p2 move waterfall\n>p1 switch 3\n>p1 move hurricane\n>p2 move dragondance\n>p1 move hurricane\n>p2 move waterfall\n>p1 move uturn\n>p2 move outrage\n>p1 switch 2\n>p1 move wish\n>p2 move outrage\n>p2 switch 4\n>p1 move protect\n>p2 move stickyweb\n>p1 switch 4\n>p2 move spore\n>p1 move rapidspin\n>p2 move ceaselessedge terastallize\n>p1 move toxic\n>p2 switch 2\n>p1 switch 2\n>p2 switch 6\n>p1 move hurricane\n>p2 move icepunch\n>p1 switch 5\n>p1 move bugbuzz terastallize\n>p2 move revivalblessing\n>p2 switch 4\n>p2 switch 4\n>p1 move bugbuzz\n>p2 switch 6\n>p2 switch 2\n>p1 switch 2\n>p2 move spore\n>p1 move toxic\n>p2 switch 6\n>p1 move rapidspin\n>p2 move wavecrash\n>p1 move earthpower\n>p2 move wavecrash\n>p2 switch 5\n>p1 move leafstorm\n>p2 move icespinner\n>p1 switch 2\n>p1 move bugbuzz\n>p2 move bellydrum\n>forcelose p2", "uploadtime": 1733866385, "views": 1, "formatid": "gen9randombattle", "rating": 1933, "private": 0, "password": null}