{"id": "gen9randombattle-2259779380", "format": "[Gen 9] Random Battle", "players": ["tricktrock", "Spedonic"], "log": "|j|\u2606tricktrock\n|j|\u2606Spedonic\n|t:|1733765907\n|gametype|singles\n|player|p1|tricktrock|101|1571\n|player|p2|Spedonic|miku-flying|1589\n|teamsize|p1|6\n|teamsize|p2|6\n|gen|9\n|tier|[Gen 9] Random Battle\n|rated|\n|rule|Species Clause: Limit one of each Pok\u00e9mon\n|rule|HP Percentage Mod: HP is shown in percentages\n|rule|Sleep Clause Mod: Limit one foe put to sleep\n|rule|Illusion Level Mod: Illusion disguises the Pok\u00e9mon's true level\n|\n|t:|1733765907\n|start\n|switch|p1a: Leafeon|Leafeon, L88, M|258/258\n|switch|p2a: Klefki|Klefki, L84, F|233/233\n|turn|1\n|c|\u2606Spedonic|Gl hf!\n|\n|t:|1733765924\n|switch|p1a: Whiscash|Whiscash, L88, M|337/337\n|move|p2a: Klefki|Thunder Wave|p1a: Whiscash\n|-immune|p1a: Whiscash\n|\n|upkeep\n|turn|2\n|c|\u2606tricktrock|u2\n|inactive|Battle timer is ON: inactive players will automatically lose when time's up. (requested by tricktrock)\n|\n|t:|1733765951\n|move|p2a: Klefki|Magnet Rise|p2a: Klefki\n|-start|p2a: Klefki|Magnet Rise\n|move|p1a: Whiscash|Dragon Dance|p1a: Whiscash\n|-boost|p1a: Whiscash|atk|1\n|-boost|p1a: Whiscash|spe|1\n|\n|upkeep\n|turn|3\n|\n|t:|1733765967\n|move|p1a: Whiscash|Dragon Dance|p1a: Whiscash\n|-boost|p1a: Whiscash|atk|1\n|-boost|p1a: Whiscash|spe|1\n|move|p2a: Klefki|Play Rough|p1a: Whiscash\n|-damage|p1a: Whiscash|253/337\n|\n|upkeep\n|turn|4\n|\n|t:|1733765974\n|move|p1a: Whiscash|Liquidation|p2a: Klefki\n|-damage|p2a: Klefki|21/233\n|-unboost|p2a: Klefki|def|1\n|-damage|p1a: Whiscash|220/337|[from] item: Life Orb\n|move|p2a: Klefki|Play Rough|p1a: Whiscash\n|-damage|p1a: Whiscash|132/337\n|\n|-heal|p2a: Klefki|35/233|[from] item: Leftovers\n|upkeep\n|turn|5\n|\n|t:|1733765980\n|move|p1a: Whiscash|Liquidation|p2a: Klefki\n|-damage|p2a: Klefki|0 fnt\n|faint|p2a: Klefki\n|-damage|p1a: Whiscash|99/337|[from] item: Life Orb\n|\n|upkeep\n|\n|t:|1733766002\n|switch|p2a: Mimikyu|Mimikyu, L79, F|216/216\n|turn|6\n|\n|t:|1733766007\n|move|p1a: Whiscash|Liquidation|p2a: Mimikyu\n|-activate|p2a: Mimikyu|ability: Disguise\n|-damage|p2a: Mimikyu|216/216\n|detailschange|p2a: Mimikyu|Mimikyu-Busted, L79, F\n|-damage|p2a: Mimikyu|189/216|[from] pokemon: Mimikyu-Busted\n|-damage|p1a: Whiscash|66/337|[from] item: Life Orb\n|move|p2a: Mimikyu|Wood Hammer|p1a: Whiscash\n|-supereffective|p1a: Whiscash\n|-damage|p1a: Whiscash|0 fnt\n|faint|p1a: Whiscash\n|-damage|p2a: Mimikyu|167/216|[from] Recoil\n|-damage|p2a: Mimikyu|146/216|[from] item: Life Orb\n|\n|upkeep\n|inactive|tricktrock has 120 seconds left.\n|\n|t:|1733766055\n|switch|p1a: Volbeat|Volbeat, L90, M|263/263\n|turn|7\n|\n|t:|1733766071\n|move|p1a: Volbeat|Encore|p2a: Mimikyu\n|-start|p2a: Mimikyu|Encore\n|move|p2a: Mimikyu|Wood Hammer|p1a: Volbeat\n|-resisted|p1a: Volbeat\n|-damage|p1a: Volbeat|216/263\n|-damage|p2a: Mimikyu|130/216|[from] Recoil\n|-damage|p2a: Mimikyu|109/216|[from] item: Life Orb\n|\n|upkeep\n|turn|8\n|\n|t:|1733766090\n|switch|p2a: Flamigo|Flamigo, L82, F|269/269\n|move|p1a: Volbeat|Thunder Wave|p2a: Flamigo\n|-status|p2a: Flamigo|par\n|\n|upkeep\n|turn|9\n|inactive|tricktrock has 120 seconds left.\n|\n|t:|1733766100\n|move|p1a: Volbeat|U-turn|p2a: Flamigo\n|-resisted|p2a: Flamigo\n|-damage|p2a: Flamigo|249/269 par\n|inactive|tricktrock has 120 seconds left.\n|\n|t:|1733766106\n|switch|p1a: Spiritomb|Spiritomb, L89, F|234/234|[from] U-turn\n|cant|p2a: Flamigo|par\n|\n|upkeep\n|turn|10\n|\n|t:|1733766132\n|switch|p2a: Chi-Yu|Chi-Yu, L77|211/211\n|-ability|p2a: Chi-Yu|Beads of Ruin\n|move|p1a: Spiritomb|Poltergeist|p2a: Chi-Yu\n|-activate|p2a: Chi-Yu|move: Poltergeist|Heavy-Duty Boots\n|-resisted|p2a: Chi-Yu\n|-damage|p2a: Chi-Yu|143/211\n|\n|upkeep\n|turn|11\n|\n|t:|1733766146\n|move|p2a: Chi-Yu|Fire Blast|p1a: Spiritomb\n|-damage|p1a: Spiritomb|101/234\n|move|p1a: Spiritomb|Toxic|p2a: Chi-Yu|[miss]\n|-miss|p1a: Spiritomb|p2a: Chi-Yu\n|\n|-heal|p1a: Spiritomb|115/234|[from] item: Leftovers\n|upkeep\n|turn|12\n|\n|t:|1733766159\n|switch|p1a: Tatsugiri|Tatsugiri-Stretchy, L87, F|260/260\n|move|p2a: Chi-Yu|Fire Blast|p1a: Tatsugiri|[miss]\n|-miss|p2a: Chi-Yu|p1a: Tatsugiri\n|\n|upkeep\n|turn|13\n|inactive|tricktrock has 120 seconds left.\n|inactive|Spedonic has 120 seconds left.\n|\n|t:|1733766182\n|switch|p2a: Mimikyu|Mimikyu-Busted, L79, F|109/216\n|move|p1a: Tatsugiri|Surf|p2a: Mimikyu\n|-damage|p2a: Mimikyu|4/216\n|\n|upkeep\n|turn|14\n|\n|t:|1733766191\n|switch|p1a: Spiritomb|Spiritomb, L89, F|115/234\n|move|p2a: Mimikyu|Play Rough|p1a: Spiritomb\n|-supereffective|p1a: Spiritomb\n|-damage|p1a: Spiritomb|0 fnt\n|faint|p1a: Spiritomb\n|-damage|p2a: Mimikyu|0 fnt|[from] item: Life Orb\n|faint|p2a: Mimikyu\n|\n|upkeep\n|\n|t:|1733766200\n|switch|p2a: Dragapult|Dragapult, L77, F|262/262\n|switch|p1a: Volbeat|Volbeat, L90, M|216/263\n|turn|15\n|\n|t:|1733766207\n|switch|p2a: Flamigo|Flamigo, L82, F|249/269 par\n|move|p1a: Volbeat|Thunder Wave|p2a: Flamigo\n|-fail|p2a: Flamigo|par\n|\n|upkeep\n|turn|16\n|\n|t:|1733766214\n|move|p1a: Volbeat|U-turn|p2a: Flamigo\n|-resisted|p2a: Flamigo\n|-damage|p2a: Flamigo|228/269 par\n|\n|t:|1733766225\n|switch|p1a: Leafeon|Leafeon, L88, M|258/258|[from] U-turn\n|move|p2a: Flamigo|Brave Bird|p1a: Leafeon\n|-supereffective|p1a: Leafeon\n|-damage|p1a: Leafeon|24/258\n|-damage|p2a: Flamigo|151/269 par|[from] Recoil\n|-damage|p2a: Flamigo|125/269 par|[from] item: Life Orb\n|\n|-heal|p1a: Leafeon|40/258|[from] item: Leftovers\n|upkeep\n|turn|17\n|\n|t:|1733766240\n|move|p1a: Leafeon|Knock Off|p2a: Flamigo\n|-resisted|p2a: Flamigo\n|-crit|p2a: Flamigo\n|-damage|p2a: Flamigo|55/269 par\n|-enditem|p2a: Flamigo|Life Orb|[from] move: Knock Off|[of] p1a: Leafeon\n|move|p2a: Flamigo|Brave Bird|p1a: Leafeon\n|-supereffective|p1a: Leafeon\n|-damage|p1a: Leafeon|0 fnt\n|faint|p1a: Leafeon\n|-damage|p2a: Flamigo|42/269 par|[from] Recoil\n|\n|upkeep\n|\n|t:|1733766246\n|switch|p1a: Sawsbuck|Sawsbuck-Summer, L88, F|284/284\n|turn|18\n|\n|t:|1733766275\n|move|p1a: Sawsbuck|Horn Leech|p2a: Flamigo\n|-resisted|p2a: Flamigo\n|-damage|p2a: Flamigo|0 fnt\n|faint|p2a: Flamigo\n|-damage|p1a: Sawsbuck|256/284|[from] item: Life Orb\n|\n|upkeep\n|\n|t:|1733766289\n|switch|p2a: Dragapult|Dragapult, L77, F|262/262\n|turn|19\n|\n|t:|1733766297\n|switch|p1a: Tatsugiri|Tatsugiri-Stretchy, L87, F|260/260\n|move|p2a: Dragapult|Fire Blast|p1a: Tatsugiri\n|-resisted|p1a: Tatsugiri\n|-damage|p1a: Tatsugiri|236/260\n|\n|upkeep\n|turn|20\n|\n|t:|1733766315\n|switch|p2a: Kyogre|Kyogre, L71|259/259\n|-weather|RainDance|[from] ability: Drizzle|[of] p2a: Kyogre\n|move|p1a: Tatsugiri|Nasty Plot|p1a: Tatsugiri\n|-boost|p1a: Tatsugiri|spa|2\n|\n|-weather|RainDance|[upkeep]\n|upkeep\n|turn|21\n|\n|t:|1733766330\n|move|p1a: Tatsugiri|Draco Meteor|p2a: Kyogre\n|-damage|p2a: Kyogre|0 fnt\n|-unboost|p1a: Tatsugiri|spa|2\n|faint|p2a: Kyogre\n|\n|-weather|RainDance|[upkeep]\n|upkeep\n|\n|t:|1733766337\n|switch|p2a: Dragapult|Dragapult, L77, F|262/262\n|turn|22\n|\n|t:|1733766355\n|switch|p1a: Volbeat|Volbeat, L90, M|216/263\n|move|p2a: Dragapult|Draco Meteor|p1a: Volbeat\n|-damage|p1a: Volbeat|56/263\n|-unboost|p2a: Dragapult|spa|2\n|\n|-weather|RainDance|[upkeep]\n|upkeep\n|turn|23\n|\n|t:|1733766365\n|switch|p2a: Chi-Yu|Chi-Yu, L77|143/211\n|-ability|p2a: Chi-Yu|Beads of Ruin\n|move|p1a: Volbeat|Roost|p1a: Volbeat\n|-heal|p1a: Volbeat|188/263\n|-singleturn|p1a: Volbeat|move: Roost\n|\n|-weather|RainDance|[upkeep]\n|upkeep\n|turn|24\n|inactive|Spedonic has 120 seconds left.\n|\n|t:|1733766398\n|move|p1a: Volbeat|Thunder Wave|p2a: Chi-Yu\n|-hint|Since gen 7, Dark is immune to Prankster moves.\n|-immune|p2a: Chi-Yu\n|move|p2a: Chi-Yu|Nasty Plot|p2a: Chi-Yu\n|-boost|p2a: Chi-Yu|spa|2\n|\n|-weather|none\n|upkeep\n|turn|25\n|inactive|Spedonic has 120 seconds left.\n|\n|t:|1733766418\n|move|p1a: Volbeat|U-turn|p2a: Chi-Yu\n|-damage|p2a: Chi-Yu|67/211\n|\n|t:|1733766424\n|switch|p1a: Sawsbuck|Sawsbuck-Summer, L88, F|256/284|[from] U-turn\n|move|p2a: Chi-Yu|Dark Pulse|p1a: Sawsbuck\n|-damage|p1a: Sawsbuck|0 fnt\n|faint|p1a: Sawsbuck\n|\n|upkeep\n|\n|t:|1733766431\n|switch|p1a: Volbeat|Volbeat, L90, M|188/263\n|turn|26\n|\n|t:|1733766443\n|switch|p2a: Dragapult|Dragapult, L77, F|262/262\n|move|p1a: Volbeat|U-turn|p2a: Dragapult\n|-resisted|p2a: Dragapult\n|-damage|p2a: Dragapult|220/262\n|\n|t:|1733766448\n|switch|p1a: Tatsugiri|Tatsugiri-Stretchy, L87, F|236/260|[from] U-turn\n|\n|upkeep\n|turn|27\n|\n|t:|1733766459\n|-terastallize|p1a: Tatsugiri|Water\n|move|p2a: Dragapult|Draco Meteor|p1a: Tatsugiri\n|-damage|p1a: Tatsugiri|68/260\n|-unboost|p2a: Dragapult|spa|2\n|move|p1a: Tatsugiri|Draco Meteor|p2a: Dragapult\n|-supereffective|p2a: Dragapult\n|-damage|p2a: Dragapult|0 fnt\n|-unboost|p1a: Tatsugiri|spa|2\n|faint|p2a: Dragapult\n|\n|upkeep\n|\n|t:|1733766465\n|switch|p2a: Chi-Yu|Chi-Yu, L77|67/211\n|-ability|p2a: Chi-Yu|Beads of Ruin\n|turn|28\n|\n|t:|1733766476\n|move|p2a: Chi-Yu|Dark Pulse|p1a: Tatsugiri\n|-damage|p1a: Tatsugiri|0 fnt\n|faint|p1a: Tatsugiri\n|\n|upkeep\n|\n|t:|1733766484\n|switch|p1a: Volbeat|Volbeat, L90, M|188/263\n|turn|29\n|c|\u2606tricktrock|its fire or dark\n|\n|t:|1733766491\n|move|p1a: Volbeat|U-turn|p2a: Chi-Yu\n|-damage|p2a: Chi-Yu|0 fnt\n|faint|p2a: Chi-Yu\n|\n|win|tricktrock\n|raw|tricktrock's rating: 1571 &rarr; <strong>1592</strong><br />(+21 for winning)\n|raw|Spedonic's rating: 1589 &rarr; <strong>1568</strong><br />(-21 for losing)\n|c|\u2606Spedonic|Gg wp\n|c|\u2606tricktrock|gg\n|c|\u2606Spedonic|Fire dark\n|c|\u2606tricktrock|the tera I mean\n", "inputlog": ">version bfd83cad13791eb5a5a409923076391caf6fb4d4\n>start {\"formatid\":\"gen9randombattle\",\"seed\":[50123,42900,41409,58451],\"rated\":\"Rated battle\"}\n>player p1 {\"name\":\"tricktrock\",\"avatar\":\"101\",\"rating\":1571,\"seed\":[39614,54462,55731,54799]}\n>player p2 {\"name\":\"Spedonic\",\"avatar\":\"miku-flying\",\"rating\":1589,\"seed\":[7049,44915,58108,7675]}\n>chat \u2606Spedonic|Gl hf!\n>p1 switch 3\n>p2 move thunderwave\n>chat \u2606tricktrock|u2\n>p1 move dragondance\n>p2 move magnetrise\n>p1 move dragondance\n>p2 move playrough\n>p1 move liquidation\n>p2 move playrough\n>p1 move liquidation\n>p2 move playrough\n>p2 switch 5\n>p1 move liquidation\n>p2 move woodhammer\n>p1 switch 5\n>p1 move encore\n>p2 move swordsdance\n>p1 move thunderwave\n>p2 switch 2\n>p1 move uturn\n>p2 move bravebird\n>p1 switch 4\n>p1 move poltergeist\n>p2 switch 6\n>p1 move toxic\n>p2 move fireblast\n>p1 switch 6\n>p2 move fireblast\n>p1 move surf\n>p2 switch 2\n>p1 switch 6\n>p2 move playrough\n>p1 switch 4\n>p2 switch 3\n>p1 move thunderwave\n>p2 switch 6\n>p1 move uturn\n>p2 move bravebird\n>p1 switch 3\n>p1 move knockoff\n>p2 move bravebird\n>p1 switch 2\n>p1 move hornleech\n>p2 move closecombat\n>p2 switch 6\n>p1 switch 6\n>p2 move fireblast\n>p1 move nastyplot\n>p2 switch 4\n>p1 move dracometeor\n>p2 move thunder\n>p2 switch 4\n>p1 switch 3\n>p2 move dracometeor\n>p1 move roost\n>p2 switch 2\n>p1 move thunderwave\n>p2 move nastyplot\n>p1 move uturn\n>p2 move darkpulse\n>p1 switch 6\n>p1 switch 6\n>p1 move uturn\n>p2 switch 2\n>p1 switch 3\n>p1 move dracometeor terastallize\n>p2 move dracometeor\n>p2 switch 2\n>p1 move surf\n>p2 move darkpulse\n>p1 switch 3\n>chat \u2606tricktrock|its fire or dark\n>p1 move uturn\n>p2 move fireblast", "uploadtime": 1733766550, "views": 2, "formatid": "gen9randombattle", "rating": 1568, "private": 0, "password": null}