{"id": "gen9randombattle-2260824060", "format": "[Gen 9] Random Battle", "players": ["nani mila", "I xX_DARK_Xx I"], "log": "|j|\u2606nani mila\n|j|\u2606I xX_DARK_Xx I\n|t:|1733898701\n|gametype|singles\n|player|p1|nani mila|teammagmagruntf-gen3|1311\n|player|p2|I xX_DARK_Xx I|unknown|1321\n|teamsize|p1|6\n|teamsize|p2|6\n|gen|9\n|tier|[Gen 9] Random Battle\n|rated|\n|rule|Species Clause: Limit one of each Pok\u00e9mon\n|rule|HP Percentage Mod: HP is shown in percentages\n|rule|Sleep Clause Mod: Limit one foe put to sleep\n|rule|Illusion Level Mod: Illusion disguises the Pok\u00e9mon's true level\n|\n|t:|1733898701\n|start\n|switch|p1a: Umbreon|Umbreon, L84, F|297/297\n|switch|p2a: Electrode|Electrode, L92|260/260\n|turn|1\n|\n|t:|1733898723\n|move|p2a: Electrode|Thunderbolt|p1a: Umbreon\n|-crit|p1a: Umbreon\n|-damage|p1a: Umbreon|194/297\n|move|p1a: Umbreon|Toxic|p2a: Electrode\n|-status|p2a: Electrode|tox\n|\n|-heal|p1a: Umbreon|212/297|[from] item: Leftovers\n|-damage|p2a: Electrode|244/260 tox|[from] psn\n|upkeep\n|turn|2\n|\n|t:|1733898732\n|move|p2a: Electrode|Foul Play|p1a: Umbreon\n|-resisted|p1a: Umbreon\n|-damage|p1a: Umbreon|197/297\n|move|p1a: Umbreon|Wish|p1a: Umbreon\n|\n|-heal|p1a: Umbreon|215/297|[from] item: Leftovers\n|-damage|p2a: Electrode|212/260 tox|[from] psn\n|upkeep\n|turn|3\n|\n|t:|1733898743\n|move|p1a: Umbreon|Protect|p1a: Umbreon\n|-singleturn|p1a: Umbreon|Protect\n|move|p2a: Electrode|Thunder Wave|p1a: Umbreon\n|-activate|p1a: Umbreon|move: Protect\n|\n|-heal|p1a: Umbreon|297/297|[from] move: Wish|[wisher] Umbreon\n|-damage|p2a: Electrode|164/260 tox|[from] psn\n|upkeep\n|turn|4\n|inactive|Battle timer is ON: inactive players will automatically lose when time's up. (requested by I xX_DARK_Xx I)\n|\n|t:|1733898762\n|switch|p1a: Toxtricity|Toxtricity, L82, F|257/257\n|move|p2a: Electrode|Thunderbolt|p1a: Toxtricity\n|-resisted|p1a: Toxtricity\n|-damage|p1a: Toxtricity|201/257\n|\n|-damage|p2a: Electrode|100/260 tox|[from] psn\n|upkeep\n|turn|5\n|\n|t:|1733898773\n|move|p2a: Electrode|Foul Play|p1a: Toxtricity\n|-damage|p1a: Toxtricity|131/257\n|move|p1a: Toxtricity|Volt Switch|p2a: Electrode\n|-resisted|p2a: Electrode\n|-damage|p2a: Electrode|46/260 tox\n|\n|t:|1733898779\n|switch|p1a: Umbreon|Umbreon, L84, F|297/297|[from] Volt Switch\n|\n|-damage|p2a: Electrode|0 fnt|[from] psn\n|faint|p2a: Electrode\n|upkeep\n|\n|t:|1733898796\n|switch|p2a: Skuntank|Skuntank, L84, M|310/310\n|turn|6\n|\n|t:|1733898823\n|switch|p1a: Hariyama|Hariyama, L87, F|392/392\n|move|p2a: Skuntank|Knock Off|p1a: Hariyama\n|-resisted|p1a: Hariyama\n|-damage|p1a: Hariyama|330/392\n|-enditem|p1a: Hariyama|Assault Vest|[from] move: Knock Off|[of] p2a: Skuntank\n|\n|upkeep\n|turn|7\n|inactive|nani mila has 120 seconds left.\n|\n|t:|1733898843\n|-terastallize|p1a: Hariyama|Steel\n|move|p2a: Skuntank|Gunk Shot|p1a: Hariyama\n|-immune|p1a: Hariyama\n|move|p1a: Hariyama|Close Combat|p2a: Skuntank\n|-damage|p2a: Skuntank|118/310\n|-unboost|p1a: Hariyama|def|1\n|-unboost|p1a: Hariyama|spd|1\n|\n|upkeep\n|turn|8\n|inactive|nani mila has 120 seconds left.\n|\n|t:|1733898873\n|move|p2a: Skuntank|Fire Blast|p1a: Hariyama\n|-supereffective|p1a: Hariyama\n|-damage|p1a: Hariyama|220/392\n|move|p1a: Hariyama|Heavy Slam|p2a: Skuntank\n|-damage|p2a: Skuntank|0 fnt\n|-damage|p1a: Hariyama|122/392|[from] ability: Aftermath|[of] p2a: Skuntank\n|faint|p2a: Skuntank\n|\n|upkeep\n|\n|t:|1733898888\n|switch|p2a: Kricketune|Kricketune, L99, M|312/312\n|turn|9\n|\n|t:|1733898906\n|move|p2a: Kricketune|Sticky Web|p1a: Hariyama\n|-sidestart|p1: nani mila|move: Sticky Web\n|move|p1a: Hariyama|Stone Edge|p2a: Kricketune\n|-supereffective|p2a: Kricketune\n|-crit|p2a: Kricketune\n|-damage|p2a: Kricketune|0 fnt\n|faint|p2a: Kricketune\n|\n|upkeep\n|\n|t:|1733898910\n|switch|p2a: Phione|Phione, L91|293/293\n|turn|10\n|\n|t:|1733898929\n|-terastallize|p2a: Phione|Dragon\n|move|p2a: Phione|Scald|p1a: Hariyama\n|-damage|p1a: Hariyama|0 fnt\n|faint|p1a: Hariyama\n|\n|upkeep\n|\n|t:|1733898944\n|switch|p1a: Empoleon|Empoleon, L84, F|278/278\n|-activate|p1a: Empoleon|move: Sticky Web\n|-unboost|p1a: Empoleon|spe|1\n|-ability|p1a: Empoleon|Competitive|boost\n|-boost|p1a: Empoleon|spa|2\n|turn|11\n|\n|t:|1733898960\n|move|p2a: Phione|Take Heart|p2a: Phione\n|-boost|p2a: Phione|spa|1\n|-boost|p2a: Phione|spd|1\n|move|p1a: Empoleon|Ice Beam|p2a: Phione\n|-supereffective|p2a: Phione\n|-damage|p2a: Phione|121/293\n|\n|-heal|p2a: Phione|139/293|[from] item: Leftovers\n|upkeep\n|turn|12\n|inactive|nani mila has 120 seconds left.\n|\n|t:|1733898970\n|move|p2a: Phione|Rest|p2a: Phione\n|-status|p2a: Phione|slp|[from] move: Rest\n|-heal|p2a: Phione|293/293 slp|[silent]\n|move|p1a: Empoleon|Ice Beam|p2a: Phione\n|-supereffective|p2a: Phione\n|-damage|p2a: Phione|117/293 slp\n|\n|-heal|p2a: Phione|135/293 slp|[from] item: Leftovers\n|upkeep\n|turn|13\n|inactive|nani mila has 120 seconds left.\n|\n|t:|1733898994\n|switch|p2a: Hatterene|Hatterene, L85, F|236/236\n|move|p1a: Empoleon|Ice Beam|p2a: Hatterene\n|-damage|p2a: Hatterene|150/236\n|\n|upkeep\n|turn|14\n|inactive|nani mila has 120 seconds left.\n|\n|t:|1733899009\n|move|p1a: Empoleon|Surf|p2a: Hatterene\n|-damage|p2a: Hatterene|30/236\n|move|p2a: Hatterene|Psychic Noise|p1a: Empoleon\n|-resisted|p1a: Empoleon\n|-damage|p1a: Empoleon|233/278\n|-start|p1a: Empoleon|move: Heal Block\n|\n|upkeep\n|turn|15\n|inactive|I xX_DARK_Xx I has 120 seconds left.\n|\n|t:|1733899027\n|move|p1a: Empoleon|Surf|p2a: Hatterene\n|-damage|p2a: Hatterene|0 fnt\n|faint|p2a: Hatterene\n|\n|-end|p1a: Empoleon|move: Heal Block\n|upkeep\n|inactive|I xX_DARK_Xx I has 120 seconds left.\n|\n|t:|1733899035\n|switch|p2a: Phione|Phione, L91, tera:Dragon|135/293 slp\n|turn|16\n|\n|t:|1733899039\n|cant|p2a: Phione|slp\n|move|p2a: Phione|Sleep Talk|p2a: Phione\n|move|p2a: Phione|Take Heart|p2a: Phione|[from]move: Sleep Talk\n|-boost|p2a: Phione|spa|1\n|-boost|p2a: Phione|spd|1\n|-curestatus|p2a: Phione|slp|[msg]\n|move|p1a: Empoleon|Ice Beam|p2a: Phione\n|-supereffective|p2a: Phione\n|-damage|p2a: Phione|0 fnt\n|faint|p2a: Phione\n|\n|-heal|p1a: Empoleon|250/278|[from] item: Leftovers\n|upkeep\n|\n|t:|1733899044\n|switch|p2a: Florges|Florges, L85, F|271/271\n|turn|17\n|\n|t:|1733899056\n|move|p2a: Florges|Calm Mind|p2a: Florges\n|-boost|p2a: Florges|spa|1\n|-boost|p2a: Florges|spd|1\n|move|p1a: Empoleon|Surf|p2a: Florges\n|-damage|p2a: Florges|180/271\n|\n|-heal|p2a: Florges|196/271|[from] item: Leftovers\n|-heal|p1a: Empoleon|267/278|[from] item: Leftovers\n|upkeep\n|turn|18\n|inactive|I xX_DARK_Xx I has 120 seconds left.\n|\n|t:|1733899081\n|move|p2a: Florges|Tera Blast|p1a: Empoleon\n|-resisted|p1a: Empoleon\n|-damage|p1a: Empoleon|220/278\n|move|p1a: Empoleon|Surf|p2a: Florges\n|-damage|p2a: Florges|114/271\n|\n|-heal|p2a: Florges|130/271|[from] item: Leftovers\n|-heal|p1a: Empoleon|237/278|[from] item: Leftovers\n|upkeep\n|turn|19\n|\n|t:|1733899094\n|move|p2a: Florges|Synthesis|p2a: Florges\n|-heal|p2a: Florges|265/271\n|move|p1a: Empoleon|Surf|p2a: Florges\n|-damage|p2a: Florges|168/271\n|\n|-heal|p2a: Florges|184/271|[from] item: Leftovers\n|-heal|p1a: Empoleon|254/278|[from] item: Leftovers\n|upkeep\n|turn|20\n|\n|t:|1733899102\n|move|p2a: Florges|Moonblast|p1a: Empoleon\n|-resisted|p1a: Empoleon\n|-damage|p1a: Empoleon|178/278\n|move|p1a: Empoleon|Surf|p2a: Florges\n|-damage|p2a: Florges|87/271\n|\n|-heal|p2a: Florges|103/271|[from] item: Leftovers\n|-heal|p1a: Empoleon|195/278|[from] item: Leftovers\n|upkeep\n|turn|21\n|\n|t:|1733899110\n|move|p2a: Florges|Synthesis|p2a: Florges\n|-heal|p2a: Florges|238/271\n|move|p1a: Empoleon|Surf|p2a: Florges\n|-damage|p2a: Florges|156/271\n|\n|-heal|p2a: Florges|172/271|[from] item: Leftovers\n|-heal|p1a: Empoleon|212/278|[from] item: Leftovers\n|upkeep\n|turn|22\n|\n|t:|1733899118\n|move|p2a: Florges|Moonblast|p1a: Empoleon\n|-resisted|p1a: Empoleon\n|-damage|p1a: Empoleon|128/278\n|move|p1a: Empoleon|Roost|p1a: Empoleon\n|-heal|p1a: Empoleon|267/278\n|-singleturn|p1a: Empoleon|move: Roost\n|\n|-heal|p2a: Florges|188/271|[from] item: Leftovers\n|-heal|p1a: Empoleon|278/278|[from] item: Leftovers\n|upkeep\n|turn|23\n|\n|t:|1733899127\n|move|p2a: Florges|Moonblast|p1a: Empoleon\n|-resisted|p1a: Empoleon\n|-damage|p1a: Empoleon|200/278\n|move|p1a: Empoleon|Surf|p2a: Florges\n|-damage|p2a: Florges|103/271\n|\n|-heal|p2a: Florges|119/271|[from] item: Leftovers\n|-heal|p1a: Empoleon|217/278|[from] item: Leftovers\n|upkeep\n|turn|24\n|\n|t:|1733899135\n|move|p2a: Florges|Synthesis|p2a: Florges\n|-heal|p2a: Florges|254/271\n|move|p1a: Empoleon|Ice Beam|p2a: Florges\n|-damage|p2a: Florges|191/271\n|\n|-heal|p2a: Florges|207/271|[from] item: Leftovers\n|-heal|p1a: Empoleon|234/278|[from] item: Leftovers\n|upkeep\n|turn|25\n|\n|t:|1733899142\n|move|p2a: Florges|Moonblast|p1a: Empoleon\n|-resisted|p1a: Empoleon\n|-damage|p1a: Empoleon|152/278\n|move|p1a: Empoleon|Ice Beam|p2a: Florges\n|-damage|p2a: Florges|148/271\n|\n|-heal|p2a: Florges|164/271|[from] item: Leftovers\n|-heal|p1a: Empoleon|169/278|[from] item: Leftovers\n|upkeep\n|turn|26\n|\n|t:|1733899151\n|move|p2a: Florges|Moonblast|p1a: Empoleon\n|-resisted|p1a: Empoleon\n|-damage|p1a: Empoleon|94/278\n|move|p1a: Empoleon|Roost|p1a: Empoleon\n|-heal|p1a: Empoleon|233/278\n|-singleturn|p1a: Empoleon|move: Roost\n|\n|-heal|p2a: Florges|180/271|[from] item: Leftovers\n|-heal|p1a: Empoleon|250/278|[from] item: Leftovers\n|upkeep\n|turn|27\n|\n|t:|1733899160\n|move|p2a: Florges|Moonblast|p1a: Empoleon\n|-resisted|p1a: Empoleon\n|-damage|p1a: Empoleon|165/278\n|move|p1a: Empoleon|Ice Beam|p2a: Florges\n|-damage|p2a: Florges|125/271\n|\n|-heal|p2a: Florges|141/271|[from] item: Leftovers\n|-heal|p1a: Empoleon|182/278|[from] item: Leftovers\n|upkeep\n|turn|28\n|\n|t:|1733899169\n|move|p2a: Florges|Moonblast|p1a: Empoleon\n|-resisted|p1a: Empoleon\n|-damage|p1a: Empoleon|108/278\n|move|p1a: Empoleon|Roost|p1a: Empoleon\n|-heal|p1a: Empoleon|247/278\n|-singleturn|p1a: Empoleon|move: Roost\n|\n|-heal|p2a: Florges|157/271|[from] item: Leftovers\n|-heal|p1a: Empoleon|264/278|[from] item: Leftovers\n|upkeep\n|turn|29\n|\n|t:|1733899181\n|move|p2a: Florges|Tera Blast|p1a: Empoleon\n|-resisted|p1a: Empoleon\n|-damage|p1a: Empoleon|220/278\n|move|p1a: Empoleon|Ice Beam|p2a: Florges\n|-damage|p2a: Florges|93/271\n|-status|p2a: Florges|frz\n|\n|-heal|p2a: Florges|109/271 frz|[from] item: Leftovers\n|-heal|p1a: Empoleon|237/278|[from] item: Leftovers\n|upkeep\n|turn|30\n|\n|t:|1733899193\n|cant|p2a: Florges|frz\n|move|p1a: Empoleon|Surf|p2a: Florges\n|-damage|p2a: Florges|21/271 frz\n|\n|-heal|p2a: Florges|37/271 frz|[from] item: Leftovers\n|-heal|p1a: Empoleon|254/278|[from] item: Leftovers\n|upkeep\n|turn|31\n|c|\u2606nani mila|gg\n|\n|t:|1733899203\n|cant|p2a: Florges|frz\n|move|p1a: Empoleon|Surf|p2a: Florges\n|-damage|p2a: Florges|0 fnt\n|faint|p2a: Florges\n|\n|win|nani mila\n|raw|nani mila's rating: 1311 &rarr; <strong>1332</strong><br />(+21 for winning)\n|raw|I xX_DARK_Xx I's rating: 1321 &rarr; <strong>1300</strong><br />(-21 for losing)\n|l|\u2606I xX_DARK_Xx I\n|player|p2|\n", "inputlog": ">version bfd83cad13791eb5a5a409923076391caf6fb4d4\n>start {\"formatid\":\"gen9randombattle\",\"seed\":[40093,4212,20980,51686],\"rated\":\"Rated battle\"}\n>player p1 {\"name\":\"nani mila\",\"avatar\":\"teammagmagruntf-gen3\",\"rating\":1311,\"seed\":[5877,55752,58961,62421]}\n>player p2 {\"name\":\"I xX_DARK_Xx I\",\"avatar\":\"unknown\",\"rating\":1321,\"seed\":[17622,42109,16621,12451]}\n>p1 move toxic\n>p2 move thunderbolt\n>p1 move wish\n>p2 move foulplay\n>p1 move protect\n>p2 move thunderwave\n>p1 switch 2\n>p2 move thunderbolt\n>p1 move voltswitch\n>p2 move foulplay\n>p1 switch 2\n>p2 switch 5\n>p1 switch 6\n>p2 move knockoff\n>p1 move closecombat terastallize\n>p2 move gunkshot\n>p1 move heavyslam\n>p2 move fireblast\n>p2 switch 6\n>p1 move stoneedge\n>p2 move stickyweb\n>p2 switch 3\n>p1 move closecombat\n>p2 move scald terastallize\n>p1 switch 3\n>p1 move icebeam\n>p2 move takeheart\n>p1 move icebeam\n>p2 move rest\n>p1 move icebeam\n>p2 switch 4\n>p1 move surf\n>p2 move psychicnoise\n>p1 move surf\n>p2 move nuzzle\n>p2 switch 4\n>p1 move icebeam\n>p2 move sleeptalk\n>p2 switch 2\n>p1 move surf\n>p2 move calmmind\n>p1 move surf\n>p2 move terablast\n>p1 move surf\n>p2 move synthesis\n>p1 move surf\n>p2 move moonblast\n>p1 move surf\n>p2 move synthesis\n>p1 move roost\n>p2 move moonblast\n>p1 move surf\n>p2 move moonblast\n>p1 move icebeam\n>p2 move synthesis\n>p1 move icebeam\n>p2 move moonblast\n>p1 move roost\n>p2 move moonblast\n>p1 move icebeam\n>p2 move moonblast\n>p1 move roost\n>p2 move moonblast\n>p1 move icebeam\n>p2 move terablast\n>p1 move surf\n>p2 move synthesis\n>chat \u2606nani mila|gg \n>p1 move surf\n>p2 move synthesis", "uploadtime": 1733899211, "views": 1, "formatid": "gen9randombattle", "rating": 1300, "private": 0, "password": null}