{"id": "gen9randombattle-2260292085", "format": "[Gen 9] Random Battle", "players": ["awugld", "mufaster"], "log": "|j|\u2606awugld\n|j|\u203dmufaster\n|t:|1733836048\n|gametype|singles\n|player|p1|awugld|170|\n|player|p2|mufaster|266|\n|teamsize|p1|6\n|teamsize|p2|6\n|gen|9\n|tier|[Gen 9] Random Battle\n|rule|Species Clause: Limit one of each Pok\u00e9mon\n|rule|HP Percentage Mod: HP is shown in percentages\n|rule|Sleep Clause Mod: Limit one foe put to sleep\n|rule|Illusion Level Mod: Illusion disguises the Pok\u00e9mon's true level\n|\n|t:|1733836048\n|start\n|switch|p1a: Manaphy|Manaphy, L78|284/284\n|switch|p2a: Wugtrio|Wugtrio, L91, M|212/212\n|turn|1\n|\n|t:|1733836073\n|move|p2a: Wugtrio|Liquidation|p1a: Manaphy\n|-resisted|p1a: Manaphy\n|-damage|p1a: Manaphy|205/284\n|move|p1a: Manaphy|Tail Glow|p1a: Manaphy\n|-boost|p1a: Manaphy|spa|3\n|\n|-heal|p1a: Manaphy|222/284|[from] item: Leftovers\n|upkeep\n|turn|2\n|\n|t:|1733836083\n|switch|p2a: Pawmot|Pawmot, L80, F|243/243\n|move|p1a: Manaphy|Energy Ball|p2a: Pawmot\n|-damage|p2a: Pawmot|41/243\n|\n|-heal|p1a: Manaphy|239/284|[from] item: Leftovers\n|upkeep\n|turn|3\n|\n|t:|1733836096\n|move|p2a: Pawmot|Double Shock|p1a: Manaphy\n|-supereffective|p1a: Manaphy\n|-damage|p1a: Manaphy|0 fnt\n|-start|p2a: Pawmot|typechange|???/Fighting|[from] move: Double Shock\n|faint|p1a: Manaphy\n|-damage|p2a: Pawmot|17/243|[from] item: Life Orb\n|\n|upkeep\n|\n|t:|1733836108\n|switch|p1a: Arceus|Arceus-Poison, L70|284/284\n|turn|4\n|\n|t:|1733836128\n|move|p1a: Arceus|Extreme Speed|p2a: Pawmot\n|-damage|p2a: Pawmot|0 fnt\n|faint|p2a: Pawmot\n|\n|upkeep\n|\n|t:|1733836137\n|switch|p2a: Wugtrio|Wugtrio, L91, M|212/212\n|turn|5\n|c|\u2606awugld|jiggle jacksons privates\n|c|\u2606awugld|jiggle jacksons privates jiggle jacksons privates jiggle jacksons privates jiggle jacksons privates\n|c|\u2606awugld|jiggle jacksons privates\n|c|\u2606awugld|jiggle jacksons privates\n|c|\u2606awugld|jiggle jacksons privates\n|c|\u2606awugld|jiggle jacksons privates\n|c|\u2606awugld|jiggle jacksons privates\n|c|\u2606awugld|jiggle jacksons privates\n|c|\u2606awugld|jiggle jacksons privates\n|c|\u2606awugld|jiggle jacksons privates\n|c|\u2606awugld|jiggle jacksons privates\n|\n|t:|1733836168\n|move|p2a: Wugtrio|Stomping Tantrum|p1a: Arceus\n|-supereffective|p1a: Arceus\n|-damage|p1a: Arceus|98/284\n|move|p1a: Arceus|Gunk Shot|p2a: Wugtrio|[miss]\n|-miss|p1a: Arceus|p2a: Wugtrio\n|\n|upkeep\n|turn|6\n|\n|t:|1733836179\n|move|p2a: Wugtrio|Stomping Tantrum|p1a: Arceus\n|-supereffective|p1a: Arceus\n|-damage|p1a: Arceus|0 fnt\n|faint|p1a: Arceus\n|\n|upkeep\n|\n|t:|1733836191\n|switch|p1a: Sceptile|Sceptile, L87, M|264/264\n|turn|7\n|\n|t:|1733836203\n|move|p2a: Wugtrio|Stomping Tantrum|p1a: Sceptile\n|-resisted|p1a: Sceptile\n|-damage|p1a: Sceptile|208/264\n|move|p1a: Sceptile|Swords Dance|p1a: Sceptile\n|-boost|p1a: Sceptile|atk|2\n|\n|upkeep\n|turn|8\n|\n|t:|1733836218\n|switch|p2a: Weezing|Weezing-Galar, L86, F|252/252\n|move|p1a: Sceptile|Leaf Blade|p2a: Weezing\n|-resisted|p2a: Weezing\n|-damage|p2a: Weezing|158/252\n|-damage|p1a: Sceptile|182/264|[from] item: Life Orb\n|\n|-heal|p2a: Weezing|173/252|[from] item: Leftovers\n|upkeep\n|turn|9\n|\n|t:|1733836262\n|move|p1a: Sceptile|Rock Slide|p2a: Weezing|[miss]\n|-miss|p1a: Sceptile|p2a: Weezing\n|move|p2a: Weezing|Gunk Shot|p1a: Sceptile\n|-supereffective|p1a: Sceptile\n|-damage|p1a: Sceptile|0 fnt\n|faint|p1a: Sceptile\n|\n|-heal|p2a: Weezing|188/252|[from] item: Leftovers\n|upkeep\n|\n|t:|1733836326\n|switch|p1a: Hoopa|Hoopa, L85|275/275\n|turn|10\n|\n|t:|1733836343\n|move|p1a: Hoopa|Psyshock|p2a: Weezing\n|-supereffective|p2a: Weezing\n|-damage|p2a: Weezing|0 fnt\n|faint|p2a: Weezing\n|\n|upkeep\n|\n|t:|1733836352\n|switch|p2a: Gumshoos|Gumshoos, L95, F|321/321\n|turn|11\n|\n|t:|1733836356\n|move|p1a: Hoopa|Psyshock|p2a: Gumshoos\n|-damage|p2a: Gumshoos|173/321\n|move|p2a: Gumshoos|Knock Off|p1a: Hoopa\n|-supereffective|p1a: Hoopa\n|-damage|p1a: Hoopa|0 fnt\n|-enditem|p1a: Hoopa|Choice Scarf|[from] move: Knock Off|[of] p2a: Gumshoos\n|faint|p1a: Hoopa\n|\n|upkeep\n|\n|t:|1733836366\n|switch|p1a: Cramorant|Cramorant, L86, M|261/261\n|turn|12\n|\n|t:|1733836375\n|move|p1a: Cramorant|Brave Bird|p2a: Gumshoos\n|-damage|p2a: Gumshoos|26/321\n|-damage|p1a: Cramorant|212/261|[from] Recoil\n|move|p2a: Gumshoos|Knock Off|p1a: Cramorant\n|-damage|p1a: Cramorant|31/261\n|-enditem|p1a: Cramorant|Heavy-Duty Boots|[from] move: Knock Off|[of] p2a: Gumshoos\n|\n|upkeep\n|turn|13\n|\n|t:|1733836385\n|move|p1a: Cramorant|Surf|p2a: Gumshoos\n|-formechange|p1a: Cramorant|Cramorant-Gorging|\n|-damage|p2a: Gumshoos|0 fnt\n|faint|p2a: Gumshoos\n|\n|upkeep\n|\n|t:|1733836396\n|switch|p2a: Iron Thorns|Iron Thorns, L83|302/302\n|-enditem|p2a: Iron Thorns|Booster Energy\n|-activate|p2a: Iron Thorns|ability: Quark Drive|[fromitem]\n|-start|p2a: Iron Thorns|quarkdriveatk\n|turn|14\n|\n|t:|1733836412\n|move|p1a: Cramorant|Brave Bird|p2a: Iron Thorns\n|-resisted|p2a: Iron Thorns\n|-damage|p2a: Iron Thorns|275/302\n|-damage|p1a: Cramorant|22/261|[from] Recoil\n|move|p2a: Iron Thorns|Stone Edge|p1a: Cramorant\n|-supereffective|p1a: Cramorant\n|-damage|p1a: Cramorant|0 fnt\n|-damage|p2a: Iron Thorns|200/302|[from] ability: Gulp Missile|[of] p1a: Cramorant\n|-formechange|p1a: Cramorant|Cramorant|\n|faint|p1a: Cramorant\n|\n|upkeep\n|\n|t:|1733836426\n|switch|p1a: Ditto|Ditto, L87|225/225\n|-transform|p1a: Ditto|p2a: Iron Thorns|[from] ability: Imposter\n|turn|15\n|\n|t:|1733836437\n|move|p1a: Ditto|Earthquake|p2a: Iron Thorns\n|-supereffective|p2a: Iron Thorns\n|-damage|p2a: Iron Thorns|0 fnt\n|faint|p2a: Iron Thorns\n|-end|p2a: Iron Thorns|Quark Drive|[silent]\n|\n|upkeep\n|\n|t:|1733836441\n|switch|p2a: Wugtrio|Wugtrio, L91, M|212/212\n|turn|16\n|\n|t:|1733836488\n|move|p2a: Wugtrio|Stomping Tantrum|p1a: Ditto\n|-supereffective|p1a: Ditto\n|-damage|p1a: Ditto|0 fnt\n|faint|p1a: Ditto\n|-end|p1a: Ditto|Quark Drive|[silent]\n|\n|win|mufaster\n", "inputlog": ">version bfd83cad13791eb5a5a409923076391caf6fb4d4\n>start {\"formatid\":\"gen9randombattle\",\"seed\":[24051,26268,24916,50753]}\n>player p1 {\"name\":\"awugld\",\"avatar\":\"170\",\"rating\":0,\"seed\":[3637,54055,47862,40752]}\n>player p2 {\"name\":\"mufaster\",\"avatar\":\"266\",\"rating\":0,\"seed\":[40635,43524,34145,10905]}\n>p1 move tailglow\n>p2 move liquidation\n>p1 move energyball\n>p2 switch 5\n>p1 move icebeam\n>p2 move doubleshock\n>p1 switch 4\n>p1 move extremespeed\n>p2 move icepunch\n>p2 switch 5\n>chat \u2606awugld|jiggle jacksons privates \n>chat \u2606awugld|jiggle jacksons privates jiggle jacksons privates jiggle jacksons privates jiggle jacksons privates \n>chat \u2606awugld|jiggle jacksons privates \n>chat \u2606awugld|jiggle jacksons privates \n>chat \u2606awugld|jiggle jacksons privates \n>chat \u2606awugld|jiggle jacksons privates \n>chat \u2606awugld|jiggle jacksons privates \n>chat \u2606awugld|jiggle jacksons privates \n>chat \u2606awugld|jiggle jacksons privates \n>chat \u2606awugld|jiggle jacksons privates \n>chat \u2606awugld|jiggle jacksons privates \n>p1 move gunkshot\n>p2 move stompingtantrum\n>p1 move gunkshot\n>p2 move stompingtantrum\n>p1 switch 6\n>p1 move swordsdance\n>p2 move stompingtantrum\n>p1 move leafblade\n>p2 switch 3\n>p1 move rockslide\n>p2 move gunkshot\n>p1 switch 3\n>p1 move psyshock\n>p2 move strangesteam\n>p2 switch 2\n>p1 move psyshock\n>p2 move knockoff\n>p1 switch 2\n>p1 move bravebird\n>p2 move knockoff\n>p1 move surf\n>p2 move knockoff\n>p2 switch 6\n>p1 move bravebird\n>p2 move stoneedge\n>p1 switch 5\n>p1 move earthquake\n>p2 move wildcharge\n>p2 switch 3\n>p1 move earthquake\n>p2 move stompingtantrum", "uploadtime": 1733836498, "views": 16, "formatid": "gen9randombattle", "rating": null, "private": 0, "password": null}