{"id": "gen9randombattle-2260428230", "format": "[Gen 9] Random Battle", "players": ["tyson4400", "Lellett"], "log": "|j|\u2606tyson4400\n|j|\u2606Lellett\n|t:|1733850665\n|gametype|singles\n|player|p1|tyson4400|266|1450\n|player|p2|Lellett|2|1492\n|teamsize|p1|6\n|teamsize|p2|6\n|gen|9\n|tier|[Gen 9] Random Battle\n|rated|\n|rule|Species Clause: Limit one of each Pok\u00e9mon\n|rule|HP Percentage Mod: HP is shown in percentages\n|rule|Sleep Clause Mod: Limit one foe put to sleep\n|rule|Illusion Level Mod: Illusion disguises the Pok\u00e9mon's true level\n|\n|t:|1733850665\n|start\n|switch|p1a: Politoed|Politoed, L88, F|302/302\n|switch|p2a: Decidueye|Decidueye-Hisui, L87, M|295/295\n|-weather|RainDance|[from] ability: Drizzle|[of] p1a: Politoed\n|turn|1\n|inactive|Battle timer is ON: inactive players will automatically lose when time's up. (requested by tyson4400)\n|\n|t:|1733850687\n|switch|p1a: Amoonguss|Amoonguss, L82, M|321/321\n|move|p2a: Decidueye|Swords Dance|p2a: Decidueye\n|-boost|p2a: Decidueye|atk|2\n|\n|-weather|RainDance|[upkeep]\n|upkeep\n|turn|2\n|\n|t:|1733850707\n|move|p2a: Decidueye|Triple Arrows|p1a: Amoonguss\n|-resisted|p1a: Amoonguss\n|-damage|p1a: Amoonguss|194/321\n|-unboost|p1a: Amoonguss|def|1\n|move|p1a: Amoonguss|Sludge Bomb|p2a: Decidueye\n|-supereffective|p2a: Decidueye\n|-damage|p2a: Decidueye|133/295\n|\n|-weather|RainDance|[upkeep]\n|-heal|p2a: Decidueye|151/295|[from] item: Leftovers\n|upkeep\n|turn|3\n|\n|t:|1733850718\n|-terastallize|p2a: Decidueye|Steel\n|move|p2a: Decidueye|Triple Arrows|p1a: Amoonguss\n|-resisted|p1a: Amoonguss\n|-damage|p1a: Amoonguss|0 fnt\n|faint|p1a: Amoonguss\n|\n|-weather|RainDance|[upkeep]\n|-heal|p2a: Decidueye|169/295|[from] item: Leftovers\n|upkeep\n|inactive|tyson4400 has 120 seconds left.\n|\n|t:|1733850739\n|switch|p1a: Typhlosion|Typhlosion, L84, M|267/267\n|turn|4\n|\n|t:|1733850744\n|move|p1a: Typhlosion|Eruption|p2a: Decidueye\n|-supereffective|p2a: Decidueye\n|-damage|p2a: Decidueye|0 fnt\n|faint|p2a: Decidueye\n|\n|-weather|RainDance|[upkeep]\n|upkeep\n|\n|t:|1733850750\n|switch|p2a: Regieleki|Regieleki, L79|256/256\n|turn|5\n|\n|t:|1733850757\n|move|p2a: Regieleki|Volt Switch|p1a: Typhlosion\n|-damage|p1a: Typhlosion|168/267\n|\n|t:|1733850763\n|switch|p2a: Volcarona|Volcarona, L77, F|257/257|[from] Volt Switch\n|move|p1a: Typhlosion|Eruption|p2a: Volcarona\n|-crit|p2a: Volcarona\n|-damage|p2a: Volcarona|133/257\n|\n|-weather|none\n|upkeep\n|turn|6\n|\n|t:|1733850791\n|switch|p1a: Kingdra|Kingdra, L84, M|263/263\n|move|p2a: Volcarona|Giga Drain|p1a: Kingdra\n|-damage|p1a: Kingdra|205/263\n|-heal|p2a: Volcarona|162/257|[from] drain|[of] p1a: Kingdra\n|\n|upkeep\n|turn|7\n|\n|t:|1733850802\n|switch|p2a: Lapras|Lapras, L87, F|367/367\n|move|p1a: Kingdra|Dragon Dance|p1a: Kingdra\n|-boost|p1a: Kingdra|atk|1\n|-boost|p1a: Kingdra|spe|1\n|\n|upkeep\n|turn|8\n|inactive|tyson4400 has 120 seconds left.\n|\n|t:|1733850835\n|move|p1a: Kingdra|Outrage|p2a: Lapras\n|-damage|p2a: Lapras|186/367\n|move|p2a: Lapras|Dragon Dance|p2a: Lapras\n|-boost|p2a: Lapras|atk|1\n|-boost|p2a: Lapras|spe|1\n|\n|upkeep\n|turn|9\n|\n|t:|1733850847\n|move|p1a: Kingdra|Outrage|p2a: Lapras|[from]lockedmove\n|-damage|p2a: Lapras|0 fnt\n|faint|p2a: Lapras\n|\n|upkeep\n|\n|t:|1733850851\n|switch|p2a: Weezing|Weezing-Galar, L86, M|252/252\n|turn|10\n|inactive|tyson4400 has 120 seconds left.\n|\n|t:|1733850874\n|move|p1a: Kingdra|Outrage|p2a: Weezing|[from]lockedmove\n|-immune|p2a: Weezing\n|-start|p1a: Kingdra|confusion|[fatigue]\n|-enditem|p1a: Kingdra|Lum Berry|[eat]\n|-end|p1a: Kingdra|confusion\n|move|p2a: Weezing|Will-O-Wisp|p1a: Kingdra\n|-status|p1a: Kingdra|brn\n|\n|-damage|p1a: Kingdra|189/263 brn|[from] brn\n|upkeep\n|turn|11\n|\n|t:|1733850883\n|move|p1a: Kingdra|Waterfall|p2a: Weezing\n|-damage|p2a: Weezing|203/252\n|move|p2a: Weezing|Gunk Shot|p1a: Kingdra\n|-damage|p1a: Kingdra|62/263 brn\n|\n|-heal|p2a: Weezing|218/252|[from] item: Leftovers\n|-damage|p1a: Kingdra|46/263 brn|[from] brn\n|upkeep\n|turn|12\n|\n|t:|1733850895\n|switch|p2a: Miraidon|Miraidon, L65|238/238\n|-fieldstart|move: Electric Terrain|[from] ability: Hadron Engine|[of] p2a: Miraidon\n|move|p1a: Kingdra|Waterfall|p2a: Miraidon\n|-resisted|p2a: Miraidon\n|-damage|p2a: Miraidon|203/238\n|\n|-heal|p2a: Miraidon|217/238|[from] item: Leftovers\n|-damage|p1a: Kingdra|30/263 brn|[from] brn\n|upkeep\n|turn|13\n|\n|t:|1733850903\n|switch|p1a: Politoed|Politoed, L88, F|302/302\n|-weather|RainDance|[from] ability: Drizzle|[of] p1a: Politoed\n|move|p2a: Miraidon|Substitute|p2a: Miraidon\n|-start|p2a: Miraidon|Substitute\n|-damage|p2a: Miraidon|158/238\n|\n|-weather|RainDance|[upkeep]\n|-heal|p2a: Miraidon|172/238|[from] item: Leftovers\n|upkeep\n|turn|14\n|\n|t:|1733850910\n|move|p2a: Miraidon|Electro Drift|p1a: Politoed\n|-supereffective|p1a: Politoed\n|-damage|p1a: Politoed|0 fnt\n|faint|p1a: Politoed\n|\n|-weather|RainDance|[upkeep]\n|-heal|p2a: Miraidon|186/238|[from] item: Leftovers\n|upkeep\n|\n|t:|1733850919\n|switch|p1a: Typhlosion|Typhlosion, L84, M|168/267\n|turn|15\n|\n|t:|1733850924\n|move|p1a: Typhlosion|Scorching Sands|p2a: Miraidon\n|-supereffective|p2a: Miraidon\n|-end|p2a: Miraidon|Substitute\n|move|p2a: Miraidon|Electro Drift|p1a: Typhlosion\n|-damage|p1a: Typhlosion|6/267\n|\n|-weather|RainDance|[upkeep]\n|-heal|p2a: Miraidon|200/238|[from] item: Leftovers\n|upkeep\n|turn|16\n|\n|t:|1733850933\n|switch|p2a: Weezing|Weezing-Galar, L86, M|218/252\n|move|p1a: Typhlosion|Scorching Sands|p2a: Weezing\n|-immune|p2a: Weezing|[from] ability: Levitate\n|\n|-weather|RainDance|[upkeep]\n|-heal|p2a: Weezing|233/252|[from] item: Leftovers\n|-fieldend|move: Electric Terrain\n|upkeep\n|turn|17\n|inactive|tyson4400 has 120 seconds left.\n|inactive|tyson4400 has 90 seconds left.\n|l|\u2606tyson4400\n|inactive|tyson4400 disconnected and has a minute to reconnect!\n|player|p1|\n|j|\u2606tyson4400\n|inactive|tyson4400 reconnected and has 55 seconds left.\n|player|p1|tyson4400|266|\n|\n|t:|1733851031\n|move|p1a: Typhlosion|Scorching Sands|p2a: Weezing\n|-immune|p2a: Weezing|[from] ability: Levitate\n|move|p2a: Weezing|Gunk Shot|p1a: Typhlosion\n|-damage|p1a: Typhlosion|0 fnt\n|faint|p1a: Typhlosion\n|\n|-weather|none\n|-heal|p2a: Weezing|248/252|[from] item: Leftovers\n|upkeep\n|\n|t:|1733851036\n|switch|p1a: Seviper|Seviper, L93, M|287/287\n|turn|18\n|\n|t:|1733851040\n|move|p1a: Seviper|Swords Dance|p1a: Seviper\n|-boost|p1a: Seviper|atk|2\n|move|p2a: Weezing|Will-O-Wisp|p1a: Seviper|[miss]\n|-miss|p2a: Weezing|p1a: Seviper\n|\n|-heal|p2a: Weezing|252/252|[from] item: Leftovers\n|upkeep\n|turn|19\n|\n|t:|1733851050\n|move|p1a: Seviper|Gunk Shot|p2a: Weezing\n|-damage|p2a: Weezing|21/252\n|move|p2a: Weezing|Will-O-Wisp|p1a: Seviper\n|-status|p1a: Seviper|brn\n|\n|-heal|p2a: Weezing|36/252|[from] item: Leftovers\n|-damage|p1a: Seviper|270/287 brn|[from] brn\n|upkeep\n|turn|20\n|\n|t:|1733851062\n|move|p1a: Seviper|Swords Dance|p1a: Seviper\n|-boost|p1a: Seviper|atk|2\n|move|p2a: Weezing|Gunk Shot|p1a: Seviper\n|-resisted|p1a: Seviper\n|-damage|p1a: Seviper|194/287 brn\n|\n|-heal|p1a: Seviper|211/287 brn|[from] item: Leftovers\n|-heal|p2a: Weezing|51/252|[from] item: Leftovers\n|-damage|p1a: Seviper|194/287 brn|[from] brn\n|upkeep\n|turn|21\n|\n|t:|1733851069\n|move|p1a: Seviper|Gunk Shot|p2a: Weezing\n|-damage|p2a: Weezing|0 fnt\n|faint|p2a: Weezing\n|\n|-heal|p1a: Seviper|211/287 brn|[from] item: Leftovers\n|-damage|p1a: Seviper|194/287 brn|[from] brn\n|upkeep\n|\n|t:|1733851072\n|switch|p2a: Regieleki|Regieleki, L79|256/256\n|turn|22\n|\n|t:|1733851078\n|move|p2a: Regieleki|Explosion|p1a: Seviper\n|-damage|p1a: Seviper|14/287 brn\n|faint|p2a: Regieleki\n|move|p1a: Seviper|Earthquake|p2: Regieleki|[notarget]\n|-fail|p1a: Seviper\n|\n|-heal|p1a: Seviper|31/287 brn|[from] item: Leftovers\n|-damage|p1a: Seviper|14/287 brn|[from] brn\n|upkeep\n|\n|t:|1733851084\n|switch|p2a: Miraidon|Miraidon, L65|200/238\n|-fieldstart|move: Electric Terrain|[from] ability: Hadron Engine|[of] p2a: Miraidon\n|turn|23\n|\n|t:|1733851090\n|move|p2a: Miraidon|Electro Drift|p1a: Seviper\n|-damage|p1a: Seviper|0 fnt\n|faint|p1a: Seviper\n|\n|-heal|p2a: Miraidon|214/238|[from] item: Leftovers\n|upkeep\n|\n|t:|1733851093\n|switch|p1a: Spectrier|Spectrier, L75|274/274\n|turn|24\n|inactive|tyson4400 has 120 seconds left.\n|\n|t:|1733851108\n|move|p1a: Spectrier|Shadow Ball|p2a: Miraidon\n|-damage|p2a: Miraidon|72/238\n|-damage|p1a: Spectrier|247/274|[from] item: Life Orb\n|move|p2a: Miraidon|Calm Mind|p2a: Miraidon\n|-boost|p2a: Miraidon|spa|1\n|-boost|p2a: Miraidon|spd|1\n|\n|-heal|p2a: Miraidon|86/238|[from] item: Leftovers\n|upkeep\n|turn|25\n|\n|t:|1733851122\n|move|p1a: Spectrier|Shadow Ball|p2a: Miraidon\n|-damage|p2a: Miraidon|3/238\n|-unboost|p2a: Miraidon|spd|1\n|-damage|p1a: Spectrier|220/274|[from] item: Life Orb\n|move|p2a: Miraidon|Draco Meteor|p1a: Spectrier\n|-damage|p1a: Spectrier|0 fnt\n|-unboost|p2a: Miraidon|spa|2\n|faint|p1a: Spectrier\n|\n|-heal|p2a: Miraidon|17/238|[from] item: Leftovers\n|upkeep\n|\n|t:|1733851129\n|switch|p1a: Kingdra|Kingdra, L84, M|30/263 brn\n|turn|26\n|\n|t:|1733851133\n|-terastallize|p1a: Kingdra|Water\n|move|p2a: Miraidon|Electro Drift|p1a: Kingdra\n|-supereffective|p1a: Kingdra\n|-damage|p1a: Kingdra|0 fnt\n|faint|p1a: Kingdra\n|\n|win|Lellett\n|raw|tyson4400's rating: 1415 &rarr; <strong>1399</strong><br />(-16 for losing)\n|raw|Lellett's rating: 1492 &rarr; <strong>1508</strong><br />(+16 for winning)\n|l|\u2606tyson4400\n|player|p1|\n", "inputlog": ">version bfd83cad13791eb5a5a409923076391caf6fb4d4\n>start {\"formatid\":\"gen9randombattle\",\"seed\":[23073,2384,19722,54218],\"rated\":\"Rated battle\"}\n>player p1 {\"name\":\"tyson4400\",\"avatar\":\"266\",\"rating\":1450,\"seed\":[33278,50617,13300,31911]}\n>player p2 {\"name\":\"Lellett\",\"avatar\":\"2\",\"rating\":1492,\"seed\":[62798,61410,41822,62620]}\n>p1 switch 6\n>p2 move swordsdance\n>p1 move sludgebomb\n>p2 move triplearrows\n>p1 move sludgebomb\n>p2 move triplearrows terastallize\n>p1 switch 5\n>p1 move eruption\n>p2 move triplearrows\n>p2 switch 4\n>p1 move eruption\n>p2 move voltswitch\n>p2 switch 3\n>p1 switch 3\n>p2 move gigadrain\n>p1 move dragondance\n>p2 switch 5\n>p1 move outrage\n>p2 move dragondance\n>p1 move outrage\n>p2 move iciclespear\n>p2 switch 6\n>p1 move outrage\n>p2 move willowisp\n>p1 move waterfall\n>p2 move gunkshot\n>p1 move waterfall\n>p2 switch 2\n>p1 switch 6\n>p2 move substitute\n>p1 move icebeam\n>p2 move electrodrift\n>p1 switch 3\n>p1 move scorchingsands\n>p2 move electrodrift\n>p1 move scorchingsands\n>p2 switch 2\n>p1 move scorchingsands\n>p2 move gunkshot\n>p1 switch 2\n>p1 move swordsdance\n>p2 move willowisp\n>p1 move gunkshot\n>p2 move willowisp\n>p1 move swordsdance\n>p2 move gunkshot\n>p1 move gunkshot\n>p2 move fireblast\n>p2 switch 3\n>p1 move earthquake\n>p2 move explosion\n>p2 switch 2\n>p1 move earthquake\n>p2 move electrodrift\n>p1 switch 4\n>p1 move shadowball\n>p2 move calmmind\n>p1 move shadowball\n>p2 move dracometeor\n>p1 switch 6\n>p1 move outrage terastallize\n>p2 move electrodrift", "uploadtime": 1733851138, "views": 27, "formatid": "gen9randombattle", "rating": 1399, "private": 0, "password": null}