{"id": "gen9randombattle-2249149712", "format": "[Gen 9] Random Battle", "players": ["vegemite360", "YveltalNL"], "log": "|badge|p2|bronze|gen9randombattle|100-3\n|uhtml|medal-msg|<div class=\"broadcast-blue\">Curious what those medals under the avatar are? PS now has Ladder Seasons! For more information, check out the <a href=\"https://www.smogon.com/forums/threads/3740067/\">thread on Smogon.</a></div>\n|j|\u2606vegemite360\n|j|\u2606YveltalNL\n|t:|1732304727\n|gametype|singles\n|player|p1|vegemite360|lance|2261\n|player|p2|YveltalNL|#yveltalnl|2304\n|teamsize|p1|6\n|teamsize|p2|6\n|gen|9\n|tier|[Gen 9] Random Battle\n|rated|\n|rule|Species Clause: Limit one of each Pok\u00e9mon\n|rule|HP Percentage Mod: HP is shown in percentages\n|rule|Sleep Clause Mod: Limit one foe put to sleep\n|rule|Illusion Level Mod: Illusion disguises the Pok\u00e9mon's true level\n|\n|t:|1732304728\n|start\n|switch|p1a: Scyther|Scyther, L82, F|249/249\n|switch|p2a: Entei|Entei, L78|307/307\n|turn|1\n|inactive|Battle timer is ON: inactive players will automatically lose when time's up. (requested by vegemite360)\n|\n|t:|1732304736\n|move|p1a: Scyther|U-turn|p2a: Entei\n|-resisted|p2a: Entei\n|-damage|p2a: Entei|262/307\n|\n|t:|1732304752\n|switch|p1a: Armarouge|Armarouge, L80, M|267/267|[from] U-turn\n|move|p2a: Entei|Sacred Fire|p1a: Armarouge\n|-resisted|p1a: Armarouge\n|-damage|p1a: Armarouge|196/267\n|-ability|p1a: Armarouge|Weak Armor|boost\n|-unboost|p1a: Armarouge|def|1\n|-boost|p1a: Armarouge|spe|2\n|\n|upkeep\n|turn|2\n|\n|t:|1732304765\n|switch|p2a: Greedent|Greedent, L86, M|347/347\n|move|p1a: Armarouge|Psyshock|p2a: Greedent\n|-damage|p2a: Greedent|221/347\n|\n|upkeep\n|turn|3\n|\n|t:|1732304772\n|switch|p1a: Hitmontop|Hitmontop, L88, M|231/231\n|-ability|p1a: Hitmontop|Intimidate|boost\n|-unboost|p2a: Greedent|atk|1\n|move|p2a: Greedent|Knock Off|p1a: Hitmontop\n|-resisted|p1a: Hitmontop\n|-damage|p1a: Hitmontop|208/231\n|-enditem|p1a: Hitmontop|Choice Band|[from] move: Knock Off|[of] p2a: Greedent\n|\n|upkeep\n|turn|4\n|\n|t:|1732304783\n|switch|p2a: Medicham|Medicham, L86, F|243/243\n|move|p1a: Hitmontop|Close Combat|p2a: Medicham\n|-resisted|p2a: Medicham\n|-damage|p2a: Medicham|171/243\n|-unboost|p1a: Hitmontop|def|1\n|-unboost|p1a: Hitmontop|spd|1\n|\n|upkeep\n|turn|5\n|\n|t:|1732304799\n|switch|p1a: Scream Tail|Scream Tail, L84|330/330\n|move|p2a: Medicham|Close Combat|p1a: Scream Tail\n|-resisted|p1a: Scream Tail\n|-crit|p1a: Scream Tail\n|-damage|p1a: Scream Tail|241/330\n|-unboost|p2a: Medicham|def|1\n|-unboost|p2a: Medicham|spd|1\n|\n|-heal|p1a: Scream Tail|261/330|[from] item: Leftovers\n|upkeep\n|turn|6\n|\n|t:|1732304809\n|switch|p2a: Greedent|Greedent, L86, M|221/347\n|move|p1a: Scream Tail|Wish|p1a: Scream Tail\n|\n|-heal|p1a: Scream Tail|281/330|[from] item: Leftovers\n|upkeep\n|turn|7\n|\n|t:|1732304816\n|move|p1a: Scream Tail|Dazzling Gleam|p2a: Greedent\n|-damage|p2a: Greedent|151/347\n|-enditem|p2a: Greedent|Sitrus Berry|[eat]\n|-heal|p2a: Greedent|237/347|[from] item: Sitrus Berry\n|-heal|p2a: Greedent|347/347|[from] ability: Cheek Pouch\n|move|p2a: Greedent|Body Slam|p1a: Scream Tail\n|-damage|p1a: Scream Tail|191/330\n|\n|-heal|p1a: Scream Tail|330/330|[from] move: Wish|[wisher] Scream Tail\n|upkeep\n|turn|8\n|\n|t:|1732304827\n|move|p1a: Scream Tail|Dazzling Gleam|p2a: Greedent\n|-damage|p2a: Greedent|280/347\n|move|p2a: Greedent|Body Slam|p1a: Scream Tail\n|-damage|p1a: Scream Tail|246/330\n|\n|-heal|p1a: Scream Tail|266/330|[from] item: Leftovers\n|upkeep\n|turn|9\n|\n|t:|1732304830\n|-end|p1a: Scream Tail|Protosynthesis|[silent]\n|switch|p1a: Hitmontop|Hitmontop, L88, M|208/231\n|-ability|p1a: Hitmontop|Intimidate|boost\n|-unboost|p2a: Greedent|atk|1\n|move|p2a: Greedent|Body Slam|p1a: Hitmontop\n|-damage|p1a: Hitmontop|154/231\n|\n|upkeep\n|turn|10\n|\n|t:|1732304834\n|switch|p1a: Scream Tail|Scream Tail, L84|266/330\n|move|p2a: Greedent|Body Slam|p1a: Scream Tail\n|-damage|p1a: Scream Tail|208/330\n|\n|-heal|p1a: Scream Tail|228/330|[from] item: Leftovers\n|upkeep\n|turn|11\n|\n|t:|1732304838\n|move|p1a: Scream Tail|Dazzling Gleam|p2a: Greedent\n|-damage|p2a: Greedent|204/347\n|move|p2a: Greedent|Body Slam|p1a: Scream Tail\n|-damage|p1a: Scream Tail|170/330\n|\n|-heal|p1a: Scream Tail|190/330|[from] item: Leftovers\n|upkeep\n|turn|12\n|c|\u2606YveltalNL|wheres my fucking para\n|\n|t:|1732304842\n|move|p1a: Scream Tail|Wish|p1a: Scream Tail\n|move|p2a: Greedent|Body Slam|p1a: Scream Tail\n|-crit|p1a: Scream Tail\n|-damage|p1a: Scream Tail|55/330\n|\n|-heal|p1a: Scream Tail|75/330|[from] item: Leftovers\n|upkeep\n|turn|13\n|\n|t:|1732304854\n|move|p1a: Scream Tail|Dazzling Gleam|p2a: Greedent\n|-damage|p2a: Greedent|138/347\n|move|p2a: Greedent|Body Slam|p1a: Scream Tail\n|-damage|p1a: Scream Tail|14/330\n|-status|p1a: Scream Tail|par\n|\n|-heal|p1a: Scream Tail|179/330 par|[from] move: Wish|[wisher] Scream Tail\n|-heal|p1a: Scream Tail|199/330 par|[from] item: Leftovers\n|upkeep\n|turn|14\n|\n|t:|1732304859\n|move|p1a: Scream Tail|Wish|p1a: Scream Tail\n|move|p2a: Greedent|Swords Dance|p2a: Greedent\n|-boost|p2a: Greedent|atk|2\n|\n|-heal|p1a: Scream Tail|219/330 par|[from] item: Leftovers\n|upkeep\n|turn|15\n|\n|t:|1732304865\n|-end|p1a: Scream Tail|Protosynthesis|[silent]\n|switch|p1a: Hitmontop|Hitmontop, L88, M|154/231\n|-ability|p1a: Hitmontop|Intimidate|boost\n|-unboost|p2a: Greedent|atk|1\n|move|p2a: Greedent|Body Slam|p1a: Hitmontop\n|-damage|p1a: Hitmontop|70/231\n|\n|-heal|p1a: Hitmontop|231/231|[from] move: Wish|[wisher] Scream Tail\n|upkeep\n|turn|16\n|\n|t:|1732304871\n|switch|p2a: Decidueye|Decidueye, L88, M|281/281\n|move|p1a: Hitmontop|Earthquake|p2a: Decidueye\n|-resisted|p2a: Decidueye\n|-damage|p2a: Decidueye|239/281\n|\n|upkeep\n|turn|17\n|\n|t:|1732304878\n|switch|p1a: Scyther|Scyther, L82, F|249/249\n|move|p2a: Decidueye|Spirit Shackle|p1a: Scyther\n|-damage|p1a: Scyther|141/249\n|-activate|p1a: Scyther|trapped\n|\n|upkeep\n|turn|18\n|\n|t:|1732304884\n|switch|p2a: Glimmora|Glimmora, L75, F|248/248\n|move|p1a: Scyther|Dual Wingbeat|p2a: Glimmora\n|-resisted|p2a: Glimmora\n|-damage|p2a: Glimmora|210/248\n|-activate|p2a: Glimmora|ability: Toxic Debris\n|-sidestart|p1: vegemite360|move: Toxic Spikes\n|-resisted|p2a: Glimmora\n|-damage|p2a: Glimmora|177/248\n|-activate|p2a: Glimmora|ability: Toxic Debris\n|-sidestart|p1: vegemite360|move: Toxic Spikes\n|-hitcount|p2a: Glimmora|2\n|\n|upkeep\n|turn|19\n|\n|t:|1732304889\n|move|p1a: Scyther|Defog|p2a: Glimmora\n|-unboost|p2a: Glimmora|evasion|1\n|-sideend|p1: vegemite360|Toxic Spikes|[from] move: Defog|[of] p1a: Scyther\n|move|p2a: Glimmora|Meteor Beam||[still]\n|-prepare|p2a: Glimmora|Meteor Beam\n|-boost|p2a: Glimmora|spa|1\n|-enditem|p2a: Glimmora|Power Herb\n|-anim|p2a: Glimmora|Meteor Beam|p1a: Scyther\n|-supereffective|p1a: Scyther\n|-damage|p1a: Scyther|0 fnt\n|faint|p1a: Scyther\n|\n|upkeep\n|\n|t:|1732304898\n|switch|p1a: Zacian|Zacian-Crowned, L64|225/225\n|-ability|p1a: Zacian|Intrepid Sword|boost\n|-boost|p1a: Zacian|atk|1\n|turn|20\n|\n|t:|1732304908\n|move|p1a: Zacian|Behemoth Blade|p2a: Glimmora\n|-supereffective|p2a: Glimmora\n|-damage|p2a: Glimmora|0 fnt\n|-activate|p2a: Glimmora|ability: Toxic Debris\n|-sidestart|p1: vegemite360|move: Toxic Spikes\n|faint|p2a: Glimmora\n|\n|upkeep\n|\n|t:|1732304924\n|switch|p2a: Entei|Entei, L78|262/307\n|turn|21\n|\n|t:|1732304945\n|switch|p1a: Armarouge|Armarouge, L80, M|196/267\n|-status|p1a: Armarouge|psn\n|move|p2a: Entei|Sacred Fire|p1a: Armarouge\n|-resisted|p1a: Armarouge\n|-damage|p1a: Armarouge|127/267 psn\n|-ability|p1a: Armarouge|Weak Armor|boost\n|-unboost|p1a: Armarouge|def|1\n|-boost|p1a: Armarouge|spe|2\n|\n|-damage|p1a: Armarouge|94/267 psn|[from] psn\n|upkeep\n|turn|22\n|\n|t:|1732304951\n|switch|p2a: Greedent|Greedent, L86, M|138/347\n|move|p1a: Armarouge|Psyshock|p2a: Greedent\n|-damage|p2a: Greedent|0 fnt\n|faint|p2a: Greedent\n|\n|-damage|p1a: Armarouge|61/267 psn|[from] psn\n|upkeep\n|inactive|YveltalNL has 120 seconds left.\n|\n|t:|1732304998\n|switch|p2a: Decidueye|Decidueye, L88, M|239/281\n|turn|23\n|\n|t:|1732305008\n|move|p1a: Armarouge|Psyshock|p2a: Decidueye\n|-damage|p2a: Decidueye|97/281\n|move|p2a: Decidueye|Spirit Shackle|p1a: Armarouge\n|-supereffective|p1a: Armarouge\n|-damage|p1a: Armarouge|0 fnt\n|faint|p1a: Armarouge\n|\n|upkeep\n|\n|t:|1732305022\n|switch|p1a: Salazzle|Salazzle, L83, F|249/249\n|-sideend|p1: vegemite360|move: Toxic Spikes|[of] p1a: Salazzle\n|turn|24\n|\n|t:|1732305029\n|move|p1a: Salazzle|Nasty Plot|p1a: Salazzle\n|-boost|p1a: Salazzle|spa|2\n|move|p2a: Decidueye|Spirit Shackle|p1a: Salazzle\n|-damage|p1a: Salazzle|120/249\n|-activate|p1a: Salazzle|trapped\n|\n|upkeep\n|turn|25\n|\n|t:|1732305034\n|move|p1a: Salazzle|Sludge Wave|p2a: Decidueye\n|-damage|p2a: Decidueye|0 fnt\n|faint|p2a: Decidueye\n|\n|upkeep\n|\n|t:|1732305052\n|switch|p2a: Medicham|Medicham, L86, F|171/243\n|turn|26\n|\n|t:|1732305055\n|move|p2a: Medicham|Bullet Punch|p1a: Salazzle\n|-resisted|p1a: Salazzle\n|-damage|p1a: Salazzle|80/249\n|move|p1a: Salazzle|Sludge Wave|p2a: Medicham\n|-damage|p2a: Medicham|0 fnt\n|faint|p2a: Medicham\n|\n|upkeep\n|\n|t:|1732305057\n|switch|p2a: Entei|Entei, L78|262/307\n|turn|27\n|\n|t:|1732305063\n|switch|p1a: Hitmontop|Hitmontop, L88, M|231/231\n|-ability|p1a: Hitmontop|Intimidate|boost\n|-fail|p2a: Entei|unboost|Attack|[from] ability: Inner Focus|[of] p2a: Entei\n|move|p2a: Entei|Extreme Speed|p1a: Hitmontop\n|-damage|p1a: Hitmontop|161/231\n|\n|upkeep\n|turn|28\n|\n|t:|1732305070\n|switch|p2a: Toedscruel|Toedscruel, L87, F|281/281\n|move|p1a: Hitmontop|Close Combat|p2a: Toedscruel\n|-damage|p2a: Toedscruel|107/281\n|-unboost|p1a: Hitmontop|def|1\n|-unboost|p1a: Hitmontop|spd|1\n|\n|-heal|p2a: Toedscruel|124/281|[from] item: Leftovers\n|upkeep\n|turn|29\n|\n|t:|1732305077\n|move|p2a: Toedscruel|Leaf Storm|p1a: Hitmontop\n|-damage|p1a: Hitmontop|8/231\n|-unboost|p2a: Toedscruel|spa|2\n|move|p1a: Hitmontop|Close Combat|p2a: Toedscruel\n|-damage|p2a: Toedscruel|0 fnt\n|-unboost|p1a: Hitmontop|def|1\n|-unboost|p1a: Hitmontop|spd|1\n|faint|p2a: Toedscruel\n|\n|upkeep\n|\n|t:|1732305080\n|switch|p2a: Entei|Entei, L78|262/307\n|turn|30\n|\n|t:|1732305083\n|move|p2a: Entei|Sacred Fire|p1a: Hitmontop\n|-damage|p1a: Hitmontop|0 fnt\n|faint|p1a: Hitmontop\n|\n|upkeep\n|\n|t:|1732305088\n|switch|p1a: Scream Tail|Scream Tail, L84|219/330 par\n|turn|31\n|\n|t:|1732305089\n|-terastallize|p2a: Entei|Fire\n|move|p1a: Scream Tail|Protect|p1a: Scream Tail\n|-singleturn|p1a: Scream Tail|Protect\n|move|p2a: Entei|Sacred Fire|p1a: Scream Tail\n|-activate|p1a: Scream Tail|move: Protect\n|\n|-heal|p1a: Scream Tail|239/330 par|[from] item: Leftovers\n|upkeep\n|turn|32\n|\n|t:|1732305097\n|move|p2a: Entei|Sacred Fire|p1a: Scream Tail\n|-damage|p1a: Scream Tail|37/330 par\n|move|p1a: Scream Tail|Wish|p1a: Scream Tail\n|\n|-heal|p1a: Scream Tail|57/330 par|[from] item: Leftovers\n|upkeep\n|turn|33\n|j| 9m8\n|\n|t:|1732305101\n|cant|p1a: Scream Tail|par\n|move|p2a: Entei|Sacred Fire|p1a: Scream Tail\n|-crit|p1a: Scream Tail\n|-damage|p1a: Scream Tail|0 fnt\n|faint|p1a: Scream Tail\n|-end|p1a: Scream Tail|Protosynthesis|[silent]\n|\n|upkeep\n|\n|t:|1732305108\n|switch|p1a: Salazzle|Salazzle, L83, F|80/249\n|turn|34\n|\n|t:|1732305113\n|move|p1a: Salazzle|Sludge Wave|p2a: Entei\n|-damage|p2a: Entei|120/307\n|move|p2a: Entei|Sacred Fire|p1a: Salazzle\n|-resisted|p1a: Salazzle\n|-damage|p1a: Salazzle|0 fnt\n|faint|p1a: Salazzle\n|\n|upkeep\n|\n|t:|1732305118\n|switch|p1a: Zacian|Zacian-Crowned, L64|225/225\n|turn|35\n|\n|t:|1732305131\n|-terastallize|p1a: Zacian|Fighting\n|move|p1a: Zacian|Close Combat|p2a: Entei\n|-damage|p2a: Entei|0 fnt\n|-unboost|p1a: Zacian|def|1\n|-unboost|p1a: Zacian|spd|1\n|faint|p2a: Entei\n|\n|win|vegemite360\n|raw|vegemite360's rating: 2261 &rarr; <strong>2283</strong><br />(+22 for winning)\n|raw|YveltalNL's rating: 2304 &rarr; <strong>2282</strong><br />(-22 for losing)\n|l|\u2606YveltalNL\n|player|p2|\n", "inputlog": ">version baf9aa68cbe18cf25f290680a08c9ad9c5e3e828\n>start {\"formatid\":\"gen9randombattle\",\"seed\":[51796,3403,43069,14251],\"rated\":\"Rated battle\"}\n>player p1 {\"name\":\"vegemite360\",\"avatar\":\"lance\",\"rating\":2261,\"seed\":[16739,54195,5201,48780]}\n>player p2 {\"name\":\"YveltalNL\",\"avatar\":\"#yveltalnl\",\"rating\":2304,\"seed\":[21204,50915,20238,4489]}\n>p1 move uturn\n>p2 move sacredfire\n>p1 switch 6\n>p1 move psyshock\n>p2 switch 4\n>p1 switch 2\n>p2 move knockoff\n>p1 move closecombat\n>p2 switch 2\n>p1 switch 5\n>p2 move closecombat\n>p1 move wish\n>p2 switch 2\n>p1 move dazzlinggleam\n>p2 move bodyslam\n>p1 move dazzlinggleam\n>p2 move bodyslam\n>p1 switch 5\n>p2 move bodyslam\n>p1 switch 5\n>p2 move bodyslam\n>p1 move dazzlinggleam\n>p2 move bodyslam\n>chat \u2606YveltalNL|wheres my fucking para\n>p1 move wish\n>p2 move bodyslam\n>p1 move dazzlinggleam\n>p2 move bodyslam\n>p1 move wish\n>p2 move swordsdance\n>p1 switch 5\n>p2 move bodyslam\n>p1 move earthquake\n>p2 switch 3\n>p1 switch 6\n>p2 move spiritshackle\n>p1 move dualwingbeat\n>p2 switch 6\n>p1 move defog\n>p2 move meteorbeam\n>p1 switch 4\n>p1 move behemothblade\n>p2 move earthpower\n>p2 switch 4\n>p1 switch 2\n>p2 move sacredfire\n>p1 move psyshock\n>p2 switch 3\n>p2 switch 6\n>p1 move psyshock\n>p2 move spiritshackle\n>p1 switch 3\n>p1 move nastyplot\n>p2 move spiritshackle\n>p1 move sludgewave\n>p2 move spiritshackle\n>p2 switch 2\n>p1 move sludgewave\n>p2 move bulletpunch\n>p2 switch 3\n>p1 switch 6\n>p2 move extremespeed\n>p1 move closecombat\n>p2 switch 5\n>p1 move closecombat\n>p2 move leafstorm\n>p2 switch 5\n>p1 move closecombat\n>p2 move sacredfire\n>p1 switch 5\n>p1 move protect\n>p2 move sacredfire terastallize\n>p1 move wish\n>p2 move sacredfire\n>p1 move protect\n>p2 move sacredfire\n>p1 switch 6\n>p1 move sludgewave\n>p2 move sacredfire\n>p1 switch 2\n>p1 move closecombat terastallize\n>p2 move sacredfire", "uploadtime": 1732305136, "views": 19, "formatid": "gen9randombattle", "rating": 2282, "private": 0, "password": null}