{"id": "gen9randombattle-2260851735", "format": "[Gen 9] Random Battle", "players": ["EptiK", "thediegolopez"], "log": "|j|\u203dEptiK\n|j|\u2606thediegolopez\n|t:|1733904247\n|gametype|singles\n|player|p1|EptiK|ghetsis-gen5bw|1181\n|player|p2|thediegolopez|169|1146\n|teamsize|p1|6\n|teamsize|p2|6\n|gen|9\n|tier|[Gen 9] Random Battle\n|rated|\n|rule|Species Clause: Limit one of each Pok\u00e9mon\n|rule|HP Percentage Mod: HP is shown in percentages\n|rule|Sleep Clause Mod: Limit one foe put to sleep\n|rule|Illusion Level Mod: Illusion disguises the Pok\u00e9mon's true level\n|\n|t:|1733904247\n|start\n|switch|p1a: Rabsca|Rabsca, L91, M|284/284\n|switch|p2a: Terapagos|Terapagos, L76, M|262/262\n|-activate|p2a: Terapagos|ability: Tera Shift\n|detailschange|p2a: Terapagos|Terapagos-Terastal, L76, M\n|-heal|p2a: Terapagos|269/269|[silent]\n|turn|1\n|\n|t:|1733904270\n|move|p2a: Terapagos|Calm Mind|p2a: Terapagos\n|-boost|p2a: Terapagos|spa|1\n|-boost|p2a: Terapagos|spd|1\n|move|p1a: Rabsca|Bug Buzz|p2a: Terapagos\n|-activate|p2a: Terapagos|ability: Tera Shell\n|-resisted|p2a: Terapagos\n|-damage|p2a: Terapagos|232/269\n|\n|upkeep\n|turn|2\n|\n|t:|1733904285\n|switch|p1a: Lucario|Lucario, L84, M|255/255\n|-terastallize|p2a: Terapagos|Stellar\n|detailschange|p2a: Terapagos|Terapagos-Stellar, L76, M, tera:Stellar\n|-heal|p2a: Terapagos|331/368|[silent]\n|move|p2a: Terapagos|Tera Starstorm|p1a: Lucario\n|-damage|p1a: Lucario|77/255\n|\n|upkeep\n|turn|3\n|\n|t:|1733904301\n|move|p1a: Lucario|Close Combat|p2a: Terapagos\n|-supereffective|p2a: Terapagos\n|-damage|p2a: Terapagos|0 fnt\n|-unboost|p1a: Lucario|def|1\n|-unboost|p1a: Lucario|spd|1\n|faint|p2a: Terapagos\n|\n|upkeep\n|\n|t:|1733904308\n|switch|p2a: Quagsire|Quagsire, L84, F|297/297\n|turn|4\n|\n|t:|1733904319\n|switch|p1a: Seviper|Seviper, L93, F|287/287\n|move|p2a: Quagsire|Earthquake|p1a: Seviper\n|-supereffective|p1a: Seviper\n|-damage|p1a: Seviper|63/287\n|\n|upkeep\n|turn|5\n|\n|t:|1733904327\n|move|p1a: Seviper|Giga Drain|p2a: Quagsire\n|-supereffective|p2a: Quagsire\n|-damage|p2a: Quagsire|0 fnt\n|-heal|p1a: Seviper|212/287|[from] drain|[of] p2a: Quagsire\n|faint|p2a: Quagsire\n|\n|upkeep\n|\n|t:|1733904344\n|switch|p2a: Diancie|Diancie, L82|216/216\n|turn|6\n|\n|t:|1733904352\n|move|p1a: Seviper|Giga Drain|p2a: Diancie\n|-supereffective|p2a: Diancie\n|-damage|p2a: Diancie|122/216\n|-heal|p1a: Seviper|259/287|[from] drain|[of] p2a: Diancie\n|move|p2a: Diancie|Calm Mind|p2a: Diancie\n|-boost|p2a: Diancie|spa|1\n|-boost|p2a: Diancie|spd|1\n|\n|-heal|p2a: Diancie|135/216|[from] item: Leftovers\n|upkeep\n|turn|7\n|\n|t:|1733904363\n|move|p1a: Seviper|Giga Drain|p2a: Diancie\n|-supereffective|p2a: Diancie\n|-damage|p2a: Diancie|73/216\n|-heal|p1a: Seviper|287/287|[from] drain|[of] p2a: Diancie\n|move|p2a: Diancie|Earth Power|p1a: Seviper\n|-supereffective|p1a: Seviper\n|-damage|p1a: Seviper|77/287\n|\n|-heal|p2a: Diancie|86/216|[from] item: Leftovers\n|upkeep\n|turn|8\n|\n|t:|1733904372\n|move|p1a: Seviper|Giga Drain|p2a: Diancie\n|-supereffective|p2a: Diancie\n|-damage|p2a: Diancie|22/216\n|-heal|p1a: Seviper|109/287|[from] drain|[of] p2a: Diancie\n|move|p2a: Diancie|Earth Power|p1a: Seviper\n|-supereffective|p1a: Seviper\n|-damage|p1a: Seviper|0 fnt\n|faint|p1a: Seviper\n|\n|-heal|p2a: Diancie|35/216|[from] item: Leftovers\n|upkeep\n|\n|t:|1733904382\n|switch|p1a: Lucario|Lucario, L84, M|77/255\n|turn|9\n|\n|t:|1733904391\n|move|p1a: Lucario|Extreme Speed|p2a: Diancie\n|-resisted|p2a: Diancie\n|-crit|p2a: Diancie\n|-damage|p2a: Diancie|0 fnt\n|faint|p2a: Diancie\n|\n|upkeep\n|\n|t:|1733904403\n|switch|p2a: Dedenne|Dedenne, L88, M|261/261\n|turn|10\n|\n|t:|1733904411\n|switch|p1a: Rabsca|Rabsca, L91, M|284/284\n|move|p2a: Dedenne|Thunderbolt|p1a: Rabsca\n|-damage|p1a: Rabsca|200/284\n|\n|upkeep\n|turn|11\n|\n|t:|1733904422\n|move|p2a: Dedenne|Super Fang|p1a: Rabsca\n|-damage|p1a: Rabsca|100/284\n|move|p1a: Rabsca|Earth Power|p2a: Dedenne\n|-supereffective|p2a: Dedenne\n|-damage|p2a: Dedenne|77/261\n|-enditem|p2a: Dedenne|Sitrus Berry|[eat]\n|-heal|p2a: Dedenne|142/261|[from] item: Sitrus Berry\n|-heal|p2a: Dedenne|229/261|[from] ability: Cheek Pouch\n|\n|upkeep\n|turn|12\n|\n|t:|1733904438\n|move|p2a: Dedenne|Nuzzle|p1a: Rabsca\n|-damage|p1a: Rabsca|84/284\n|-status|p1a: Rabsca|par\n|-activate|p1a: Rabsca|ability: Synchronize\n|-immune|p2a: Dedenne\n|move|p1a: Rabsca|Revival Blessing|p1a: Rabsca\n|\n|t:|1733904448\n|-heal|p1: Seviper|143/287|[from] move: Revival Blessing\n|\n|upkeep\n|turn|13\n|\n|t:|1733904469\n|move|p2a: Dedenne|Dazzling Gleam|p1a: Rabsca\n|-damage|p1a: Rabsca|14/284 par\n|cant|p1a: Rabsca|par\n|\n|upkeep\n|turn|14\n|\n|t:|1733904476\n|move|p2a: Dedenne|Dazzling Gleam|p1a: Rabsca\n|-damage|p1a: Rabsca|0 fnt\n|faint|p1a: Rabsca\n|\n|upkeep\n|\n|t:|1733904485\n|switch|p1a: Seviper|Seviper, L93, F|143/287\n|turn|15\n|\n|t:|1733904503\n|move|p1a: Seviper|Gunk Shot|p2a: Dedenne\n|-supereffective|p2a: Dedenne\n|-damage|p2a: Dedenne|0 fnt\n|faint|p2a: Dedenne\n|\n|upkeep\n|\n|t:|1733904508\n|switch|p2a: Dragapult|Dragapult, L77, F|262/262\n|turn|16\n|\n|t:|1733904520\n|move|p2a: Dragapult|Draco Meteor|p1a: Seviper\n|-damage|p1a: Seviper|0 fnt\n|-unboost|p2a: Dragapult|spa|2\n|faint|p1a: Seviper\n|\n|upkeep\n|\n|t:|1733904544\n|switch|p1a: Gholdengo|Gholdengo, L77|261/261\n|turn|17\n|\n|t:|1733904564\n|switch|p2a: Dondozo|Dondozo, L78, M|362/362\n|move|p1a: Gholdengo|Shadow Ball|p2a: Dondozo\n|-damage|p2a: Dondozo|248/362\n|\n|-heal|p2a: Dondozo|270/362|[from] item: Leftovers\n|upkeep\n|turn|18\n|\n|t:|1733904582\n|switch|p1a: Gallade|Gallade, L81, M|243/243\n|move|p2a: Dondozo|Curse|p2a: Dondozo\n|-unboost|p2a: Dondozo|spe|1\n|-boost|p2a: Dondozo|atk|1\n|-boost|p2a: Dondozo|def|1\n|\n|-heal|p2a: Dondozo|292/362|[from] item: Leftovers\n|upkeep\n|turn|19\n|\n|t:|1733904604\n|move|p1a: Gallade|Psycho Cut|p2a: Dondozo\n|-damage|p2a: Dondozo|205/362\n|-damage|p1a: Gallade|219/243|[from] item: Life Orb\n|move|p2a: Dondozo|Wave Crash|p1a: Gallade\n|-damage|p1a: Gallade|18/243\n|-damage|p2a: Dondozo|139/362|[from] Recoil\n|\n|-heal|p2a: Dondozo|161/362|[from] item: Leftovers\n|upkeep\n|turn|20\n|\n|t:|1733904613\n|move|p1a: Gallade|Psycho Cut|p2a: Dondozo\n|-damage|p2a: Dondozo|67/362\n|-damage|p1a: Gallade|0 fnt|[from] item: Life Orb\n|faint|p1a: Gallade\n|move|p2a: Dondozo|Rest|p2a: Dondozo\n|-status|p2a: Dondozo|slp|[from] move: Rest\n|-heal|p2a: Dondozo|362/362 slp|[silent]\n|\n|upkeep\n|\n|t:|1733904623\n|switch|p1a: Floatzel|Floatzel, L85, M|283/283\n|turn|21\n|\n|t:|1733904633\n|move|p1a: Floatzel|Crunch|p2a: Dondozo\n|-damage|p2a: Dondozo|311/362 slp\n|cant|p2a: Dondozo|slp\n|move|p2a: Dondozo|Sleep Talk|p2a: Dondozo\n|move|p2a: Dondozo|Rest||[from]move: Sleep Talk|[still]\n|-fail|p2a: Dondozo\n|\n|-heal|p2a: Dondozo|333/362 slp|[from] item: Leftovers\n|upkeep\n|turn|22\n|\n|t:|1733904643\n|move|p1a: Floatzel|Crunch|p2a: Dondozo\n|-damage|p2a: Dondozo|273/362 slp\n|cant|p2a: Dondozo|slp\n|move|p2a: Dondozo|Sleep Talk|p2a: Dondozo\n|move|p2a: Dondozo|Rest||[from]move: Sleep Talk|[still]\n|-fail|p2a: Dondozo\n|\n|-heal|p2a: Dondozo|295/362 slp|[from] item: Leftovers\n|upkeep\n|turn|23\n|\n|t:|1733904655\n|move|p1a: Floatzel|Crunch|p2a: Dondozo\n|-damage|p2a: Dondozo|240/362 slp\n|-curestatus|p2a: Dondozo|slp|[msg]\n|move|p2a: Dondozo|Wave Crash|p1a: Floatzel\n|-resisted|p1a: Floatzel\n|-damage|p1a: Floatzel|173/283\n|-damage|p2a: Dondozo|204/362|[from] Recoil\n|\n|-heal|p2a: Dondozo|226/362|[from] item: Leftovers\n|upkeep\n|turn|24\n|\n|t:|1733904665\n|move|p1a: Floatzel|Crunch|p2a: Dondozo\n|-damage|p2a: Dondozo|168/362\n|move|p2a: Dondozo|Rest|p2a: Dondozo\n|-status|p2a: Dondozo|slp|[from] move: Rest\n|-heal|p2a: Dondozo|362/362 slp|[silent]\n|\n|upkeep\n|turn|25\n|\n|t:|1733904674\n|switch|p1a: Gholdengo|Gholdengo, L77|261/261\n|cant|p2a: Dondozo|slp\n|move|p2a: Dondozo|Sleep Talk|p2a: Dondozo\n|move|p2a: Dondozo|Rest||[from]move: Sleep Talk|[still]\n|-fail|p2a: Dondozo\n|\n|upkeep\n|turn|26\n|\n|t:|1733904691\n|move|p1a: Gholdengo|Make It Rain|p2a: Dondozo\n|-resisted|p2a: Dondozo\n|-crit|p2a: Dondozo\n|-damage|p2a: Dondozo|217/362 slp\n|-unboost|p1a: Gholdengo|spa|1\n|cant|p2a: Dondozo|slp\n|move|p2a: Dondozo|Sleep Talk|p2a: Dondozo\n|move|p2a: Dondozo|Rest||[from]move: Sleep Talk|[still]\n|-fail|p2a: Dondozo\n|\n|-heal|p2a: Dondozo|239/362 slp|[from] item: Leftovers\n|upkeep\n|turn|27\n|\n|t:|1733904709\n|move|p1a: Gholdengo|Make It Rain|p2a: Dondozo\n|-resisted|p2a: Dondozo\n|-damage|p2a: Dondozo|152/362 slp\n|-unboost|p1a: Gholdengo|spa|1\n|-curestatus|p2a: Dondozo|slp|[msg]\n|move|p2a: Dondozo|Wave Crash|p1a: Gholdengo\n|-damage|p1a: Gholdengo|72/261\n|-damage|p2a: Dondozo|90/362|[from] Recoil\n|\n|-heal|p2a: Dondozo|112/362|[from] item: Leftovers\n|upkeep\n|turn|28\n|\n|t:|1733904721\n|move|p1a: Gholdengo|Make It Rain|p2a: Dondozo\n|-resisted|p2a: Dondozo\n|-damage|p2a: Dondozo|18/362\n|-unboost|p1a: Gholdengo|spa|1\n|move|p2a: Dondozo|Rest|p2a: Dondozo\n|-status|p2a: Dondozo|slp|[from] move: Rest\n|-heal|p2a: Dondozo|362/362 slp|[silent]\n|\n|upkeep\n|turn|29\n|\n|t:|1733904733\n|switch|p1a: Lucario|Lucario, L84, M|77/255\n|cant|p2a: Dondozo|slp\n|move|p2a: Dondozo|Sleep Talk|p2a: Dondozo\n|move|p2a: Dondozo|Wave Crash|p1a: Lucario|[from]move: Sleep Talk\n|-damage|p1a: Lucario|0 fnt\n|faint|p1a: Lucario\n|-damage|p2a: Dondozo|337/362 slp|[from] Recoil\n|\n|-heal|p2a: Dondozo|359/362 slp|[from] item: Leftovers\n|upkeep\n|\n|t:|1733904739\n|switch|p1a: Floatzel|Floatzel, L85, M|173/283\n|turn|30\n|c|\u2606thediegolopez|ez\n|\n|t:|1733904752\n|move|p1a: Floatzel|Ice Spinner|p2a: Dondozo\n|-resisted|p2a: Dondozo\n|-damage|p2a: Dondozo|331/362 slp\n|cant|p2a: Dondozo|slp\n|move|p2a: Dondozo|Sleep Talk|p2a: Dondozo\n|move|p2a: Dondozo|Rest||[from]move: Sleep Talk|[still]\n|-fail|p2a: Dondozo\n|\n|-heal|p2a: Dondozo|353/362 slp|[from] item: Leftovers\n|upkeep\n|turn|31\n|\n|t:|1733904761\n|move|p1a: Floatzel|Ice Spinner|p2a: Dondozo\n|-resisted|p2a: Dondozo\n|-damage|p2a: Dondozo|326/362 slp\n|-curestatus|p2a: Dondozo|slp|[msg]\n|move|p2a: Dondozo|Wave Crash|p1a: Floatzel\n|-resisted|p1a: Floatzel\n|-damage|p1a: Floatzel|50/283\n|-damage|p2a: Dondozo|285/362|[from] Recoil\n|\n|-heal|p2a: Dondozo|307/362|[from] item: Leftovers\n|upkeep\n|turn|32\n|\n|t:|1733904772\n|switch|p1a: Gholdengo|Gholdengo, L77|72/261\n|move|p2a: Dondozo|Wave Crash|p1a: Gholdengo\n|-damage|p1a: Gholdengo|0 fnt\n|faint|p1a: Gholdengo\n|-damage|p2a: Dondozo|283/362|[from] Recoil\n|\n|-heal|p2a: Dondozo|305/362|[from] item: Leftovers\n|upkeep\n|\n|t:|1733904774\n|switch|p1a: Floatzel|Floatzel, L85, M|50/283\n|turn|33\n|\n|t:|1733904782\n|move|p1a: Floatzel|Wave Crash|p2a: Dondozo\n|-resisted|p2a: Dondozo\n|-damage|p2a: Dondozo|243/362\n|-damage|p1a: Floatzel|30/283|[from] Recoil\n|move|p2a: Dondozo|Wave Crash|p1a: Floatzel\n|-resisted|p1a: Floatzel\n|-damage|p1a: Floatzel|0 fnt\n|faint|p1a: Floatzel\n|-damage|p2a: Dondozo|233/362|[from] Recoil\n|\n|win|thediegolopez\n|raw|EptiK's rating: 1181 &rarr; <strong>1153</strong><br />(-28 for losing)\n|raw|thediegolopez's rating: 1146 &rarr; <strong>1174</strong><br />(+28 for winning)\n|l|\u203dEptiK\n|player|p1|\n", "inputlog": ">version bfd83cad13791eb5a5a409923076391caf6fb4d4\n>start {\"formatid\":\"gen9randombattle\",\"seed\":[15119,49939,2507,910],\"rated\":\"Rated battle\"}\n>player p1 {\"name\":\"EptiK\",\"avatar\":\"ghetsis-gen5bw\",\"rating\":1181,\"seed\":[50604,13796,1161,56829]}\n>player p2 {\"name\":\"thediegolopez\",\"avatar\":\"169\",\"rating\":1146,\"seed\":[517,40160,25863,25744]}\n>p1 move bugbuzz\n>p2 move calmmind\n>p1 switch 3\n>p2 move terastarstorm terastallize\n>p1 move closecombat\n>p2 move earthpower\n>p2 switch 6\n>p1 switch 4\n>p2 move earthquake\n>p1 move gigadrain\n>p2 move earthquake\n>p2 switch 3\n>p1 move gigadrain\n>p2 move calmmind\n>p1 move gigadrain\n>p2 move earthpower\n>p1 move gigadrain\n>p2 move earthpower\n>p1 switch 4\n>p1 move extremespeed\n>p2 move earthpower\n>p2 switch 5\n>p1 switch 3\n>p2 move thunderbolt\n>p1 move earthpower\n>p2 move superfang\n>p1 move revivalblessing\n>p2 move nuzzle\n>p1 switch 4\n>p1 move earthpower\n>p2 move dazzlinggleam\n>p1 move earthpower\n>p2 move dazzlinggleam\n>p1 switch 4\n>p1 move gunkshot\n>p2 move nuzzle\n>p2 switch 2\n>p1 move gunkshot\n>p2 move dracometeor\n>p1 switch 2\n>p1 move shadowball\n>p2 switch 4\n>p1 switch 5\n>p2 move curse\n>p1 move psychocut\n>p2 move wavecrash\n>p1 move psychocut\n>p2 move rest\n>p1 switch 6\n>p1 move crunch\n>p2 move sleeptalk\n>p1 move crunch\n>p2 move sleeptalk\n>p1 move crunch\n>p2 move wavecrash\n>p1 move crunch\n>p2 move rest\n>p1 switch 5\n>p2 move sleeptalk\n>p1 move makeitrain\n>p2 move sleeptalk\n>p1 move makeitrain\n>p2 move wavecrash\n>p1 move makeitrain\n>p2 move rest\n>p1 switch 3\n>p2 move sleeptalk\n>p1 switch 5\n>chat \u2606thediegolopez|ez\n>p1 move icespinner\n>p2 move sleeptalk\n>p1 move icespinner\n>p2 move wavecrash\n>p1 switch 3\n>p2 move wavecrash\n>p1 switch 3\n>p1 move wavecrash\n>p2 move wavecrash", "uploadtime": 1733904883, "views": 4, "formatid": "gen9randombattle", "rating": 1153, "private": 0, "password": null}