{"id": "gen9randombattle-2259956598", "format": "[Gen 9] Random Battle", "players": ["Arden0507", "Champion's Melody"], "log": "|j|\u2606Arden0507\n|j|\u2606Champion's Melody\n|t:|1733784106\n|gametype|singles\n|player|p1|Arden0507|265|1000\n|player|p2|Champion's Melody|gambler|1036\n|teamsize|p1|6\n|teamsize|p2|6\n|gen|9\n|tier|[Gen 9] Random Battle\n|rated|\n|rule|Species Clause: Limit one of each Pok\u00e9mon\n|rule|HP Percentage Mod: HP is shown in percentages\n|rule|Sleep Clause Mod: Limit one foe put to sleep\n|rule|Illusion Level Mod: Illusion disguises the Pok\u00e9mon's true level\n|\n|t:|1733784106\n|start\n|switch|p1a: Toxapex|Toxapex, L82, F|216/216\n|switch|p2a: Palossand|Palossand, L89, F|296/296\n|turn|1\n|inactive|Battle timer is ON: inactive players will automatically lose when time's up. (requested by Champion's Melody)\n|\n|t:|1733784124\n|-terastallize|p2a: Palossand|Water\n|move|p2a: Palossand|Earth Power|p1a: Toxapex\n|-supereffective|p1a: Toxapex\n|-damage|p1a: Toxapex|72/216\n|move|p1a: Toxapex|Liquidation|p2a: Palossand\n|-resisted|p2a: Palossand\n|-damage|p2a: Palossand|269/296\n|-ability|p2a: Palossand|Water Compaction|boost\n|-boost|p2a: Palossand|def|2\n|\n|-heal|p2a: Palossand|287/296|[from] item: Leftovers\n|-heal|p1a: Toxapex|85/216|[from] item: Leftovers\n|upkeep\n|turn|2\n|\n|t:|1733784148\n|switch|p1a: Salamence|Salamence, L77, M|273/273\n|-ability|p1a: Salamence|Intimidate|boost\n|-unboost|p2a: Palossand|atk|1\n|move|p2a: Palossand|Sludge Bomb|p1a: Salamence\n|-damage|p1a: Salamence|193/273\n|\n|-heal|p2a: Palossand|296/296|[from] item: Leftovers\n|upkeep\n|turn|3\n|\n|t:|1733784165\n|move|p1a: Salamence|Dual Wingbeat|p2a: Palossand\n|-damage|p2a: Palossand|277/296\n|-damage|p2a: Palossand|256/296\n|-hitcount|p2a: Palossand|2\n|move|p2a: Palossand|Shadow Ball|p1a: Salamence\n|-damage|p1a: Salamence|82/273\n|-unboost|p1a: Salamence|spd|1\n|\n|-heal|p2a: Palossand|274/296|[from] item: Leftovers\n|upkeep\n|turn|4\n|\n|t:|1733784180\n|switch|p1a: Trevenant|Trevenant, L88, M|293/293\n|move|p2a: Palossand|Earth Power|p1a: Trevenant\n|-resisted|p1a: Trevenant\n|-damage|p1a: Trevenant|236/293\n|\n|-heal|p2a: Palossand|292/296|[from] item: Leftovers\n|upkeep\n|turn|5\n|inactive|Arden0507 has 120 seconds left.\n|\n|t:|1733784218\n|move|p1a: Trevenant|Poltergeist|p2a: Palossand\n|-activate|p2a: Palossand|move: Poltergeist|Leftovers\n|-crit|p2a: Palossand\n|-damage|p2a: Palossand|108/296\n|move|p2a: Palossand|Shadow Ball|p1a: Trevenant\n|-supereffective|p1a: Trevenant\n|-damage|p1a: Trevenant|32/293\n|-enditem|p1a: Trevenant|Sitrus Berry|[eat]\n|-heal|p1a: Trevenant|105/293|[from] item: Sitrus Berry\n|\n|-heal|p2a: Palossand|126/296|[from] item: Leftovers\n|upkeep\n|turn|6\n|\n|t:|1733784240\n|move|p1a: Trevenant|Drain Punch|p2a: Palossand\n|-damage|p2a: Palossand|101/296\n|-heal|p1a: Trevenant|118/293|[from] drain|[of] p2a: Palossand\n|move|p2a: Palossand|Shore Up|p2a: Palossand\n|-heal|p2a: Palossand|249/296\n|\n|-heal|p2a: Palossand|267/296|[from] item: Leftovers\n|upkeep\n|turn|7\n|\n|t:|1733784250\n|move|p1a: Trevenant|Poltergeist|p2a: Palossand\n|-activate|p2a: Palossand|move: Poltergeist|Leftovers\n|-damage|p2a: Palossand|212/296\n|move|p2a: Palossand|Shadow Ball|p1a: Trevenant\n|-supereffective|p1a: Trevenant\n|-damage|p1a: Trevenant|0 fnt\n|faint|p1a: Trevenant\n|\n|-heal|p2a: Palossand|230/296|[from] item: Leftovers\n|upkeep\n|inactive|Arden0507 has 90 seconds left.\n|\n|t:|1733784265\n|switch|p1a: Latios|Latios, L78, M|253/253\n|turn|8\n|inactive|Arden0507 has 90 seconds left.\n|\n|t:|1733784275\n|move|p1a: Latios|Psyshock|p2a: Palossand\n|-damage|p2a: Palossand|182/296\n|move|p2a: Palossand|Shadow Ball|p1a: Latios\n|-supereffective|p1a: Latios\n|-damage|p1a: Latios|61/253\n|\n|-heal|p2a: Palossand|200/296|[from] item: Leftovers\n|upkeep\n|turn|9\n|inactive|Arden0507 has 90 seconds left.\n|\n|t:|1733784285\n|move|p1a: Latios|Calm Mind|p1a: Latios\n|-boost|p1a: Latios|spa|1\n|-boost|p1a: Latios|spd|1\n|move|p2a: Palossand|Sludge Bomb|p1a: Latios\n|-damage|p1a: Latios|13/253\n|-status|p1a: Latios|psn\n|\n|-heal|p2a: Palossand|218/296|[from] item: Leftovers\n|-damage|p1a: Latios|0 fnt|[from] psn\n|faint|p1a: Latios\n|upkeep\n|inactive|Arden0507 has 90 seconds left.\n|\n|t:|1733784295\n|switch|p1a: Metagross|Metagross, L79|256/256\n|turn|10\n|inactive|Arden0507 has 90 seconds left.\n|\n|t:|1733784311\n|move|p1a: Metagross|Earthquake|p2a: Palossand\n|-damage|p2a: Palossand|187/296\n|move|p2a: Palossand|Earth Power|p1a: Metagross\n|-supereffective|p1a: Metagross\n|-damage|p1a: Metagross|34/256\n|-enditem|p1a: Metagross|Weakness Policy\n|-boost|p1a: Metagross|atk|2|[from] item: Weakness Policy\n|-boost|p1a: Metagross|spa|2|[from] item: Weakness Policy\n|\n|-heal|p2a: Palossand|205/296|[from] item: Leftovers\n|upkeep\n|turn|11\n|inactive|Arden0507 has 90 seconds left.\n|\n|t:|1733784320\n|move|p1a: Metagross|Heavy Slam|p2a: Palossand\n|-resisted|p2a: Palossand\n|-damage|p2a: Palossand|176/296\n|move|p2a: Palossand|Shadow Ball|p1a: Metagross\n|-supereffective|p1a: Metagross\n|-damage|p1a: Metagross|0 fnt\n|faint|p1a: Metagross\n|\n|-heal|p2a: Palossand|194/296|[from] item: Leftovers\n|upkeep\n|inactive|Arden0507 has 90 seconds left.\n|\n|t:|1733784333\n|switch|p1a: Lucario|Lucario, L84, M|255/255\n|turn|12\n|inactive|Arden0507 has 90 seconds left.\n|\n|t:|1733784341\n|-terastallize|p1a: Lucario|Normal\n|move|p1a: Lucario|Close Combat|p2a: Palossand\n|-damage|p2a: Palossand|120/296\n|-unboost|p1a: Lucario|def|1\n|-unboost|p1a: Lucario|spd|1\n|-damage|p1a: Lucario|230/255|[from] item: Life Orb\n|move|p2a: Palossand|Earth Power|p1a: Lucario\n|-damage|p1a: Lucario|35/255\n|\n|-heal|p2a: Palossand|138/296|[from] item: Leftovers\n|upkeep\n|turn|13\n|inactive|Arden0507 has 90 seconds left.\n|\n|t:|1733784357\n|move|p1a: Lucario|Meteor Mash|p2a: Palossand\n|-resisted|p2a: Palossand\n|-damage|p2a: Palossand|108/296\n|-damage|p1a: Lucario|10/255|[from] item: Life Orb\n|move|p2a: Palossand|Shore Up|p2a: Palossand\n|-heal|p2a: Palossand|256/296\n|\n|-heal|p2a: Palossand|274/296|[from] item: Leftovers\n|upkeep\n|turn|14\n|inactive|Arden0507 has 90 seconds left.\n|\n|t:|1733784366\n|move|p1a: Lucario|Close Combat|p2a: Palossand\n|-damage|p2a: Palossand|199/296\n|-unboost|p1a: Lucario|def|1\n|-unboost|p1a: Lucario|spd|1\n|-damage|p1a: Lucario|0 fnt|[from] item: Life Orb\n|faint|p1a: Lucario\n|move|p2a: Palossand|Shadow Ball|p1: Lucario|[notarget]\n|-fail|p2a: Palossand\n|\n|-heal|p2a: Palossand|217/296|[from] item: Leftovers\n|upkeep\n|inactive|Arden0507 has 90 seconds left.\n|\n|t:|1733784378\n|switch|p1a: Toxapex|Toxapex, L82, F|157/216\n|turn|15\n|\n|t:|1733784382\n|move|p2a: Palossand|Earth Power|p1a: Toxapex\n|-supereffective|p1a: Toxapex\n|-damage|p1a: Toxapex|1/216\n|move|p1a: Toxapex|Toxic Spikes|p2a: Palossand\n|-sidestart|p2: Champion's Melody|move: Toxic Spikes\n|\n|-heal|p2a: Palossand|235/296|[from] item: Leftovers\n|-heal|p1a: Toxapex|14/216|[from] item: Leftovers\n|upkeep\n|turn|16\n|inactive|Arden0507 has 90 seconds left.\n|\n|t:|1733784399\n|move|p2a: Palossand|Shadow Ball|p1a: Toxapex\n|-damage|p1a: Toxapex|0 fnt\n|faint|p1a: Toxapex\n|\n|-heal|p2a: Palossand|253/296|[from] item: Leftovers\n|upkeep\n|inactive|Arden0507 has 90 seconds left.\n|\n|t:|1733784407\n|switch|p1a: Salamence|Salamence, L77, M|82/273\n|-ability|p1a: Salamence|Intimidate|boost\n|-unboost|p2a: Palossand|atk|1\n|turn|17\n|\n|t:|1733784415\n|move|p1a: Salamence|Outrage|p2a: Palossand\n|-damage|p2a: Palossand|199/296\n|move|p2a: Palossand|Shadow Ball|p1a: Salamence\n|-damage|p1a: Salamence|0 fnt\n|faint|p1a: Salamence\n|\n|win|Champion's Melody\n|raw|Arden0507's rating: 1000 &rarr; <strong>1000</strong><br />(+0 for losing)\n|raw|Champion&apos;s Melody's rating: 1036 &rarr; <strong>1067</strong><br />(+31 for winning)\n|c|\u2606Champion's Melody|gg\n", "inputlog": ">version bfd83cad13791eb5a5a409923076391caf6fb4d4\n>start {\"formatid\":\"gen9randombattle\",\"seed\":[26992,17023,50917,62029],\"rated\":\"Rated battle\"}\n>player p1 {\"name\":\"Arden0507\",\"avatar\":\"265\",\"rating\":1000,\"seed\":[36603,49482,35532,13205]}\n>player p2 {\"name\":\"Champion's Melody\",\"avatar\":\"gambler\",\"rating\":1036,\"seed\":[19476,61071,45343,45301]}\n>p1 move liquidation\n>p2 move earthpower terastallize\n>p1 switch 5\n>p2 move sludgebomb\n>p1 move dualwingbeat\n>p2 move shadowball\n>p1 switch 4\n>p2 move earthpower\n>p1 move poltergeist\n>p2 move shadowball\n>p1 move drainpunch\n>p2 move shoreup\n>p1 move poltergeist\n>p2 move shadowball\n>p1 switch 6\n>p1 move psyshock\n>p2 move shadowball\n>p1 move calmmind\n>p2 move sludgebomb\n>p1 switch 3\n>p1 move earthquake\n>p2 move earthpower\n>p1 move heavyslam\n>p2 move shadowball\n>p1 switch 2\n>p1 move closecombat terastallize\n>p2 move earthpower\n>p1 move meteormash\n>p2 move shoreup\n>p1 move closecombat\n>p2 move shadowball\n>p1 switch 5\n>p1 move toxicspikes\n>p2 move earthpower\n>p1 move haze\n>p2 move shadowball\n>p1 switch 4\n>p1 move outrage\n>p2 move shadowball", "uploadtime": 1733784425, "views": 1, "formatid": "gen9randombattle", "rating": 1000, "private": 0, "password": null}