{"id": "gen9randombattle-2260719150", "format": "[Gen 9] Random Battle", "players": ["alcohol enjoyer", "cheri05"], "log": "|j|\u2606alcohol enjoyer\n|j|\u2606cheri05\n|inactive|Battle timer is ON: inactive players will automatically lose when time's up.\n|t:|1733882552\n|gametype|singles\n|player|p1|alcohol enjoyer|cynthia-masters|\n|player|p2|cheri05|ethan|\n|teamsize|p1|6\n|teamsize|p2|6\n|gen|9\n|tier|[Gen 9] Random Battle\n|rated|Tournament battle\n|rule|Species Clause: Limit one of each Pok\u00e9mon\n|rule|HP Percentage Mod: HP is shown in percentages\n|rule|Sleep Clause Mod: Limit one foe put to sleep\n|rule|Illusion Level Mod: Illusion disguises the Pok\u00e9mon's true level\n|\n|t:|1733882552\n|start\n|switch|p1a: Metagross|Metagross, L79|256/256\n|switch|p2a: Espathra|Espathra, L80, M|283/283\n|turn|1\n|j| Kampanella\n|j|+Sn0w7i4n\u2744\n|\n|t:|1733882565\n|move|p2a: Espathra|U-turn|p1a: Metagross\n|-damage|p1a: Metagross|228/256\n|\n|t:|1733882570\n|switch|p2a: Thundurus|Thundurus-Therian, L80, M|258/258|[from] U-turn\n|move|p1a: Metagross|Knock Off|p2a: Thundurus\n|-damage|p2a: Thundurus|109/258\n|-enditem|p2a: Thundurus|Heavy-Duty Boots|[from] move: Knock Off|[of] p1a: Metagross\n|\n|upkeep\n|turn|2\n|\n|t:|1733882577\n|switch|p1a: Jolteon|Jolteon, L84, M|246/246\n|move|p2a: Thundurus|Thunderbolt|p1a: Jolteon\n|-immune|p1a: Jolteon|[from] ability: Volt Absorb\n|\n|upkeep\n|turn|3\n|\n|t:|1733882587\n|move|p1a: Jolteon|Shadow Ball|p2a: Thundurus\n|-damage|p2a: Thundurus|1/258\n|move|p2a: Thundurus|Tera Blast|p1a: Jolteon\n|-damage|p1a: Jolteon|177/246\n|\n|upkeep\n|turn|4\n|\n|t:|1733882593\n|switch|p2a: Venusaur|Venusaur, L84, F|272/272\n|move|p1a: Jolteon|Shadow Ball|p2a: Venusaur\n|-crit|p2a: Venusaur\n|-damage|p2a: Venusaur|140/272\n|\n|-heal|p2a: Venusaur|157/272|[from] item: Leftovers\n|upkeep\n|turn|5\n|\n|t:|1733882599\n|move|p1a: Jolteon|Shadow Ball|p2a: Venusaur\n|-damage|p2a: Venusaur|77/272\n|move|p2a: Venusaur|Leech Seed|p1a: Jolteon\n|-start|p1a: Jolteon|move: Leech Seed\n|\n|-heal|p2a: Venusaur|94/272|[from] item: Leftovers\n|-damage|p1a: Jolteon|147/246|[from] Leech Seed|[of] p2a: Venusaur\n|-heal|p2a: Venusaur|124/272|[silent]\n|upkeep\n|turn|6\n|\n|t:|1733882608\n|switch|p1a: Metagross|Metagross, L79|228/256\n|move|p2a: Venusaur|Giga Drain|p1a: Metagross\n|-resisted|p1a: Metagross\n|-damage|p1a: Metagross|186/256\n|-heal|p2a: Venusaur|145/272|[from] drain|[of] p1a: Metagross\n|\n|-heal|p2a: Venusaur|162/272|[from] item: Leftovers\n|upkeep\n|turn|7\n|\n|t:|1733882612\n|switch|p2a: Mightyena|Mightyena, L95, F|287/287\n|-ability|p2a: Mightyena|Intimidate|boost\n|-fail|p1a: Metagross|unboost|[from] ability: Clear Body|[of] p1a: Metagross\n|move|p1a: Metagross|Psychic Fangs|p2a: Mightyena\n|-immune|p2a: Mightyena\n|\n|upkeep\n|turn|8\n|\n|t:|1733882621\n|switch|p1a: Regigigas|Regigigas, L84|322/322\n|-start|p1a: Regigigas|ability: Slow Start\n|move|p2a: Mightyena|Throat Chop|p1a: Regigigas\n|-damage|p1a: Regigigas|231/322\n|-start|p1a: Regigigas|Throat Chop|[silent]\n|\n|-heal|p1a: Regigigas|251/322|[from] item: Leftovers\n|upkeep\n|turn|9\n|\n|t:|1733882628\n|move|p2a: Mightyena|Taunt|p1a: Regigigas\n|-start|p1a: Regigigas|move: Taunt\n|move|p1a: Regigigas|Knock Off|p2a: Mightyena\n|-resisted|p2a: Mightyena\n|-damage|p2a: Mightyena|260/287\n|-enditem|p2a: Mightyena|Leftovers|[from] move: Knock Off|[of] p1a: Regigigas\n|\n|-heal|p1a: Regigigas|271/322|[from] item: Leftovers\n|-end|p1a: Regigigas|Throat Chop|[silent]\n|upkeep\n|turn|10\n|\n|t:|1733882647\n|switch|p2a: Mimikyu|Mimikyu, L79, F|216/216\n|move|p1a: Regigigas|Knock Off|p2a: Mimikyu\n|-activate|p2a: Mimikyu|ability: Disguise\n|-damage|p2a: Mimikyu|216/216\n|-enditem|p2a: Mimikyu|Life Orb|[from] move: Knock Off|[of] p1a: Regigigas\n|detailschange|p2a: Mimikyu|Mimikyu-Busted, L79, F\n|-damage|p2a: Mimikyu|189/216|[from] pokemon: Mimikyu-Busted\n|\n|-heal|p1a: Regigigas|291/322|[from] item: Leftovers\n|upkeep\n|turn|11\n|\n|t:|1733882653\n|move|p2a: Mimikyu|Swords Dance|p2a: Mimikyu\n|-boost|p2a: Mimikyu|atk|2\n|move|p1a: Regigigas|Knock Off|p2a: Mimikyu\n|-damage|p2a: Mimikyu|147/216\n|\n|-heal|p1a: Regigigas|311/322|[from] item: Leftovers\n|-end|p1a: Regigigas|move: Taunt\n|upkeep\n|turn|12\n|\n|t:|1733882657\n|-end|p1a: Regigigas|Slow Start|[silent]\n|switch|p1a: Metagross|Metagross, L79|186/256\n|move|p2a: Mimikyu|Play Rough|p1a: Metagross\n|-resisted|p1a: Metagross\n|-damage|p1a: Metagross|120/256\n|\n|upkeep\n|turn|13\n|\n|t:|1733882663\n|move|p1a: Metagross|Bullet Punch|p2a: Mimikyu\n|-supereffective|p2a: Mimikyu\n|-damage|p2a: Mimikyu|0 fnt\n|faint|p2a: Mimikyu\n|\n|upkeep\n|\n|t:|1733882673\n|switch|p2a: Mightyena|Mightyena, L95, F|260/287\n|-ability|p2a: Mightyena|Intimidate|boost\n|-fail|p1a: Metagross|unboost|[from] ability: Clear Body|[of] p1a: Metagross\n|turn|14\n|\n|t:|1733882681\n|switch|p1a: Regigigas|Regigigas, L84|311/322\n|-start|p1a: Regigigas|ability: Slow Start\n|move|p2a: Mightyena|Throat Chop|p1a: Regigigas\n|-damage|p1a: Regigigas|232/322\n|-start|p1a: Regigigas|Throat Chop|[silent]\n|\n|-heal|p1a: Regigigas|252/322|[from] item: Leftovers\n|upkeep\n|turn|15\n|\n|t:|1733882687\n|switch|p2a: Empoleon|Empoleon, L84, M|278/278\n|move|p1a: Regigigas|Knock Off|p2a: Empoleon\n|-damage|p2a: Empoleon|225/278\n|-enditem|p2a: Empoleon|Leftovers|[from] move: Knock Off|[of] p1a: Regigigas\n|\n|-heal|p1a: Regigigas|272/322|[from] item: Leftovers\n|-end|p1a: Regigigas|Throat Chop|[silent]\n|upkeep\n|turn|16\n|\n|t:|1733882699\n|move|p2a: Empoleon|Surf|p1a: Regigigas\n|-damage|p1a: Regigigas|175/322\n|move|p1a: Regigigas|Body Slam|p2a: Empoleon\n|-resisted|p2a: Empoleon\n|-damage|p2a: Empoleon|189/278\n|-status|p2a: Empoleon|par\n|\n|-heal|p1a: Regigigas|195/322|[from] item: Leftovers\n|upkeep\n|turn|17\n|\n|t:|1733882705\n|-end|p1a: Regigigas|Slow Start|[silent]\n|switch|p1a: Jolteon|Jolteon, L84, M|147/246\n|move|p2a: Empoleon|Flip Turn|p1a: Jolteon\n|-damage|p1a: Jolteon|68/246\n|\n|t:|1733882711\n|switch|p2a: Venusaur|Venusaur, L84, F|162/272|[from] Flip Turn\n|\n|-heal|p2a: Venusaur|179/272|[from] item: Leftovers\n|upkeep\n|turn|18\n|\n|t:|1733882725\n|move|p1a: Jolteon|Volt Switch|p2a: Venusaur\n|-resisted|p2a: Venusaur\n|-damage|p2a: Venusaur|122/272\n|\n|t:|1733882732\n|switch|p1a: Metagross|Metagross, L79|120/256|[from] Volt Switch\n|move|p2a: Venusaur|Substitute|p2a: Venusaur\n|-start|p2a: Venusaur|Substitute\n|-damage|p2a: Venusaur|54/272\n|\n|-heal|p2a: Venusaur|71/272|[from] item: Leftovers\n|upkeep\n|turn|19\n|\n|t:|1733882736\n|move|p2a: Venusaur|Leech Seed|p1a: Metagross\n|-start|p1a: Metagross|move: Leech Seed\n|move|p1a: Metagross|Psychic Fangs|p2a: Venusaur\n|-supereffective|p2a: Venusaur\n|-end|p2a: Venusaur|Substitute\n|\n|-heal|p2a: Venusaur|88/272|[from] item: Leftovers\n|-damage|p1a: Metagross|88/256|[from] Leech Seed|[of] p2a: Venusaur\n|-heal|p2a: Venusaur|120/272|[silent]\n|upkeep\n|turn|20\n|\n|t:|1733882749\n|switch|p2a: Mightyena|Mightyena, L95, F|260/287\n|-ability|p2a: Mightyena|Intimidate|boost\n|-fail|p1a: Metagross|unboost|[from] ability: Clear Body|[of] p1a: Metagross\n|switch|p1a: Hoopa|Hoopa, L85|275/275\n|\n|upkeep\n|turn|21\n|\n|t:|1733882755\n|switch|p1a: Regigigas|Regigigas, L84|195/322\n|-start|p1a: Regigigas|ability: Slow Start\n|move|p2a: Mightyena|Throat Chop|p1a: Regigigas\n|-damage|p1a: Regigigas|110/322\n|-start|p1a: Regigigas|Throat Chop|[silent]\n|\n|-heal|p1a: Regigigas|130/322|[from] item: Leftovers\n|upkeep\n|turn|22\n|\n|t:|1733882762\n|switch|p2a: Empoleon|Empoleon, L84, M|189/278 par\n|move|p1a: Regigigas|Substitute|p1a: Regigigas\n|-start|p1a: Regigigas|Substitute\n|-damage|p1a: Regigigas|50/322\n|\n|-heal|p1a: Regigigas|70/322|[from] item: Leftovers\n|-end|p1a: Regigigas|Throat Chop|[silent]\n|upkeep\n|turn|23\n|\n|t:|1733882767\n|move|p1a: Regigigas|Protect|p1a: Regigigas\n|-singleturn|p1a: Regigigas|Protect\n|move|p2a: Empoleon|Surf|p1a: Regigigas\n|-activate|p1a: Regigigas|move: Protect\n|\n|-heal|p1a: Regigigas|90/322|[from] item: Leftovers\n|upkeep\n|turn|24\n|\n|t:|1733882773\n|move|p1a: Regigigas|Body Slam|p2a: Empoleon\n|-resisted|p2a: Empoleon\n|-damage|p2a: Empoleon|158/278 par\n|move|p2a: Empoleon|Surf|p1a: Regigigas\n|-crit|p1a: Regigigas\n|-end|p1a: Regigigas|Substitute\n|\n|-heal|p1a: Regigigas|110/322|[from] item: Leftovers\n|upkeep\n|turn|25\n|\n|t:|1733882779\n|move|p1a: Regigigas|Protect|p1a: Regigigas\n|-singleturn|p1a: Regigigas|Protect\n|move|p2a: Empoleon|Surf|p1a: Regigigas\n|-activate|p1a: Regigigas|move: Protect\n|\n|-heal|p1a: Regigigas|130/322|[from] item: Leftovers\n|upkeep\n|turn|26\n|\n|t:|1733882795\n|-end|p1a: Regigigas|Slow Start|[silent]\n|switch|p1a: Metagross|Metagross, L79|88/256\n|move|p2a: Empoleon|Surf|p1a: Metagross\n|-damage|p1a: Metagross|0 fnt\n|faint|p1a: Metagross\n|\n|upkeep\n|\n|t:|1733882799\n|switch|p1a: Mimikyu|Mimikyu, L79, M|216/216\n|turn|27\n|\n|t:|1733882802\n|move|p1a: Mimikyu|Swords Dance|p1a: Mimikyu\n|-boost|p1a: Mimikyu|atk|2\n|move|p2a: Empoleon|Flip Turn|p1a: Mimikyu\n|-activate|p1a: Mimikyu|ability: Disguise\n|-damage|p1a: Mimikyu|216/216\n|detailschange|p1a: Mimikyu|Mimikyu-Busted, L79, M\n|-damage|p1a: Mimikyu|189/216|[from] pokemon: Mimikyu-Busted\n|\n|t:|1733882810\n|switch|p2a: Mightyena|Mightyena, L95, F|260/287|[from] Flip Turn\n|-ability|p2a: Mightyena|Intimidate|boost\n|-unboost|p1a: Mimikyu|atk|1\n|\n|upkeep\n|turn|28\n|\n|t:|1733882814\n|switch|p2a: Thundurus|Thundurus-Therian, L80, M|1/258\n|move|p1a: Mimikyu|Play Rough|p2a: Thundurus\n|-damage|p2a: Thundurus|0 fnt\n|faint|p2a: Thundurus\n|-damage|p1a: Mimikyu|168/216|[from] item: Life Orb\n|\n|upkeep\n|\n|t:|1733882822\n|switch|p2a: Mightyena|Mightyena, L95, F|260/287\n|-ability|p2a: Mightyena|Intimidate|boost\n|-unboost|p1a: Mimikyu|atk|1\n|turn|29\n|\n|t:|1733882826\n|switch|p1a: Regigigas|Regigigas, L84|130/322\n|-start|p1a: Regigigas|ability: Slow Start\n|move|p2a: Mightyena|Throat Chop|p1a: Regigigas\n|-damage|p1a: Regigigas|45/322\n|-start|p1a: Regigigas|Throat Chop|[silent]\n|\n|-heal|p1a: Regigigas|65/322|[from] item: Leftovers\n|upkeep\n|turn|30\n|\n|t:|1733882832\n|move|p2a: Mightyena|Throat Chop|p1a: Regigigas\n|-damage|p1a: Regigigas|0 fnt\n|faint|p1a: Regigigas\n|-end|p1a: Regigigas|Slow Start|[silent]\n|\n|upkeep\n|\n|t:|1733882835\n|switch|p1a: Jolteon|Jolteon, L84, M|68/246\n|turn|31\n|\n|t:|1733882838\n|move|p2a: Mightyena|Sucker Punch|p1a: Jolteon\n|-damage|p1a: Jolteon|0 fnt\n|faint|p1a: Jolteon\n|\n|upkeep\n|\n|t:|1733882841\n|switch|p1a: Gurdurr|Gurdurr, L85, F|283/283\n|turn|32\n|\n|t:|1733882851\n|switch|p2a: Empoleon|Empoleon, L84, M|158/278 par\n|move|p1a: Gurdurr|Knock Off|p2a: Empoleon\n|-damage|p2a: Empoleon|102/278 par\n|\n|upkeep\n|turn|33\n|\n|t:|1733882855\n|move|p1a: Gurdurr|Drain Punch|p2a: Empoleon\n|-supereffective|p2a: Empoleon\n|-crit|p2a: Empoleon\n|-damage|p2a: Empoleon|0 fnt\n|faint|p2a: Empoleon\n|\n|upkeep\n|\n|t:|1733882860\n|switch|p2a: Espathra|Espathra, L80, M|283/283\n|turn|34\n|\n|t:|1733882869\n|-terastallize|p2a: Espathra|Fairy\n|move|p2a: Espathra|Lumina Crash|p1a: Gurdurr\n|-supereffective|p1a: Gurdurr\n|-damage|p1a: Gurdurr|65/283\n|-unboost|p1a: Gurdurr|spd|2\n|move|p1a: Gurdurr|Knock Off|p2a: Espathra\n|-resisted|p2a: Espathra\n|-damage|p2a: Espathra|235/283\n|-enditem|p2a: Espathra|Choice Specs|[from] move: Knock Off|[of] p1a: Gurdurr\n|\n|-ability|p2a: Espathra|Speed Boost|boost\n|-boost|p2a: Espathra|spe|1\n|upkeep\n|turn|35\n|\n|t:|1733882878\n|move|p1a: Gurdurr|Mach Punch|p2a: Espathra\n|-resisted|p2a: Espathra\n|-damage|p2a: Espathra|203/283\n|move|p2a: Espathra|Lumina Crash|p1a: Gurdurr\n|-supereffective|p1a: Gurdurr\n|-damage|p1a: Gurdurr|0 fnt\n|faint|p1a: Gurdurr\n|\n|-ability|p2a: Espathra|Speed Boost|boost\n|-boost|p2a: Espathra|spe|1\n|upkeep\n|\n|t:|1733882885\n|switch|p1a: Mimikyu|Mimikyu-Busted, L79, M|168/216\n|turn|36\n|\n|t:|1733882890\n|move|p2a: Espathra|Shadow Ball|p1a: Mimikyu\n|-supereffective|p1a: Mimikyu\n|-damage|p1a: Mimikyu|66/216\n|move|p1a: Mimikyu|Swords Dance|p1a: Mimikyu\n|-boost|p1a: Mimikyu|atk|2\n|\n|-ability|p2a: Espathra|Speed Boost|boost\n|-boost|p2a: Espathra|spe|1\n|upkeep\n|turn|37\n|\n|t:|1733882896\n|move|p1a: Mimikyu|Shadow Sneak|p2a: Espathra\n|-damage|p2a: Espathra|73/283\n|-damage|p1a: Mimikyu|45/216|[from] item: Life Orb\n|move|p2a: Espathra|Shadow Ball|p1a: Mimikyu\n|-supereffective|p1a: Mimikyu\n|-damage|p1a: Mimikyu|0 fnt\n|faint|p1a: Mimikyu\n|\n|-ability|p2a: Espathra|Speed Boost|boost\n|-boost|p2a: Espathra|spe|1\n|upkeep\n|\n|t:|1733882898\n|switch|p1a: Hoopa|Hoopa, L85|275/275\n|turn|38\n|\n|t:|1733882901\n|move|p2a: Espathra|Shadow Ball|p1a: Hoopa\n|-supereffective|p1a: Hoopa\n|-damage|p1a: Hoopa|119/275\n|move|p1a: Hoopa|Shadow Ball|p2a: Espathra\n|-damage|p2a: Espathra|0 fnt\n|faint|p2a: Espathra\n|-damage|p1a: Hoopa|92/275|[from] item: Life Orb\n|\n|upkeep\n|\n|t:|1733882907\n|switch|p2a: Mightyena|Mightyena, L95, F|260/287\n|-ability|p2a: Mightyena|Intimidate|boost\n|-unboost|p1a: Hoopa|atk|1\n|turn|39\n|\n|t:|1733882910\n|move|p2a: Mightyena|Throat Chop|p1a: Hoopa\n|-supereffective|p1a: Hoopa\n|-damage|p1a: Hoopa|0 fnt\n|faint|p1a: Hoopa\n|\n|win|cheri05\n|n|\u2606alcohol enjoyer|alcoholenjoyer\n|n|\u2606cheri05|cheri05\n|n| Kampanella|kampanella\n|n| Sn0w7i4n\u2744|sn0w7i4n\n", "inputlog": ">version bfd83cad13791eb5a5a409923076391caf6fb4d4\n>start {\"formatid\":\"gen9randombattle\",\"seed\":[47295,47747,7110,52106],\"rated\":\"Tournament battle\"}\n>player p1 {\"name\":\"alcohol enjoyer\",\"avatar\":\"cynthia-masters\",\"rating\":0,\"seed\":[51031,44530,13822,22742]}\n>player p2 {\"name\":\"cheri05\",\"avatar\":\"ethan\",\"rating\":0,\"seed\":[57929,48620,54398,11134]}\n>p1 move knockoff\n>p2 move uturn\n>p2 switch 5\n>p1 switch 4\n>p2 move thunderbolt\n>p1 move shadowball\n>p2 move terablast\n>p1 move shadowball\n>p2 switch 3\n>p1 move shadowball\n>p2 move leechseed\n>p1 switch 4\n>p2 move gigadrain\n>p1 move psychicfangs\n>p2 switch 4\n>p1 switch 6\n>p2 move throatchop\n>p1 move knockoff\n>p2 move taunt\n>p1 move knockoff\n>p2 switch 2\n>p1 move knockoff\n>p2 move swordsdance\n>p1 switch 6\n>p2 move playrough\n>p1 move bulletpunch\n>p2 move shadowclaw\n>p2 switch 2\n>p1 switch 6\n>p2 move throatchop\n>p1 move knockoff\n>p2 switch 6\n>p1 move bodyslam\n>p2 move surf\n>p1 switch 4\n>p2 move flipturn\n>p2 switch 4\n>p1 move voltswitch\n>p2 move substitute\n>p1 switch 6\n>p1 move psychicfangs\n>p2 move leechseed\n>p1 switch 2\n>p2 switch 6\n>p1 switch 4\n>p2 move throatchop\n>p1 move substitute\n>p2 switch 4\n>p1 move protect\n>p2 move surf\n>p1 move bodyslam\n>p2 move surf\n>p1 move protect\n>p2 move surf\n>p1 switch 2\n>p2 move surf\n>p1 switch 5\n>p1 move swordsdance\n>p2 move flipturn\n>p2 switch 4\n>p1 move playrough\n>p2 switch 3\n>p2 switch 3\n>p1 switch 2\n>p2 move throatchop\n>p1 move knockoff\n>p2 move throatchop\n>p1 switch 6\n>p1 move alluringvoice\n>p2 move suckerpunch\n>p1 switch 3\n>p1 move knockoff\n>p2 switch 4\n>p1 move drainpunch\n>p2 move surf\n>p2 switch 5\n>p1 move knockoff\n>p2 move luminacrash terastallize\n>p1 move machpunch\n>p2 move luminacrash\n>p1 switch 2\n>p1 move swordsdance\n>p2 move shadowball\n>p1 move shadowsneak\n>p2 move shadowball\n>p1 switch 4\n>p1 move shadowball\n>p2 move shadowball\n>p2 switch 4\n>p1 move focusblast\n>p2 move throatchop", "uploadtime": 1733882910, "views": 2, "formatid": "gen9randombattle", "rating": null, "private": 0, "password": null}