{"id": "gen9randombattle-2161435037", "format": "[Gen 9] Random Battle", "players": ["Norman2!", "Referrals"], "log": "|badge|p1|bronze|gen9randombattle|100-2\n|uhtml|medal-msg|<div class=\"broadcast-blue\">Curious what those medals under the avatar are? PS now has Ladder Seasons! For more information, check out the <a href=\"https://www.smogon.com/forums/threads/3740067/\">thread on Smogon.</a></div>\n|badge|p2|gold|gen9randombattle|3-2\n|uhtml|medal-msg|<div class=\"broadcast-blue\">Curious what those medals under the avatar are? PS now has Ladder Seasons! For more information, check out the <a href=\"https://www.smogon.com/forums/threads/3740067/\">thread on Smogon.</a></div>\n|j|\u203dNorman2!\n|j|\u2606Referrals\n|t:|1721066570\n|gametype|singles\n|player|p1|Norman2!|102|2392\n|player|p2|Referrals|hilbert|2553\n|teamsize|p1|6\n|teamsize|p2|6\n|gen|9\n|tier|[Gen 9] Random Battle\n|rated|\n|rule|Species Clause: Limit one of each Pok\u00e9mon\n|rule|HP Percentage Mod: HP is shown in percentages\n|rule|Sleep Clause Mod: Limit one foe put to sleep\n|rule|Illusion Level Mod: Illusion disguises the Pok\u00e9mon's true level\n|\n|t:|1721066570\n|start\n|switch|p1a: Wigglytuff|Wigglytuff, L96, F|424/424\n|switch|p2a: Orthworm|Orthworm, L88, F|266/266\n|turn|1\n|inactive|Battle timer is ON: inactive players will automatically lose when time's up. (requested by Referrals)\n|j| ezws\n|inactive|Referrals has 120 seconds left.\n|\n|t:|1721066602\n|switch|p1a: Orthworm|Orthworm, L88, F|266/266\n|move|p2a: Orthworm|Coil|p2a: Orthworm\n|-boost|p2a: Orthworm|atk|1\n|-boost|p2a: Orthworm|def|1\n|-boost|p2a: Orthworm|accuracy|1\n|\n|upkeep\n|turn|2\n|j| 70to90gxe\n|inactive|Norman2! has 120 seconds left.\n|\n|t:|1721066636\n|move|p1a: Orthworm|Body Press|p2a: Orthworm\n|-supereffective|p2a: Orthworm\n|-damage|p2a: Orthworm|188/266\n|move|p2a: Orthworm|Body Press|p1a: Orthworm\n|-supereffective|p1a: Orthworm\n|-damage|p1a: Orthworm|114/266\n|\n|upkeep\n|turn|3\n|inactive|Norman2! has 120 seconds left.\n|\n|t:|1721066657\n|move|p2a: Orthworm|Body Press|p1a: Orthworm\n|-supereffective|p1a: Orthworm\n|-damage|p1a: Orthworm|0 fnt\n|faint|p1a: Orthworm\n|\n|upkeep\n|\n|t:|1721066669\n|switch|p1a: Avalugg|Avalugg, L88, F|310/310\n|turn|4\n|\n|t:|1721066696\n|-terastallize|p1a: Avalugg|Fighting\n|move|p2a: Orthworm|Coil|p2a: Orthworm\n|-boost|p2a: Orthworm|atk|1\n|-boost|p2a: Orthworm|def|1\n|-boost|p2a: Orthworm|accuracy|1\n|move|p1a: Avalugg|Body Press|p2a: Orthworm\n|-supereffective|p2a: Orthworm\n|-damage|p2a: Orthworm|74/266\n|\n|upkeep\n|turn|5\n|inactive|Norman2! has 120 seconds left.\n|inactive|Referrals has 120 seconds left.\n|\n|t:|1721066739\n|-terastallize|p2a: Orthworm|Electric\n|move|p2a: Orthworm|Rest|p2a: Orthworm\n|-status|p2a: Orthworm|slp|[from] move: Rest\n|-heal|p2a: Orthworm|266/266 slp|[silent]\n|-enditem|p2a: Orthworm|Chesto Berry|[eat]\n|-curestatus|p2a: Orthworm|slp|[msg]\n|move|p1a: Avalugg|Body Press|p2a: Orthworm\n|-damage|p2a: Orthworm|218/266\n|\n|upkeep\n|turn|6\n|\n|t:|1721066750\n|move|p2a: Orthworm|Coil|p2a: Orthworm\n|-boost|p2a: Orthworm|atk|1\n|-boost|p2a: Orthworm|def|1\n|-boost|p2a: Orthworm|accuracy|1\n|move|p1a: Avalugg|Rapid Spin|p2a: Orthworm\n|-damage|p2a: Orthworm|205/266\n|-boost|p1a: Avalugg|spe|1\n|\n|upkeep\n|turn|7\n|\n|t:|1721066762\n|move|p2a: Orthworm|Coil|p2a: Orthworm\n|-boost|p2a: Orthworm|atk|1\n|-boost|p2a: Orthworm|def|1\n|-boost|p2a: Orthworm|accuracy|1\n|move|p1a: Avalugg|Rapid Spin|p2a: Orthworm\n|-damage|p2a: Orthworm|195/266\n|-boost|p1a: Avalugg|spe|1\n|\n|upkeep\n|turn|8\n|\n|t:|1721066767\n|move|p1a: Avalugg|Body Press|p2a: Orthworm\n|-damage|p2a: Orthworm|161/266\n|move|p2a: Orthworm|Iron Tail|p1a: Avalugg\n|-damage|p1a: Avalugg|139/310\n|\n|upkeep\n|turn|9\n|inactive|Norman2! has 120 seconds left.\n|inactive|Norman2! has 90 seconds left.\n|\n|t:|1721066818\n|move|p1a: Avalugg|Recover|p1a: Avalugg\n|-heal|p1a: Avalugg|294/310\n|move|p2a: Orthworm|Iron Tail|p1a: Avalugg\n|-damage|p1a: Avalugg|131/310\n|\n|upkeep\n|turn|10\n|inactive|Norman2! has 90 seconds left.\n|\n|t:|1721066823\n|move|p1a: Avalugg|Body Press|p2a: Orthworm\n|-damage|p2a: Orthworm|128/266\n|move|p2a: Orthworm|Iron Tail|p1a: Avalugg\n|-damage|p1a: Avalugg|0 fnt\n|faint|p1a: Avalugg\n|\n|upkeep\n|inactive|Norman2! has 90 seconds left.\n|inactive|Norman2! has 60 seconds left.\n|\n|t:|1721066862\n|switch|p1a: Fezandipiti|Fezandipiti, L82, M|278/278\n|turn|11\n|\n|t:|1721066870\n|move|p1a: Fezandipiti|Beat Up|p2a: Orthworm\n|-damage|p2a: Orthworm|125/266\n|-damage|p2a: Orthworm|122/266\n|-damage|p2a: Orthworm|119/266\n|-damage|p2a: Orthworm|117/266\n|-status|p2a: Orthworm|tox|[from] ability: Toxic Chain|[of] p1a: Fezandipiti\n|-hitcount|p2a: Orthworm|4\n|move|p2a: Orthworm|Iron Tail|p1a: Fezandipiti\n|-supereffective|p1a: Fezandipiti\n|-damage|p1a: Fezandipiti|0 fnt\n|faint|p1a: Fezandipiti\n|\n|-damage|p2a: Orthworm|101/266 tox|[from] psn\n|upkeep\n|inactive|Norman2! has 60 seconds left.\n|\n|t:|1721066894\n|switch|p1a: Wigglytuff|Wigglytuff, L96, F|424/424\n|turn|12\n|inactive|Norman2! has 60 seconds left.\n|\n|t:|1721066902\n|move|p1a: Wigglytuff|Protect|p1a: Wigglytuff\n|-singleturn|p1a: Wigglytuff|Protect\n|move|p2a: Orthworm|Iron Tail|p1a: Wigglytuff\n|-activate|p1a: Wigglytuff|move: Protect\n|\n|-damage|p2a: Orthworm|69/266 tox|[from] psn\n|upkeep\n|turn|13\n|inactive|Norman2! has 60 seconds left.\n|\n|t:|1721066915\n|switch|p1a: Ariados|Ariados, L95, M|287/287\n|move|p2a: Orthworm|Iron Tail|p1a: Ariados\n|-damage|p1a: Ariados|0 fnt\n|faint|p1a: Ariados\n|\n|-damage|p2a: Orthworm|21/266 tox|[from] psn\n|upkeep\n|inactive|Norman2! has 60 seconds left.\n|\n|t:|1721066920\n|switch|p1a: Flapple|Flapple, L88, M|266/266\n|turn|14\n|\n|t:|1721066948\n|move|p1a: Flapple|Grav Apple|p2a: Orthworm\n|-damage|p2a: Orthworm|0 fnt\n|faint|p2a: Orthworm\n|\n|upkeep\n|inactive|Referrals has 120 seconds left.\n|j| TheBurgerKing_14\n|inactive|Referrals has 90 seconds left.\n|\n|t:|1721066996\n|switch|p2a: Porygon2|Porygon2, L82|274/274\n|-ability|p2a: Porygon2|Download|boost\n|-boost|p2a: Porygon2|spa|1\n|turn|15\n|\n|t:|1721067005\n|switch|p1a: Wigglytuff|Wigglytuff, L96, F|424/424\n|move|p2a: Porygon2|Tera Blast|p1a: Wigglytuff\n|-damage|p1a: Wigglytuff|267/424\n|\n|-heal|p1a: Wigglytuff|293/424|[from] item: Leftovers\n|upkeep\n|turn|16\n|inactive|Referrals has 90 seconds left.\n|\n|t:|1721067027\n|switch|p2a: Politoed|Politoed, L88, F|302/302\n|-weather|RainDance|[from] ability: Drizzle|[of] p2a: Politoed\n|move|p1a: Wigglytuff|Wish|p1a: Wigglytuff\n|\n|-weather|RainDance|[upkeep]\n|-heal|p1a: Wigglytuff|319/424|[from] item: Leftovers\n|upkeep\n|turn|17\n|inactive|Referrals has 90 seconds left.\n|\n|t:|1721067044\n|move|p1a: Wigglytuff|Protect|p1a: Wigglytuff\n|-singleturn|p1a: Wigglytuff|Protect\n|move|p2a: Politoed|Encore|p1a: Wigglytuff\n|-activate|p1a: Wigglytuff|move: Protect\n|\n|-weather|RainDance|[upkeep]\n|-heal|p1a: Wigglytuff|424/424|[from] move: Wish|[wisher] Wigglytuff\n|upkeep\n|turn|18\n|inactive|Referrals has 90 seconds left.\n|j| tyrantkingdad\n|\n|t:|1721067061\n|move|p2a: Politoed|Encore|p1a: Wigglytuff\n|-start|p1a: Wigglytuff|Encore\n|move|p1a: Wigglytuff|Protect||[still]\n|-fail|p1a: Wigglytuff\n|\n|-weather|RainDance|[upkeep]\n|upkeep\n|turn|19\n|inactive|Referrals has 90 seconds left.\n|\n|t:|1721067086\n|move|p1a: Wigglytuff|Protect|p1a: Wigglytuff\n|-singleturn|p1a: Wigglytuff|Protect\n|move|p2a: Politoed|Surf|p1a: Wigglytuff\n|-activate|p1a: Wigglytuff|move: Protect\n|\n|-weather|RainDance|[upkeep]\n|upkeep\n|turn|20\n|inactive|Norman2! has 90 seconds left.\n|l| TheBurgerKing_14\n|\n|t:|1721067113\n|move|p1a: Wigglytuff|Protect||[still]\n|-fail|p1a: Wigglytuff\n|move|p2a: Politoed|Ice Beam|p1a: Wigglytuff\n|-damage|p1a: Wigglytuff|343/424\n|\n|-weather|none\n|-heal|p1a: Wigglytuff|369/424|[from] item: Leftovers\n|-end|p1a: Wigglytuff|Encore\n|upkeep\n|turn|21\n|\n|t:|1721067125\n|switch|p1a: Flapple|Flapple, L88, M|266/266\n|move|p2a: Politoed|Encore||[still]\n|-fail|p2a: Politoed\n|\n|upkeep\n|turn|22\n|\n|t:|1721067137\n|move|p1a: Flapple|Grav Apple|p2a: Politoed\n|-supereffective|p2a: Politoed\n|-damage|p2a: Politoed|0 fnt\n|faint|p2a: Politoed\n|\n|upkeep\n|\n|t:|1721067140\n|switch|p2a: Porygon2|Porygon2, L82|274/274\n|-ability|p2a: Porygon2|Download|boost\n|-boost|p2a: Porygon2|spa|1\n|turn|23\n|inactive|Norman2! has 90 seconds left.\n|\n|t:|1721067148\n|switch|p1a: Wigglytuff|Wigglytuff, L96, F|369/424\n|switch|p2a: Pawmot|Pawmot, L80, M|243/243\n|\n|-heal|p1a: Wigglytuff|395/424|[from] item: Leftovers\n|upkeep\n|turn|24\n|inactive|Norman2! has 90 seconds left.\n|\n|t:|1721067183\n|move|p2a: Pawmot|Close Combat|p1a: Wigglytuff\n|-damage|p1a: Wigglytuff|138/424\n|-unboost|p2a: Pawmot|def|1\n|-unboost|p2a: Pawmot|spd|1\n|-damage|p2a: Pawmot|219/243|[from] item: Life Orb\n|move|p1a: Wigglytuff|Alluring Voice|p2a: Pawmot\n|-supereffective|p2a: Pawmot\n|-damage|p2a: Pawmot|0 fnt\n|faint|p2a: Pawmot\n|\n|-heal|p1a: Wigglytuff|164/424|[from] item: Leftovers\n|upkeep\n|\n|t:|1721067185\n|switch|p2a: Primarina|Primarina, L83, F|268/268\n|turn|25\n|inactive|Norman2! has 60 seconds left.\n|\n|t:|1721067207\n|move|p1a: Wigglytuff|Protect|p1a: Wigglytuff\n|-singleturn|p1a: Wigglytuff|Protect\n|move|p2a: Primarina|Moonblast|p1a: Wigglytuff\n|-activate|p1a: Wigglytuff|move: Protect\n|\n|-heal|p1a: Wigglytuff|190/424|[from] item: Leftovers\n|upkeep\n|turn|26\n|\n|t:|1721067213\n|move|p2a: Primarina|Moonblast|p1a: Wigglytuff\n|-damage|p1a: Wigglytuff|0 fnt\n|faint|p1a: Wigglytuff\n|\n|upkeep\n|\n|t:|1721067218\n|switch|p1a: Flapple|Flapple, L88, M|266/266\n|turn|27\n|\n|t:|1721067222\n|move|p1a: Flapple|Grav Apple|p2a: Primarina\n|-supereffective|p2a: Primarina\n|-damage|p2a: Primarina|0 fnt\n|faint|p2a: Primarina\n|\n|upkeep\n|\n|t:|1721067224\n|switch|p2a: Porygon2|Porygon2, L82|274/274\n|-ability|p2a: Porygon2|Download|boost\n|-boost|p2a: Porygon2|spa|1\n|turn|28\n|\n|t:|1721067232\n|move|p1a: Flapple|Grav Apple|p2a: Porygon2\n|-damage|p2a: Porygon2|174/274\n|-unboost|p2a: Porygon2|def|1\n|move|p2a: Porygon2|Tera Blast|p1a: Flapple\n|-damage|p1a: Flapple|100/266\n|\n|upkeep\n|turn|29\n|inactive|Norman2! has 90 seconds left.\n|\n|t:|1721067257\n|move|p1a: Flapple|Outrage|p2a: Porygon2|[miss]\n|-miss|p1a: Flapple|p2a: Porygon2\n|move|p2a: Porygon2|Tera Blast|p1a: Flapple\n|-damage|p1a: Flapple|0 fnt\n|faint|p1a: Flapple\n|\n|win|Referrals\n|raw|Norman2!'s rating: 2392 &rarr; <strong>2381</strong><br />(-11 for losing)\n|raw|Referrals's rating: 2553 &rarr; <strong>2564</strong><br />(+11 for winning)\n", "inputlog": ">version f7ad7c1b8a6ce355e8dbcd95eca255f5f71ead83\n>start {\"formatid\":\"gen9randombattle\",\"seed\":[14709,59495,64240,65025],\"rated\":\"Rated battle\"}\n>player p1 {\"name\":\"Norman2!\",\"avatar\":\"102\",\"rating\":2392,\"seed\":[22739,41007,58549,60695]}\n>player p2 {\"name\":\"Referrals\",\"avatar\":\"hilbert\",\"rating\":2553,\"seed\":[58376,45903,19879,51252]}\n>p1 switch 4\n>p2 move coil\n>p1 move bodypress\n>p2 move bodypress\n>p1 move bodypress\n>p2 move bodypress\n>p1 switch 5\n>p1 move bodypress terastallize\n>p2 move coil\n>p1 move bodypress\n>p2 move rest terastallize\n>p1 move rapidspin\n>p2 move coil\n>p1 move rapidspin\n>p2 move coil\n>p1 move bodypress\n>p2 move irontail\n>p1 move recover\n>p2 move irontail\n>p1 move bodypress\n>p2 move irontail\n>p1 switch 6\n>p1 move beatup\n>p2 move irontail\n>p1 switch 4\n>p1 move protect\n>p2 move irontail\n>p1 switch 2\n>p2 move irontail\n>p1 switch 3\n>p1 move gravapple\n>p2 move irontail\n>p2 switch 6\n>p1 switch 2\n>p2 move terablast\n>p1 move wish\n>p2 switch 4\n>p1 move protect\n>p2 move encore\n>p1 move alluringvoice\n>p2 move encore\n>p1 move protect\n>p2 move surf\n>p1 move protect\n>p2 move icebeam\n>p1 switch 2\n>p2 move encore\n>p1 move gravapple\n>p2 move icebeam\n>p2 switch 4\n>p1 switch 2\n>p2 switch 3\n>p1 move alluringvoice\n>p2 move closecombat\n>p2 switch 5\n>p1 move protect\n>p2 move moonblast\n>p1 move wish\n>p2 move moonblast\n>p1 switch 2\n>p1 move gravapple\n>p2 move moonblast\n>p2 switch 3\n>p1 move gravapple\n>p2 move terablast\n>p1 move outrage\n>p2 move terablast", "uploadtime": 1721067263, "views": 188, "formatid": "gen9randombattle", "rating": 2381, "private": 0, "password": null}