{"id": "gen9randombattle-2259996180", "format": "[Gen 9] Random Battle", "players": ["Jaddu", "Oh didufghA"], "log": "|j|\u2606Jaddu\n|j|\u2606Oh didufghA\n|t:|1733788963\n|gametype|singles\n|player|p1|Jaddu|teamrocket|1422\n|player|p2|Oh didufghA|102|1417\n|teamsize|p1|6\n|teamsize|p2|6\n|gen|9\n|tier|[Gen 9] Random Battle\n|rated|\n|rule|Species Clause: Limit one of each Pok\u00e9mon\n|rule|HP Percentage Mod: HP is shown in percentages\n|rule|Sleep Clause Mod: Limit one foe put to sleep\n|rule|Illusion Level Mod: Illusion disguises the Pok\u00e9mon's true level\n|\n|t:|1733788963\n|start\n|switch|p1a: Vivillon|Vivillon-Savanna, L84, M|272/272\n|switch|p2a: Whimsicott|Whimsicott, L85, F|241/241\n|turn|1\n|inactive|Battle timer is ON: inactive players will automatically lose when time's up. (requested by Jaddu)\n|\n|t:|1733788976\n|switch|p1a: Brute Bonnet|Brute Bonnet, L81|312/312\n|move|p2a: Whimsicott|Substitute|p2a: Whimsicott\n|-start|p2a: Whimsicott|Substitute\n|-damage|p2a: Whimsicott|181/241\n|\n|-heal|p2a: Whimsicott|196/241|[from] item: Leftovers\n|upkeep\n|turn|2\n|\n|t:|1733788981\n|move|p2a: Whimsicott|Moonblast|p1a: Brute Bonnet\n|-supereffective|p1a: Brute Bonnet\n|-damage|p1a: Brute Bonnet|142/312\n|move|p1a: Brute Bonnet|Crunch|p2a: Whimsicott\n|-resisted|p2a: Whimsicott\n|-end|p2a: Whimsicott|Substitute\n|\n|-heal|p2a: Whimsicott|211/241|[from] item: Leftovers\n|upkeep\n|turn|3\n|\n|t:|1733788987\n|move|p2a: Whimsicott|Substitute|p2a: Whimsicott\n|-start|p2a: Whimsicott|Substitute\n|-damage|p2a: Whimsicott|151/241\n|move|p1a: Brute Bonnet|Crunch|p2a: Whimsicott\n|-resisted|p2a: Whimsicott\n|-end|p2a: Whimsicott|Substitute\n|\n|-heal|p2a: Whimsicott|166/241|[from] item: Leftovers\n|upkeep\n|turn|4\n|\n|t:|1733788991\n|move|p2a: Whimsicott|Moonblast|p1a: Brute Bonnet\n|-supereffective|p1a: Brute Bonnet\n|-damage|p1a: Brute Bonnet|0 fnt\n|faint|p1a: Brute Bonnet\n|-end|p1a: Brute Bonnet|Protosynthesis|[silent]\n|\n|-heal|p2a: Whimsicott|181/241|[from] item: Leftovers\n|upkeep\n|\n|t:|1733788996\n|switch|p1a: Misdreavus|Misdreavus, L90, M|254/254\n|turn|5\n|\n|t:|1733789000\n|move|p2a: Whimsicott|Leech Seed|p1a: Misdreavus\n|-start|p1a: Misdreavus|move: Leech Seed\n|move|p1a: Misdreavus|Shadow Ball|p2a: Whimsicott\n|-damage|p2a: Whimsicott|90/241\n|\n|-heal|p2a: Whimsicott|105/241|[from] item: Leftovers\n|-damage|p1a: Misdreavus|223/254|[from] Leech Seed|[of] p2a: Whimsicott\n|-heal|p2a: Whimsicott|136/241|[silent]\n|upkeep\n|turn|6\n|\n|t:|1733789006\n|move|p2a: Whimsicott|Moonblast|p1a: Misdreavus\n|-damage|p1a: Misdreavus|168/254\n|move|p1a: Misdreavus|Will-O-Wisp|p2a: Whimsicott\n|-status|p2a: Whimsicott|brn\n|\n|-heal|p2a: Whimsicott|151/241 brn|[from] item: Leftovers\n|-damage|p1a: Misdreavus|137/254|[from] Leech Seed|[of] p2a: Whimsicott\n|-heal|p2a: Whimsicott|182/241 brn|[silent]\n|-damage|p2a: Whimsicott|167/241 brn|[from] brn\n|upkeep\n|turn|7\n|\n|t:|1733789015\n|switch|p1a: Vivillon|Vivillon-Savanna, L84, M|272/272\n|move|p2a: Whimsicott|Encore||[still]\n|-fail|p2a: Whimsicott\n|\n|-heal|p2a: Whimsicott|182/241 brn|[from] item: Leftovers\n|-damage|p2a: Whimsicott|167/241 brn|[from] brn\n|upkeep\n|turn|8\n|\n|t:|1733789017\n|move|p2a: Whimsicott|Substitute|p2a: Whimsicott\n|-start|p2a: Whimsicott|Substitute\n|-damage|p2a: Whimsicott|107/241 brn\n|move|p1a: Vivillon|Quiver Dance|p1a: Vivillon\n|-boost|p1a: Vivillon|spa|1\n|-boost|p1a: Vivillon|spd|1\n|-boost|p1a: Vivillon|spe|1\n|\n|-heal|p2a: Whimsicott|122/241 brn|[from] item: Leftovers\n|-damage|p2a: Whimsicott|107/241 brn|[from] brn\n|upkeep\n|turn|9\n|\n|t:|1733789023\n|move|p2a: Whimsicott|Encore|p1a: Vivillon\n|-start|p1a: Vivillon|Encore\n|move|p1a: Vivillon|Quiver Dance|p1a: Vivillon\n|-boost|p1a: Vivillon|spa|1\n|-boost|p1a: Vivillon|spd|1\n|-boost|p1a: Vivillon|spe|1\n|\n|-heal|p2a: Whimsicott|122/241 brn|[from] item: Leftovers\n|-damage|p2a: Whimsicott|107/241 brn|[from] brn\n|upkeep\n|turn|10\n|\n|t:|1733789038\n|switch|p1a: Misdreavus|Misdreavus, L90, M|137/254\n|switch|p2a: Haxorus|Haxorus, L77, M|244/244\n|-ability|p2a: Haxorus|Mold Breaker\n|\n|upkeep\n|turn|11\n|\n|t:|1733789044\n|switch|p2a: Whimsicott|Whimsicott, L85, F|107/241 brn\n|move|p1a: Misdreavus|Draining Kiss|p2a: Whimsicott\n|-damage|p2a: Whimsicott|67/241 brn\n|-heal|p1a: Misdreavus|167/254|[from] drain|[of] p2a: Whimsicott\n|\n|-heal|p2a: Whimsicott|82/241 brn|[from] item: Leftovers\n|-damage|p2a: Whimsicott|67/241 brn|[from] brn\n|upkeep\n|turn|12\n|\n|t:|1733789049\n|move|p2a: Whimsicott|Leech Seed|p1a: Misdreavus\n|-start|p1a: Misdreavus|move: Leech Seed\n|move|p1a: Misdreavus|Shadow Ball|p2a: Whimsicott\n|-damage|p2a: Whimsicott|0 fnt\n|faint|p2a: Whimsicott\n|\n|upkeep\n|\n|t:|1733789063\n|switch|p2a: Suicune|Suicune, L82|298/298\n|-ability|p2a: Suicune|Pressure\n|turn|13\n|\n|t:|1733789069\n|switch|p1a: Vivillon|Vivillon-Savanna, L84, M|272/272\n|move|p2a: Suicune|Substitute|p2a: Suicune\n|-start|p2a: Suicune|Substitute\n|-damage|p2a: Suicune|224/298\n|\n|-heal|p2a: Suicune|242/298|[from] item: Leftovers\n|upkeep\n|turn|14\n|\n|t:|1733789072\n|move|p1a: Vivillon|Quiver Dance|p1a: Vivillon\n|-boost|p1a: Vivillon|spa|1\n|-boost|p1a: Vivillon|spd|1\n|-boost|p1a: Vivillon|spe|1\n|move|p2a: Suicune|Calm Mind|p2a: Suicune\n|-boost|p2a: Suicune|spa|1\n|-boost|p2a: Suicune|spd|1\n|\n|-heal|p2a: Suicune|260/298|[from] item: Leftovers\n|upkeep\n|turn|15\n|\n|t:|1733789074\n|move|p1a: Vivillon|Quiver Dance|p1a: Vivillon\n|-boost|p1a: Vivillon|spa|1\n|-boost|p1a: Vivillon|spd|1\n|-boost|p1a: Vivillon|spe|1\n|move|p2a: Suicune|Calm Mind|p2a: Suicune\n|-boost|p2a: Suicune|spa|1\n|-boost|p2a: Suicune|spd|1\n|\n|-heal|p2a: Suicune|278/298|[from] item: Leftovers\n|upkeep\n|turn|16\n|\n|t:|1733789079\n|move|p1a: Vivillon|Quiver Dance|p1a: Vivillon\n|-boost|p1a: Vivillon|spa|1\n|-boost|p1a: Vivillon|spd|1\n|-boost|p1a: Vivillon|spe|1\n|move|p2a: Suicune|Calm Mind|p2a: Suicune\n|-boost|p2a: Suicune|spa|1\n|-boost|p2a: Suicune|spd|1\n|\n|-heal|p2a: Suicune|296/298|[from] item: Leftovers\n|upkeep\n|turn|17\n|\n|t:|1733789081\n|move|p1a: Vivillon|Quiver Dance|p1a: Vivillon\n|-boost|p1a: Vivillon|spa|1\n|-boost|p1a: Vivillon|spd|1\n|-boost|p1a: Vivillon|spe|1\n|move|p2a: Suicune|Calm Mind|p2a: Suicune\n|-boost|p2a: Suicune|spa|1\n|-boost|p2a: Suicune|spd|1\n|\n|-heal|p2a: Suicune|298/298|[from] item: Leftovers\n|upkeep\n|turn|18\n|\n|t:|1733789083\n|move|p1a: Vivillon|Quiver Dance|p1a: Vivillon\n|-boost|p1a: Vivillon|spa|1\n|-boost|p1a: Vivillon|spd|1\n|-boost|p1a: Vivillon|spe|1\n|move|p2a: Suicune|Calm Mind|p2a: Suicune\n|-boost|p2a: Suicune|spa|1\n|-boost|p2a: Suicune|spd|1\n|\n|upkeep\n|turn|19\n|\n|t:|1733789085\n|move|p1a: Vivillon|Quiver Dance|p1a: Vivillon\n|-boost|p1a: Vivillon|spa|1\n|-boost|p1a: Vivillon|spd|1\n|-boost|p1a: Vivillon|spe|1\n|move|p2a: Suicune|Calm Mind|p2a: Suicune\n|-boost|p2a: Suicune|spa|1\n|-boost|p2a: Suicune|spd|1\n|\n|upkeep\n|turn|20\n|\n|t:|1733789093\n|move|p1a: Vivillon|Bug Buzz|p2a: Suicune\n|-damage|p2a: Suicune|228/298\n|move|p2a: Suicune|Scald|p1a: Vivillon\n|-damage|p1a: Vivillon|160/272\n|\n|-heal|p2a: Suicune|246/298|[from] item: Leftovers\n|upkeep\n|turn|21\n|\n|t:|1733789101\n|move|p1a: Vivillon|Bug Buzz|p2a: Suicune\n|-damage|p2a: Suicune|168/298\n|move|p2a: Suicune|Scald|p1a: Vivillon\n|-damage|p1a: Vivillon|43/272\n|-status|p1a: Vivillon|brn\n|\n|-heal|p2a: Suicune|186/298|[from] item: Leftovers\n|-damage|p1a: Vivillon|26/272 brn|[from] brn\n|upkeep\n|turn|22\n|\n|t:|1733789104\n|move|p2a: Suicune|Protect|p2a: Suicune\n|-singleturn|p2a: Suicune|Protect\n|move|p1a: Vivillon|Bug Buzz|p2a: Suicune\n|-activate|p2a: Suicune|move: Protect\n|\n|-heal|p2a: Suicune|204/298|[from] item: Leftovers\n|-damage|p1a: Vivillon|9/272 brn|[from] brn\n|upkeep\n|turn|23\n|\n|t:|1733789115\n|-terastallize|p2a: Suicune|Steel\n|move|p2a: Suicune|Protect|p2a: Suicune\n|-singleturn|p2a: Suicune|Protect\n|move|p1a: Vivillon|Bug Buzz|p2a: Suicune\n|-activate|p2a: Suicune|move: Protect\n|\n|-heal|p2a: Suicune|222/298|[from] item: Leftovers\n|-damage|p1a: Vivillon|0 fnt|[from] brn\n|faint|p1a: Vivillon\n|upkeep\n|\n|t:|1733789121\n|switch|p1a: Misdreavus|Misdreavus, L90, M|167/254\n|turn|24\n|\n|t:|1733789126\n|move|p1a: Misdreavus|Shadow Ball|p2a: Suicune\n|-activate|p2a: Suicune|move: Substitute|[damage]\n|move|p2a: Suicune|Scald|p1a: Misdreavus\n|-crit|p1a: Misdreavus\n|-damage|p1a: Misdreavus|0 fnt\n|faint|p1a: Misdreavus\n|\n|-heal|p2a: Suicune|240/298|[from] item: Leftovers\n|upkeep\n|\n|t:|1733789137\n|switch|p1a: Whiscash|Whiscash, L88, F|337/337\n|turn|25\n|\n|t:|1733789141\n|move|p2a: Suicune|Scald|p1a: Whiscash\n|-damage|p1a: Whiscash|16/337\n|move|p1a: Whiscash|Earthquake|p2a: Suicune\n|-supereffective|p2a: Suicune\n|-end|p2a: Suicune|Substitute\n|\n|-heal|p2a: Suicune|258/298|[from] item: Leftovers\n|-heal|p1a: Whiscash|37/337|[from] item: Leftovers\n|upkeep\n|turn|26\n|\n|t:|1733789148\n|move|p2a: Suicune|Protect|p2a: Suicune\n|-singleturn|p2a: Suicune|Protect\n|move|p1a: Whiscash|Earthquake|p2a: Suicune\n|-activate|p2a: Suicune|move: Protect\n|\n|-heal|p2a: Suicune|276/298|[from] item: Leftovers\n|-heal|p1a: Whiscash|58/337|[from] item: Leftovers\n|upkeep\n|turn|27\n|\n|t:|1733789152\n|move|p2a: Suicune|Scald|p1a: Whiscash\n|-damage|p1a: Whiscash|0 fnt\n|faint|p1a: Whiscash\n|\n|-heal|p2a: Suicune|294/298|[from] item: Leftovers\n|upkeep\n|\n|t:|1733789159\n|switch|p1a: Beartic|Beartic, L91, F|321/321\n|turn|28\n|\n|t:|1733789164\n|move|p1a: Beartic|Aqua Jet|p2a: Suicune\n|-damage|p2a: Suicune|239/298\n|move|p2a: Suicune|Scald|p1a: Beartic\n|-damage|p1a: Beartic|42/321\n|\n|-heal|p2a: Suicune|257/298|[from] item: Leftovers\n|upkeep\n|turn|29\n|\n|t:|1733789171\n|move|p2a: Suicune|Protect|p2a: Suicune\n|-singleturn|p2a: Suicune|Protect\n|move|p1a: Beartic|Aqua Jet|p2a: Suicune\n|-activate|p2a: Suicune|move: Protect\n|\n|-heal|p2a: Suicune|275/298|[from] item: Leftovers\n|upkeep\n|turn|30\n|\n|t:|1733789175\n|move|p1a: Beartic|Aqua Jet|p2a: Suicune\n|-damage|p2a: Suicune|222/298\n|move|p2a: Suicune|Substitute|p2a: Suicune\n|-start|p2a: Suicune|Substitute\n|-damage|p2a: Suicune|148/298\n|\n|-heal|p2a: Suicune|166/298|[from] item: Leftovers\n|upkeep\n|turn|31\n|\n|t:|1733789178\n|move|p1a: Beartic|Aqua Jet|p2a: Suicune\n|-activate|p2a: Suicune|move: Substitute|[damage]\n|move|p2a: Suicune|Scald|p1a: Beartic\n|-damage|p1a: Beartic|0 fnt\n|faint|p1a: Beartic\n|\n|-heal|p2a: Suicune|184/298|[from] item: Leftovers\n|upkeep\n|\n|t:|1733789181\n|switch|p1a: Arbok|Arbok, L87, F|246/246\n|-ability|p1a: Arbok|Intimidate|boost\n|-immune|p2a: Suicune\n|turn|32\n|\n|t:|1733789185\n|-terastallize|p1a: Arbok|Grass\n|move|p1a: Arbok|Trailblaze|p2a: Suicune\n|-resisted|p2a: Suicune\n|-end|p2a: Suicune|Substitute\n|-boost|p1a: Arbok|spe|1\n|move|p2a: Suicune|Scald|p1a: Arbok\n|-resisted|p1a: Arbok\n|-damage|p1a: Arbok|102/246\n|\n|-heal|p1a: Arbok|117/246|[from] item: Leftovers\n|-heal|p2a: Suicune|202/298|[from] item: Leftovers\n|upkeep\n|turn|33\n|\n|t:|1733789195\n|move|p1a: Arbok|Earthquake|p2a: Suicune\n|-supereffective|p2a: Suicune\n|-damage|p2a: Suicune|86/298\n|move|p2a: Suicune|Scald|p1a: Arbok\n|-resisted|p1a: Arbok\n|-damage|p1a: Arbok|0 fnt\n|faint|p1a: Arbok\n|\n|win|Oh didufghA\n|raw|Jaddu's rating: 1422 &rarr; <strong>1402</strong><br />(-20 for losing)\n|raw|Oh didufghA's rating: 1417 &rarr; <strong>1437</strong><br />(+20 for winning)\n|l|\u2606Jaddu\n|player|p1|\n", "inputlog": ">version bfd83cad13791eb5a5a409923076391caf6fb4d4\n>start {\"formatid\":\"gen9randombattle\",\"seed\":[58269,26774,51624,6769],\"rated\":\"Rated battle\"}\n>player p1 {\"name\":\"Jaddu\",\"avatar\":\"teamrocket\",\"rating\":1422,\"seed\":[62492,50948,57794,38297]}\n>player p2 {\"name\":\"Oh didufghA\",\"avatar\":\"102\",\"rating\":1417,\"seed\":[14794,34748,16181,36053]}\n>p1 switch 3\n>p2 move substitute\n>p1 move crunch\n>p2 move moonblast\n>p1 move crunch\n>p2 move substitute\n>p1 move crunch\n>p2 move moonblast\n>p1 switch 2\n>p1 move shadowball\n>p2 move leechseed\n>p1 move willowisp\n>p2 move moonblast\n>p1 switch 3\n>p2 move encore\n>p1 move quiverdance\n>p2 move substitute\n>p1 move quiverdance\n>p2 move encore\n>p1 switch 3\n>p2 switch 2\n>p1 move drainingkiss\n>p2 switch 2\n>p1 move shadowball\n>p2 move leechseed\n>p2 switch 3\n>p1 switch 3\n>p2 move substitute\n>p1 move quiverdance\n>p2 move calmmind\n>p1 move quiverdance\n>p2 move calmmind\n>p1 move quiverdance\n>p2 move calmmind\n>p1 move quiverdance\n>p2 move calmmind\n>p1 move quiverdance\n>p2 move calmmind\n>p1 move quiverdance\n>p2 move calmmind\n>p1 move bugbuzz\n>p2 move scald\n>p1 move bugbuzz\n>p2 move scald\n>p1 move bugbuzz\n>p2 move protect\n>p1 move bugbuzz\n>p2 move protect terastallize\n>p1 switch 3\n>p1 move shadowball\n>p2 move scald\n>p1 switch 6\n>p1 move earthquake\n>p2 move scald\n>p1 move earthquake\n>p2 move protect\n>p1 move earthquake\n>p2 move scald\n>p1 switch 4\n>p1 move aquajet\n>p2 move scald\n>p1 move aquajet\n>p2 move protect\n>p1 move aquajet\n>p2 move substitute\n>p1 move aquajet\n>p2 move scald\n>p1 switch 5\n>p1 move trailblaze terastallize\n>p2 move scald\n>p1 move earthquake\n>p2 move scald", "uploadtime": 1733789207, "views": 10, "formatid": "gen9randombattle", "rating": 1402, "private": 0, "password": null}