{"id": "gen9randombattle-2260440903", "format": "[Gen 9] Random Battle", "players": ["Ceryto", "Silverz0ne"], "log": "|j|\u2606Ceryto\n|j|\u2606Silverz0ne\n|t:|1733851883\n|gametype|singles\n|player|p1|Ceryto|102|2069\n|player|p2|Silverz0ne|1|1969\n|teamsize|p1|6\n|teamsize|p2|6\n|gen|9\n|tier|[Gen 9] Random Battle\n|rated|\n|rule|Species Clause: Limit one of each Pok\u00e9mon\n|rule|HP Percentage Mod: HP is shown in percentages\n|rule|Sleep Clause Mod: Limit one foe put to sleep\n|rule|Illusion Level Mod: Illusion disguises the Pok\u00e9mon's true level\n|\n|t:|1733851883\n|start\n|switch|p1a: Kingdra|Kingdra, L84, F|263/263\n|switch|p2a: Dusknoir|Dusknoir, L89, M|225/225\n|-item|p1a: Kingdra|Life Orb|[from] ability: Frisk|[of] p2a: Dusknoir\n|turn|1\n|\n|t:|1733851896\n|move|p1a: Kingdra|Draco Meteor|p2a: Dusknoir\n|-damage|p2a: Dusknoir|103/225\n|-unboost|p1a: Kingdra|spa|2\n|-damage|p1a: Kingdra|237/263|[from] item: Life Orb\n|move|p2a: Dusknoir|Poltergeist|p1a: Kingdra\n|-activate|p1a: Kingdra|move: Poltergeist|Life Orb\n|-damage|p1a: Kingdra|122/263\n|\n|-heal|p2a: Dusknoir|117/225|[from] item: Leftovers\n|upkeep\n|turn|2\n|inactive|Battle timer is ON: inactive players will automatically lose when time's up. (requested by Ceryto)\n|\n|t:|1733851908\n|move|p1a: Kingdra|Wave Crash|p2a: Dusknoir\n|-damage|p2a: Dusknoir|8/225\n|-damage|p1a: Kingdra|86/263|[from] Recoil\n|-damage|p1a: Kingdra|60/263|[from] item: Life Orb\n|move|p2a: Dusknoir|Poltergeist|p1a: Kingdra|[miss]\n|-miss|p2a: Dusknoir|p1a: Kingdra\n|\n|-heal|p2a: Dusknoir|22/225|[from] item: Leftovers\n|upkeep\n|turn|3\n|\n|t:|1733851917\n|move|p2a: Dusknoir|Shadow Sneak|p1a: Kingdra\n|-damage|p1a: Kingdra|14/263\n|move|p1a: Kingdra|Wave Crash|p2a: Dusknoir\n|-damage|p2a: Dusknoir|0 fnt\n|faint|p2a: Dusknoir\n|-damage|p1a: Kingdra|7/263|[from] Recoil\n|-damage|p1a: Kingdra|0 fnt|[from] item: Life Orb\n|faint|p1a: Kingdra\n|\n|upkeep\n|\n|t:|1733851926\n|switch|p1a: Ariados|Ariados, L95, F|287/287\n|switch|p2a: Grafaiai|Grafaiai, L86, M|249/249\n|turn|4\n|\n|t:|1733851932\n|move|p2a: Grafaiai|Knock Off|p1a: Ariados\n|-damage|p1a: Ariados|219/287\n|-enditem|p1a: Ariados|Heavy-Duty Boots|[from] move: Knock Off|[of] p2a: Grafaiai\n|move|p1a: Ariados|Sticky Web|p2a: Grafaiai\n|-sidestart|p2: Silverz0ne|move: Sticky Web\n|\n|upkeep\n|turn|5\n|\n|t:|1733851937\n|switch|p1a: Klefki|Klefki, L84, F|233/233\n|move|p2a: Grafaiai|Encore||[still]\n|-fail|p2a: Grafaiai\n|\n|upkeep\n|turn|6\n|\n|t:|1733851942\n|move|p1a: Klefki|Spikes|p2a: Grafaiai\n|-sidestart|p2: Silverz0ne|Spikes\n|move|p2a: Grafaiai|Knock Off|p1a: Klefki\n|-resisted|p1a: Klefki\n|-damage|p1a: Klefki|195/233\n|-enditem|p1a: Klefki|Leftovers|[from] move: Knock Off|[of] p2a: Grafaiai\n|\n|upkeep\n|turn|7\n|\n|t:|1733851947\n|move|p2a: Grafaiai|Parting Shot|p1a: Klefki\n|-unboost|p1a: Klefki|atk|1\n|-unboost|p1a: Klefki|spa|1\n|\n|t:|1733851954\n|switch|p2a: Metagross|Metagross, L79|256/256|[from] Parting Shot\n|-activate|p2a: Metagross|move: Sticky Web\n|-fail|p2a: Metagross|unboost|[from] ability: Clear Body|[of] p2a: Metagross\n|-damage|p2a: Metagross|224/256|[from] Spikes\n|move|p1a: Klefki|Spikes|p2a: Metagross\n|-sidestart|p2: Silverz0ne|Spikes\n|\n|upkeep\n|turn|8\n|\n|t:|1733851961\n|move|p1a: Klefki|Thunder Wave|p2a: Metagross|[miss]\n|-miss|p1a: Klefki|p2a: Metagross\n|move|p2a: Metagross|Agility|p2a: Metagross\n|-boost|p2a: Metagross|spe|2\n|\n|upkeep\n|turn|9\n|\n|t:|1733851964\n|-terastallize|p2a: Metagross|Ground\n|move|p1a: Klefki|Thunder Wave|p2a: Metagross\n|-immune|p2a: Metagross\n|move|p2a: Metagross|Earthquake|p1a: Klefki\n|-supereffective|p1a: Klefki\n|-damage|p1a: Klefki|0 fnt\n|faint|p1a: Klefki\n|\n|upkeep\n|c|\u2606Ceryto|awe\n|c|\u2606Ceryto|some\n|c|\u2606Ceryto|game\n|\n|t:|1733851976\n|switch|p1a: Houndstone|Houndstone, L86, F|264/264\n|turn|10\n|\n|t:|1733851981\n|move|p2a: Metagross|Knock Off|p1a: Houndstone\n|-supereffective|p1a: Houndstone\n|-damage|p1a: Houndstone|198/264\n|-enditem|p1a: Houndstone|Choice Band|[from] move: Knock Off|[of] p2a: Metagross\n|move|p1a: Houndstone|Poltergeist|p2a: Metagross\n|-activate|p2a: Metagross|move: Poltergeist|Weakness Policy\n|-crit|p2a: Metagross\n|-damage|p2a: Metagross|67/256\n|\n|upkeep\n|turn|11\n|\n|t:|1733851988\n|move|p2a: Metagross|Heavy Slam|p1a: Houndstone\n|-damage|p1a: Houndstone|134/264\n|move|p1a: Houndstone|Poltergeist|p2a: Metagross\n|-activate|p2a: Metagross|move: Poltergeist|Weakness Policy\n|-damage|p2a: Metagross|0 fnt\n|faint|p2a: Metagross\n|\n|upkeep\n|\n|t:|1733851992\n|switch|p2a: Grafaiai|Grafaiai, L86, M|249/249\n|turn|12\n|\n|t:|1733851997\n|switch|p1a: Ariados|Ariados, L95, F|219/287\n|move|p2a: Grafaiai|Knock Off|p1a: Ariados\n|-damage|p1a: Ariados|168/287\n|\n|upkeep\n|turn|13\n|\n|t:|1733852005\n|move|p2a: Grafaiai|Parting Shot|p1a: Ariados\n|-unboost|p1a: Ariados|atk|1\n|-unboost|p1a: Ariados|spa|1\n|\n|t:|1733852010\n|switch|p2a: Iron Hands|Iron Hands, L79|373/373|[from] Parting Shot\n|-activate|p2a: Iron Hands|move: Sticky Web\n|-unboost|p2a: Iron Hands|spe|1\n|-damage|p2a: Iron Hands|311/373|[from] Spikes\n|move|p1a: Ariados|Megahorn|p2a: Iron Hands\n|-resisted|p2a: Iron Hands\n|-damage|p2a: Iron Hands|266/373\n|\n|upkeep\n|turn|14\n|\n|t:|1733852022\n|move|p1a: Ariados|Poison Jab|p2a: Iron Hands\n|-damage|p2a: Iron Hands|205/373\n|move|p2a: Iron Hands|Thunder Punch|p1a: Ariados\n|-crit|p1a: Ariados\n|-damage|p1a: Ariados|23/287\n|\n|upkeep\n|turn|15\n|\n|t:|1733852028\n|move|p1a: Ariados|Poison Jab|p2a: Iron Hands\n|-damage|p2a: Iron Hands|138/373\n|-status|p2a: Iron Hands|psn\n|move|p2a: Iron Hands|Thunder Punch|p1a: Ariados\n|-damage|p1a: Ariados|0 fnt\n|faint|p1a: Ariados\n|\n|-damage|p2a: Iron Hands|92/373 psn|[from] psn\n|upkeep\n|\n|t:|1733852036\n|switch|p1a: Iron Moth|Iron Moth, L78|253/253\n|turn|16\n|\n|t:|1733852041\n|move|p1a: Iron Moth|Fiery Dance|p2a: Iron Hands\n|-damage|p2a: Iron Hands|13/373 psn\n|move|p2a: Iron Hands|Thunder Punch|p1a: Iron Moth\n|-damage|p1a: Iron Moth|120/253\n|\n|-damage|p2a: Iron Hands|0 fnt|[from] psn\n|faint|p2a: Iron Hands\n|-end|p2a: Iron Hands|Quark Drive|[silent]\n|upkeep\n|\n|t:|1733852045\n|switch|p2a: Wyrdeer|Wyrdeer, L87, M|321/321\n|-activate|p2a: Wyrdeer|move: Sticky Web\n|-unboost|p2a: Wyrdeer|spe|1\n|-damage|p2a: Wyrdeer|268/321|[from] Spikes\n|-ability|p2a: Wyrdeer|Intimidate|boost\n|-unboost|p1a: Iron Moth|atk|1\n|turn|17\n|\n|t:|1733852048\n|move|p1a: Iron Moth|U-turn|p2a: Wyrdeer\n|-supereffective|p2a: Wyrdeer\n|-damage|p2a: Wyrdeer|216/321\n|\n|t:|1733852052\n|-end|p1a: Iron Moth|Quark Drive|[silent]\n|switch|p1a: Houndstone|Houndstone, L86, F|134/264|[from] U-turn\n|move|p2a: Wyrdeer|Psychic Noise|p1a: Houndstone\n|-damage|p1a: Houndstone|52/264\n|-start|p1a: Houndstone|move: Heal Block\n|\n|-heal|p2a: Wyrdeer|236/321|[from] item: Leftovers\n|upkeep\n|turn|18\n|\n|t:|1733852060\n|move|p1a: Houndstone|Body Press|p2a: Wyrdeer\n|-damage|p2a: Wyrdeer|167/321\n|move|p2a: Wyrdeer|Psychic Noise|p1a: Houndstone\n|-damage|p1a: Houndstone|0 fnt\n|faint|p1a: Houndstone\n|\n|-heal|p2a: Wyrdeer|187/321|[from] item: Leftovers\n|upkeep\n|\n|t:|1733852064\n|switch|p1a: Gurdurr|Gurdurr, L85, M|283/283\n|turn|19\n|\n|t:|1733852070\n|-terastallize|p1a: Gurdurr|Steel\n|move|p1a: Gurdurr|Knock Off|p2a: Wyrdeer\n|-supereffective|p2a: Wyrdeer\n|-damage|p2a: Wyrdeer|23/321\n|-enditem|p2a: Wyrdeer|Leftovers|[from] move: Knock Off|[of] p1a: Gurdurr\n|move|p2a: Wyrdeer|Thunder Wave|p1a: Gurdurr\n|-status|p1a: Gurdurr|par\n|\n|upkeep\n|turn|20\n|\n|t:|1733852075\n|move|p1a: Gurdurr|Mach Punch|p2a: Wyrdeer\n|-damage|p2a: Wyrdeer|0 fnt\n|faint|p2a: Wyrdeer\n|\n|upkeep\n|\n|t:|1733852079\n|switch|p2a: Clawitzer|Clawitzer, L87, M|265/265\n|-activate|p2a: Clawitzer|move: Sticky Web\n|-unboost|p2a: Clawitzer|spe|1\n|-damage|p2a: Clawitzer|221/265|[from] Spikes\n|turn|21\n|\n|t:|1733852084\n|move|p2a: Clawitzer|Water Pulse|p1a: Gurdurr\n|-damage|p1a: Gurdurr|96/283 par\n|-start|p1a: Gurdurr|confusion\n|-activate|p1a: Gurdurr|confusion\n|move|p1a: Gurdurr|Drain Punch|p2a: Clawitzer\n|-damage|p2a: Clawitzer|89/265\n|-heal|p1a: Gurdurr|162/283 par|[from] drain|[of] p2a: Clawitzer\n|\n|upkeep\n|turn|22\n|\n|t:|1733852092\n|-end|p1a: Gurdurr|confusion\n|cant|p1a: Gurdurr|par\n|move|p2a: Clawitzer|Water Pulse|p1a: Gurdurr\n|-damage|p1a: Gurdurr|0 fnt\n|faint|p1a: Gurdurr\n|\n|upkeep\n|\n|t:|1733852101\n|switch|p1a: Iron Moth|Iron Moth, L78|120/253\n|turn|23\n|c|\u2606Ceryto|this game is fcking stupid\n|\n|t:|1733852113\n|move|p1a: Iron Moth|Fiery Dance|p2a: Clawitzer\n|-resisted|p2a: Clawitzer\n|-damage|p2a: Clawitzer|40/265\n|-boost|p1a: Iron Moth|spa|1\n|move|p2a: Clawitzer|Water Pulse|p1a: Iron Moth\n|-supereffective|p1a: Iron Moth\n|-damage|p1a: Iron Moth|0 fnt\n|faint|p1a: Iron Moth\n|-end|p1a: Iron Moth|Quark Drive|[silent]\n|\n|win|Silverz0ne\n", "inputlog": ">version bfd83cad13791eb5a5a409923076391caf6fb4d4\n>start {\"formatid\":\"gen9randombattle\",\"seed\":[54691,8709,59524,13952],\"rated\":\"Rated battle\"}\n>player p1 {\"name\":\"Ceryto\",\"avatar\":\"102\",\"rating\":2069,\"seed\":[54766,1328,12117,55332]}\n>player p2 {\"name\":\"Silverz0ne\",\"avatar\":\"1\",\"rating\":1969,\"seed\":[45879,23569,12908,41372]}\n>p1 move dracometeor\n>p2 move poltergeist\n>p1 move wavecrash\n>p2 move poltergeist\n>p1 move wavecrash\n>p2 move shadowsneak\n>p1 switch 3\n>p2 switch 6\n>p1 move stickyweb\n>p2 move knockoff\n>p1 switch 2\n>p2 move encore\n>p1 move spikes\n>p2 move knockoff\n>p1 move spikes\n>p2 move partingshot\n>p2 switch 5\n>p1 move thunderwave\n>p2 move agility\n>p1 move thunderwave\n>p2 move earthquake terastallize\n>chat \u2606Ceryto|awe\n>chat \u2606Ceryto|some\n>chat \u2606Ceryto|game\n>p1 switch 5\n>p1 move poltergeist\n>p2 move knockoff\n>p1 move poltergeist\n>p2 move heavyslam\n>p2 switch 5\n>p1 switch 2\n>p2 move knockoff\n>p1 move megahorn\n>p2 move partingshot\n>p2 switch 4\n>p1 move poisonjab\n>p2 move thunderpunch\n>p1 move poisonjab\n>p2 move thunderpunch\n>p1 switch 6\n>p1 move fierydance\n>p2 move thunderpunch\n>p2 switch 3\n>p1 move uturn\n>p2 move psychicnoise\n>p1 switch 2\n>p1 move bodypress\n>p2 move psychicnoise\n>p1 switch 4\n>p1 move knockoff terastallize\n>p2 move thunderwave\n>p1 move machpunch\n>p2 move earthquake\n>p2 switch 2\n>p1 move drainpunch\n>p2 move waterpulse\n>p1 move machpunch\n>p2 move waterpulse\n>p1 switch 2\n>chat \u2606Ceryto|this game is fcking stupid\n>p1 move fierydance\n>p2 move waterpulse", "uploadtime": 1733852111, "views": 1, "formatid": "gen9randombattle", "rating": null, "private": 0, "password": null}