{"id": "gen9randombattle-2260677806", "format": "[Gen 9] Random Battle", "players": ["nonpker", "Micael Lopes"], "log": "|j|\u2606nonpker\n|j|\u2606Micael Lopes\n|t:|1733877288\n|gametype|singles\n|player|p1|nonpker|ruinmaniac|1860\n|player|p2|Micael Lopes|benga|1934\n|teamsize|p1|6\n|teamsize|p2|6\n|gen|9\n|tier|[Gen 9] Random Battle\n|rated|\n|rule|Species Clause: Limit one of each Pok\u00e9mon\n|rule|HP Percentage Mod: HP is shown in percentages\n|rule|Sleep Clause Mod: Limit one foe put to sleep\n|rule|Illusion Level Mod: Illusion disguises the Pok\u00e9mon's true level\n|\n|t:|1733877288\n|start\n|switch|p1a: Phione|Phione, L91|293/293\n|switch|p2a: Iron Hands|Iron Hands, L79|373/373\n|turn|1\n|inactive|Battle timer is ON: inactive players will automatically lose when time's up. (requested by Micael Lopes)\n|\n|t:|1733877311\n|switch|p1a: Gouging Fire|Gouging Fire, L74|277/277\n|move|p2a: Iron Hands|Swords Dance|p2a: Iron Hands\n|-boost|p2a: Iron Hands|atk|2\n|\n|upkeep\n|turn|2\n|\n|t:|1733877328\n|move|p1a: Gouging Fire|Outrage|p2a: Iron Hands\n|-damage|p2a: Iron Hands|277/373\n|move|p2a: Iron Hands|Swords Dance|p2a: Iron Hands\n|-boost|p2a: Iron Hands|atk|2\n|\n|-heal|p2a: Iron Hands|300/373|[from] item: Leftovers\n|upkeep\n|turn|3\n|\n|t:|1733877333\n|move|p1a: Gouging Fire|Outrage|p2a: Iron Hands|[from]lockedmove\n|-damage|p2a: Iron Hands|191/373\n|-start|p1a: Gouging Fire|confusion|[fatigue]\n|move|p2a: Iron Hands|Swords Dance|p2a: Iron Hands\n|-boost|p2a: Iron Hands|atk|2\n|\n|-heal|p2a: Iron Hands|214/373|[from] item: Leftovers\n|upkeep\n|turn|4\n|\n|t:|1733877345\n|-end|p1a: Gouging Fire|Protosynthesis|[silent]\n|switch|p1a: Decidueye|Decidueye, L88, F|281/281\n|move|p2a: Iron Hands|Drain Punch|p1a: Decidueye\n|-immune|p1a: Decidueye\n|\n|-heal|p2a: Iron Hands|237/373|[from] item: Leftovers\n|upkeep\n|turn|5\n|\n|t:|1733877351\n|move|p1a: Decidueye|Poltergeist|p2a: Iron Hands\n|-activate|p2a: Iron Hands|move: Poltergeist|Leftovers\n|-damage|p2a: Iron Hands|84/373\n|-damage|p1a: Decidueye|253/281|[from] item: Life Orb\n|move|p2a: Iron Hands|Ice Punch|p1a: Decidueye\n|-supereffective|p1a: Decidueye\n|-damage|p1a: Decidueye|0 fnt\n|faint|p1a: Decidueye\n|\n|-heal|p2a: Iron Hands|107/373|[from] item: Leftovers\n|upkeep\n|\n|t:|1733877366\n|switch|p1a: Rayquaza|Rayquaza, L72|270/270\n|-ability|p1a: Rayquaza|Air Lock\n|turn|6\n|inactive|Micael Lopes has 120 seconds left.\n|\n|t:|1733877418\n|-end|p2a: Iron Hands|Quark Drive|[silent]\n|switch|p2a: Krookodile|Krookodile, L80, F|283/283\n|-ability|p2a: Krookodile|Intimidate|boost\n|-unboost|p1a: Rayquaza|atk|1\n|move|p1a: Rayquaza|Scale Shot|p2a: Krookodile\n|-damage|p2a: Krookodile|261/283\n|-damage|p2a: Krookodile|239/283\n|-damage|p2a: Krookodile|217/283\n|-damage|p2a: Krookodile|195/283\n|-hitcount|p2a: Krookodile|4\n|-unboost|p1a: Rayquaza|def|1\n|-boost|p1a: Rayquaza|spe|1\n|\n|upkeep\n|turn|7\n|\n|t:|1733877447\n|switch|p1a: Dudunsparce|Dudunsparce-Three-Segment, L83, F|343/343\n|move|p2a: Krookodile|Stealth Rock|p1a: Dudunsparce\n|-sidestart|p1: nonpker|move: Stealth Rock\n|\n|upkeep\n|turn|8\n|\n|t:|1733877458\n|switch|p2a: Sableye|Sableye, L89, M|234/234\n|move|p1a: Dudunsparce|Glare|p2a: Sableye\n|-status|p2a: Sableye|par\n|\n|upkeep\n|turn|9\n|\n|t:|1733877470\n|switch|p1a: Gouging Fire|Gouging Fire, L74|277/277\n|move|p2a: Sableye|Knock Off|p1a: Gouging Fire\n|-damage|p1a: Gouging Fire|196/277\n|-enditem|p1a: Gouging Fire|Heavy-Duty Boots|[from] move: Knock Off|[of] p2a: Sableye\n|\n|upkeep\n|turn|10\n|\n|t:|1733877476\n|switch|p2a: Krookodile|Krookodile, L80, F|195/283\n|-ability|p2a: Krookodile|Intimidate|boost\n|-unboost|p1a: Gouging Fire|atk|1\n|move|p1a: Gouging Fire|Dragon Dance|p1a: Gouging Fire\n|-boost|p1a: Gouging Fire|atk|1\n|-boost|p1a: Gouging Fire|spe|1\n|\n|upkeep\n|turn|11\n|\n|t:|1733877486\n|-terastallize|p1a: Gouging Fire|Fairy\n|move|p1a: Gouging Fire|Dragon Dance|p1a: Gouging Fire\n|-boost|p1a: Gouging Fire|atk|1\n|-boost|p1a: Gouging Fire|spe|1\n|move|p2a: Krookodile|Earthquake|p1a: Gouging Fire\n|-damage|p1a: Gouging Fire|62/277\n|-damage|p2a: Krookodile|167/283|[from] item: Life Orb\n|\n|upkeep\n|turn|12\n|\n|t:|1733877496\n|move|p1a: Gouging Fire|Heat Crash|p2a: Krookodile\n|-damage|p2a: Krookodile|0 fnt\n|faint|p2a: Krookodile\n|\n|upkeep\n|\n|t:|1733877500\n|switch|p2a: Politoed|Politoed, L88, F|302/302\n|-weather|RainDance|[from] ability: Drizzle|[of] p2a: Politoed\n|turn|13\n|\n|t:|1733877507\n|move|p1a: Gouging Fire|Outrage|p2a: Politoed\n|-damage|p2a: Politoed|128/302\n|move|p2a: Politoed|Weather Ball|p1a: Gouging Fire\n|-damage|p1a: Gouging Fire|0 fnt\n|faint|p1a: Gouging Fire\n|-end|p1a: Gouging Fire|Protosynthesis|[silent]\n|\n|-weather|RainDance|[upkeep]\n|upkeep\n|\n|t:|1733877511\n|switch|p1a: Serperior|Serperior, L79, M|248/248\n|-damage|p1a: Serperior|217/248|[from] Stealth Rock\n|turn|14\n|\n|t:|1733877515\n|switch|p2a: Flareon|Flareon, L90, M|263/263\n|move|p1a: Serperior|Leaf Storm|p2a: Flareon\n|-resisted|p2a: Flareon\n|-damage|p2a: Flareon|223/263\n|-boost|p1a: Serperior|spa|2\n|\n|-weather|RainDance|[upkeep]\n|-heal|p1a: Serperior|232/248|[from] item: Leftovers\n|-status|p2a: Flareon|tox|[from] item: Toxic Orb\n|upkeep\n|turn|15\n|\n|t:|1733877523\n|move|p1a: Serperior|Substitute|p1a: Serperior\n|-start|p1a: Serperior|Substitute\n|-damage|p1a: Serperior|170/248\n|move|p2a: Flareon|Trailblaze|p1a: Serperior\n|-resisted|p1a: Serperior\n|-crit|p1a: Serperior\n|-activate|p1a: Serperior|move: Substitute|[damage]\n|-boost|p2a: Flareon|spe|1\n|\n|-weather|RainDance|[upkeep]\n|-heal|p1a: Serperior|185/248|[from] item: Leftovers\n|-damage|p2a: Flareon|207/263 tox|[from] psn\n|upkeep\n|turn|16\n|\n|t:|1733877536\n|move|p2a: Flareon|Facade|p1a: Serperior\n|-end|p1a: Serperior|Substitute\n|move|p1a: Serperior|Leaf Storm|p2a: Flareon\n|-resisted|p2a: Flareon\n|-damage|p2a: Flareon|131/263 tox\n|-boost|p1a: Serperior|spa|2\n|\n|-weather|RainDance|[upkeep]\n|-heal|p1a: Serperior|200/248|[from] item: Leftovers\n|-damage|p2a: Flareon|99/263 tox|[from] psn\n|upkeep\n|turn|17\n|inactive|nonpker has 120 seconds left.\n|\n|t:|1733877567\n|move|p2a: Flareon|Facade|p1a: Serperior\n|-damage|p1a: Serperior|2/248\n|move|p1a: Serperior|Leaf Storm|p2a: Flareon\n|-resisted|p2a: Flareon\n|-damage|p2a: Flareon|0 fnt\n|-boost|p1a: Serperior|spa|2\n|faint|p2a: Flareon\n|\n|-weather|none\n|-heal|p1a: Serperior|17/248|[from] item: Leftovers\n|upkeep\n|\n|t:|1733877574\n|switch|p2a: Rampardos|Rampardos, L90, F|321/321\n|turn|18\n|\n|t:|1733877584\n|move|p2a: Rampardos|Fire Punch|p1a: Serperior\n|-supereffective|p1a: Serperior\n|-damage|p1a: Serperior|0 fnt\n|faint|p1a: Serperior\n|\n|upkeep\n|\n|t:|1733877587\n|switch|p1a: Phione|Phione, L91|293/293\n|-damage|p1a: Phione|257/293|[from] Stealth Rock\n|turn|19\n|\n|t:|1733877591\n|switch|p2a: Sableye|Sableye, L89, M|234/234 par\n|move|p1a: Phione|Take Heart|p1a: Phione\n|-boost|p1a: Phione|spa|1\n|-boost|p1a: Phione|spd|1\n|\n|-heal|p1a: Phione|275/293|[from] item: Leftovers\n|upkeep\n|turn|20\n|\n|t:|1733877594\n|move|p2a: Sableye|Encore|p1a: Phione\n|-start|p1a: Phione|Encore\n|move|p1a: Phione|Take Heart|p1a: Phione\n|-boost|p1a: Phione|spa|1\n|-boost|p1a: Phione|spd|1\n|\n|-heal|p1a: Phione|293/293|[from] item: Leftovers\n|upkeep\n|turn|21\n|\n|t:|1733877598\n|move|p1a: Phione|Take Heart|p1a: Phione\n|-boost|p1a: Phione|spa|1\n|-boost|p1a: Phione|spd|1\n|cant|p2a: Sableye|par\n|\n|upkeep\n|turn|22\n|\n|t:|1733877602\n|move|p1a: Phione|Take Heart|p1a: Phione\n|-boost|p1a: Phione|spa|1\n|-boost|p1a: Phione|spd|1\n|move|p2a: Sableye|Knock Off|p1a: Phione\n|-damage|p1a: Phione|191/293\n|-enditem|p1a: Phione|Leftovers|[from] move: Knock Off|[of] p2a: Sableye\n|\n|-end|p1a: Phione|Encore\n|upkeep\n|turn|23\n|\n|t:|1733877605\n|cant|p2a: Sableye|par\n|move|p1a: Phione|Scald|p2a: Sableye\n|-damage|p2a: Sableye|0 fnt\n|faint|p2a: Sableye\n|\n|upkeep\n|\n|t:|1733877610\n|switch|p2a: Rampardos|Rampardos, L90, F|321/321\n|turn|24\n|\n|t:|1733877615\n|-terastallize|p2a: Rampardos|Rock\n|move|p2a: Rampardos|Head Smash|p1a: Phione\n|-damage|p1a: Phione|0 fnt\n|faint|p1a: Phione\n|-damage|p2a: Rampardos|225/321|[from] Recoil\n|\n|upkeep\n|\n|t:|1733877622\n|switch|p1a: Dudunsparce|Dudunsparce-Three-Segment, L83, F|343/343\n|-damage|p1a: Dudunsparce|301/343|[from] Stealth Rock\n|turn|25\n|\n|t:|1733877629\n|move|p2a: Rampardos|Head Smash|p1a: Dudunsparce\n|-damage|p1a: Dudunsparce|0 fnt\n|faint|p1a: Dudunsparce\n|-damage|p2a: Rampardos|74/321|[from] Recoil\n|\n|upkeep\n|\n|t:|1733877633\n|switch|p1a: Rayquaza|Rayquaza, L72|270/270\n|-damage|p1a: Rayquaza|203/270|[from] Stealth Rock\n|-ability|p1a: Rayquaza|Air Lock\n|turn|26\n|\n|t:|1733877640\n|move|p2a: Rampardos|Head Smash|p1a: Rayquaza\n|-supereffective|p1a: Rayquaza\n|-damage|p1a: Rayquaza|0 fnt\n|faint|p1a: Rayquaza\n|-damage|p2a: Rampardos|0 fnt|[from] Recoil\n|faint|p2a: Rampardos\n|\n|win|Micael Lopes\n|raw|nonpker's rating: 1860 &rarr; <strong>1844</strong><br />(-16 for losing)\n|raw|Micael Lopes's rating: 1934 &rarr; <strong>1950</strong><br />(+16 for winning)\n|c|\u2606Micael Lopes|**__Sexy game.__**\n|l|\u2606nonpker\n|player|p1|\n", "inputlog": ">version bfd83cad13791eb5a5a409923076391caf6fb4d4\n>start {\"formatid\":\"gen9randombattle\",\"seed\":[46913,8871,41050,60833],\"rated\":\"Rated battle\"}\n>player p1 {\"name\":\"nonpker\",\"avatar\":\"ruinmaniac\",\"rating\":1860,\"seed\":[48484,4896,5267,62544]}\n>player p2 {\"name\":\"Micael Lopes\",\"avatar\":\"benga\",\"rating\":1934,\"seed\":[15193,45601,57298,18572]}\n>p1 switch 6\n>p2 move swordsdance\n>p1 move outrage\n>p2 move swordsdance\n>p1 move outrage\n>p2 move swordsdance\n>p1 switch 2\n>p2 move drainpunch\n>p1 move poltergeist\n>p2 move icepunch\n>p1 switch 3\n>p1 move scaleshot\n>p2 switch 3\n>p1 switch 5\n>p2 move stealthrock\n>p1 move glare\n>p2 switch 6\n>p1 switch 2\n>p2 move knockoff\n>p1 move dragondance\n>p2 switch 6\n>p1 move dragondance terastallize\n>p2 move earthquake\n>p1 move heatcrash\n>p2 move earthquake\n>p2 switch 5\n>p1 move outrage\n>p2 move weatherball\n>p1 switch 4\n>p1 move leafstorm\n>p2 switch 2\n>p1 move substitute\n>p2 move trailblaze\n>p1 move leafstorm\n>p2 move facade\n>p1 move leafstorm\n>p2 move facade\n>p2 switch 4\n>p1 move leafstorm\n>p2 move firepunch\n>p1 switch 6\n>p1 move takeheart\n>p2 switch 6\n>p1 move takeheart\n>p2 move encore\n>p1 move takeheart\n>p2 move knockoff\n>p1 move takeheart\n>p2 move knockoff\n>p1 move scald\n>p2 move encore\n>p2 switch 6\n>p1 move scald\n>p2 move headsmash terastallize\n>p1 switch 2\n>p1 move glare\n>p2 move headsmash\n>p1 switch 5\n>p1 move scaleshot\n>p2 move headsmash", "uploadtime": 1733877648, "views": 1, "formatid": "gen9randombattle", "rating": 1844, "private": 0, "password": null}