{"id": "gen9randombattle-2260053400", "format": "[Gen 9] Random Battle", "players": ["Navil21", "killpriest"], "log": "|j|\u2606Navil21\n|j|\u2606killpriest\n|t:|1733796155\n|gametype|singles\n|player|p1|Navil21|170|1092\n|player|p2|killpriest|guitarist|1094\n|teamsize|p1|6\n|teamsize|p2|6\n|gen|9\n|tier|[Gen 9] Random Battle\n|rated|\n|rule|Species Clause: Limit one of each Pok\u00e9mon\n|rule|HP Percentage Mod: HP is shown in percentages\n|rule|Sleep Clause Mod: Limit one foe put to sleep\n|rule|Illusion Level Mod: Illusion disguises the Pok\u00e9mon's true level\n|\n|t:|1733796155\n|start\n|switch|p1a: Palossand|Palossand, L89, M|296/296\n|switch|p2a: Gouging Fire|Gouging Fire, L74|277/277\n|turn|1\n|inactive|Battle timer is ON: inactive players will automatically lose when time's up. (requested by killpriest)\n|inactive|killpriest has 120 seconds left.\n|\n|t:|1733796194\n|move|p2a: Gouging Fire|Dragon Dance|p2a: Gouging Fire\n|-boost|p2a: Gouging Fire|atk|1\n|-boost|p2a: Gouging Fire|spe|1\n|move|p1a: Palossand|Earth Power|p2a: Gouging Fire\n|-supereffective|p2a: Gouging Fire\n|-damage|p2a: Gouging Fire|49/277\n|\n|upkeep\n|turn|2\n|\n|t:|1733796203\n|move|p2a: Gouging Fire|Earthquake|p1a: Palossand\n|-crit|p1a: Palossand\n|-damage|p1a: Palossand|181/296\n|move|p1a: Palossand|Earth Power|p2a: Gouging Fire\n|-supereffective|p2a: Gouging Fire\n|-damage|p2a: Gouging Fire|0 fnt\n|faint|p2a: Gouging Fire\n|-end|p2a: Gouging Fire|Protosynthesis|[silent]\n|\n|-heal|p1a: Palossand|199/296|[from] item: Leftovers\n|upkeep\n|\n|t:|1733796222\n|switch|p2a: Poliwrath|Poliwrath, L88, M|302/302\n|turn|3\n|\n|t:|1733796233\n|-terastallize|p1a: Palossand|Water\n|move|p2a: Poliwrath|Knock Off|p1a: Palossand\n|-damage|p1a: Palossand|140/296\n|-enditem|p1a: Palossand|Leftovers|[from] move: Knock Off|[of] p2a: Poliwrath\n|move|p1a: Palossand|Shore Up|p1a: Palossand\n|-heal|p1a: Palossand|288/296\n|\n|upkeep\n|turn|4\n|\n|t:|1733796243\n|move|p2a: Poliwrath|Knock Off|p1a: Palossand\n|-damage|p1a: Palossand|249/296\n|move|p1a: Palossand|Shadow Ball|p2a: Poliwrath\n|-damage|p2a: Poliwrath|242/302\n|-unboost|p2a: Poliwrath|spd|1\n|\n|upkeep\n|turn|5\n|\n|t:|1733796262\n|move|p1a: Palossand|Earth Power|p2a: Poliwrath\n|-damage|p2a: Poliwrath|148/302\n|move|p2a: Poliwrath|Circle Throw|p1a: Palossand\n|-damage|p1a: Palossand|191/296\n|drag|p1a: Gumshoos|Gumshoos, L95, M|321/321\n|\n|upkeep\n|turn|6\n|\n|t:|1733796271\n|switch|p1a: Palossand|Palossand, L89, M, tera:Water|191/296\n|move|p2a: Poliwrath|Close Combat|p1a: Palossand\n|-damage|p1a: Palossand|77/296\n|-unboost|p2a: Poliwrath|def|1\n|-unboost|p2a: Poliwrath|spd|1\n|\n|upkeep\n|turn|7\n|\n|t:|1733796278\n|move|p2a: Poliwrath|Close Combat|p1a: Palossand\n|-damage|p1a: Palossand|0 fnt\n|-unboost|p2a: Poliwrath|def|1\n|-unboost|p2a: Poliwrath|spd|1\n|faint|p1a: Palossand\n|\n|upkeep\n|\n|t:|1733796287\n|switch|p1a: Espeon|Espeon, L84, M|246/246\n|turn|8\n|\n|t:|1733796298\n|move|p1a: Espeon|Psychic|p2a: Poliwrath\n|-supereffective|p2a: Poliwrath\n|-damage|p2a: Poliwrath|0 fnt\n|faint|p2a: Poliwrath\n|-damage|p1a: Espeon|222/246|[from] item: Life Orb\n|\n|upkeep\n|\n|t:|1733796305\n|switch|p2a: Trevenant|Trevenant, L88, M|293/293\n|turn|9\n|\n|t:|1733796312\n|switch|p1a: Gumshoos|Gumshoos, L95, M|321/321\n|move|p2a: Trevenant|Poltergeist|p1a: Gumshoos\n|-immune|p1a: Gumshoos\n|\n|upkeep\n|turn|10\n|\n|t:|1733796322\n|move|p2a: Trevenant|Drain Punch|p1a: Gumshoos\n|-supereffective|p1a: Gumshoos\n|-damage|p1a: Gumshoos|179/321\n|move|p1a: Gumshoos|Knock Off|p2a: Trevenant\n|-supereffective|p2a: Trevenant\n|-damage|p2a: Trevenant|0 fnt\n|-enditem|p2a: Trevenant|Sitrus Berry|[from] move: Knock Off|[of] p1a: Gumshoos\n|faint|p2a: Trevenant\n|\n|upkeep\n|\n|t:|1733796340\n|switch|p2a: Azumarill|Azumarill, L82, M|298/298\n|turn|11\n|c|\u2606Navil21|i fuck and i fuck hard\n|\n|t:|1733796351\n|switch|p1a: Slowking|Slowking-Galar, L85, M|300/300\n|move|p2a: Azumarill|Belly Drum|p2a: Azumarill\n|-damage|p2a: Azumarill|149/298\n|-setboost|p2a: Azumarill|atk|6|[from] move: Belly Drum\n|-enditem|p2a: Azumarill|Sitrus Berry|[eat]\n|-heal|p2a: Azumarill|223/298|[from] item: Sitrus Berry\n|\n|upkeep\n|turn|12\n|\n|t:|1733796372\n|-terastallize|p2a: Azumarill|Water\n|move|p2a: Azumarill|Liquidation|p1a: Slowking\n|-damage|p1a: Slowking|0 fnt\n|faint|p1a: Slowking\n|\n|upkeep\n|\n|t:|1733796388\n|switch|p1a: Gumshoos|Gumshoos, L95, M|179/321\n|turn|13\n|\n|t:|1733796395\n|move|p1a: Gumshoos|Double-Edge|p2a: Azumarill\n|-damage|p2a: Azumarill|0 fnt\n|faint|p2a: Azumarill\n|-damage|p1a: Gumshoos|105/321|[from] Recoil\n|\n|upkeep\n|\n|t:|1733796401\n|switch|p2a: Cresselia|Cresselia, L80, F|323/323\n|turn|14\n|\n|t:|1733796415\n|move|p2a: Cresselia|Psyshock|p1a: Gumshoos\n|-damage|p1a: Gumshoos|35/321\n|move|p1a: Gumshoos|Double-Edge|p2a: Cresselia\n|-damage|p2a: Cresselia|25/323\n|-damage|p1a: Gumshoos|0 fnt|[from] Recoil\n|faint|p1a: Gumshoos\n|\n|-heal|p2a: Cresselia|45/323|[from] item: Leftovers\n|upkeep\n|\n|t:|1733796419\n|switch|p1a: Lycanroc|Lycanroc-Dusk, L80, M|251/251\n|turn|15\n|\n|t:|1733796441\n|move|p1a: Lycanroc|Swords Dance|p1a: Lycanroc\n|-boost|p1a: Lycanroc|atk|2\n|move|p2a: Cresselia|Moonblast|p1a: Lycanroc\n|-damage|p1a: Lycanroc|184/251\n|-unboost|p1a: Lycanroc|spa|1\n|\n|-heal|p2a: Cresselia|65/323|[from] item: Leftovers\n|upkeep\n|turn|16\n|\n|t:|1733796451\n|move|p1a: Lycanroc|Throat Chop|p2a: Cresselia\n|-supereffective|p2a: Cresselia\n|-damage|p2a: Cresselia|0 fnt\n|faint|p2a: Cresselia\n|-damage|p1a: Lycanroc|159/251|[from] item: Life Orb\n|\n|upkeep\n|\n|t:|1733796456\n|switch|p2a: Venomoth|Venomoth, L84, M|255/255\n|turn|17\n|j|%PressPlayBrenden\n|c|%PressPlayBrenden|/log Navil21 was warned by PressPlayBrenden. (inappropriate to say)\n|hidelines|unlink|navil21\n|c|~|/raw If you have questions about this action, please contact staff by making a <a href=\"view-help-request\" class=\"button\">help ticket</a>\n|l|%PressPlayBrenden\n|\n|t:|1733796469\n|move|p1a: Lycanroc|Stone Edge|p2a: Venomoth\n|-supereffective|p2a: Venomoth\n|-damage|p2a: Venomoth|0 fnt\n|faint|p2a: Venomoth\n|-damage|p1a: Lycanroc|134/251|[from] item: Life Orb\n|\n|win|Navil21\n", "inputlog": ">version bfd83cad13791eb5a5a409923076391caf6fb4d4\n>start {\"formatid\":\"gen9randombattle\",\"seed\":[42017,15114,11873,31097],\"rated\":\"Rated battle\"}\n>player p1 {\"name\":\"Navil21\",\"avatar\":\"170\",\"rating\":1092,\"seed\":[6446,63823,51495,33866]}\n>player p2 {\"name\":\"killpriest\",\"avatar\":\"guitarist\",\"rating\":1094,\"seed\":[38648,43414,27903,61821]}\n>p1 move earthpower\n>p2 move dragondance\n>p1 move earthpower\n>p2 move earthquake\n>p2 switch 6\n>p1 move shoreup terastallize\n>p2 move knockoff\n>p1 move shadowball\n>p2 move knockoff\n>p1 move earthpower\n>p2 move circlethrow\n>p1 switch 5\n>p2 move closecombat\n>p1 move shadowball\n>p2 move closecombat\n>p1 switch 2\n>p1 move psychic\n>p2 move knockoff\n>p2 switch 2\n>p1 switch 5\n>p2 move poltergeist\n>p1 move knockoff\n>p2 move drainpunch\n>p2 switch 3\n>chat \u2606Navil21|i fuck and i fuck hard\n>p1 switch 3\n>p2 move bellydrum\n>p1 move sludgebomb\n>p2 move liquidation terastallize\n>p1 switch 3\n>p1 move doubleedge\n>p2 move liquidation\n>p2 switch 5\n>p1 move doubleedge\n>p2 move psyshock\n>p1 switch 4\n>p1 move swordsdance\n>p2 move moonblast\n>p1 move throatchop\n>p2 move psyshock\n>p2 switch 4\n>p1 move stoneedge\n>p2 move sleeppowder", "uploadtime": 1733796340, "views": 6, "formatid": "gen9randombattle", "rating": null, "private": 0, "password": null}