{"id": "gen9randombattle-2259979078", "format": "[Gen 9] Random Battle", "players": ["Colarios", "SadieDraft"], "log": "|j|\u2606Colarios\n|j|\u2606SadieDraft\n|t:|1733786847\n|gametype|singles\n|player|p1|Colarios|2|1341\n|player|p2|SadieDraft|lady|1325\n|teamsize|p1|6\n|teamsize|p2|6\n|gen|9\n|tier|[Gen 9] Random Battle\n|rated|\n|rule|Species Clause: Limit one of each Pok\u00e9mon\n|rule|HP Percentage Mod: HP is shown in percentages\n|rule|Sleep Clause Mod: Limit one foe put to sleep\n|rule|Illusion Level Mod: Illusion disguises the Pok\u00e9mon's true level\n|\n|t:|1733786847\n|start\n|switch|p1a: Mandibuzz|Mandibuzz, L85, F|326/326\n|switch|p2a: Revavroom|Revavroom, L79, M|256/256\n|turn|1\n|inactive|Battle timer is ON: inactive players will automatically lose when time's up. (requested by SadieDraft)\n|inactive|Colarios has 120 seconds left.\n|\n|t:|1733786896\n|-terastallize|p1a: Mandibuzz|Steel\n|move|p2a: Revavroom|Shift Gear|p2a: Revavroom\n|-boost|p2a: Revavroom|spe|2\n|-boost|p2a: Revavroom|atk|1\n|move|p1a: Mandibuzz|Foul Play|p2a: Revavroom\n|-damage|p2a: Revavroom|82/256\n|\n|upkeep\n|turn|2\n|\n|t:|1733786904\n|move|p2a: Revavroom|High Horsepower|p1a: Mandibuzz\n|-supereffective|p1a: Mandibuzz\n|-damage|p1a: Mandibuzz|87/326\n|-damage|p2a: Revavroom|57/256|[from] item: Life Orb\n|move|p1a: Mandibuzz|Foul Play|p2a: Revavroom\n|-damage|p2a: Revavroom|0 fnt\n|faint|p2a: Revavroom\n|\n|upkeep\n|\n|t:|1733786911\n|switch|p2a: Zebstrika|Zebstrika, L87, M|272/272\n|turn|3\n|\n|t:|1733786915\n|move|p2a: Zebstrika|High Horsepower|p1a: Mandibuzz\n|-supereffective|p1a: Mandibuzz\n|-damage|p1a: Mandibuzz|0 fnt\n|faint|p1a: Mandibuzz\n|-damage|p2a: Zebstrika|245/272|[from] item: Life Orb\n|\n|upkeep\n|\n|t:|1733786940\n|switch|p1a: Cacturne|Cacturne, L92, F|278/278\n|turn|4\n|\n|t:|1733786950\n|-terastallize|p2a: Zebstrika|Ground\n|move|p1a: Cacturne|Sucker Punch|p2a: Zebstrika\n|-damage|p2a: Zebstrika|72/272\n|-damage|p1a: Cacturne|251/278|[from] item: Life Orb\n|move|p2a: Zebstrika|Overheat|p1a: Cacturne\n|-supereffective|p1a: Cacturne\n|-damage|p1a: Cacturne|0 fnt\n|-unboost|p2a: Zebstrika|spa|2\n|faint|p1a: Cacturne\n|-damage|p2a: Zebstrika|45/272|[from] item: Life Orb\n|\n|upkeep\n|inactive|Colarios has 120 seconds left.\n|\n|t:|1733786975\n|switch|p1a: Chimecho|Chimecho, L93, F|290/290\n|turn|5\n|inactive|Colarios has 120 seconds left.\n|\n|t:|1733786990\n|move|p2a: Zebstrika|Supercell Slam|p1a: Chimecho\n|-damage|p1a: Chimecho|150/290\n|-damage|p2a: Zebstrika|18/272|[from] item: Life Orb\n|move|p1a: Chimecho|Cosmic Power|p1a: Chimecho\n|-boost|p1a: Chimecho|def|1\n|-boost|p1a: Chimecho|spd|1\n|\n|-heal|p1a: Chimecho|168/290|[from] item: Leftovers\n|upkeep\n|turn|6\n|inactive|Colarios has 120 seconds left.\n|\n|t:|1733787000\n|move|p2a: Zebstrika|Supercell Slam|p1a: Chimecho\n|-damage|p1a: Chimecho|77/290\n|-damage|p2a: Zebstrika|0 fnt|[from] item: Life Orb\n|faint|p2a: Zebstrika\n|move|p1a: Chimecho|Recover|p1a: Chimecho\n|-heal|p1a: Chimecho|222/290\n|\n|-heal|p1a: Chimecho|240/290|[from] item: Leftovers\n|upkeep\n|\n|t:|1733787007\n|switch|p2a: Tsareena|Tsareena, L87, F|267/267\n|turn|7\n|\n|t:|1733787015\n|move|p2a: Tsareena|Triple Axel|p1a: Chimecho\n|-damage|p1a: Chimecho|227/290\n|-damage|p1a: Chimecho|204/290\n|-damage|p1a: Chimecho|171/290\n|-hitcount|p1a: Chimecho|3\n|move|p1a: Chimecho|Cosmic Power|p1a: Chimecho\n|-boost|p1a: Chimecho|def|1\n|-boost|p1a: Chimecho|spd|1\n|\n|-heal|p1a: Chimecho|189/290|[from] item: Leftovers\n|upkeep\n|turn|8\n|\n|t:|1733787025\n|move|p2a: Tsareena|Power Whip|p1a: Chimecho\n|-damage|p1a: Chimecho|113/290\n|move|p1a: Chimecho|Recover|p1a: Chimecho\n|-heal|p1a: Chimecho|258/290\n|\n|-heal|p1a: Chimecho|276/290|[from] item: Leftovers\n|upkeep\n|turn|9\n|\n|t:|1733787033\n|move|p2a: Tsareena|U-turn|p1a: Chimecho\n|-supereffective|p1a: Chimecho\n|-damage|p1a: Chimecho|218/290\n|\n|t:|1733787035\n|switch|p2a: Cresselia|Cresselia, L80, F|323/323|[from] U-turn\n|move|p1a: Chimecho|Cosmic Power|p1a: Chimecho\n|-boost|p1a: Chimecho|def|1\n|-boost|p1a: Chimecho|spd|1\n|\n|-heal|p1a: Chimecho|236/290|[from] item: Leftovers\n|upkeep\n|turn|10\n|\n|t:|1733787050\n|move|p2a: Cresselia|Calm Mind|p2a: Cresselia\n|-boost|p2a: Cresselia|spa|1\n|-boost|p2a: Cresselia|spd|1\n|move|p1a: Chimecho|Dazzling Gleam|p2a: Cresselia\n|-damage|p2a: Cresselia|287/323\n|\n|-heal|p2a: Cresselia|307/323|[from] item: Leftovers\n|-heal|p1a: Chimecho|254/290|[from] item: Leftovers\n|upkeep\n|turn|11\n|\n|t:|1733787061\n|move|p2a: Cresselia|Calm Mind|p2a: Cresselia\n|-boost|p2a: Cresselia|spa|1\n|-boost|p2a: Cresselia|spd|1\n|move|p1a: Chimecho|Stored Power|p2a: Cresselia\n|-resisted|p2a: Cresselia\n|-damage|p2a: Cresselia|272/323\n|\n|-heal|p2a: Cresselia|292/323|[from] item: Leftovers\n|-heal|p1a: Chimecho|272/290|[from] item: Leftovers\n|upkeep\n|turn|12\n|\n|t:|1733787070\n|move|p2a: Cresselia|Calm Mind|p2a: Cresselia\n|-boost|p2a: Cresselia|spa|1\n|-boost|p2a: Cresselia|spd|1\n|move|p1a: Chimecho|Cosmic Power|p1a: Chimecho\n|-boost|p1a: Chimecho|def|1\n|-boost|p1a: Chimecho|spd|1\n|\n|-heal|p2a: Cresselia|312/323|[from] item: Leftovers\n|-heal|p1a: Chimecho|290/290|[from] item: Leftovers\n|upkeep\n|turn|13\n|\n|t:|1733787078\n|move|p2a: Cresselia|Calm Mind|p2a: Cresselia\n|-boost|p2a: Cresselia|spa|1\n|-boost|p2a: Cresselia|spd|1\n|move|p1a: Chimecho|Stored Power|p2a: Cresselia\n|-resisted|p2a: Cresselia\n|-damage|p2a: Cresselia|277/323\n|\n|-heal|p2a: Cresselia|297/323|[from] item: Leftovers\n|upkeep\n|turn|14\n|\n|t:|1733787086\n|move|p2a: Cresselia|Calm Mind|p2a: Cresselia\n|-boost|p2a: Cresselia|spa|1\n|-boost|p2a: Cresselia|spd|1\n|move|p1a: Chimecho|Stored Power|p2a: Cresselia\n|-resisted|p2a: Cresselia\n|-damage|p2a: Cresselia|267/323\n|\n|-heal|p2a: Cresselia|287/323|[from] item: Leftovers\n|upkeep\n|turn|15\n|\n|t:|1733787093\n|move|p2a: Cresselia|Calm Mind|p2a: Cresselia\n|-boost|p2a: Cresselia|spa|1\n|-boost|p2a: Cresselia|spd|1\n|move|p1a: Chimecho|Cosmic Power|p1a: Chimecho\n|-boost|p1a: Chimecho|def|1\n|-boost|p1a: Chimecho|spd|1\n|\n|-heal|p2a: Cresselia|307/323|[from] item: Leftovers\n|upkeep\n|turn|16\n|\n|t:|1733787101\n|move|p2a: Cresselia|Psyshock|p1a: Chimecho\n|-resisted|p1a: Chimecho\n|-damage|p1a: Chimecho|251/290\n|move|p1a: Chimecho|Cosmic Power|p1a: Chimecho\n|-boost|p1a: Chimecho|def|1\n|-boost|p1a: Chimecho|spd|1\n|\n|-heal|p2a: Cresselia|323/323|[from] item: Leftovers\n|-heal|p1a: Chimecho|269/290|[from] item: Leftovers\n|upkeep\n|turn|17\n|\n|t:|1733787110\n|move|p2a: Cresselia|Thunderbolt|p1a: Chimecho\n|-damage|p1a: Chimecho|229/290\n|move|p1a: Chimecho|Stored Power|p2a: Cresselia\n|-resisted|p2a: Cresselia\n|-damage|p2a: Cresselia|287/323\n|\n|-heal|p2a: Cresselia|307/323|[from] item: Leftovers\n|-heal|p1a: Chimecho|247/290|[from] item: Leftovers\n|upkeep\n|turn|18\n|\n|t:|1733787120\n|move|p2a: Cresselia|Thunderbolt|p1a: Chimecho\n|-damage|p1a: Chimecho|203/290\n|-status|p1a: Chimecho|par\n|move|p1a: Chimecho|Stored Power|p2a: Cresselia\n|-resisted|p2a: Cresselia\n|-damage|p2a: Cresselia|274/323\n|\n|-heal|p2a: Cresselia|294/323|[from] item: Leftovers\n|-heal|p1a: Chimecho|221/290 par|[from] item: Leftovers\n|upkeep\n|turn|19\n|\n|t:|1733787129\n|move|p2a: Cresselia|Psyshock|p1a: Chimecho\n|-resisted|p1a: Chimecho\n|-damage|p1a: Chimecho|188/290 par\n|move|p1a: Chimecho|Stored Power|p2a: Cresselia\n|-resisted|p2a: Cresselia\n|-damage|p2a: Cresselia|262/323\n|\n|-heal|p2a: Cresselia|282/323|[from] item: Leftovers\n|-heal|p1a: Chimecho|206/290 par|[from] item: Leftovers\n|upkeep\n|turn|20\n|\n|t:|1733787139\n|move|p2a: Cresselia|Psyshock|p1a: Chimecho\n|-resisted|p1a: Chimecho\n|-damage|p1a: Chimecho|172/290 par\n|move|p1a: Chimecho|Dazzling Gleam|p2a: Cresselia\n|-damage|p2a: Cresselia|267/323\n|\n|-heal|p2a: Cresselia|287/323|[from] item: Leftovers\n|-heal|p1a: Chimecho|190/290 par|[from] item: Leftovers\n|upkeep\n|turn|21\n|\n|t:|1733787147\n|move|p2a: Cresselia|Psyshock|p1a: Chimecho\n|-resisted|p1a: Chimecho\n|-damage|p1a: Chimecho|160/290 par\n|cant|p1a: Chimecho|par\n|\n|-heal|p2a: Cresselia|307/323|[from] item: Leftovers\n|-heal|p1a: Chimecho|178/290 par|[from] item: Leftovers\n|upkeep\n|turn|22\n|\n|t:|1733787155\n|move|p2a: Cresselia|Thunderbolt|p1a: Chimecho\n|-damage|p1a: Chimecho|135/290 par\n|move|p1a: Chimecho|Dazzling Gleam|p2a: Cresselia\n|-damage|p2a: Cresselia|291/323\n|\n|-heal|p2a: Cresselia|311/323|[from] item: Leftovers\n|-heal|p1a: Chimecho|153/290 par|[from] item: Leftovers\n|upkeep\n|turn|23\n|\n|t:|1733787163\n|move|p2a: Cresselia|Thunderbolt|p1a: Chimecho\n|-damage|p1a: Chimecho|113/290 par\n|move|p1a: Chimecho|Dazzling Gleam|p2a: Cresselia\n|-damage|p2a: Cresselia|295/323\n|\n|-heal|p2a: Cresselia|315/323|[from] item: Leftovers\n|-heal|p1a: Chimecho|131/290 par|[from] item: Leftovers\n|upkeep\n|turn|24\n|c|\u2606SadieDraft|i dont think the chimeco wins this friend\n|\n|t:|1733787172\n|move|p2a: Cresselia|Thunderbolt|p1a: Chimecho\n|-damage|p1a: Chimecho|87/290 par\n|move|p1a: Chimecho|Recover|p1a: Chimecho\n|-heal|p1a: Chimecho|232/290 par\n|\n|-heal|p2a: Cresselia|323/323|[from] item: Leftovers\n|-heal|p1a: Chimecho|250/290 par|[from] item: Leftovers\n|upkeep\n|turn|25\n|\n|t:|1733787189\n|move|p2a: Cresselia|Thunderbolt|p1a: Chimecho\n|-damage|p1a: Chimecho|207/290 par\n|cant|p1a: Chimecho|par\n|\n|-heal|p1a: Chimecho|225/290 par|[from] item: Leftovers\n|upkeep\n|turn|26\n|\n|t:|1733787195\n|move|p2a: Cresselia|Thunderbolt|p1a: Chimecho\n|-damage|p1a: Chimecho|182/290 par\n|move|p1a: Chimecho|Recover|p1a: Chimecho\n|-heal|p1a: Chimecho|290/290 par\n|\n|upkeep\n|turn|27\n|\n|t:|1733787200\n|move|p2a: Cresselia|Thunderbolt|p1a: Chimecho\n|-damage|p1a: Chimecho|246/290 par\n|cant|p1a: Chimecho|par\n|\n|-heal|p1a: Chimecho|264/290 par|[from] item: Leftovers\n|upkeep\n|turn|28\n|\n|t:|1733787206\n|move|p2a: Cresselia|Psyshock|p1a: Chimecho\n|-resisted|p1a: Chimecho\n|-damage|p1a: Chimecho|232/290 par\n|move|p1a: Chimecho|Dazzling Gleam|p2a: Cresselia\n|-damage|p2a: Cresselia|308/323\n|\n|-heal|p2a: Cresselia|323/323|[from] item: Leftovers\n|-heal|p1a: Chimecho|250/290 par|[from] item: Leftovers\n|upkeep\n|turn|29\n|\n|t:|1733787214\n|move|p2a: Cresselia|Psyshock|p1a: Chimecho\n|-resisted|p1a: Chimecho\n|-damage|p1a: Chimecho|221/290 par\n|cant|p1a: Chimecho|par\n|\n|-heal|p1a: Chimecho|239/290 par|[from] item: Leftovers\n|upkeep\n|turn|30\n|\n|t:|1733787221\n|move|p2a: Cresselia|Psyshock|p1a: Chimecho\n|-resisted|p1a: Chimecho\n|-crit|p1a: Chimecho\n|-damage|p1a: Chimecho|45/290 par\n|move|p1a: Chimecho|Dazzling Gleam|p2a: Cresselia\n|-damage|p2a: Cresselia|309/323\n|\n|-heal|p2a: Cresselia|323/323|[from] item: Leftovers\n|-heal|p1a: Chimecho|63/290 par|[from] item: Leftovers\n|upkeep\n|turn|31\n|\n|t:|1733787230\n|move|p2a: Cresselia|Thunderbolt|p1a: Chimecho\n|-damage|p1a: Chimecho|21/290 par\n|move|p1a: Chimecho|Recover|p1a: Chimecho\n|-heal|p1a: Chimecho|166/290 par\n|\n|-heal|p1a: Chimecho|184/290 par|[from] item: Leftovers\n|upkeep\n|turn|32\n|\n|t:|1733787237\n|move|p2a: Cresselia|Thunderbolt|p1a: Chimecho\n|-damage|p1a: Chimecho|142/290 par\n|cant|p1a: Chimecho|par\n|\n|-heal|p1a: Chimecho|160/290 par|[from] item: Leftovers\n|upkeep\n|turn|33\n|\n|t:|1733787244\n|move|p2a: Cresselia|Thunderbolt|p1a: Chimecho\n|-damage|p1a: Chimecho|118/290 par\n|move|p1a: Chimecho|Stored Power|p2a: Cresselia\n|-resisted|p2a: Cresselia\n|-damage|p2a: Cresselia|291/323\n|\n|-heal|p2a: Cresselia|311/323|[from] item: Leftovers\n|-heal|p1a: Chimecho|136/290 par|[from] item: Leftovers\n|upkeep\n|turn|34\n|\n|t:|1733787253\n|move|p2a: Cresselia|Thunderbolt|p1a: Chimecho\n|-damage|p1a: Chimecho|89/290 par\n|move|p1a: Chimecho|Recover|p1a: Chimecho\n|-heal|p1a: Chimecho|234/290 par\n|\n|-heal|p2a: Cresselia|323/323|[from] item: Leftovers\n|-heal|p1a: Chimecho|252/290 par|[from] item: Leftovers\n|upkeep\n|turn|35\n|\n|t:|1733787260\n|move|p2a: Cresselia|Psyshock|p1a: Chimecho\n|-resisted|p1a: Chimecho\n|-damage|p1a: Chimecho|223/290 par\n|move|p1a: Chimecho|Dazzling Gleam|p2a: Cresselia\n|-damage|p2a: Cresselia|308/323\n|\n|-heal|p2a: Cresselia|323/323|[from] item: Leftovers\n|-heal|p1a: Chimecho|241/290 par|[from] item: Leftovers\n|upkeep\n|turn|36\n|\n|t:|1733787269\n|move|p2a: Cresselia|Psyshock|p1a: Chimecho\n|-resisted|p1a: Chimecho\n|-damage|p1a: Chimecho|211/290 par\n|cant|p1a: Chimecho|par\n|\n|-heal|p1a: Chimecho|229/290 par|[from] item: Leftovers\n|upkeep\n|turn|37\n|\n|t:|1733787275\n|move|p2a: Cresselia|Psyshock|p1a: Chimecho\n|-resisted|p1a: Chimecho\n|-damage|p1a: Chimecho|199/290 par\n|move|p1a: Chimecho|Dazzling Gleam|p2a: Cresselia\n|-damage|p2a: Cresselia|309/323\n|\n|-heal|p2a: Cresselia|323/323|[from] item: Leftovers\n|-heal|p1a: Chimecho|217/290 par|[from] item: Leftovers\n|upkeep\n|turn|38\n|\n|t:|1733787283\n|move|p2a: Cresselia|Psyshock|p1a: Chimecho\n|-resisted|p1a: Chimecho\n|-damage|p1a: Chimecho|183/290 par\n|move|p1a: Chimecho|Dazzling Gleam|p2a: Cresselia\n|-damage|p2a: Cresselia|309/323\n|\n|-heal|p2a: Cresselia|323/323|[from] item: Leftovers\n|-heal|p1a: Chimecho|201/290 par|[from] item: Leftovers\n|upkeep\n|turn|39\n|\n|t:|1733787292\n|move|p2a: Cresselia|Psyshock|p1a: Chimecho\n|-resisted|p1a: Chimecho\n|-damage|p1a: Chimecho|171/290 par\n|move|p1a: Chimecho|Dazzling Gleam|p2a: Cresselia\n|-damage|p2a: Cresselia|309/323\n|\n|-heal|p2a: Cresselia|323/323|[from] item: Leftovers\n|-heal|p1a: Chimecho|189/290 par|[from] item: Leftovers\n|upkeep\n|turn|40\n|\n|t:|1733787300\n|move|p2a: Cresselia|Psyshock|p1a: Chimecho\n|-resisted|p1a: Chimecho\n|-damage|p1a: Chimecho|158/290 par\n|move|p1a: Chimecho|Dazzling Gleam|p2a: Cresselia\n|-damage|p2a: Cresselia|307/323\n|\n|-heal|p2a: Cresselia|323/323|[from] item: Leftovers\n|-heal|p1a: Chimecho|176/290 par|[from] item: Leftovers\n|upkeep\n|turn|41\n|\n|t:|1733787309\n|move|p2a: Cresselia|Psyshock|p1a: Chimecho\n|-resisted|p1a: Chimecho\n|-damage|p1a: Chimecho|142/290 par\n|move|p1a: Chimecho|Dazzling Gleam|p2a: Cresselia\n|-damage|p2a: Cresselia|308/323\n|\n|-heal|p2a: Cresselia|323/323|[from] item: Leftovers\n|-heal|p1a: Chimecho|160/290 par|[from] item: Leftovers\n|upkeep\n|turn|42\n|\n|t:|1733787322\n|move|p2a: Cresselia|Psyshock|p1a: Chimecho\n|-resisted|p1a: Chimecho\n|-damage|p1a: Chimecho|129/290 par\n|move|p1a: Chimecho|Dazzling Gleam|p2a: Cresselia\n|-damage|p2a: Cresselia|308/323\n|\n|-heal|p2a: Cresselia|323/323|[from] item: Leftovers\n|-heal|p1a: Chimecho|147/290 par|[from] item: Leftovers\n|upkeep\n|turn|43\n|\n|t:|1733787332\n|move|p2a: Cresselia|Psyshock|p1a: Chimecho\n|-resisted|p1a: Chimecho\n|-damage|p1a: Chimecho|117/290 par\n|move|p1a: Chimecho|Dazzling Gleam|p2a: Cresselia\n|-damage|p2a: Cresselia|308/323\n|\n|-heal|p2a: Cresselia|323/323|[from] item: Leftovers\n|-heal|p1a: Chimecho|135/290 par|[from] item: Leftovers\n|upkeep\n|turn|44\n|\n|t:|1733787341\n|move|p2a: Cresselia|Thunderbolt|p1a: Chimecho\n|-damage|p1a: Chimecho|88/290 par\n|move|p1a: Chimecho|Recover|p1a: Chimecho\n|-heal|p1a: Chimecho|233/290 par\n|\n|-heal|p1a: Chimecho|251/290 par|[from] item: Leftovers\n|upkeep\n|turn|45\n|\n|t:|1733787348\n|move|p2a: Cresselia|Thunderbolt|p1a: Chimecho\n|-damage|p1a: Chimecho|206/290 par\n|move|p1a: Chimecho|Dazzling Gleam|p2a: Cresselia\n|-damage|p2a: Cresselia|308/323\n|\n|-heal|p2a: Cresselia|323/323|[from] item: Leftovers\n|-heal|p1a: Chimecho|224/290 par|[from] item: Leftovers\n|upkeep\n|turn|46\n|\n|t:|1733787357\n|move|p2a: Cresselia|Thunderbolt|p1a: Chimecho\n|-damage|p1a: Chimecho|178/290 par\n|move|p1a: Chimecho|Dazzling Gleam|p2a: Cresselia\n|-damage|p2a: Cresselia|308/323\n|\n|-heal|p2a: Cresselia|323/323|[from] item: Leftovers\n|-heal|p1a: Chimecho|196/290 par|[from] item: Leftovers\n|upkeep\n|turn|47\n|\n|t:|1733787366\n|move|p2a: Cresselia|Thunderbolt|p1a: Chimecho\n|-damage|p1a: Chimecho|153/290 par\n|move|p1a: Chimecho|Stored Power|p2a: Cresselia\n|-resisted|p2a: Cresselia\n|-damage|p2a: Cresselia|291/323\n|\n|-heal|p2a: Cresselia|311/323|[from] item: Leftovers\n|-heal|p1a: Chimecho|171/290 par|[from] item: Leftovers\n|upkeep\n|turn|48\n|\n|t:|1733787374\n|move|p2a: Cresselia|Thunderbolt|p1a: Chimecho\n|-damage|p1a: Chimecho|130/290 par\n|move|p1a: Chimecho|Stored Power|p2a: Cresselia\n|-resisted|p2a: Cresselia\n|-damage|p2a: Cresselia|278/323\n|\n|-heal|p2a: Cresselia|298/323|[from] item: Leftovers\n|-heal|p1a: Chimecho|148/290 par|[from] item: Leftovers\n|upkeep\n|turn|49\n|\n|t:|1733787383\n|move|p2a: Cresselia|Thunderbolt|p1a: Chimecho\n|-crit|p1a: Chimecho\n|-damage|p1a: Chimecho|0 fnt\n|faint|p1a: Chimecho\n|\n|-heal|p2a: Cresselia|318/323|[from] item: Leftovers\n|upkeep\n|\n|t:|1733787391\n|switch|p1a: Azelf|Azelf, L82|257/257\n|turn|50\n|\n|t:|1733787394\n|move|p1a: Azelf|Trick|p2a: Cresselia\n|-activate|p1a: Azelf|move: Trick|[of] p2a: Cresselia\n|-item|p2a: Cresselia|Choice Specs|[from] move: Trick\n|-item|p1a: Azelf|Leftovers|[from] move: Trick\n|move|p2a: Cresselia|Thunderbolt|p1a: Azelf\n|-damage|p1a: Azelf|0 fnt\n|faint|p1a: Azelf\n|\n|upkeep\n|\n|t:|1733787402\n|switch|p1a: Copperajah|Copperajah, L86, F|350/350\n|turn|51\n|\n|t:|1733787413\n|move|p2a: Cresselia|Thunderbolt|p1a: Copperajah\n|-damage|p1a: Copperajah|8/350\n|move|p1a: Copperajah|Heavy Slam|p2a: Cresselia\n|-damage|p2a: Cresselia|90/323\n|\n|upkeep\n|turn|52\n|\n|t:|1733787420\n|move|p2a: Cresselia|Thunderbolt|p1a: Copperajah\n|-damage|p1a: Copperajah|0 fnt\n|faint|p1a: Copperajah\n|\n|upkeep\n|\n|t:|1733787432\n|switch|p1a: Toucannon|Toucannon, L88, M|284/284\n|turn|53\n|\n|t:|1733787437\n|move|p2a: Cresselia|Thunderbolt|p1a: Toucannon\n|-supereffective|p1a: Toucannon\n|-damage|p1a: Toucannon|0 fnt\n|faint|p1a: Toucannon\n|\n|win|SadieDraft\n|raw|Colarios's rating: 1341 &rarr; <strong>1320</strong><br />(-21 for losing)\n|raw|SadieDraft's rating: 1325 &rarr; <strong>1346</strong><br />(+21 for winning)\n", "inputlog": ">version bfd83cad13791eb5a5a409923076391caf6fb4d4\n>start {\"formatid\":\"gen9randombattle\",\"seed\":[33447,41827,30083,29752],\"rated\":\"Rated battle\"}\n>player p1 {\"name\":\"Colarios\",\"avatar\":\"2\",\"rating\":1341,\"seed\":[40640,3659,14673,4845]}\n>player p2 {\"name\":\"SadieDraft\",\"avatar\":\"lady\",\"rating\":1325,\"seed\":[44508,52553,53780,34224]}\n>p1 move foulplay terastallize\n>p2 move shiftgear\n>p1 move foulplay\n>p2 move highhorsepower\n>p2 switch 5\n>p1 move roost\n>p2 move highhorsepower\n>p1 switch 2\n>p1 move suckerpunch\n>p2 move overheat terastallize\n>p1 switch 3\n>p1 move cosmicpower\n>p2 move supercellslam\n>p1 move recover\n>p2 move supercellslam\n>p2 switch 2\n>p1 move cosmicpower\n>p2 move tripleaxel\n>p1 move recover\n>p2 move powerwhip\n>p1 move cosmicpower\n>p2 move uturn\n>p2 switch 3\n>p1 move dazzlinggleam\n>p2 move calmmind\n>p1 move storedpower\n>p2 move calmmind\n>p1 move cosmicpower\n>p2 move calmmind\n>p1 move storedpower\n>p2 move calmmind\n>p1 move storedpower\n>p2 move calmmind\n>p1 move cosmicpower\n>p2 move calmmind\n>p1 move cosmicpower\n>p2 move psyshock\n>p1 move storedpower\n>p2 move thunderbolt\n>p1 move storedpower\n>p2 move thunderbolt\n>p1 move storedpower\n>p2 move psyshock\n>p1 move dazzlinggleam\n>p2 move psyshock\n>p1 move dazzlinggleam\n>p2 move psyshock\n>p1 move dazzlinggleam\n>p2 move thunderbolt\n>p1 move dazzlinggleam\n>p2 move thunderbolt\n>chat \u2606SadieDraft|i dont think the chimeco wins this friend\n>p1 move recover\n>p2 move thunderbolt\n>p1 move dazzlinggleam\n>p2 move thunderbolt\n>p1 move recover\n>p2 move thunderbolt\n>p1 move dazzlinggleam\n>p2 move thunderbolt\n>p1 move dazzlinggleam\n>p2 move psyshock\n>p1 move dazzlinggleam\n>p2 move psyshock\n>p1 move dazzlinggleam\n>p2 move psyshock\n>p1 move recover\n>p2 move thunderbolt\n>p1 move storedpower\n>p2 move thunderbolt\n>p1 move storedpower\n>p2 move thunderbolt\n>p1 move recover\n>p2 move thunderbolt\n>p1 move dazzlinggleam\n>p2 move psyshock\n>p1 move dazzlinggleam\n>p2 move psyshock\n>p1 move dazzlinggleam\n>p2 move psyshock\n>p1 move dazzlinggleam\n>p2 move psyshock\n>p1 move dazzlinggleam\n>p2 move psyshock\n>p1 move dazzlinggleam\n>p2 move psyshock\n>p1 move dazzlinggleam\n>p2 move psyshock\n>p1 move dazzlinggleam\n>p2 move psyshock\n>p1 move dazzlinggleam\n>p2 move psyshock\n>p1 move recover\n>p2 move thunderbolt\n>p1 move dazzlinggleam\n>p2 move thunderbolt\n>p1 move dazzlinggleam\n>p2 move thunderbolt\n>p1 move storedpower\n>p2 move thunderbolt\n>p1 move storedpower\n>p2 move thunderbolt\n>p1 move recover\n>p2 move thunderbolt\n>p1 switch 6\n>p1 move trick\n>p2 move thunderbolt\n>p1 switch 4\n>p1 move heavyslam\n>p2 move thunderbolt\n>p1 move heavyslam\n>p2 move thunderbolt\n>p1 switch 5\n>p1 move uturn\n>p2 move thunderbolt", "uploadtime": 1733787442, "views": 3, "formatid": "gen9randombattle", "rating": 1320, "private": 0, "password": null}