{"id": "gen9randombattle-2260627711", "format": "[Gen 9] Random Battle", "players": ["Cquiroz", "thiccsnorlax6969"], "log": "|j|\u2606Cquiroz\n|j|\u2606thiccsnorlax6969\n|t:|1733871045\n|gametype|singles\n|player|p1|Cquiroz|2|1182\n|player|p2|thiccsnorlax6969|colress|1163\n|teamsize|p1|6\n|teamsize|p2|6\n|gen|9\n|tier|[Gen 9] Random Battle\n|rated|\n|rule|Species Clause: Limit one of each Pok\u00e9mon\n|rule|HP Percentage Mod: HP is shown in percentages\n|rule|Sleep Clause Mod: Limit one foe put to sleep\n|rule|Illusion Level Mod: Illusion disguises the Pok\u00e9mon's true level\n|\n|t:|1733871045\n|start\n|switch|p1a: Iron Thorns|Iron Thorns, L83|302/302\n|switch|p2a: Skarmory|Skarmory, L80, F|235/235\n|turn|1\n|inactive|Battle timer is ON: inactive players will automatically lose when time's up. (requested by Cquiroz)\n|inactive|thiccsnorlax6969 has 120 seconds left.\n|\n|t:|1733871080\n|-terastallize|p2a: Skarmory|Fighting\n|move|p1a: Iron Thorns|Wild Charge|p2a: Skarmory\n|-damage|p2a: Skarmory|144/235\n|-damage|p1a: Iron Thorns|279/302|[from] Recoil\n|move|p2a: Skarmory|Body Press|p1a: Iron Thorns\n|-supereffective|p1a: Iron Thorns\n|-damage|p1a: Iron Thorns|115/302\n|\n|-heal|p2a: Skarmory|158/235|[from] item: Leftovers\n|upkeep\n|turn|2\n|inactive|thiccsnorlax6969 has 120 seconds left.\n|\n|t:|1733871117\n|-end|p1a: Iron Thorns|Quark Drive|[silent]\n|switch|p1a: Mismagius|Mismagius, L86, M|243/243\n|move|p2a: Skarmory|Body Press|p1a: Mismagius\n|-immune|p1a: Mismagius\n|\n|-heal|p2a: Skarmory|172/235|[from] item: Leftovers\n|upkeep\n|turn|3\n|inactive|thiccsnorlax6969 has 120 seconds left.\n|\n|t:|1733871148\n|move|p1a: Mismagius|Substitute|p1a: Mismagius\n|-start|p1a: Mismagius|Substitute\n|-damage|p1a: Mismagius|183/243\n|move|p2a: Skarmory|Brave Bird|p1a: Mismagius\n|-end|p1a: Mismagius|Substitute\n|-damage|p2a: Skarmory|152/235|[from] Recoil|[of] p1a: Mismagius\n|\n|-heal|p1a: Mismagius|198/243|[from] item: Leftovers\n|-heal|p2a: Skarmory|166/235|[from] item: Leftovers\n|upkeep\n|turn|4\n|inactive|thiccsnorlax6969 has 90 seconds left.\n|\n|t:|1733871192\n|move|p1a: Mismagius|Shadow Ball|p2a: Skarmory\n|-damage|p2a: Skarmory|52/235\n|move|p2a: Skarmory|Brave Bird|p1a: Mismagius\n|-damage|p1a: Mismagius|75/243\n|-damage|p2a: Skarmory|11/235|[from] Recoil\n|\n|-heal|p1a: Mismagius|90/243|[from] item: Leftovers\n|-heal|p2a: Skarmory|25/235|[from] item: Leftovers\n|upkeep\n|turn|5\n|inactive|thiccsnorlax6969 has 60 seconds left.\n|\n|t:|1733871212\n|move|p1a: Mismagius|Shadow Ball|p2a: Skarmory\n|-damage|p2a: Skarmory|0 fnt\n|faint|p2a: Skarmory\n|\n|-heal|p1a: Mismagius|105/243|[from] item: Leftovers\n|upkeep\n|inactive|thiccsnorlax6969 has 60 seconds left.\n|\n|t:|1733871232\n|switch|p2a: Lilligant|Lilligant, L86, F|261/261\n|turn|6\n|inactive|thiccsnorlax6969 has 30 seconds left.\n|\n|t:|1733871263\n|move|p1a: Mismagius|Shadow Ball|p2a: Lilligant\n|-damage|p2a: Lilligant|150/261\n|-unboost|p2a: Lilligant|spd|1\n|move|p2a: Lilligant|Quiver Dance|p2a: Lilligant\n|-boost|p2a: Lilligant|spa|1\n|-boost|p2a: Lilligant|spd|1\n|-boost|p2a: Lilligant|spe|1\n|\n|-heal|p1a: Mismagius|120/243|[from] item: Leftovers\n|upkeep\n|turn|7\n|inactive|thiccsnorlax6969 has 30 seconds left.\n|\n|t:|1733871273\n|move|p2a: Lilligant|Sleep Powder|p1a: Mismagius|[miss]\n|-miss|p2a: Lilligant|p1a: Mismagius\n|move|p1a: Mismagius|Shadow Ball|p2a: Lilligant\n|-damage|p2a: Lilligant|44/261\n|-unboost|p2a: Lilligant|spd|1\n|\n|-heal|p1a: Mismagius|135/243|[from] item: Leftovers\n|upkeep\n|turn|8\n|\n|t:|1733871280\n|move|p2a: Lilligant|Giga Drain|p1a: Mismagius\n|-damage|p1a: Mismagius|0 fnt\n|-heal|p2a: Lilligant|112/261|[from] drain|[of] p1a: Mismagius\n|faint|p1a: Mismagius\n|-damage|p2a: Lilligant|86/261|[from] item: Life Orb\n|\n|upkeep\n|\n|t:|1733871284\n|switch|p1a: Copperajah|Copperajah, L86, F|350/350\n|turn|9\n|inactive|thiccsnorlax6969 has 30 seconds left.\n|inactive|thiccsnorlax6969 has 20 seconds left.\n|\n|t:|1733871315\n|move|p2a: Lilligant|Sleep Powder|p1a: Copperajah\n|-status|p1a: Copperajah|slp|[from] move: Sleep Powder\n|cant|p1a: Copperajah|slp\n|\n|upkeep\n|turn|10\n|inactive|thiccsnorlax6969 has 30 seconds left this turn.\n|\n|t:|1733871320\n|move|p2a: Lilligant|Quiver Dance|p2a: Lilligant\n|-boost|p2a: Lilligant|spa|1\n|-boost|p2a: Lilligant|spd|1\n|-boost|p2a: Lilligant|spe|1\n|cant|p1a: Copperajah|slp\n|\n|upkeep\n|turn|11\n|\n|t:|1733871327\n|move|p2a: Lilligant|Giga Drain|p1a: Copperajah\n|-resisted|p1a: Copperajah\n|-damage|p1a: Copperajah|202/350 slp\n|-heal|p2a: Lilligant|160/261|[from] drain|[of] p1a: Copperajah\n|-damage|p2a: Lilligant|134/261|[from] item: Life Orb\n|cant|p1a: Copperajah|slp\n|\n|upkeep\n|turn|12\n|\n|t:|1733871337\n|move|p2a: Lilligant|Giga Drain|p1a: Copperajah\n|-resisted|p1a: Copperajah\n|-damage|p1a: Copperajah|72/350 slp\n|-heal|p2a: Lilligant|199/261|[from] drain|[of] p1a: Copperajah\n|-damage|p2a: Lilligant|173/261|[from] item: Life Orb\n|-curestatus|p1a: Copperajah|slp|[msg]\n|move|p1a: Copperajah|Iron Head|p2a: Lilligant\n|-damage|p2a: Lilligant|0 fnt\n|faint|p2a: Lilligant\n|\n|upkeep\n|\n|t:|1733871341\n|switch|p2a: Braviary|Braviary, L85, M|309/309\n|turn|13\n|\n|t:|1733871349\n|move|p2a: Braviary|Close Combat|p1a: Copperajah\n|-supereffective|p1a: Copperajah\n|-damage|p1a: Copperajah|0 fnt\n|-unboost|p2a: Braviary|def|1\n|-unboost|p2a: Braviary|spd|1\n|faint|p1a: Copperajah\n|\n|upkeep\n|\n|t:|1733871352\n|switch|p1a: Iron Thorns|Iron Thorns, L83|115/302\n|turn|14\n|\n|t:|1733871365\n|move|p1a: Iron Thorns|Wild Charge|p2a: Braviary\n|-supereffective|p2a: Braviary\n|-damage|p2a: Braviary|0 fnt\n|faint|p2a: Braviary\n|-damage|p1a: Iron Thorns|38/302|[from] Recoil\n|\n|upkeep\n|\n|t:|1733871368\n|switch|p2a: Jirachi|Jirachi, L80|291/291\n|turn|15\n|\n|t:|1733871373\n|move|p2a: Jirachi|Iron Head|p1a: Iron Thorns\n|-damage|p1a: Iron Thorns|0 fnt\n|faint|p1a: Iron Thorns\n|-end|p1a: Iron Thorns|Quark Drive|[silent]\n|\n|upkeep\n|\n|t:|1733871382\n|switch|p1a: Drifblim|Drifblim, L86, M|396/396\n|turn|16\n|inactive|thiccsnorlax6969 has 90 seconds left.\n|\n|t:|1733871413\n|switch|p2a: Feraligatr|Feraligatr, L79, F|264/264\n|move|p1a: Drifblim|Shadow Ball|p2a: Feraligatr\n|-damage|p2a: Feraligatr|165/264\n|\n|upkeep\n|turn|17\n|\n|t:|1733871424\n|move|p1a: Drifblim|Calm Mind|p1a: Drifblim\n|-boost|p1a: Drifblim|spa|1\n|-boost|p1a: Drifblim|spd|1\n|move|p2a: Feraligatr|Dragon Dance|p2a: Feraligatr\n|-boost|p2a: Feraligatr|atk|1\n|-boost|p2a: Feraligatr|spe|1\n|\n|upkeep\n|turn|18\n|\n|t:|1733871427\n|move|p2a: Feraligatr|Ice Punch|p1a: Drifblim\n|-supereffective|p1a: Drifblim\n|-damage|p1a: Drifblim|16/396\n|-enditem|p1a: Drifblim|Sitrus Berry|[eat]\n|-heal|p1a: Drifblim|115/396|[from] item: Sitrus Berry\n|move|p1a: Drifblim|Shadow Ball|p2a: Feraligatr\n|-damage|p2a: Feraligatr|20/264\n|-unboost|p2a: Feraligatr|spd|1\n|\n|upkeep\n|turn|19\n|\n|t:|1733871439\n|move|p1a: Drifblim|Shadow Ball|p2a: Feraligatr\n|-damage|p2a: Feraligatr|0 fnt\n|faint|p2a: Feraligatr\n|\n|upkeep\n|\n|t:|1733871466\n|switch|p2a: Jirachi|Jirachi, L80|291/291\n|turn|20\n|\n|t:|1733871469\n|move|p1a: Drifblim|Strength Sap|p2a: Jirachi\n|-unboost|p2a: Jirachi|atk|1\n|-heal|p1a: Drifblim|321/396\n|move|p2a: Jirachi|Iron Head|p1a: Drifblim\n|-damage|p1a: Drifblim|231/396\n|\n|upkeep\n|turn|21\n|-message|thiccsnorlax6969 forfeited.\n|\n|win|Cquiroz\n|raw|Cquiroz's rating: 1182 &rarr; <strong>1206</strong><br />(+24 for winning)\n|raw|thiccsnorlax6969's rating: 1163 &rarr; <strong>1139</strong><br />(-24 for losing)\n|l|\u2606thiccsnorlax6969\n|player|p2|\n", "inputlog": ">version bfd83cad13791eb5a5a409923076391caf6fb4d4\n>start {\"formatid\":\"gen9randombattle\",\"seed\":[36580,3227,63194,62259],\"rated\":\"Rated battle\"}\n>player p1 {\"name\":\"Cquiroz\",\"avatar\":\"2\",\"rating\":1182,\"seed\":[58103,48618,10958,19501]}\n>player p2 {\"name\":\"thiccsnorlax6969\",\"avatar\":\"colress\",\"rating\":1163,\"seed\":[16297,24977,39708,39559]}\n>p1 move wildcharge\n>p2 move bodypress terastallize\n>p1 switch 5\n>p2 move bodypress\n>p1 move substitute\n>p2 move bravebird\n>p1 move shadowball\n>p2 move bravebird\n>p1 move shadowball\n>p2 move roost\n>p2 switch 2\n>p1 move shadowball\n>p2 move quiverdance\n>p1 move shadowball\n>p2 move sleeppowder\n>p1 move shadowball\n>p2 move gigadrain\n>p1 switch 3\n>p1 move ironhead\n>p2 move sleeppowder\n>p1 move ironhead\n>p2 move quiverdance\n>p1 move ironhead\n>p2 move gigadrain\n>p1 move ironhead\n>p2 move gigadrain\n>p2 switch 3\n>p1 move ironhead\n>p2 move closecombat\n>p1 switch 5\n>p1 move wildcharge\n>p2 move closecombat\n>p2 switch 5\n>p1 move wildcharge\n>p2 move ironhead\n>p1 switch 6\n>p1 move shadowball\n>p2 switch 4\n>p1 move calmmind\n>p2 move dragondance\n>p1 move shadowball\n>p2 move icepunch\n>p1 move shadowball\n>p2 move icepunch\n>p2 switch 4\n>p1 move strengthsap\n>p2 move ironhead\n>forcelose p2", "uploadtime": 1733871494, "views": 1, "formatid": "gen9randombattle", "rating": 1139, "private": 0, "password": null}