{"id": "gen9randombattle-2260560679", "format": "[Gen 9] Random Battle", "players": ["Deboof32", "Artiiie"], "log": "|j|\u2606Deboof32\n|j|\u2606Artiiie\n|t:|1733863655\n|gametype|singles\n|player|p1|Deboof32|iris|1029\n|player|p2|Artiiie|1|1079\n|teamsize|p1|6\n|teamsize|p2|6\n|gen|9\n|tier|[Gen 9] Random Battle\n|rated|\n|rule|Species Clause: Limit one of each Pok\u00e9mon\n|rule|HP Percentage Mod: HP is shown in percentages\n|rule|Sleep Clause Mod: Limit one foe put to sleep\n|rule|Illusion Level Mod: Illusion disguises the Pok\u00e9mon's true level\n|\n|t:|1733863655\n|start\n|switch|p1a: Basculin|Basculin, L86, M|261/261\n|switch|p2a: Sylveon|Sylveon, L85, M|300/300\n|turn|1\n|\n|t:|1733863666\n|move|p1a: Basculin|Wave Crash|p2a: Sylveon\n|-crit|p2a: Sylveon\n|-damage|p2a: Sylveon|0 fnt\n|faint|p2a: Sylveon\n|-damage|p1a: Basculin|162/261|[from] Recoil\n|\n|upkeep\n|\n|t:|1733863685\n|switch|p2a: Whimsicott|Whimsicott, L85, M|241/241\n|turn|2\n|\n|t:|1733863703\n|switch|p1a: Greedent|Greedent, L86, F|347/347\n|move|p2a: Whimsicott|Leech Seed|p1a: Greedent\n|-start|p1a: Greedent|move: Leech Seed\n|\n|-damage|p1a: Greedent|304/347|[from] Leech Seed|[of] p2a: Whimsicott\n|upkeep\n|turn|3\n|\n|t:|1733863720\n|move|p2a: Whimsicott|Hurricane|p1a: Greedent\n|-damage|p1a: Greedent|228/347\n|-start|p1a: Greedent|confusion\n|-activate|p1a: Greedent|confusion\n|-damage|p1a: Greedent|198/347|[from] confusion\n|\n|-damage|p1a: Greedent|155/347|[from] Leech Seed|[of] p2a: Whimsicott\n|upkeep\n|-enditem|p1a: Greedent|Sitrus Berry|[eat]\n|-heal|p1a: Greedent|241/347|[from] item: Sitrus Berry\n|-heal|p1a: Greedent|347/347|[from] ability: Cheek Pouch\n|turn|4\n|inactive|Battle timer is ON: inactive players will automatically lose when time's up. (requested by Artiiie)\n|\n|t:|1733863726\n|move|p2a: Whimsicott|Moonblast|p1a: Greedent\n|-damage|p1a: Greedent|257/347\n|-activate|p1a: Greedent|confusion\n|move|p1a: Greedent|Knock Off|p2a: Whimsicott\n|-resisted|p2a: Whimsicott\n|-damage|p2a: Whimsicott|206/241\n|-enditem|p2a: Whimsicott|Leftovers|[from] move: Knock Off|[of] p1a: Greedent\n|\n|-damage|p1a: Greedent|214/347|[from] Leech Seed|[of] p2a: Whimsicott\n|-heal|p2a: Whimsicott|241/241|[silent]\n|upkeep\n|turn|5\n|\n|t:|1733863734\n|move|p2a: Whimsicott|Moonblast|p1a: Greedent\n|-damage|p1a: Greedent|124/347\n|-end|p1a: Greedent|confusion\n|move|p1a: Greedent|Swords Dance|p1a: Greedent\n|-boost|p1a: Greedent|atk|2\n|\n|-damage|p1a: Greedent|81/347|[from] Leech Seed|[of] p2a: Whimsicott\n|upkeep\n|turn|6\n|\n|t:|1733863764\n|move|p2a: Whimsicott|Hurricane|p1a: Greedent\n|-damage|p1a: Greedent|5/347\n|move|p1a: Greedent|Body Slam|p2a: Whimsicott\n|-damage|p2a: Whimsicott|46/241\n|\n|-damage|p1a: Greedent|0 fnt|[from] Leech Seed|[of] p2a: Whimsicott\n|-heal|p2a: Whimsicott|51/241|[silent]\n|faint|p1a: Greedent\n|upkeep\n|\n|t:|1733863769\n|switch|p1a: Basculin|Basculin, L86, M|162/261\n|turn|7\n|\n|t:|1733863775\n|move|p2a: Whimsicott|Hurricane|p1a: Basculin\n|-damage|p1a: Basculin|64/261\n|-start|p1a: Basculin|confusion\n|-activate|p1a: Basculin|confusion\n|move|p1a: Basculin|Double-Edge|p2a: Whimsicott\n|-damage|p2a: Whimsicott|0 fnt\n|faint|p2a: Whimsicott\n|-damage|p1a: Basculin|47/261|[from] Recoil\n|\n|upkeep\n|\n|t:|1733863782\n|switch|p2a: Conkeldurr|Conkeldurr, L80, F|299/299\n|turn|8\n|\n|t:|1733863788\n|move|p2a: Conkeldurr|Mach Punch|p1a: Basculin\n|-damage|p1a: Basculin|0 fnt\n|faint|p1a: Basculin\n|\n|-status|p2a: Conkeldurr|brn|[from] item: Flame Orb\n|upkeep\n|\n|t:|1733863794\n|switch|p1a: Arceus|Arceus-Fairy, L69|280/280\n|turn|9\n|inactive|Artiiie has 120 seconds left.\n|inactive|Artiiie has 90 seconds left.\n|\n|t:|1733863861\n|move|p1a: Arceus|Calm Mind|p1a: Arceus\n|-boost|p1a: Arceus|spa|1\n|-boost|p1a: Arceus|spd|1\n|move|p2a: Conkeldurr|Facade|p1a: Arceus\n|-damage|p1a: Arceus|101/280\n|\n|-damage|p2a: Conkeldurr|281/299 brn|[from] brn\n|upkeep\n|turn|10\n|\n|t:|1733863871\n|move|p2a: Conkeldurr|Mach Punch|p1a: Arceus\n|-resisted|p1a: Arceus\n|-crit|p1a: Arceus\n|-damage|p1a: Arceus|48/280\n|move|p1a: Arceus|Judgment|p2a: Conkeldurr\n|-supereffective|p2a: Conkeldurr\n|-damage|p2a: Conkeldurr|0 fnt\n|faint|p2a: Conkeldurr\n|\n|upkeep\n|inactive|Artiiie has 90 seconds left.\n|\n|t:|1733863888\n|switch|p2a: Delphox|Delphox, L84, M|263/263\n|turn|11\n|inactive|Artiiie has 90 seconds left.\n|\n|t:|1733863907\n|-terastallize|p1a: Arceus|Ground\n|move|p2a: Delphox|Psyshock|p1a: Arceus\n|-damage|p1a: Arceus|0 fnt\n|faint|p1a: Arceus\n|\n|upkeep\n|\n|t:|1733863917\n|switch|p1a: Walking Wake|Walking Wake, L79|286/286\n|turn|12\n|inactive|Artiiie has 90 seconds left.\n|\n|t:|1733863928\n|move|p2a: Delphox|Psyshock|p1a: Walking Wake\n|-damage|p1a: Walking Wake|189/286\n|move|p1a: Walking Wake|Hydro Pump|p2a: Delphox\n|-supereffective|p2a: Delphox\n|-damage|p2a: Delphox|0 fnt\n|faint|p2a: Delphox\n|\n|upkeep\n|inactive|Artiiie has 90 seconds left.\n|\n|t:|1733863963\n|switch|p2a: Piloswine|Piloswine, L85, M|309/309\n|turn|13\n|\n|t:|1733863969\n|-end|p1a: Walking Wake|Protosynthesis|[silent]\n|switch|p1a: Great Tusk|Great Tusk, L77|304/304\n|-terastallize|p2a: Piloswine|Poison\n|move|p2a: Piloswine|Earthquake|p1a: Great Tusk\n|-damage|p1a: Great Tusk|208/304\n|\n|upkeep\n|turn|14\n|\n|t:|1733863979\n|move|p2a: Piloswine|Ice Shard|p1a: Great Tusk\n|-supereffective|p1a: Great Tusk\n|-damage|p1a: Great Tusk|130/304\n|move|p1a: Great Tusk|Knock Off|p2a: Piloswine\n|-damage|p2a: Piloswine|254/309\n|-enditem|p2a: Piloswine|Eviolite|[from] move: Knock Off|[of] p1a: Great Tusk\n|\n|upkeep\n|turn|15\n|\n|t:|1733863997\n|move|p1a: Great Tusk|Rapid Spin|p2a: Piloswine\n|-damage|p2a: Piloswine|217/309\n|-boost|p1a: Great Tusk|spe|1\n|move|p2a: Piloswine|Icicle Crash|p1a: Great Tusk|[miss]\n|-miss|p2a: Piloswine|p1a: Great Tusk\n|\n|upkeep\n|turn|16\n|\n|t:|1733864003\n|move|p1a: Great Tusk|Headlong Rush|p2a: Piloswine\n|-supereffective|p2a: Piloswine\n|-damage|p2a: Piloswine|0 fnt\n|-unboost|p1a: Great Tusk|def|1\n|-unboost|p1a: Great Tusk|spd|1\n|faint|p2a: Piloswine\n|\n|upkeep\n|\n|t:|1733864015\n|switch|p2a: Blaziken|Blaziken, L76, M|247/247\n|turn|17\n|\n|t:|1733864020\n|move|p1a: Great Tusk|Headlong Rush|p2a: Blaziken\n|-supereffective|p2a: Blaziken\n|-damage|p2a: Blaziken|0 fnt\n|-unboost|p1a: Great Tusk|def|1\n|-unboost|p1a: Great Tusk|spd|1\n|faint|p2a: Blaziken\n|\n|win|Deboof32\n|raw|Deboof32's rating: 1029 &rarr; <strong>1070</strong><br />(+41 for winning)\n|raw|Artiiie's rating: 1079 &rarr; <strong>1054</strong><br />(-25 for losing)\n", "inputlog": ">version bfd83cad13791eb5a5a409923076391caf6fb4d4\n>start {\"formatid\":\"gen9randombattle\",\"seed\":[41484,31248,28858,56342],\"rated\":\"Rated battle\"}\n>player p1 {\"name\":\"Deboof32\",\"avatar\":\"iris\",\"rating\":1029,\"seed\":[20619,53169,39273,19953]}\n>player p2 {\"name\":\"Artiiie\",\"avatar\":\"1\",\"rating\":1079,\"seed\":[17053,18348,64945,38057]}\n>p1 move wavecrash\n>p2 move calmmind\n>p2 switch 2\n>p1 switch 2\n>p2 move leechseed\n>p1 move knockoff\n>p2 move hurricane\n>p1 move knockoff\n>p2 move moonblast\n>p1 move swordsdance\n>p2 move moonblast\n>p1 move bodyslam\n>p2 move hurricane\n>p1 switch 2\n>p1 move doubleedge\n>p2 move hurricane\n>p2 switch 4\n>p1 move doubleedge\n>p2 move machpunch\n>p1 switch 4\n>p1 move calmmind\n>p2 move facade\n>p1 move judgment\n>p2 move machpunch\n>p2 switch 5\n>p1 move recover terastallize\n>p2 move psyshock\n>p1 switch 3\n>p1 move hydropump\n>p2 move psyshock\n>p2 switch 6\n>p1 switch 6\n>p2 move earthquake terastallize\n>p1 move knockoff\n>p2 move iceshard\n>p1 move rapidspin\n>p2 move iciclecrash\n>p1 move headlongrush\n>p2 move iciclecrash\n>p2 switch 3\n>p1 move headlongrush\n>p2 move flareblitz", "uploadtime": 1733864028, "views": 11, "formatid": "gen9randombattle", "rating": 1054, "private": 0, "password": null}