{"id": "gen9randombattle-2192220691", "format": "[Gen 9] Random Battle", "players": ["Soren-sage", "MichaelderBesteVGC"], "log": "|badge|p1|silver|gen9randombattle|30-2\n|uhtml|medal-msg|<div class=\"broadcast-blue\">Curious what those medals under the avatar are? PS now has Ladder Seasons! For more information, check out the <a href=\"https://www.smogon.com/forums/threads/3740067/\">thread on Smogon.</a></div>\n|badge|p2|gold|gen9randombattle|3-2\n|uhtml|medal-msg|<div class=\"broadcast-blue\">Curious what those medals under the avatar are? PS now has Ladder Seasons! For more information, check out the <a href=\"https://www.smogon.com/forums/threads/3740067/\">thread on Smogon.</a></div>\n|j|\u2606Soren-sage\n|j|\u2606MichaelderBesteVGC\n|t:|1725181529\n|gametype|singles\n|player|p1|Soren-sage|chili|2445\n|player|p2|MichaelderBesteVGC|#vgcpliiizoruas|2521\n|teamsize|p1|6\n|teamsize|p2|6\n|gen|9\n|tier|[Gen 9] Random Battle\n|rated|\n|rule|Species Clause: Limit one of each Pok\u00e9mon\n|rule|HP Percentage Mod: HP is shown in percentages\n|rule|Sleep Clause Mod: Limit one foe put to sleep\n|rule|Illusion Level Mod: Illusion disguises the Pok\u00e9mon's true level\n|\n|t:|1725181529\n|start\n|switch|p1a: Eelektross|Eelektross, L87, M|290/290\n|switch|p2a: Lilligant|Lilligant-Hisui, L80, F|243/243\n|turn|1\n|\n|t:|1725181539\n|move|p2a: Lilligant|Sleep Powder|p1a: Eelektross|[miss]\n|-miss|p2a: Lilligant|p1a: Eelektross\n|move|p1a: Eelektross|U-turn|p2a: Lilligant\n|-damage|p2a: Lilligant|176/243\n|c|\u2606Soren-sage|Gl hf\n|\n|t:|1725181557\n|switch|p1a: Cramorant|Cramorant, L86, F|261/261|[from] U-turn\n|\n|upkeep\n|turn|2\n|\n|t:|1725181566\n|move|p2a: Lilligant|Sleep Powder|p1a: Cramorant\n|-status|p1a: Cramorant|slp|[from] move: Sleep Powder\n|cant|p1a: Cramorant|slp\n|\n|upkeep\n|turn|3\n|\n|t:|1725181572\n|switch|p1a: Torkoal|Torkoal, L88, F|266/266\n|-weather|SunnyDay|[from] ability: Drought|[of] p1a: Torkoal\n|move|p2a: Lilligant|Leaf Blade|p1a: Torkoal\n|-resisted|p1a: Torkoal\n|-damage|p1a: Torkoal|221/266\n|\n|-weather|SunnyDay|[upkeep]\n|upkeep\n|turn|4\n|\n|t:|1725181581\n|switch|p2a: Politoed|Politoed, L88, M|302/302\n|-weather|RainDance|[from] ability: Drizzle|[of] p2a: Politoed\n|move|p1a: Torkoal|Stealth Rock|p2a: Politoed\n|-sidestart|p2: MichaelderBesteVGC|move: Stealth Rock\n|\n|-weather|RainDance|[upkeep]\n|upkeep\n|turn|5\n|\n|t:|1725181591\n|switch|p2a: Morpeko|Morpeko, L88, F|245/245\n|switch|p1a: Eelektross|Eelektross, L87, M|290/290\n|\n|-weather|RainDance|[upkeep]\n|-formechange|p2a: Morpeko|Morpeko-Hangry||[from] ability: Hunger Switch\n|upkeep\n|turn|6\n|\n|t:|1725181603\n|move|p2a: Morpeko|Rapid Spin|p1a: Eelektross\n|-damage|p1a: Eelektross|252/290\n|-boost|p2a: Morpeko|spe|1\n|-sideend|p2: MichaelderBesteVGC|Stealth Rock|[from] move: Rapid Spin|[of] p2a: Morpeko\n|move|p1a: Eelektross|U-turn|p2a: Morpeko\n|-supereffective|p2a: Morpeko\n|-damage|p2a: Morpeko|79/245\n|\n|t:|1725181617\n|switch|p1a: Mimikyu|Mimikyu, L79, M|216/216|[from] U-turn\n|\n|-weather|RainDance|[upkeep]\n|-formechange|p2a: Morpeko|Morpeko||[from] ability: Hunger Switch\n|upkeep\n|turn|7\n|\n|t:|1725181625\n|move|p2a: Morpeko|Parting Shot|p1a: Mimikyu\n|-unboost|p1a: Mimikyu|atk|1\n|-unboost|p1a: Mimikyu|spa|1\n|\n|t:|1725181629\n|switch|p2a: Granbull|Granbull, L88, F|302/302|[from] Parting Shot\n|-ability|p2a: Granbull|Intimidate|boost\n|-unboost|p1a: Mimikyu|atk|1\n|move|p1a: Mimikyu|Play Rough|p2a: Granbull\n|-damage|p2a: Granbull|247/302\n|-damage|p1a: Mimikyu|195/216|[from] item: Life Orb\n|\n|-weather|RainDance|[upkeep]\n|-heal|p2a: Granbull|265/302|[from] item: Leftovers\n|upkeep\n|turn|8\n|\n|t:|1725181643\n|switch|p1a: Torkoal|Torkoal, L88, F|221/266\n|-weather|SunnyDay|[from] ability: Drought|[of] p1a: Torkoal\n|move|p2a: Granbull|Play Rough|p1a: Torkoal\n|-resisted|p1a: Torkoal\n|-damage|p1a: Torkoal|182/266\n|\n|-weather|SunnyDay|[upkeep]\n|-heal|p2a: Granbull|283/302|[from] item: Leftovers\n|upkeep\n|turn|9\n|\n|t:|1725181654\n|move|p2a: Granbull|Earthquake|p1a: Torkoal\n|-supereffective|p1a: Torkoal\n|-damage|p1a: Torkoal|58/266\n|move|p1a: Torkoal|Stealth Rock|p2a: Granbull\n|-sidestart|p2: MichaelderBesteVGC|move: Stealth Rock\n|\n|-weather|SunnyDay|[upkeep]\n|-heal|p2a: Granbull|301/302|[from] item: Leftovers\n|upkeep\n|turn|10\n|\n|t:|1725181663\n|move|p2a: Granbull|Earthquake|p1a: Torkoal\n|-supereffective|p1a: Torkoal\n|-damage|p1a: Torkoal|0 fnt\n|faint|p1a: Torkoal\n|\n|-weather|SunnyDay|[upkeep]\n|-heal|p2a: Granbull|302/302|[from] item: Leftovers\n|upkeep\n|\n|t:|1725181675\n|switch|p1a: Rampardos|Rampardos, L90, M|321/321\n|turn|11\n|\n|t:|1725181685\n|move|p1a: Rampardos|Head Smash|p2a: Granbull|[miss]\n|-miss|p1a: Rampardos|p2a: Granbull\n|move|p2a: Granbull|Thunder Wave|p1a: Rampardos\n|-status|p1a: Rampardos|par\n|\n|-weather|SunnyDay|[upkeep]\n|upkeep\n|turn|12\n|\n|t:|1725181692\n|switch|p2a: Golem|Golem, L87, M|281/281\n|-damage|p2a: Golem|264/281|[from] Stealth Rock\n|move|p1a: Rampardos|Head Smash|p2a: Golem\n|-resisted|p2a: Golem\n|-damage|p2a: Golem|156/281\n|-damage|p1a: Rampardos|267/321 par|[from] Recoil\n|\n|-weather|none\n|upkeep\n|turn|13\n|\n|t:|1725181704\n|switch|p1a: Eelektross|Eelektross, L87, M|252/290\n|move|p2a: Golem|Stone Edge|p1a: Eelektross|[miss]\n|-miss|p2a: Golem|p1a: Eelektross\n|\n|upkeep\n|turn|14\n|\n|t:|1725181711\n|switch|p2a: Lilligant|Lilligant-Hisui, L80, F|176/243\n|-damage|p2a: Lilligant|161/243|[from] Stealth Rock\n|move|p1a: Eelektross|Giga Drain|p2a: Lilligant\n|-resisted|p2a: Lilligant\n|-damage|p2a: Lilligant|127/243\n|-heal|p1a: Eelektross|269/290|[from] drain|[of] p2a: Lilligant\n|\n|upkeep\n|turn|15\n|\n|t:|1725181724\n|move|p2a: Lilligant|Leaf Blade|p1a: Eelektross|[miss]\n|-miss|p2a: Lilligant|p1a: Eelektross\n|move|p1a: Eelektross|U-turn|p2a: Lilligant\n|-damage|p2a: Lilligant|52/243\n|\n|t:|1725181729\n|switch|p1a: Mimikyu|Mimikyu, L79, M|195/216|[from] U-turn\n|\n|upkeep\n|turn|16\n|\n|t:|1725181735\n|switch|p2a: Granbull|Granbull, L88, F|302/302\n|-damage|p2a: Granbull|265/302|[from] Stealth Rock\n|-ability|p2a: Granbull|Intimidate|boost\n|-unboost|p1a: Mimikyu|atk|1\n|move|p1a: Mimikyu|Swords Dance|p1a: Mimikyu\n|-boost|p1a: Mimikyu|atk|2\n|\n|-heal|p2a: Granbull|283/302|[from] item: Leftovers\n|upkeep\n|turn|17\n|\n|t:|1725181745\n|move|p1a: Mimikyu|Swords Dance|p1a: Mimikyu\n|-boost|p1a: Mimikyu|atk|2\n|move|p2a: Granbull|Thunder Wave|p1a: Mimikyu|[miss]\n|-miss|p2a: Granbull|p1a: Mimikyu\n|\n|-heal|p2a: Granbull|301/302|[from] item: Leftovers\n|upkeep\n|turn|18\n|\n|t:|1725181758\n|switch|p2a: Golem|Golem, L87, M|156/281\n|-damage|p2a: Golem|139/281|[from] Stealth Rock\n|move|p1a: Mimikyu|Shadow Claw|p2a: Golem\n|-damage|p2a: Golem|6/281\n|-damage|p1a: Mimikyu|174/216|[from] item: Life Orb\n|\n|upkeep\n|turn|19\n|\n|t:|1725181767\n|move|p1a: Mimikyu|Shadow Claw|p2a: Golem\n|-damage|p2a: Golem|0 fnt\n|faint|p2a: Golem\n|-damage|p1a: Mimikyu|153/216|[from] item: Life Orb\n|\n|upkeep\n|j| shanehuang99\n|\n|t:|1725181775\n|switch|p2a: Granbull|Granbull, L88, F|301/302\n|-damage|p2a: Granbull|264/302|[from] Stealth Rock\n|-ability|p2a: Granbull|Intimidate|boost\n|-unboost|p1a: Mimikyu|atk|1\n|turn|20\n|\n|t:|1725181782\n|switch|p2a: Politoed|Politoed, L88, M|302/302\n|-damage|p2a: Politoed|265/302|[from] Stealth Rock\n|-weather|RainDance|[from] ability: Drizzle|[of] p2a: Politoed\n|move|p1a: Mimikyu|Play Rough|p2a: Politoed\n|-damage|p2a: Politoed|39/302\n|-unboost|p2a: Politoed|atk|1\n|-damage|p1a: Mimikyu|132/216|[from] item: Life Orb\n|\n|-weather|RainDance|[upkeep]\n|upkeep\n|turn|21\n|\n|t:|1725181794\n|move|p1a: Mimikyu|Shadow Claw|p2a: Politoed\n|-damage|p2a: Politoed|0 fnt\n|faint|p2a: Politoed\n|-damage|p1a: Mimikyu|111/216|[from] item: Life Orb\n|\n|-weather|RainDance|[upkeep]\n|upkeep\n|\n|t:|1725181802\n|switch|p2a: Morpeko|Morpeko, L88, F|79/245\n|turn|22\n|\n|t:|1725181808\n|move|p2a: Morpeko|Parting Shot|p1a: Mimikyu\n|-unboost|p1a: Mimikyu|atk|1\n|-unboost|p1a: Mimikyu|spa|1\n|\n|t:|1725181810\n|switch|p2a: Granbull|Granbull, L88, F|264/302|[from] Parting Shot\n|-damage|p2a: Granbull|227/302|[from] Stealth Rock\n|-ability|p2a: Granbull|Intimidate|boost\n|-unboost|p1a: Mimikyu|atk|1\n|move|p1a: Mimikyu|Play Rough|p2a: Granbull\n|-damage|p2a: Granbull|118/302\n|-damage|p1a: Mimikyu|90/216|[from] item: Life Orb\n|\n|-weather|RainDance|[upkeep]\n|-heal|p2a: Granbull|136/302|[from] item: Leftovers\n|upkeep\n|turn|23\n|\n|t:|1725181825\n|move|p1a: Mimikyu|Swords Dance|p1a: Mimikyu\n|-boost|p1a: Mimikyu|atk|2\n|move|p2a: Granbull|Play Rough|p1a: Mimikyu|[miss]\n|-miss|p2a: Granbull|p1a: Mimikyu\n|\n|-weather|RainDance|[upkeep]\n|-heal|p2a: Granbull|154/302|[from] item: Leftovers\n|upkeep\n|turn|24\n|\n|t:|1725181836\n|switch|p2a: Lilligant|Lilligant-Hisui, L80, F|52/243\n|-damage|p2a: Lilligant|37/243|[from] Stealth Rock\n|move|p1a: Mimikyu|Shadow Claw|p2a: Lilligant\n|-damage|p2a: Lilligant|0 fnt\n|faint|p2a: Lilligant\n|-damage|p1a: Mimikyu|69/216|[from] item: Life Orb\n|\n|-weather|none\n|upkeep\n|\n|t:|1725181841\n|switch|p2a: Morpeko|Morpeko, L88, F|79/245\n|turn|25\n|c|\u2606Soren-sage|I'm so lucky bro\n|\n|t:|1725181851\n|move|p1a: Mimikyu|Shadow Sneak|p2a: Morpeko\n|-resisted|p2a: Morpeko\n|-damage|p2a: Morpeko|21/245\n|-damage|p1a: Mimikyu|48/216|[from] item: Life Orb\n|move|p2a: Morpeko|Parting Shot|p1a: Mimikyu\n|-unboost|p1a: Mimikyu|atk|1\n|-unboost|p1a: Mimikyu|spa|1\n|\n|t:|1725181855\n|switch|p2a: Granbull|Granbull, L88, F|154/302|[from] Parting Shot\n|-damage|p2a: Granbull|117/302|[from] Stealth Rock\n|-ability|p2a: Granbull|Intimidate|boost\n|-unboost|p1a: Mimikyu|atk|1\n|\n|-heal|p2a: Granbull|135/302|[from] item: Leftovers\n|upkeep\n|turn|26\n|\n|t:|1725181866\n|move|p1a: Mimikyu|Play Rough|p2a: Granbull\n|-damage|p2a: Granbull|22/302\n|-unboost|p2a: Granbull|atk|1\n|-damage|p1a: Mimikyu|27/216|[from] item: Life Orb\n|move|p2a: Granbull|Earthquake|p1a: Mimikyu\n|-activate|p1a: Mimikyu|ability: Disguise\n|-damage|p1a: Mimikyu|27/216\n|detailschange|p1a: Mimikyu|Mimikyu-Busted, L79, M\n|-damage|p1a: Mimikyu|0 fnt|[from] pokemon: Mimikyu-Busted\n|faint|p1a: Mimikyu\n|\n|-heal|p2a: Granbull|40/302|[from] item: Leftovers\n|upkeep\n|\n|t:|1725181881\n|switch|p1a: Eelektross|Eelektross, L87, M|269/290\n|turn|27\n|\n|t:|1725181888\n|move|p1a: Eelektross|Discharge|p2a: Granbull\n|-damage|p2a: Granbull|0 fnt\n|faint|p2a: Granbull\n|\n|upkeep\n|\n|t:|1725181890\n|switch|p2a: Morpeko|Morpeko, L88, F|21/245\n|turn|28\n|\n|t:|1725181896\n|move|p2a: Morpeko|Protect|p2a: Morpeko\n|-singleturn|p2a: Morpeko|Protect\n|move|p1a: Eelektross|Giga Drain|p2a: Morpeko\n|-activate|p2a: Morpeko|move: Protect\n|\n|-formechange|p2a: Morpeko|Morpeko-Hangry||[from] ability: Hunger Switch\n|upkeep\n|turn|29\n|\n|t:|1725181905\n|move|p2a: Morpeko|Aura Wheel|p1a: Eelektross\n|-damage|p1a: Eelektross|149/290\n|-boost|p2a: Morpeko|spe|1\n|move|p1a: Eelektross|Giga Drain|p2a: Morpeko\n|-damage|p2a: Morpeko|0 fnt\n|-heal|p1a: Eelektross|160/290|[from] drain|[of] p2a: Morpeko\n|faint|p2a: Morpeko\n|\n|upkeep\n|\n|t:|1725181907\n|switch|p2a: Enamorus|Enamorus, L79, F|247/247\n|-damage|p2a: Enamorus|186/247|[from] Stealth Rock\n|turn|30\n|\n|t:|1725181920\n|-terastallize|p2a: Enamorus|Ground\n|move|p2a: Enamorus|Calm Mind|p2a: Enamorus\n|-boost|p2a: Enamorus|spa|1\n|-boost|p2a: Enamorus|spd|1\n|move|p1a: Eelektross|Discharge|p2a: Enamorus\n|-immune|p2a: Enamorus\n|\n|-heal|p2a: Enamorus|201/247|[from] item: Leftovers\n|upkeep\n|turn|31\n|inactive|Battle timer is ON: inactive players will automatically lose when time's up. (requested by Soren-sage)\n|inactive|MichaelderBesteVGC has 120 seconds left.\n|\n|t:|1725182002\n|move|p2a: Enamorus|Moonblast|p1a: Eelektross\n|-damage|p1a: Eelektross|51/290\n|move|p1a: Eelektross|Knock Off|p2a: Enamorus\n|-damage|p2a: Enamorus|101/247\n|-enditem|p2a: Enamorus|Leftovers|[from] move: Knock Off|[of] p1a: Eelektross\n|\n|upkeep\n|turn|32\n|\n|t:|1725182010\n|move|p2a: Enamorus|Moonblast|p1a: Eelektross\n|-damage|p1a: Eelektross|0 fnt\n|faint|p1a: Eelektross\n|\n|upkeep\n|\n|t:|1725182014\n|switch|p1a: Rayquaza|Rayquaza, L72, shiny|270/270\n|-ability|p1a: Rayquaza|Air Lock\n|turn|33\n|\n|t:|1725182019\n|-terastallize|p1a: Rayquaza|Normal\n|move|p1a: Rayquaza|Extreme Speed|p2a: Enamorus\n|-damage|p2a: Enamorus|0 fnt\n|faint|p2a: Enamorus\n|\n|win|Soren-sage\n|raw|Soren-sage's rating: 2445 &rarr; <strong>2469</strong><br />(+24 for winning)\n|raw|MichaelderBesteVGC's rating: 2521 &rarr; <strong>2497</strong><br />(-24 for losing)\n|l|\u2606MichaelderBesteVGC\n|player|p2|\n|c|\u2606Soren-sage|Gg, you tried even with bad luck\n", "inputlog": ">version 1a96e9abe1ea080895700c6d9e3ae6957ac3a8b3\n>start {\"formatid\":\"gen9randombattle\",\"seed\":[161,57457,50169,9571],\"rated\":\"Rated battle\"}\n>player p1 {\"name\":\"Soren-sage\",\"avatar\":\"chili\",\"rating\":2445,\"seed\":[32734,11518,49777,16345]}\n>player p2 {\"name\":\"MichaelderBesteVGC\",\"avatar\":\"#vgcpliiizoruas\",\"rating\":2521,\"seed\":[1355,46508,33807,48746]}\n>p1 move uturn\n>p2 move sleeppowder\n>chat \u2606Soren-sage|Gl hf\n>p1 switch 6\n>p1 move bravebird\n>p2 move sleeppowder\n>p1 switch 2\n>p2 move leafblade\n>p1 move stealthrock\n>p2 switch 4\n>p1 switch 6\n>p2 switch 6\n>p1 move uturn\n>p2 move rapidspin\n>p1 switch 4\n>p1 move playrough\n>p2 move partingshot\n>p2 switch 3\n>p1 switch 6\n>p2 move playrough\n>p1 move stealthrock\n>p2 move earthquake\n>p1 move yawn\n>p2 move earthquake\n>p1 switch 5\n>p1 move headsmash\n>p2 move thunderwave\n>p1 move headsmash\n>p2 switch 5\n>p1 switch 4\n>p2 move stoneedge\n>p1 move gigadrain\n>p2 switch 4\n>p1 move uturn\n>p2 move leafblade\n>p1 switch 6\n>p1 move swordsdance\n>p2 switch 5\n>p1 move swordsdance\n>p2 move thunderwave\n>p1 move shadowclaw\n>p2 switch 4\n>p1 move shadowclaw\n>p2 move earthquake\n>p2 switch 4\n>p1 move playrough\n>p2 switch 6\n>p1 move shadowclaw\n>p2 move encore\n>p2 switch 3\n>p1 move playrough\n>p2 move partingshot\n>p2 switch 6\n>p1 move swordsdance\n>p2 move playrough\n>p1 move shadowclaw\n>p2 switch 5\n>p2 switch 6\n>chat \u2606Soren-sage|I'm so lucky bro\n>p1 move shadowsneak\n>p2 move partingshot\n>p2 switch 5\n>p1 move playrough\n>p2 move earthquake\n>p1 switch 6\n>p1 move discharge\n>p2 move playrough\n>p2 switch 5\n>p1 move gigadrain\n>p2 move protect\n>p1 move gigadrain\n>p2 move aurawheel\n>p2 switch 2\n>p1 move discharge\n>p2 move calmmind terastallize\n>p1 move knockoff\n>p2 move moonblast\n>p1 move gigadrain\n>p2 move moonblast\n>p1 switch 3\n>p1 move extremespeed terastallize\n>p2 move moonblast", "uploadtime": 1725182055, "views": 122, "formatid": "gen9randombattle", "rating": 2469, "private": 0, "password": null}