{"id": "gen9randombattle-2260804494", "format": "[Gen 9] Random Battle", "players": ["Preto_Nerd", "AbrahamLincolnIII"], "log": "|j|\u2606Preto_Nerd\n|j|\u2606AbrahamLincolnIII\n|t:|1733895001\n|gametype|singles\n|player|p1|Preto_Nerd|170|1446\n|player|p2|AbrahamLincolnIII|steven|1448\n|teamsize|p1|6\n|teamsize|p2|6\n|gen|9\n|tier|[Gen 9] Random Battle\n|rated|\n|rule|Species Clause: Limit one of each Pok\u00e9mon\n|rule|HP Percentage Mod: HP is shown in percentages\n|rule|Sleep Clause Mod: Limit one foe put to sleep\n|rule|Illusion Level Mod: Illusion disguises the Pok\u00e9mon's true level\n|\n|t:|1733895001\n|start\n|switch|p1a: Miraidon|Miraidon, L65|238/238\n|switch|p2a: Clefable|Clefable, L83, M|293/293\n|-fieldstart|move: Electric Terrain|[from] ability: Hadron Engine|[of] p1a: Miraidon\n|turn|1\n|inactive|Battle timer is ON: inactive players will automatically lose when time's up. (requested by AbrahamLincolnIII)\n|\n|t:|1733895012\n|-terastallize|p1a: Miraidon|Electric\n|move|p1a: Miraidon|Electro Drift|p2a: Clefable\n|-damage|p2a: Clefable|89/293\n|move|p2a: Clefable|Moonblast|p1a: Miraidon\n|-damage|p1a: Miraidon|135/238\n|\n|-heal|p1a: Miraidon|149/238|[from] item: Leftovers\n|-heal|p2a: Clefable|107/293|[from] item: Leftovers\n|upkeep\n|turn|2\n|\n|t:|1733895026\n|switch|p2a: Raichu|Raichu, L88, M|249/249\n|move|p1a: Miraidon|Electro Drift|p2a: Raichu\n|-ability|p2a: Raichu|Lightning Rod|boost\n|-boost|p2a: Raichu|spa|1\n|\n|-heal|p1a: Miraidon|163/238|[from] item: Leftovers\n|upkeep\n|turn|3\n|\n|t:|1733895042\n|move|p2a: Raichu|Encore|p1a: Miraidon\n|-start|p1a: Miraidon|Encore\n|move|p1a: Miraidon|Electro Drift|p2a: Raichu\n|-ability|p2a: Raichu|Lightning Rod|boost\n|-boost|p2a: Raichu|spa|1\n|\n|-heal|p1a: Miraidon|177/238|[from] item: Leftovers\n|upkeep\n|turn|4\n|c|\u2606AbrahamLincolnIII|ty\n|\n|t:|1733895055\n|switch|p1a: Gliscor|Gliscor, L76, M|239/239\n|move|p2a: Raichu|Thunderbolt|p1a: Gliscor\n|-immune|p1a: Gliscor\n|\n|-status|p1a: Gliscor|tox|[from] item: Toxic Orb\n|upkeep\n|turn|5\n|\n|t:|1733895064\n|-terastallize|p2a: Raichu|Ice\n|move|p2a: Raichu|Tera Blast|p1a: Gliscor|[anim] Tera Blast Ice\n|-supereffective|p1a: Gliscor\n|-damage|p1a: Gliscor|0 fnt\n|faint|p1a: Gliscor\n|-damage|p2a: Raichu|225/249|[from] item: Life Orb\n|\n|-fieldend|move: Electric Terrain\n|upkeep\n|\n|t:|1733895076\n|switch|p1a: Regice|Regice, L88|284/284\n|turn|6\n|\n|t:|1733895086\n|move|p2a: Raichu|Thunderbolt|p1a: Regice\n|-damage|p1a: Regice|162/284\n|-damage|p2a: Raichu|201/249|[from] item: Life Orb\n|move|p1a: Regice|Body Press|p2a: Raichu\n|-supereffective|p2a: Raichu\n|-damage|p2a: Raichu|41/249\n|\n|upkeep\n|turn|7\n|\n|t:|1733895098\n|move|p2a: Raichu|Thunderbolt|p1a: Regice\n|-damage|p1a: Regice|44/284\n|-damage|p2a: Raichu|17/249|[from] item: Life Orb\n|move|p1a: Regice|Body Press|p2a: Raichu\n|-supereffective|p2a: Raichu\n|-damage|p2a: Raichu|0 fnt\n|faint|p2a: Raichu\n|\n|upkeep\n|inactive|AbrahamLincolnIII has 120 seconds left.\n|\n|t:|1733895129\n|switch|p2a: Gumshoos|Gumshoos, L95, M|321/321\n|turn|8\n|\n|t:|1733895133\n|move|p2a: Gumshoos|Knock Off|p1a: Regice\n|-damage|p1a: Regice|0 fnt\n|-enditem|p1a: Regice|Heavy-Duty Boots|[from] move: Knock Off|[of] p2a: Gumshoos\n|faint|p1a: Regice\n|\n|upkeep\n|\n|t:|1733895139\n|switch|p1a: Krookodile|Krookodile, L80, M|283/283\n|-ability|p1a: Krookodile|Intimidate|boost\n|-unboost|p2a: Gumshoos|atk|1\n|turn|9\n|\n|t:|1733895153\n|switch|p2a: Clefable|Clefable, L83, M|107/293\n|move|p1a: Krookodile|Earthquake|p2a: Clefable\n|-damage|p2a: Clefable|0 fnt\n|faint|p2a: Clefable\n|-damage|p1a: Krookodile|255/283|[from] item: Life Orb\n|\n|upkeep\n|inactive|AbrahamLincolnIII has 120 seconds left.\n|\n|t:|1733895176\n|switch|p2a: Shaymin|Shaymin, L82|298/298\n|turn|10\n|inactive|AbrahamLincolnIII has 120 seconds left.\n|\n|t:|1733895182\n|switch|p1a: Corviknight|Corviknight, L80, M|288/288\n|move|p2a: Shaymin|Seed Flare|p1a: Corviknight\n|-resisted|p1a: Corviknight\n|-damage|p1a: Corviknight|256/288\n|\n|-heal|p1a: Corviknight|274/288|[from] item: Leftovers\n|upkeep\n|turn|11\n|inactive|AbrahamLincolnIII has 120 seconds left.\n|\n|t:|1733895194\n|switch|p2a: Politoed|Politoed, L88, M|302/302\n|-weather|RainDance|[from] ability: Drizzle|[of] p2a: Politoed\n|move|p1a: Corviknight|Brave Bird|p2a: Politoed\n|-damage|p2a: Politoed|179/302\n|-damage|p1a: Corviknight|233/288|[from] Recoil\n|\n|-weather|RainDance|[upkeep]\n|-heal|p2a: Politoed|197/302|[from] item: Leftovers\n|-heal|p1a: Corviknight|251/288|[from] item: Leftovers\n|upkeep\n|turn|12\n|inactive|AbrahamLincolnIII has 120 seconds left.\n|\n|t:|1733895210\n|move|p2a: Politoed|Ice Beam|p1a: Corviknight\n|-damage|p1a: Corviknight|177/288\n|move|p1a: Corviknight|U-turn|p2a: Politoed\n|-damage|p2a: Politoed|150/302\n|\n|t:|1733895216\n|switch|p1a: Miraidon|Miraidon, L65, tera:Electric|177/238|[from] U-turn\n|-fieldstart|move: Electric Terrain|[from] ability: Hadron Engine|[of] p1a: Miraidon\n|\n|-weather|RainDance|[upkeep]\n|-heal|p1a: Miraidon|191/238|[from] item: Leftovers\n|-heal|p2a: Politoed|168/302|[from] item: Leftovers\n|upkeep\n|turn|13\n|\n|t:|1733895227\n|switch|p2a: Shaymin|Shaymin, L82|298/298\n|move|p1a: Miraidon|Electro Drift|p2a: Shaymin\n|-resisted|p2a: Shaymin\n|-damage|p2a: Shaymin|210/298\n|\n|-weather|RainDance|[upkeep]\n|-heal|p1a: Miraidon|205/238|[from] item: Leftovers\n|-heal|p2a: Shaymin|228/298|[from] item: Leftovers\n|upkeep\n|turn|14\n|\n|t:|1733895237\n|move|p1a: Miraidon|Draco Meteor|p2a: Shaymin\n|-damage|p2a: Shaymin|81/298\n|-unboost|p1a: Miraidon|spa|2\n|move|p2a: Shaymin|Earth Power|p1a: Miraidon\n|-supereffective|p1a: Miraidon\n|-damage|p1a: Miraidon|71/238\n|-unboost|p1a: Miraidon|spd|1\n|\n|-weather|RainDance|[upkeep]\n|-heal|p1a: Miraidon|85/238|[from] item: Leftovers\n|-heal|p2a: Shaymin|99/298|[from] item: Leftovers\n|upkeep\n|turn|15\n|\n|t:|1733895249\n|switch|p1a: Corviknight|Corviknight, L80, M|177/288\n|move|p2a: Shaymin|Synthesis|p2a: Shaymin\n|-heal|p2a: Shaymin|173/298\n|\n|-weather|none\n|-heal|p2a: Shaymin|191/298|[from] item: Leftovers\n|-heal|p1a: Corviknight|195/288|[from] item: Leftovers\n|upkeep\n|turn|16\n|\n|t:|1733895264\n|switch|p2a: Politoed|Politoed, L88, M|168/302\n|-weather|RainDance|[from] ability: Drizzle|[of] p2a: Politoed\n|move|p1a: Corviknight|Brave Bird|p2a: Politoed\n|-damage|p2a: Politoed|51/302\n|-damage|p1a: Corviknight|156/288|[from] Recoil\n|\n|-weather|RainDance|[upkeep]\n|-heal|p2a: Politoed|69/302|[from] item: Leftovers\n|-heal|p1a: Corviknight|174/288|[from] item: Leftovers\n|-fieldend|move: Electric Terrain\n|upkeep\n|turn|17\n|inactive|AbrahamLincolnIII has 120 seconds left.\n|\n|t:|1733895282\n|move|p2a: Politoed|Hydro Pump|p1a: Corviknight\n|-damage|p1a: Corviknight|0 fnt\n|faint|p1a: Corviknight\n|\n|-weather|RainDance|[upkeep]\n|-heal|p2a: Politoed|87/302|[from] item: Leftovers\n|upkeep\n|\n|t:|1733895291\n|switch|p1a: Miraidon|Miraidon, L65, tera:Electric|85/238\n|-fieldstart|move: Electric Terrain|[from] ability: Hadron Engine|[of] p1a: Miraidon\n|turn|18\n|\n|t:|1733895303\n|switch|p2a: Sylveon|Sylveon, L85, F|300/300\n|move|p1a: Miraidon|Electro Drift|p2a: Sylveon\n|-damage|p2a: Sylveon|152/300\n|\n|-weather|RainDance|[upkeep]\n|-heal|p1a: Miraidon|99/238|[from] item: Leftovers\n|-heal|p2a: Sylveon|170/300|[from] item: Leftovers\n|upkeep\n|turn|19\n|inactive|AbrahamLincolnIII has 120 seconds left.\n|\n|t:|1733895320\n|move|p2a: Sylveon|Protect|p2a: Sylveon\n|-singleturn|p2a: Sylveon|Protect\n|move|p1a: Miraidon|Electro Drift|p2a: Sylveon\n|-activate|p2a: Sylveon|move: Protect\n|\n|-weather|RainDance|[upkeep]\n|-heal|p1a: Miraidon|113/238|[from] item: Leftovers\n|-heal|p2a: Sylveon|188/300|[from] item: Leftovers\n|upkeep\n|turn|20\n|inactive|AbrahamLincolnIII has 120 seconds left.\n|\n|t:|1733895331\n|move|p1a: Miraidon|Calm Mind|p1a: Miraidon\n|-boost|p1a: Miraidon|spa|1\n|-boost|p1a: Miraidon|spd|1\n|move|p2a: Sylveon|Wish|p2a: Sylveon\n|\n|-weather|none\n|-heal|p1a: Miraidon|127/238|[from] item: Leftovers\n|-heal|p2a: Sylveon|206/300|[from] item: Leftovers\n|upkeep\n|turn|21\n|inactive|AbrahamLincolnIII has 120 seconds left.\n|\n|t:|1733895342\n|move|p1a: Miraidon|Electro Drift|p2a: Sylveon\n|-damage|p2a: Sylveon|0 fnt\n|faint|p2a: Sylveon\n|\n|-heal|p1a: Miraidon|141/238|[from] item: Leftovers\n|upkeep\n|inactive|AbrahamLincolnIII has 120 seconds left.\n|\n|t:|1733895353\n|switch|p2a: Shaymin|Shaymin, L82|191/298\n|turn|22\n|\n|t:|1733895356\n|move|p1a: Miraidon|Draco Meteor|p2a: Shaymin\n|-damage|p2a: Shaymin|0 fnt\n|-unboost|p1a: Miraidon|spa|2\n|faint|p2a: Shaymin\n|\n|-heal|p1a: Miraidon|155/238|[from] item: Leftovers\n|-fieldend|move: Electric Terrain\n|upkeep\n|\n|t:|1733895363\n|switch|p2a: Gumshoos|Gumshoos, L95, M|321/321\n|turn|23\n|\n|t:|1733895368\n|switch|p1a: Krookodile|Krookodile, L80, M|255/283\n|-ability|p1a: Krookodile|Intimidate|boost\n|-unboost|p2a: Gumshoos|atk|1\n|move|p2a: Gumshoos|Earthquake|p1a: Krookodile\n|-damage|p1a: Krookodile|143/283\n|\n|upkeep\n|turn|24\n|\n|t:|1733895377\n|switch|p2a: Politoed|Politoed, L88, M|87/302\n|-weather|RainDance|[from] ability: Drizzle|[of] p2a: Politoed\n|move|p1a: Krookodile|Earthquake|p2a: Politoed\n|-damage|p2a: Politoed|0 fnt\n|faint|p2a: Politoed\n|-damage|p1a: Krookodile|115/283|[from] item: Life Orb\n|\n|-weather|RainDance|[upkeep]\n|upkeep\n|\n|t:|1733895385\n|switch|p2a: Gumshoos|Gumshoos, L95, M|321/321\n|turn|25\n|\n|t:|1733895393\n|move|p1a: Krookodile|Knock Off|p2a: Gumshoos\n|-damage|p2a: Gumshoos|160/321\n|-enditem|p2a: Gumshoos|Choice Band|[from] move: Knock Off|[of] p1a: Krookodile\n|-damage|p1a: Krookodile|87/283|[from] item: Life Orb\n|move|p2a: Gumshoos|Double-Edge|p1a: Krookodile\n|-damage|p1a: Krookodile|0 fnt\n|faint|p1a: Krookodile\n|-damage|p2a: Gumshoos|131/321|[from] Recoil\n|\n|-weather|RainDance|[upkeep]\n|upkeep\n|c|\u2606Preto_Nerd|gg\n|\n|t:|1733895409\n|switch|p1a: Urshifu|Urshifu, L74, F|270/270\n|turn|26\n|c|\u2606AbrahamLincolnIII|wow what a mon to have hiding in the back\n|\n|t:|1733895422\n|move|p1a: Urshifu|Close Combat|p2a: Gumshoos\n|-supereffective|p2a: Gumshoos\n|-damage|p2a: Gumshoos|0 fnt\n|-unboost|p1a: Urshifu|def|1\n|-unboost|p1a: Urshifu|spd|1\n|faint|p2a: Gumshoos\n|-damage|p1a: Urshifu|243/270|[from] item: Life Orb\n|\n|win|Preto_Nerd\n|raw|Preto_Nerd's rating: 1446 &rarr; <strong>1466</strong><br />(+20 for winning)\n|raw|AbrahamLincolnIII's rating: 1448 &rarr; <strong>1428</strong><br />(-20 for losing)\n|l|\u2606AbrahamLincolnIII\n|player|p2|\n", "inputlog": ">version bfd83cad13791eb5a5a409923076391caf6fb4d4\n>start {\"formatid\":\"gen9randombattle\",\"seed\":[19124,43114,38539,51165],\"rated\":\"Rated battle\"}\n>player p1 {\"name\":\"Preto_Nerd\",\"avatar\":\"170\",\"rating\":1446,\"seed\":[10322,58108,48190,25611]}\n>player p2 {\"name\":\"AbrahamLincolnIII\",\"avatar\":\"steven\",\"rating\":1448,\"seed\":[3467,64856,750,34075]}\n>p1 move electrodrift terastallize\n>p2 move moonblast\n>p1 move electrodrift\n>p2 switch 3\n>p1 move dracometeor\n>p2 move encore\n>chat \u2606AbrahamLincolnIII|ty\n>p1 switch 2\n>p2 move thunderbolt\n>p1 move earthquake\n>p2 move terablast terastallize\n>p1 switch 5\n>p1 move bodypress\n>p2 move thunderbolt\n>p1 move bodypress\n>p2 move thunderbolt\n>p2 switch 2\n>p1 move thunderwave\n>p2 move knockoff\n>p1 switch 4\n>p1 move earthquake\n>p2 switch 3\n>p2 switch 5\n>p1 switch 3\n>p2 move seedflare\n>p1 move bravebird\n>p2 switch 6\n>p1 move uturn\n>p2 move icebeam\n>p1 switch 2\n>p1 move electrodrift\n>p2 switch 6\n>p1 move dracometeor\n>p2 move earthpower\n>p1 switch 2\n>p2 move synthesis\n>p1 move bravebird\n>p2 switch 6\n>p1 move bravebird\n>p2 move hydropump\n>p1 switch 2\n>p1 move electrodrift\n>p2 switch 4\n>p1 move electrodrift\n>p2 move protect\n>p1 move calmmind\n>p2 move wish\n>p1 move electrodrift\n>p2 move hypervoice\n>p2 switch 6\n>p1 move dracometeor\n>p2 move earthpower\n>p2 switch 3\n>p1 switch 3\n>p2 move earthquake\n>p1 move earthquake\n>p2 switch 4\n>p2 switch 4\n>p1 move knockoff\n>p2 move doubleedge\n>chat \u2606Preto_Nerd|gg\n>p1 switch 6\n>chat \u2606AbrahamLincolnIII|wow what a mon to have hiding in the back\n>p1 move closecombat\n>p2 move uturn", "uploadtime": 1733895441, "views": 1, "formatid": "gen9randombattle", "rating": 1428, "private": 0, "password": null}