{"id": "gen9randombattle-2105544728", "format": "[Gen 9] Random Battle", "players": ["NotSmogn", "Boris Huang - YT"], "log": "|uhtml|medal-msg|<div class=\"broadcast-blue\">Curious what those medals under the avatar are? PS now has Ladder Seasons! For more information, check out the <a href=\"https://www.smogon.com/forums/threads/3740067/\">thread on Smogon.</a></div>\n|badge|p2|gold|gen9randombattle|3-1\n|uhtml|medal-msg|<div class=\"broadcast-blue\">Curious what those medals under the avatar are? PS now has Ladder Seasons! For more information, check out the <a href=\"https://www.smogon.com/forums/threads/3740067/\">thread on Smogon.</a></div>\n|j|\u2606NotSmogn\n|j|\u2606Boris Huang - YT\n|t:|1713369101\n|gametype|singles\n|player|p1|NotSmogn|cameraman|2264\n|player|p2|Boris Huang - YT|#teamgapdos|2453\n|teamsize|p1|6\n|teamsize|p2|6\n|gen|9\n|tier|[Gen 9] Random Battle\n|rated|\n|rule|Species Clause: Limit one of each Pok\u00e9mon\n|rule|HP Percentage Mod: HP is shown in percentages\n|rule|Sleep Clause Mod: Limit one foe put to sleep\n|rule|Illusion Level Mod: Illusion disguises the Pok\u00e9mon's true level\n|\n|t:|1713369101\n|start\n|switch|p1a: Brute Bonnet|Brute Bonnet, L81|312/312\n|switch|p2a: Quaquaval|Quaquaval, L79, M|264/264\n|turn|1\n|inactive|Battle timer is ON: inactive players will automatically lose when time's up. (requested by Boris Huang - YT)\n|\n|t:|1713369129\n|move|p2a: Quaquaval|U-turn|p1a: Brute Bonnet\n|-supereffective|p1a: Brute Bonnet\n|-damage|p1a: Brute Bonnet|116/312\n|j| gokupichu\n|\n|t:|1713369141\n|switch|p2a: Galvantula|Galvantula, L82, M|249/249|[from] U-turn\n|move|p1a: Brute Bonnet|Seed Bomb|p2a: Galvantula\n|-resisted|p2a: Galvantula\n|-damage|p2a: Galvantula|189/249\n|\n|-heal|p1a: Brute Bonnet|135/312|[from] item: Leftovers\n|upkeep\n|turn|2\n|inactive|NotSmogn has 120 seconds left.\n|\n|t:|1713369172\n|-end|p1a: Brute Bonnet|Protosynthesis|[silent]\n|switch|p1a: Gengar|Gengar, L81, F|230/230\n|move|p2a: Galvantula|Sticky Web|p1a: Gengar\n|-sidestart|p1: NotSmogn|move: Sticky Web\n|\n|upkeep\n|turn|3\n|\n|t:|1713369181\n|switch|p2a: Sableye|Sableye, L90, M|236/236\n|move|p1a: Gengar|Sludge Wave|p2a: Sableye\n|-resisted|p2a: Sableye\n|-damage|p2a: Sableye|124/236\n|\n|-heal|p2a: Sableye|138/236|[from] item: Leftovers\n|upkeep\n|turn|4\n|\n|t:|1713369194\n|switch|p1a: Brute Bonnet|Brute Bonnet, L81|135/312\n|-activate|p1a: Brute Bonnet|move: Sticky Web\n|-unboost|p1a: Brute Bonnet|spe|1\n|switch|p2a: Muk|Muk, L86, M|321/321\n|\n|-heal|p1a: Brute Bonnet|154/312|[from] item: Leftovers\n|upkeep\n|turn|5\n|inactive|NotSmogn has 120 seconds left.\n|inactive|NotSmogn has 90 seconds left.\n|\n|t:|1713369254\n|-end|p1a: Brute Bonnet|Protosynthesis|[silent]\n|switch|p1a: Tyranitar|Tyranitar, L79, F|288/288\n|-activate|p1a: Tyranitar|move: Sticky Web\n|-unboost|p1a: Tyranitar|spe|1\n|-weather|Sandstorm|[from] ability: Sand Stream|[of] p1a: Tyranitar\n|move|p2a: Muk|Drain Punch|p1a: Tyranitar\n|-supereffective|p1a: Tyranitar\n|-damage|p1a: Tyranitar|0 fnt\n|faint|p1a: Tyranitar\n|\n|-weather|Sandstorm|[upkeep]\n|-damage|p2a: Muk|301/321|[from] Sandstorm\n|upkeep\n|\n|t:|1713369274\n|switch|p1a: Floatzel|Floatzel, L85, F|283/283\n|-activate|p1a: Floatzel|move: Sticky Web\n|-unboost|p1a: Floatzel|spe|1\n|turn|6\n|\n|t:|1713369293\n|switch|p2a: Sableye|Sableye, L90, M|138/236\n|move|p1a: Floatzel|Flip Turn|p2a: Sableye\n|-damage|p2a: Sableye|36/236\n|\n|t:|1713369299\n|switch|p1a: Brute Bonnet|Brute Bonnet, L81|154/312|[from] Flip Turn\n|-activate|p1a: Brute Bonnet|move: Sticky Web\n|-unboost|p1a: Brute Bonnet|spe|1\n|\n|-weather|Sandstorm|[upkeep]\n|-damage|p2a: Sableye|22/236|[from] Sandstorm\n|-damage|p1a: Brute Bonnet|135/312|[from] Sandstorm\n|-heal|p2a: Sableye|36/236|[from] item: Leftovers\n|-heal|p1a: Brute Bonnet|154/312|[from] item: Leftovers\n|upkeep\n|turn|7\n|\n|t:|1713369307\n|switch|p2a: Muk|Muk, L86, M|301/321\n|move|p1a: Brute Bonnet|Spore|p2a: Muk\n|-status|p2a: Muk|slp|[from] move: Spore\n|\n|-weather|Sandstorm|[upkeep]\n|-damage|p2a: Muk|281/321 slp|[from] Sandstorm\n|-damage|p1a: Brute Bonnet|135/312|[from] Sandstorm\n|-heal|p1a: Brute Bonnet|154/312|[from] item: Leftovers\n|upkeep\n|turn|8\n|\n|t:|1713369326\n|move|p1a: Brute Bonnet|Sucker Punch|p2a: Muk\n|-damage|p2a: Muk|194/321 slp\n|cant|p2a: Muk|slp\n|\n|-weather|Sandstorm|[upkeep]\n|-damage|p2a: Muk|174/321 slp|[from] Sandstorm\n|-damage|p1a: Brute Bonnet|135/312|[from] Sandstorm\n|-heal|p1a: Brute Bonnet|154/312|[from] item: Leftovers\n|upkeep\n|turn|9\n|\n|t:|1713369344\n|move|p1a: Brute Bonnet|Sucker Punch|p2a: Muk\n|-damage|p2a: Muk|83/321 slp\n|-curestatus|p2a: Muk|slp|[msg]\n|move|p2a: Muk|Drain Punch|p1a: Brute Bonnet\n|-supereffective|p1a: Brute Bonnet\n|-damage|p1a: Brute Bonnet|0 fnt\n|-heal|p2a: Muk|160/321|[from] drain|[of] p1a: Brute Bonnet\n|faint|p1a: Brute Bonnet\n|-end|p1a: Brute Bonnet|Protosynthesis|[silent]\n|\n|-weather|none\n|upkeep\n|inactive|NotSmogn has 60 seconds left.\n|\n|t:|1713369355\n|switch|p1a: Floatzel|Floatzel, L85, F|283/283\n|-activate|p1a: Floatzel|move: Sticky Web\n|-unboost|p1a: Floatzel|spe|1\n|turn|10\n|inactive|NotSmogn has 60 seconds left.\n|\n|t:|1713369365\n|switch|p2a: Sableye|Sableye, L90, M|36/236\n|move|p1a: Floatzel|Wave Crash|p2a: Sableye\n|-damage|p2a: Sableye|0 fnt\n|faint|p2a: Sableye\n|-damage|p1a: Floatzel|271/283|[from] Recoil\n|\n|upkeep\n|\n|t:|1713369368\n|switch|p2a: Galvantula|Galvantula, L82, M|189/249\n|turn|11\n|j|+Aqua\n|\n|t:|1713369378\n|switch|p1a: Porygon2|Porygon2, L82|274/274\n|-activate|p1a: Porygon2|move: Sticky Web\n|-unboost|p1a: Porygon2|spe|1\n|-ability|p1a: Porygon2|Download|boost\n|-boost|p1a: Porygon2|spa|1\n|move|p2a: Galvantula|Thunder|p1a: Porygon2\n|-damage|p1a: Porygon2|204/274\n|\n|upkeep\n|turn|12\n|\n|t:|1713369392\n|switch|p2a: Muk|Muk, L86, M|160/321\n|move|p1a: Porygon2|Tri Attack|p2a: Muk\n|-damage|p2a: Muk|52/321\n|\n|upkeep\n|turn|13\n|inactive|NotSmogn has 60 seconds left.\n|\n|t:|1713369412\n|switch|p1a: Floatzel|Floatzel, L85, F|271/283\n|-activate|p1a: Floatzel|move: Sticky Web\n|-unboost|p1a: Floatzel|spe|1\n|move|p2a: Muk|Knock Off|p1a: Floatzel\n|-damage|p1a: Floatzel|123/283\n|-status|p1a: Floatzel|psn|[from] ability: Poison Touch|[of] p2a: Muk\n|-enditem|p1a: Floatzel|Choice Band|[from] move: Knock Off|[of] p2a: Muk\n|\n|-damage|p1a: Floatzel|88/283 psn|[from] psn\n|upkeep\n|turn|14\n|inactive|NotSmogn has 60 seconds left.\n|\n|t:|1713369427\n|switch|p2a: Quaquaval|Quaquaval, L79, M|264/264\n|move|p1a: Floatzel|Flip Turn|p2a: Quaquaval\n|-resisted|p2a: Quaquaval\n|-damage|p2a: Quaquaval|227/264\n|j|+pokeblade\u2606101\n|inactive|NotSmogn has 60 seconds left.\n|\n|t:|1713369434\n|switch|p1a: Gengar|Gengar, L81, F|230/230|[from] Flip Turn\n|-activate|p1a: Gengar|move: Sticky Web\n|-unboost|p1a: Gengar|spe|1\n|\n|upkeep\n|turn|15\n|inactive|NotSmogn has 60 seconds left.\n|inactive|NotSmogn has 30 seconds left.\n|inactive|NotSmogn has 20 seconds left.\n|inactive|NotSmogn has 15 seconds left.\n|\n|t:|1713369494\n|move|p2a: Quaquaval|Aqua Step|p1a: Gengar\n|-damage|p1a: Gengar|107/230\n|-boost|p2a: Quaquaval|spe|1\n|-start|p2a: Quaquaval|Disable|Aqua Step|[from] ability: Cursed Body|[of] p1a: Gengar\n|move|p1a: Gengar|Sludge Wave|p2a: Quaquaval\n|-damage|p2a: Quaquaval|79/264\n|\n|upkeep\n|turn|16\n|inactive|NotSmogn has 25 seconds left this turn.\n|inactive|NotSmogn has 20 seconds left.\n|\n|t:|1713369503\n|move|p2a: Quaquaval|U-turn|p1a: Gengar\n|-resisted|p1a: Gengar\n|-damage|p1a: Gengar|89/230\n|inactive|NotSmogn has 25 seconds left this turn.\n|\n|t:|1713369504\n|switch|p2a: Bronzong|Bronzong, L88|261/261|[from] U-turn\n|move|p1a: Gengar|Sludge Wave|p2a: Bronzong\n|-immune|p2a: Bronzong\n|\n|upkeep\n|turn|17\n|inactive|NotSmogn has 30 seconds left.\n|\n|t:|1713369512\n|switch|p1a: Floatzel|Floatzel, L85, F|88/283 psn\n|-activate|p1a: Floatzel|move: Sticky Web\n|-unboost|p1a: Floatzel|spe|1\n|move|p2a: Bronzong|Iron Defense|p2a: Bronzong\n|-boost|p2a: Bronzong|def|2\n|\n|-damage|p1a: Floatzel|53/283 psn|[from] psn\n|upkeep\n|turn|18\n|inactive|NotSmogn has 30 seconds left.\n|\n|t:|1713369524\n|move|p1a: Floatzel|Crunch|p2a: Bronzong\n|-supereffective|p2a: Bronzong\n|-damage|p2a: Bronzong|207/261\n|move|p2a: Bronzong|Psychic Noise|p1a: Floatzel\n|-damage|p1a: Floatzel|0 fnt\n|faint|p1a: Floatzel\n|\n|upkeep\n|inactive|NotSmogn has 30 seconds left.\n|\n|t:|1713369536\n|switch|p1a: Polteageist|Polteageist, L79|224/224\n|-activate|p1a: Polteageist|move: Sticky Web\n|-unboost|p1a: Polteageist|spe|1\n|-enditem|p1a: Polteageist|White Herb\n|-clearnegativeboost|p1a: Polteageist|[silent]\n|turn|19\n|\n|t:|1713369563\n|move|p1a: Polteageist|Shell Smash|p1a: Polteageist\n|-unboost|p1a: Polteageist|def|1\n|-unboost|p1a: Polteageist|spd|1\n|-boost|p1a: Polteageist|atk|2\n|-boost|p1a: Polteageist|spa|2\n|-boost|p1a: Polteageist|spe|2\n|move|p2a: Bronzong|Psychic Noise|p1a: Polteageist\n|-damage|p1a: Polteageist|121/224\n|-start|p1a: Polteageist|move: Heal Block\n|\n|upkeep\n|turn|20\n|inactive|NotSmogn has 30 seconds left.\n|inactive|Boris Huang - YT has 120 seconds left.\n|\n|t:|1713369584\n|switch|p2a: Galvantula|Galvantula, L82, M|189/249\n|move|p1a: Polteageist|Shadow Ball|p2a: Galvantula\n|-damage|p2a: Galvantula|0 fnt\n|faint|p2a: Galvantula\n|\n|-end|p1a: Polteageist|move: Heal Block\n|upkeep\n|inactive|Boris Huang - YT has 90 seconds left.\n|\n|t:|1713369624\n|switch|p2a: Muk|Muk, L86, M|52/321\n|turn|21\n|inactive|Boris Huang - YT has 90 seconds left.\n|\n|t:|1713369638\n|-terastallize|p1a: Polteageist|Fighting\n|move|p2a: Muk|Shadow Sneak|p1a: Polteageist\n|-damage|p1a: Polteageist|21/224\n|move|p1a: Polteageist|Tera Blast|p2a: Muk|[anim] Tera Blast Fighting\n|-resisted|p2a: Muk\n|-damage|p2a: Muk|0 fnt\n|faint|p2a: Muk\n|\n|upkeep\n|inactive|Boris Huang - YT has 90 seconds left.\n|\n|t:|1713369662\n|switch|p2a: Yanmega|Yanmega, L82, F|275/275\n|turn|22\n|\n|t:|1713369681\n|move|p2a: Yanmega|Protect|p2a: Yanmega\n|-singleturn|p2a: Yanmega|Protect\n|move|p1a: Polteageist|Stored Power|p2a: Yanmega\n|-activate|p2a: Yanmega|move: Protect\n|\n|-ability|p2a: Yanmega|Speed Boost|boost\n|-boost|p2a: Yanmega|spe|1\n|upkeep\n|turn|23\n|\n|t:|1713369692\n|move|p2a: Yanmega|Protect||[still]\n|-fail|p2a: Yanmega\n|move|p1a: Polteageist|Stored Power|p2a: Yanmega\n|-damage|p2a: Yanmega|0 fnt\n|faint|p2a: Yanmega\n|\n|upkeep\n|\n|t:|1713369694\n|switch|p2a: Bronzong|Bronzong, L88|207/261\n|turn|24\n|\n|t:|1713369702\n|move|p1a: Polteageist|Shadow Ball|p2a: Bronzong\n|-supereffective|p2a: Bronzong\n|-damage|p2a: Bronzong|0 fnt\n|faint|p2a: Bronzong\n|\n|upkeep\n|c|\u2606Boris Huang - YT|gg\n|-message|Boris Huang - YT forfeited.\n|\n|win|NotSmogn\n|raw|NotSmogn's rating: 2264 &rarr; <strong>2294</strong><br />(+30 for winning)\n|raw|Boris Huang - YT's rating: 2453 &rarr; <strong>2423</strong><br />(-30 for losing)\n|l|\u2606Boris Huang - YT\n|player|p2|\n|c|\u2606NotSmogn|gg\n", "inputlog": ">version 94cb14e6e593f9434fd234bef139544825d280b8\n>start {\"formatid\":\"gen9randombattle\",\"seed\":[25113,24476,18477,26504],\"rated\":\"Rated battle\"}\n>player p1 {\"name\":\"NotSmogn\",\"avatar\":\"cameraman\",\"rating\":2264,\"seed\":[54249,12451,59900,22754]}\n>player p2 {\"name\":\"Boris Huang - YT\",\"avatar\":\"#teamgapdos\",\"rating\":2453,\"seed\":[3802,58378,45118,921]}\n>p1 move seedbomb\n>p2 move uturn\n>p2 switch 4\n>p1 switch 2\n>p2 move stickyweb\n>p1 move sludgewave\n>p2 switch 6\n>p1 switch 2\n>p2 switch 5\n>p1 switch 6\n>p2 move drainpunch\n>p1 switch 4\n>p1 move flipturn\n>p2 switch 5\n>p1 switch 6\n>p1 move spore\n>p2 switch 5\n>p1 move suckerpunch\n>p2 move gunkshot\n>p1 move suckerpunch\n>p2 move drainpunch\n>p1 switch 6\n>p1 move wavecrash\n>p2 switch 5\n>p2 switch 6\n>p1 switch 5\n>p2 move thunder\n>p1 move triattack\n>p2 switch 5\n>p1 switch 5\n>p2 move knockoff\n>p1 move flipturn\n>p2 switch 4\n>p1 switch 2\n>p1 move sludgewave\n>p2 move aquastep\n>p1 move sludgewave\n>p2 move uturn\n>p2 switch 2\n>p1 switch 2\n>p2 move irondefense\n>p1 move crunch\n>p2 move psychicnoise\n>p1 switch 3\n>p1 move shellsmash\n>p2 move psychicnoise\n>p1 move shadowball\n>p2 switch 5\n>p2 switch 4\n>p1 move terablast terastallize\n>p2 move shadowsneak\n>p2 switch 3\n>p1 move storedpower\n>p2 move protect\n>p1 move storedpower\n>p2 move protect\n>p2 switch 5\n>p1 move shadowball\n>p2 move psychicnoise\n>chat \u2606Boris Huang - YT|gg\n>forcelose p2", "uploadtime": 1713369745, "views": 243, "formatid": "gen9randombattle", "rating": 2294, "private": 0, "password": null}