{"id": "gen9randombattle-2260868594", "format": "[Gen 9] Random Battle", "players": ["shironaisdabest", "tomate2er"], "log": "|j|\u2606shironaisdabest\n|j|\u2606tomate2er\n|t:|1733907581\n|gametype|singles\n|player|p1|shironaisdabest|cynthia-gen4|1391\n|player|p2|tomate2er|266|1417\n|teamsize|p1|6\n|teamsize|p2|6\n|gen|9\n|tier|[Gen 9] Random Battle\n|rated|\n|rule|Species Clause: Limit one of each Pok\u00e9mon\n|rule|HP Percentage Mod: HP is shown in percentages\n|rule|Sleep Clause Mod: Limit one foe put to sleep\n|rule|Illusion Level Mod: Illusion disguises the Pok\u00e9mon's true level\n|\n|t:|1733907581\n|start\n|switch|p1a: Roaring Moon|Roaring Moon, L72|270/270\n|switch|p2a: Banette|Banette, L93, M|270/270\n|-item|p1a: Roaring Moon|Choice Band|[from] ability: Frisk|[of] p2a: Banette\n|turn|1\n|inactive|Battle timer is ON: inactive players will automatically lose when time's up. (requested by tomate2er)\n|inactive|tomate2er has 120 seconds left.\n|\n|t:|1733907616\n|move|p1a: Roaring Moon|Knock Off|p2a: Banette\n|-supereffective|p2a: Banette\n|-damage|p2a: Banette|0 fnt\n|-enditem|p2a: Banette|Life Orb|[from] move: Knock Off|[of] p1a: Roaring Moon\n|faint|p2a: Banette\n|\n|upkeep\n|\n|t:|1733907633\n|switch|p2a: Camerupt|Camerupt, L91, F|275/275\n|turn|2\n|\n|t:|1733907650\n|-end|p1a: Roaring Moon|Protosynthesis|[silent]\n|switch|p1a: Slowking|Slowking, L88, F|310/310\n|move|p2a: Camerupt|Roar|p1a: Slowking\n|drag|p1a: Manaphy|Manaphy, L78|284/284\n|\n|upkeep\n|turn|3\n|\n|t:|1733907659\n|switch|p2a: Phione|Phione, L91|293/293\n|move|p1a: Manaphy|Surf|p2a: Phione\n|-resisted|p2a: Phione\n|-damage|p2a: Phione|249/293\n|\n|-heal|p2a: Phione|267/293|[from] item: Leftovers\n|upkeep\n|turn|4\n|\n|t:|1733907669\n|move|p1a: Manaphy|Tail Glow|p1a: Manaphy\n|-boost|p1a: Manaphy|spa|3\n|move|p2a: Phione|Take Heart|p2a: Phione\n|-boost|p2a: Phione|spa|1\n|-boost|p2a: Phione|spd|1\n|\n|-heal|p2a: Phione|285/293|[from] item: Leftovers\n|upkeep\n|turn|5\n|inactive|tomate2er has 120 seconds left.\n|\n|t:|1733907699\n|-terastallize|p2a: Phione|Steel\n|move|p1a: Manaphy|Energy Ball|p2a: Phione\n|-resisted|p2a: Phione\n|-damage|p2a: Phione|236/293\n|move|p2a: Phione|Take Heart|p2a: Phione\n|-boost|p2a: Phione|spa|1\n|-boost|p2a: Phione|spd|1\n|\n|-heal|p2a: Phione|254/293|[from] item: Leftovers\n|upkeep\n|turn|6\n|inactive|tomate2er has 120 seconds left.\n|inactive|tomate2er has 90 seconds left.\n|inactive|tomate2er has 60 seconds left.\n|\n|t:|1733907776\n|move|p1a: Manaphy|Tail Glow|p1a: Manaphy\n|-boost|p1a: Manaphy|spa|3\n|move|p2a: Phione|Take Heart|p2a: Phione\n|-boost|p2a: Phione|spa|1\n|-boost|p2a: Phione|spd|1\n|\n|-heal|p2a: Phione|272/293|[from] item: Leftovers\n|upkeep\n|turn|7\n|inactive|tomate2er has 60 seconds left.\n|\n|t:|1733907808\n|move|p1a: Manaphy|Surf|p2a: Phione\n|-damage|p2a: Phione|142/293\n|move|p2a: Phione|Take Heart|p2a: Phione\n|-boost|p2a: Phione|spa|1\n|-boost|p2a: Phione|spd|1\n|\n|-heal|p2a: Phione|160/293|[from] item: Leftovers\n|upkeep\n|turn|8\n|inactive|tomate2er has 30 seconds left.\n|\n|t:|1733907836\n|move|p1a: Manaphy|Surf|p2a: Phione\n|-damage|p2a: Phione|42/293\n|move|p2a: Phione|Grass Knot|p1a: Manaphy\n|-supereffective|p1a: Manaphy\n|-damage|p1a: Manaphy|194/284\n|\n|-heal|p1a: Manaphy|211/284|[from] item: Leftovers\n|-heal|p2a: Phione|60/293|[from] item: Leftovers\n|upkeep\n|turn|9\n|inactive|tomate2er has 30 seconds left.\n|inactive|tomate2er has 20 seconds left.\n|\n|t:|1733907853\n|move|p1a: Manaphy|Surf|p2a: Phione\n|-damage|p2a: Phione|0 fnt\n|faint|p2a: Phione\n|\n|-heal|p1a: Manaphy|228/284|[from] item: Leftovers\n|upkeep\n|inactive|tomate2er has 25 seconds left this turn.\n|inactive|tomate2er has 20 seconds left.\n|\n|t:|1733907860\n|switch|p2a: Ninetales|Ninetales, L85, F|263/263\n|-weather|SunnyDay|[from] ability: Drought|[of] p2a: Ninetales\n|turn|10\n|inactive|tomate2er has 30 seconds left this turn.\n|\n|t:|1733907869\n|move|p2a: Ninetales|Solar Beam||[still]\n|-prepare|p2a: Ninetales|Solar Beam\n|-anim|p2a: Ninetales|Solar Beam|p1a: Manaphy\n|-supereffective|p1a: Manaphy\n|-damage|p1a: Manaphy|76/284\n|move|p1a: Manaphy|Surf|p2a: Ninetales\n|-supereffective|p2a: Ninetales\n|-damage|p2a: Ninetales|0 fnt\n|faint|p2a: Ninetales\n|\n|-weather|SunnyDay|[upkeep]\n|-heal|p1a: Manaphy|93/284|[from] item: Leftovers\n|upkeep\n|inactive|tomate2er has 30 seconds left this turn.\n|inactive|tomate2er has 20 seconds left.\n|\n|t:|1733907882\n|switch|p2a: Greedent|Greedent, L86, M|347/347\n|turn|11\n|inactive|tomate2er has 30 seconds left this turn.\n|\n|t:|1733907892\n|move|p1a: Manaphy|Ice Beam|p2a: Greedent\n|-damage|p2a: Greedent|113/347\n|-enditem|p2a: Greedent|Sitrus Berry|[eat]\n|-heal|p2a: Greedent|199/347|[from] item: Sitrus Berry\n|-heal|p2a: Greedent|314/347|[from] ability: Cheek Pouch\n|move|p2a: Greedent|Double-Edge|p1a: Manaphy\n|-damage|p1a: Manaphy|0 fnt\n|faint|p1a: Manaphy\n|-damage|p2a: Greedent|283/347|[from] Recoil\n|\n|-weather|SunnyDay|[upkeep]\n|upkeep\n|inactive|tomate2er has 30 seconds left this turn.\n|\n|t:|1733907907\n|switch|p1a: Zamazenta|Zamazenta, L71|248/248\n|-ability|p1a: Zamazenta|Dauntless Shield|boost\n|-boost|p1a: Zamazenta|def|1\n|turn|12\n|inactive|tomate2er has 30 seconds left.\n|inactive|tomate2er has 20 seconds left.\n|inactive|tomate2er has 15 seconds left.\n|inactive|tomate2er has 10 seconds left.\n|\n|t:|1733907941\n|switch|p2a: Camerupt|Camerupt, L91, F|275/275\n|move|p1a: Zamazenta|Body Press|p2a: Camerupt\n|-damage|p2a: Camerupt|149/275\n|\n|-weather|SunnyDay|[upkeep]\n|-heal|p2a: Camerupt|166/275|[from] item: Leftovers\n|upkeep\n|turn|13\n|inactive|tomate2er has 20 seconds left this turn.\n|inactive|tomate2er has 15 seconds left.\n|\n|t:|1733907953\n|move|p1a: Zamazenta|Body Press|p2a: Camerupt\n|-damage|p2a: Camerupt|46/275\n|move|p2a: Camerupt|Overheat|p1a: Zamazenta\n|-damage|p1a: Zamazenta|17/248\n|-unboost|p2a: Camerupt|spa|2\n|\n|-weather|SunnyDay|[upkeep]\n|-heal|p1a: Zamazenta|32/248|[from] item: Leftovers\n|-heal|p2a: Camerupt|63/275|[from] item: Leftovers\n|upkeep\n|turn|14\n|inactive|tomate2er has 25 seconds left this turn.\n|inactive|tomate2er has 20 seconds left.\n|inactive|tomate2er has 15 seconds left.\n|\n|t:|1733907966\n|move|p1a: Zamazenta|Body Press|p2a: Camerupt\n|-damage|p2a: Camerupt|0 fnt\n|faint|p2a: Camerupt\n|\n|-weather|none\n|-heal|p1a: Zamazenta|47/248|[from] item: Leftovers\n|upkeep\n|inactive|tomate2er has 20 seconds left this turn.\n|inactive|tomate2er has 15 seconds left.\n|\n|t:|1733907974\n|switch|p2a: Greedent|Greedent, L86, M|283/347\n|turn|15\n|inactive|tomate2er has 25 seconds left this turn.\n|inactive|tomate2er has 20 seconds left.\n|\n|t:|1733907983\n|move|p1a: Zamazenta|Body Press|p2a: Greedent\n|-supereffective|p2a: Greedent\n|-crit|p2a: Greedent\n|-damage|p2a: Greedent|0 fnt\n|faint|p2a: Greedent\n|\n|-heal|p1a: Zamazenta|62/248|[from] item: Leftovers\n|upkeep\n|inactive|tomate2er has 25 seconds left this turn.\n|inactive|tomate2er has 20 seconds left.\n|\n|t:|1733907992\n|switch|p2a: Ursaluna|Ursaluna, L79, M|335/335\n|turn|16\n|inactive|tomate2er has 30 seconds left this turn.\n|inactive|tomate2er has 20 seconds left.\n|inactive|tomate2er has 15 seconds left.\n|\n|t:|1733908008\n|move|p1a: Zamazenta|Body Press|p2a: Ursaluna\n|-supereffective|p2a: Ursaluna\n|-damage|p2a: Ursaluna|129/335\n|move|p2a: Ursaluna|Facade|p1a: Zamazenta\n|-crit|p1a: Zamazenta\n|-damage|p1a: Zamazenta|0 fnt\n|faint|p1a: Zamazenta\n|\n|-status|p2a: Ursaluna|brn|[from] item: Flame Orb\n|upkeep\n|inactive|tomate2er has 20 seconds left this turn.\n|\n|t:|1733908024\n|switch|p1a: Iron Crown|Iron Crown, L78|268/268\n|turn|17\n|inactive|tomate2er has 30 seconds left this turn.\n|\n|t:|1733908033\n|move|p1a: Iron Crown|Focus Blast|p2a: Ursaluna|[miss]\n|-miss|p1a: Iron Crown|p2a: Ursaluna\n|move|p2a: Ursaluna|Headlong Rush|p1a: Iron Crown\n|-supereffective|p1a: Iron Crown\n|-damage|p1a: Iron Crown|0 fnt\n|-unboost|p2a: Ursaluna|def|1\n|-unboost|p2a: Ursaluna|spd|1\n|faint|p1a: Iron Crown\n|-end|p1a: Iron Crown|Quark Drive|[silent]\n|\n|-damage|p2a: Ursaluna|109/335 brn|[from] brn\n|upkeep\n|inactive|tomate2er has 30 seconds left this turn.\n|\n|t:|1733908045\n|switch|p1a: Pincurchin|Pincurchin, M|258/258\n|-fieldstart|move: Electric Terrain|[from] ability: Electric Surge|[of] p1a: Pincurchin\n|turn|18\n|\n|t:|1733908053\n|move|p2a: Ursaluna|Headlong Rush|p1a: Pincurchin\n|-supereffective|p1a: Pincurchin\n|-damage|p1a: Pincurchin|0 fnt\n|-unboost|p2a: Ursaluna|def|1\n|-unboost|p2a: Ursaluna|spd|1\n|faint|p1a: Pincurchin\n|\n|-damage|p2a: Ursaluna|89/335 brn|[from] brn\n|upkeep\n|\n|t:|1733908063\n|switch|p1a: Slowking|Slowking, L88, F|310/310\n|turn|19\n|\n|t:|1733908073\n|move|p2a: Ursaluna|Facade|p1a: Slowking\n|-damage|p1a: Slowking|30/310\n|move|p1a: Slowking|Scald|p2a: Ursaluna\n|-supereffective|p2a: Ursaluna\n|-damage|p2a: Ursaluna|0 fnt\n|faint|p2a: Ursaluna\n|\n|win|shironaisdabest\n|raw|shironaisdabest's rating: 1391 &rarr; <strong>1412</strong><br />(+21 for winning)\n|raw|tomate2er's rating: 1417 &rarr; <strong>1396</strong><br />(-21 for losing)\n|l|\u2606shironaisdabest\n|player|p1|\n", "inputlog": ">version bfd83cad13791eb5a5a409923076391caf6fb4d4\n>start {\"formatid\":\"gen9randombattle\",\"seed\":[18419,7058,33938,38168],\"rated\":\"Rated battle\"}\n>player p1 {\"name\":\"shironaisdabest\",\"avatar\":\"cynthia-gen4\",\"rating\":1391,\"seed\":[30248,31357,30646,38942]}\n>player p2 {\"name\":\"tomate2er\",\"avatar\":\"266\",\"rating\":1417,\"seed\":[64800,17909,26660,8379]}\n>p1 move knockoff\n>p2 move thunderwave\n>p2 switch 2\n>p1 switch 3\n>p2 move roar\n>p1 move surf\n>p2 switch 5\n>p1 move tailglow\n>p2 move takeheart\n>p1 move energyball\n>p2 move takeheart terastallize\n>p1 move tailglow\n>p2 move takeheart\n>p1 move surf\n>p2 move takeheart\n>p1 move surf\n>p2 move grassknot\n>p1 move surf\n>p2 move grassknot\n>p2 switch 6\n>p1 move surf\n>p2 move solarbeam\n>p2 switch 3\n>p1 move icebeam\n>p2 move doubleedge\n>p1 switch 4\n>p1 move bodypress\n>p2 switch 5\n>p1 move bodypress\n>p2 move overheat\n>p1 move bodypress\n>p2 move earthquake\n>p2 switch 5\n>p1 move bodypress\n>p2 move doubleedge\n>p2 switch 4\n>p1 move bodypress\n>p2 move facade\n>p1 switch 5\n>p1 move focusblast\n>p2 move headlongrush\n>p1 switch 6\n>p1 move liquidation\n>p2 move headlongrush\n>p1 switch 2\n>p1 move scald\n>p2 move facade", "uploadtime": 1733908085, "views": 2, "formatid": "gen9randombattle", "rating": 1396, "private": 0, "password": null}