{"id": "gen9randombattle-2260621336", "format": "[Gen 9] Random Battle", "players": ["oklmn", "PPGAWD"], "log": "|j|\u2606oklmn\n|j|\u2606PPGAWD\n|t:|1733870292\n|gametype|singles\n|player|p1|oklmn|1|1000\n|player|p2|PPGAWD|170|1000\n|teamsize|p1|6\n|teamsize|p2|6\n|gen|9\n|tier|[Gen 9] Random Battle\n|rated|\n|rule|Species Clause: Limit one of each Pok\u00e9mon\n|rule|HP Percentage Mod: HP is shown in percentages\n|rule|Sleep Clause Mod: Limit one foe put to sleep\n|rule|Illusion Level Mod: Illusion disguises the Pok\u00e9mon's true level\n|\n|t:|1733870292\n|start\n|switch|p1a: Yanmega|Yanmega, L82, F|275/275\n|switch|p2a: Dragonite|Dragonite, L74, F|257/257\n|turn|1\n|inactive|Battle timer is ON: inactive players will automatically lose when time's up. (requested by oklmn)\n|\n|t:|1733870305\n|move|p1a: Yanmega|Air Slash|p2a: Dragonite\n|-damage|p2a: Dragonite|216/257\n|move|p2a: Dragonite|Dragon Dance|p2a: Dragonite\n|-boost|p2a: Dragonite|atk|1\n|-boost|p2a: Dragonite|spe|1\n|\n|-ability|p1a: Yanmega|Speed Boost|boost\n|-boost|p1a: Yanmega|spe|1\n|upkeep\n|turn|2\n|\n|t:|1733870319\n|move|p1a: Yanmega|Air Slash|p2a: Dragonite\n|-damage|p2a: Dragonite|126/257\n|move|p2a: Dragonite|Iron Head|p1a: Yanmega\n|-damage|p1a: Yanmega|188/275\n|\n|-ability|p1a: Yanmega|Speed Boost|boost\n|-boost|p1a: Yanmega|spe|1\n|upkeep\n|turn|3\n|\n|t:|1733870327\n|move|p1a: Yanmega|Air Slash|p2a: Dragonite\n|-damage|p2a: Dragonite|36/257\n|move|p2a: Dragonite|Outrage|p1a: Yanmega\n|-damage|p1a: Yanmega|0 fnt\n|faint|p1a: Yanmega\n|\n|upkeep\n|\n|t:|1733870336\n|switch|p1a: Iron Treads|Iron Treads, L77|265/265\n|turn|4\n|\n|t:|1733870340\n|move|p2a: Dragonite|Outrage|p1a: Iron Treads|[from]lockedmove\n|-resisted|p1a: Iron Treads\n|-damage|p1a: Iron Treads|190/265\n|-start|p2a: Dragonite|confusion|[fatigue]\n|move|p1a: Iron Treads|Iron Head|p2a: Dragonite\n|-damage|p2a: Dragonite|0 fnt\n|faint|p2a: Dragonite\n|\n|upkeep\n|\n|t:|1733870363\n|switch|p2a: Kingdra|Kingdra, L84, F|263/263\n|turn|5\n|\n|t:|1733870369\n|-end|p1a: Iron Treads|Quark Drive|[silent]\n|switch|p1a: Vileplume|Vileplume, L85, M|266/266\n|move|p2a: Kingdra|Rain Dance|p2a: Kingdra\n|-weather|RainDance\n|\n|-weather|RainDance|[upkeep]\n|upkeep\n|turn|6\n|\n|t:|1733870380\n|switch|p2a: Froslass|Froslass, L87, F|263/263\n|move|p1a: Vileplume|Leech Seed|p2a: Froslass\n|-start|p2a: Froslass|move: Leech Seed\n|\n|-weather|RainDance|[upkeep]\n|-damage|p2a: Froslass|231/263|[from] Leech Seed|[of] p1a: Vileplume\n|upkeep\n|turn|7\n|\n|t:|1733870392\n|switch|p1a: Iron Treads|Iron Treads, L77|190/265\n|move|p2a: Froslass|Triple Axel|p1a: Iron Treads\n|-damage|p1a: Iron Treads|174/265\n|-damage|p1a: Iron Treads|138/265\n|-damage|p1a: Iron Treads|86/265\n|-hitcount|p1a: Iron Treads|3\n|\n|-weather|RainDance|[upkeep]\n|-damage|p2a: Froslass|199/263|[from] Leech Seed|[of] p1a: Iron Treads\n|-heal|p1a: Iron Treads|118/265|[silent]\n|upkeep\n|turn|8\n|\n|t:|1733870414\n|move|p2a: Froslass|Poltergeist|p1a: Iron Treads\n|-activate|p1a: Iron Treads|move: Poltergeist|Assault Vest\n|-damage|p1a: Iron Treads|22/265\n|move|p1a: Iron Treads|Volt Switch|p2a: Froslass\n|-damage|p2a: Froslass|162/263\n|\n|t:|1733870423\n|-end|p1a: Iron Treads|Quark Drive|[silent]\n|switch|p1a: Greedent|Greedent, L86, F|347/347|[from] Volt Switch\n|\n|-weather|RainDance|[upkeep]\n|-damage|p2a: Froslass|130/263|[from] Leech Seed|[of] p1a: Greedent\n|upkeep\n|turn|9\n|\n|t:|1733870435\n|switch|p2a: Kingdra|Kingdra, L84, F|263/263\n|move|p1a: Greedent|Swords Dance|p1a: Greedent\n|-boost|p1a: Greedent|atk|2\n|\n|-weather|none\n|upkeep\n|turn|10\n|\n|t:|1733870445\n|-terastallize|p2a: Kingdra|Water\n|move|p2a: Kingdra|Draco Meteor|p1a: Greedent|[miss]\n|-miss|p2a: Kingdra|p1a: Greedent\n|move|p1a: Greedent|Double-Edge|p2a: Kingdra\n|-damage|p2a: Kingdra|10/263\n|-damage|p1a: Greedent|264/347|[from] Recoil\n|\n|upkeep\n|turn|11\n|\n|t:|1733870462\n|move|p2a: Kingdra|Draco Meteor|p1a: Greedent\n|-damage|p1a: Greedent|76/347\n|-unboost|p2a: Kingdra|spa|2\n|-enditem|p1a: Greedent|Sitrus Berry|[eat]\n|-heal|p1a: Greedent|162/347|[from] item: Sitrus Berry\n|-heal|p1a: Greedent|277/347|[from] ability: Cheek Pouch\n|-damage|p2a: Kingdra|0 fnt|[from] item: Life Orb\n|faint|p2a: Kingdra\n|move|p1a: Greedent|Knock Off|p2: Kingdra|[notarget]\n|-fail|p1a: Greedent\n|\n|upkeep\n|\n|t:|1733870477\n|switch|p2a: Froslass|Froslass, L87, F|130/263\n|turn|12\n|\n|t:|1733870484\n|move|p2a: Froslass|Triple Axel|p1a: Greedent\n|-damage|p1a: Greedent|258/347\n|-damage|p1a: Greedent|222/347\n|-damage|p1a: Greedent|165/347\n|-hitcount|p1a: Greedent|3\n|move|p1a: Greedent|Knock Off|p2a: Froslass\n|-supereffective|p2a: Froslass\n|-damage|p2a: Froslass|0 fnt\n|-enditem|p2a: Froslass|Wide Lens|[from] move: Knock Off|[of] p1a: Greedent\n|faint|p2a: Froslass\n|\n|upkeep\n|\n|t:|1733870499\n|switch|p2a: Indeedee|Indeedee, L84, M|238/238\n|-fieldstart|move: Psychic Terrain|[from] ability: Psychic Surge|[of] p2a: Indeedee\n|turn|13\n|\n|t:|1733870510\n|move|p2a: Indeedee|Dazzling Gleam|p1a: Greedent\n|-damage|p1a: Greedent|68/347\n|move|p1a: Greedent|Knock Off|p2a: Indeedee\n|-supereffective|p2a: Indeedee\n|-damage|p2a: Indeedee|0 fnt\n|-enditem|p2a: Indeedee|Choice Specs|[from] move: Knock Off|[of] p1a: Greedent\n|faint|p2a: Indeedee\n|\n|upkeep\n|-message|PPGAWD forfeited.\n|\n|win|oklmn\n|raw|oklmn's rating: 1000 &rarr; <strong>1040</strong><br />(+40 for winning)\n|raw|PPGAWD's rating: 1000 &rarr; <strong>1000</strong><br />(+0 for losing)\n|l|\u2606PPGAWD\n|player|p2|\n", "inputlog": ">version bfd83cad13791eb5a5a409923076391caf6fb4d4\n>start {\"formatid\":\"gen9randombattle\",\"seed\":[9801,9004,17506,50198],\"rated\":\"Rated battle\"}\n>player p1 {\"name\":\"oklmn\",\"avatar\":\"1\",\"rating\":1000,\"seed\":[29849,27948,23093,16482]}\n>player p2 {\"name\":\"PPGAWD\",\"avatar\":\"170\",\"rating\":1000,\"seed\":[40185,58351,2211,18102]}\n>p1 move airslash\n>p2 move dragondance\n>p1 move airslash\n>p2 move ironhead\n>p1 move airslash\n>p2 move outrage\n>p1 switch 3\n>p1 move ironhead\n>p2 move outrage\n>p2 switch 5\n>p1 switch 5\n>p2 move raindance\n>p1 move leechseed\n>p2 switch 6\n>p1 switch 5\n>p2 move tripleaxel\n>p1 move voltswitch\n>p2 move poltergeist\n>p1 switch 6\n>p1 move swordsdance\n>p2 switch 6\n>p1 move doubleedge\n>p2 move dracometeor terastallize\n>p1 move knockoff\n>p2 move dracometeor\n>p2 switch 6\n>p1 move knockoff\n>p2 move tripleaxel\n>p2 switch 2\n>p1 move knockoff\n>p2 move dazzlinggleam\n>forcelose p2", "uploadtime": 1733870540, "views": 1, "formatid": "gen9randombattle", "rating": 1000, "private": 0, "password": null}