{"id": "gen9randombattle-2260434107", "format": "[Gen 9] Random Battle", "players": ["rip marcos000", "FudidinGaitero"], "log": "|j|\u2606rip marcos000\n|j|\u2606FudidinGaitero\n|t:|1733851227\n|gametype|singles\n|player|p1|rip marcos000|266|\n|player|p2|FudidinGaitero|unknown|\n|teamsize|p1|6\n|teamsize|p2|6\n|gen|9\n|tier|[Gen 9] Random Battle\n|rule|Species Clause: Limit one of each Pok\u00e9mon\n|rule|HP Percentage Mod: HP is shown in percentages\n|rule|Sleep Clause Mod: Limit one foe put to sleep\n|rule|Illusion Level Mod: Illusion disguises the Pok\u00e9mon's true level\n|\n|t:|1733851227\n|start\n|switch|p1a: Eiscue|Eiscue, L88, F|272/272\n|switch|p2a: Cloyster|Cloyster, L80, M|211/211\n|turn|1\n|c|\u2606FudidinGaitero|https://replay.pokemonshowdown.com/gen9randombattle-2260429722\n|\n|t:|1733851400\n|move|p2a: Cloyster|Shell Smash|p2a: Cloyster\n|-unboost|p2a: Cloyster|def|1\n|-unboost|p2a: Cloyster|spd|1\n|-boost|p2a: Cloyster|atk|2\n|-boost|p2a: Cloyster|spa|2\n|-boost|p2a: Cloyster|spe|2\n|-enditem|p2a: Cloyster|White Herb\n|-clearnegativeboost|p2a: Cloyster|[silent]\n|move|p1a: Eiscue|Belly Drum|p1a: Eiscue\n|-damage|p1a: Eiscue|136/272\n|-setboost|p1a: Eiscue|atk|6|[from] move: Belly Drum\n|\n|upkeep\n|turn|2\n|\n|t:|1733851420\n|move|p2a: Cloyster|Rock Blast|p1a: Eiscue\n|-activate|p1a: Eiscue|ability: Ice Face\n|-damage|p1a: Eiscue|136/272\n|detailschange|p1a: Eiscue|Eiscue-Noice, L88, F\n|-supereffective|p1a: Eiscue\n|-damage|p1a: Eiscue|58/272\n|-enditem|p1a: Eiscue|Salac Berry|[eat]\n|-boost|p1a: Eiscue|spe|1|[from] item: Salac Berry\n|-supereffective|p1a: Eiscue\n|-damage|p1a: Eiscue|0 fnt\n|faint|p1a: Eiscue\n|-hitcount|p1: Eiscue|3\n|\n|upkeep\n|\n|t:|1733851439\n|switch|p1a: Galvantula|Galvantula, L82, F|249/249\n|turn|3\n|\n|t:|1733851443\n|move|p2a: Cloyster|Rock Blast|p1a: Galvantula\n|-supereffective|p1a: Galvantula\n|-damage|p1a: Galvantula|167/249\n|-supereffective|p1a: Galvantula\n|-damage|p1a: Galvantula|73/249\n|-supereffective|p1a: Galvantula\n|-damage|p1a: Galvantula|0 fnt\n|faint|p1a: Galvantula\n|-hitcount|p1: Galvantula|3\n|\n|upkeep\n|\n|t:|1733851455\n|switch|p1a: Dragalge|Dragalge, L88, M|258/258\n|turn|4\n|\n|t:|1733851464\n|move|p2a: Cloyster|Icicle Spear|p1a: Dragalge\n|-supereffective|p1a: Dragalge\n|-damage|p1a: Dragalge|162/258\n|-supereffective|p1a: Dragalge\n|-damage|p1a: Dragalge|76/258\n|-supereffective|p1a: Dragalge\n|-damage|p1a: Dragalge|0 fnt\n|faint|p1a: Dragalge\n|-hitcount|p1: Dragalge|3\n|\n|upkeep\n|\n|t:|1733851473\n|switch|p1a: Talonflame|Talonflame, L83, F|265/265\n|turn|5\n|\n|t:|1733851478\n|move|p2a: Cloyster|Rock Blast|p1a: Talonflame\n|-supereffective|p1a: Talonflame\n|-damage|p1a: Talonflame|101/265\n|-supereffective|p1a: Talonflame\n|-damage|p1a: Talonflame|0 fnt\n|faint|p1a: Talonflame\n|-hitcount|p1: Talonflame|2\n|\n|upkeep\n|\n|t:|1733851485\n|switch|p1a: Dudunsparce|Dudunsparce, L83, M|343/343\n|turn|6\n|\n|t:|1733851493\n|move|p2a: Cloyster|Icicle Spear|p1a: Dudunsparce\n|-damage|p1a: Dudunsparce|288/343\n|-damage|p1a: Dudunsparce|231/343\n|-damage|p1a: Dudunsparce|182/343\n|-damage|p1a: Dudunsparce|127/343\n|-damage|p1a: Dudunsparce|75/343\n|-hitcount|p1a: Dudunsparce|5\n|move|p1a: Dudunsparce|Glare|p2a: Cloyster\n|-status|p2a: Cloyster|par\n|\n|-heal|p1a: Dudunsparce|96/343|[from] item: Leftovers\n|upkeep\n|turn|7\n|\n|t:|1733851508\n|move|p2a: Cloyster|Icicle Spear|p1a: Dudunsparce\n|-damage|p1a: Dudunsparce|45/343\n|-damage|p1a: Dudunsparce|0 fnt\n|faint|p1a: Dudunsparce\n|-hitcount|p1: Dudunsparce|2\n|\n|upkeep\n|\n|t:|1733851515\n|switch|p1a: Snorlax|Snorlax, L82, M|397/397\n|turn|8\n|\n|t:|1733851524\n|move|p2a: Cloyster|Icicle Spear|p1a: Snorlax\n|-damage|p1a: Snorlax|369/397\n|-damage|p1a: Snorlax|336/397\n|-damage|p1a: Snorlax|308/397\n|-damage|p1a: Snorlax|277/397\n|-damage|p1a: Snorlax|247/397\n|-hitcount|p1a: Snorlax|5\n|move|p1a: Snorlax|Earthquake|p2a: Cloyster\n|-damage|p2a: Cloyster|169/211 par\n|\n|upkeep\n|turn|9\n|\n|t:|1733851537\n|cant|p2a: Cloyster|par\n|move|p1a: Snorlax|Rest|p1a: Snorlax\n|-status|p1a: Snorlax|slp|[from] move: Rest\n|-heal|p1a: Snorlax|397/397 slp|[silent]\n|-enditem|p1a: Snorlax|Chesto Berry|[eat]\n|-curestatus|p1a: Snorlax|slp|[msg]\n|\n|upkeep\n|turn|10\n|\n|t:|1733851553\n|-terastallize|p2a: Cloyster|Ground\n|cant|p2a: Cloyster|par\n|move|p1a: Snorlax|Body Slam|p2a: Cloyster\n|-damage|p2a: Cloyster|115/211 par\n|\n|upkeep\n|turn|11\n|\n|t:|1733851562\n|move|p2a: Cloyster|Shell Smash|p2a: Cloyster\n|-unboost|p2a: Cloyster|def|1\n|-unboost|p2a: Cloyster|spd|1\n|-boost|p2a: Cloyster|atk|2\n|-boost|p2a: Cloyster|spa|2\n|-boost|p2a: Cloyster|spe|2\n|move|p1a: Snorlax|Body Slam|p2a: Cloyster\n|-damage|p2a: Cloyster|31/211 par\n|\n|upkeep\n|turn|12\n|\n|t:|1733851574\n|-terastallize|p1a: Snorlax|Ground\n|move|p2a: Cloyster|Rock Blast|p1a: Snorlax\n|-resisted|p1a: Snorlax\n|-damage|p1a: Snorlax|364/397\n|-resisted|p1a: Snorlax\n|-damage|p1a: Snorlax|335/397\n|-resisted|p1a: Snorlax\n|-damage|p1a: Snorlax|306/397\n|-resisted|p1a: Snorlax\n|-damage|p1a: Snorlax|275/397\n|-resisted|p1a: Snorlax\n|-damage|p1a: Snorlax|247/397\n|-hitcount|p1a: Snorlax|5\n|move|p1a: Snorlax|Body Slam|p2a: Cloyster\n|-damage|p2a: Cloyster|0 fnt\n|faint|p2a: Cloyster\n|\n|upkeep\n|\n|t:|1733851582\n|switch|p2a: Toucannon|Toucannon, L88, F|284/284\n|turn|13\n|\n|t:|1733851593\n|move|p2a: Toucannon|Bullet Seed|p1a: Snorlax\n|-supereffective|p1a: Snorlax\n|-damage|p1a: Snorlax|181/397\n|-supereffective|p1a: Snorlax\n|-damage|p1a: Snorlax|117/397\n|-supereffective|p1a: Snorlax\n|-damage|p1a: Snorlax|57/397\n|-supereffective|p1a: Snorlax\n|-damage|p1a: Snorlax|0 fnt\n|faint|p1a: Snorlax\n|-hitcount|p1: Snorlax|4\n|\n|win|FudidinGaitero\n|l|\u2606rip marcos000\n|player|p1|\n", "inputlog": ">version bfd83cad13791eb5a5a409923076391caf6fb4d4\n>start {\"formatid\":\"gen9randombattle\",\"seed\":[20368,49480,27772,27340]}\n>player p1 {\"name\":\"rip marcos000\",\"avatar\":\"266\",\"rating\":0,\"seed\":[48590,15555,43743,26727]}\n>player p2 {\"name\":\"FudidinGaitero\",\"avatar\":\"unknown\",\"rating\":0,\"seed\":[65308,25936,36390,39344]}\n>chat \u2606FudidinGaitero|https://replay.pokemonshowdown.com/gen9randombattle-2260429722\n>p1 move bellydrum\n>p2 move shellsmash\n>p1 move icespinner\n>p2 move rockblast\n>p1 switch 6\n>p1 move stickyweb\n>p2 move rockblast\n>p1 switch 5\n>p1 move dragontail\n>p2 move iciclespear\n>p1 switch 4\n>p1 move bravebird\n>p2 move rockblast\n>p1 switch 2\n>p1 move glare\n>p2 move iciclespear\n>p1 move earthquake\n>p2 move iciclespear\n>p1 switch 3\n>p1 move earthquake\n>p2 move iciclespear\n>p1 move rest\n>p2 move iciclespear\n>p1 move bodyslam\n>p2 move shellsmash terastallize\n>p1 move bodyslam\n>p2 move shellsmash\n>p1 move bodyslam terastallize\n>p2 move rockblast\n>p2 switch 4\n>p1 move rest\n>p2 move bulletseed", "uploadtime": 1733851606, "views": 1, "formatid": "gen9randombattle", "rating": null, "private": 0, "password": null}