{"id": "gen9randombattle-2260040036", "format": "[Gen 9] Random Battle", "players": ["temujin142857", "ToxicWyvern"], "log": "|j|\u2606temujin142857\n|j|\u2606ToxicWyvern\n|t:|1733794463\n|gametype|singles\n|player|p1|temujin142857|266|1665\n|player|p2|ToxicWyvern|ethan|1662\n|teamsize|p1|6\n|teamsize|p2|6\n|gen|9\n|tier|[Gen 9] Random Battle\n|rated|\n|rule|Species Clause: Limit one of each Pok\u00e9mon\n|rule|HP Percentage Mod: HP is shown in percentages\n|rule|Sleep Clause Mod: Limit one foe put to sleep\n|rule|Illusion Level Mod: Illusion disguises the Pok\u00e9mon's true level\n|\n|t:|1733794463\n|start\n|switch|p1a: Typhlosion|Typhlosion, L84, M|267/267\n|switch|p2a: Klefki|Klefki, L84, M|233/233\n|turn|1\n|inactive|Battle timer is ON: inactive players will automatically lose when time's up. (requested by temujin142857)\n|\n|t:|1733794474\n|switch|p2a: Chi-Yu|Chi-Yu, L77|211/211\n|-ability|p2a: Chi-Yu|Beads of Ruin\n|move|p1a: Typhlosion|Eruption|p2a: Chi-Yu\n|-resisted|p2a: Chi-Yu\n|-damage|p2a: Chi-Yu|136/211\n|\n|upkeep\n|turn|2\n|\n|t:|1733794494\n|switch|p1a: Infernape|Infernape, L82, F|259/259\n|move|p2a: Chi-Yu|Dark Pulse|p1a: Infernape\n|-resisted|p1a: Infernape\n|-damage|p1a: Infernape|191/259\n|\n|upkeep\n|turn|3\n|\n|t:|1733794502\n|switch|p2a: Dragapult|Dragapult, L77, M|262/262\n|move|p1a: Infernape|Close Combat|p2a: Dragapult\n|-immune|p2a: Dragapult\n|\n|upkeep\n|turn|4\n|\n|t:|1733794511\n|switch|p1a: Illumise|Illumise, L91, F|266/266\n|move|p2a: Dragapult|U-turn|p1a: Illumise\n|-damage|p1a: Illumise|212/266\n|\n|t:|1733794513\n|switch|p2a: Klefki|Klefki, L84, M|233/233|[from] U-turn\n|\n|upkeep\n|turn|5\n|\n|t:|1733794521\n|move|p1a: Illumise|Thunder Wave|p2a: Klefki\n|-status|p2a: Klefki|par\n|move|p2a: Klefki|Spikes|p1a: Illumise\n|-sidestart|p1: temujin142857|Spikes\n|\n|upkeep\n|turn|6\n|\n|t:|1733794534\n|switch|p1a: Typhlosion|Typhlosion, L84, M|267/267\n|-damage|p1a: Typhlosion|234/267|[from] Spikes\n|move|p2a: Klefki|Thunder Wave|p1a: Typhlosion\n|-status|p1a: Typhlosion|par\n|\n|upkeep\n|turn|7\n|\n|t:|1733794539\n|switch|p2a: Chi-Yu|Chi-Yu, L77|136/211\n|-ability|p2a: Chi-Yu|Beads of Ruin\n|move|p1a: Typhlosion|Scorching Sands|p2a: Chi-Yu\n|-supereffective|p2a: Chi-Yu\n|-damage|p2a: Chi-Yu|42/211\n|\n|upkeep\n|turn|8\n|\n|t:|1733794546\n|switch|p2a: Vikavolt|Vikavolt, L83, F|263/263\n|move|p1a: Typhlosion|Scorching Sands|p2a: Vikavolt\n|-immune|p2a: Vikavolt|[from] ability: Levitate\n|\n|upkeep\n|turn|9\n|\n|t:|1733794569\n|switch|p1a: Infernape|Infernape, L82, F|191/259\n|-damage|p1a: Infernape|159/259|[from] Spikes\n|move|p2a: Vikavolt|Sticky Web|p1a: Infernape\n|-sidestart|p1: temujin142857|move: Sticky Web\n|\n|upkeep\n|turn|10\n|inactive|ToxicWyvern has 120 seconds left.\n|\n|t:|1733794628\n|switch|p2a: Comfey|Comfey, L85, F|225/225\n|move|p1a: Infernape|Stone Edge|p2a: Comfey\n|-damage|p2a: Comfey|138/225\n|-damage|p1a: Infernape|134/259|[from] item: Life Orb\n|\n|-heal|p2a: Comfey|152/225|[from] item: Leftovers\n|upkeep\n|turn|11\n|\n|t:|1733794633\n|move|p2a: Comfey|Draining Kiss|p1a: Infernape\n|-damage|p1a: Infernape|73/259\n|-heal|p2a: Comfey|198/225|[from] drain|[of] p1a: Infernape\n|move|p1a: Infernape|Overheat|p2a: Comfey\n|-damage|p2a: Comfey|0 fnt\n|-unboost|p1a: Infernape|spa|2\n|faint|p2a: Comfey\n|-damage|p1a: Infernape|48/259|[from] item: Life Orb\n|\n|upkeep\n|\n|t:|1733794646\n|switch|p2a: Dragapult|Dragapult, L77, M|262/262\n|turn|12\n|\n|t:|1733794659\n|switch|p1a: Qwilfish|Qwilfish, L86, F|252/252\n|-ability|p1a: Qwilfish|Intimidate|boost\n|-unboost|p2a: Dragapult|atk|1\n|move|p2a: Dragapult|Dragon Darts|p1a: Qwilfish\n|-damage|p1a: Qwilfish|218/252\n|-anim|p2a: Dragapult|Dragon Darts|p1a: Qwilfish\n|-damage|p1a: Qwilfish|181/252\n|\n|upkeep\n|turn|13\n|\n|t:|1733794663\n|move|p2a: Dragapult|Will-O-Wisp|p1a: Qwilfish\n|-status|p1a: Qwilfish|brn\n|move|p1a: Qwilfish|Toxic Spikes|p2a: Dragapult\n|-sidestart|p2: ToxicWyvern|move: Toxic Spikes\n|\n|-damage|p1a: Qwilfish|166/252 brn|[from] brn\n|upkeep\n|turn|14\n|\n|t:|1733794669\n|move|p2a: Dragapult|U-turn|p1a: Qwilfish\n|-resisted|p1a: Qwilfish\n|-crit|p1a: Qwilfish\n|-damage|p1a: Qwilfish|126/252 brn\n|\n|t:|1733794671\n|switch|p2a: Klefki|Klefki, L84, M|233/233 par|[from] U-turn\n|move|p1a: Qwilfish|Toxic Spikes|p2a: Klefki\n|-sidestart|p2: ToxicWyvern|move: Toxic Spikes\n|\n|-damage|p1a: Qwilfish|111/252 brn|[from] brn\n|upkeep\n|turn|15\n|\n|t:|1733794676\n|move|p2a: Klefki|Spikes|p1a: Qwilfish\n|-sidestart|p1: temujin142857|Spikes\n|move|p1a: Qwilfish|Pain Split|p2a: Klefki\n|-sethp|p2a: Klefki|172/233 par|[from] move: Pain Split|[silent]\n|-sethp|p1a: Qwilfish|172/252 brn|[from] move: Pain Split\n|\n|-heal|p2a: Klefki|186/233 par|[from] item: Leftovers\n|-damage|p1a: Qwilfish|157/252 brn|[from] brn\n|upkeep\n|turn|16\n|\n|t:|1733794679\n|move|p2a: Klefki|Spikes|p1a: Qwilfish\n|-sidestart|p1: temujin142857|Spikes\n|move|p1a: Qwilfish|Flip Turn|p2a: Klefki\n|-damage|p2a: Klefki|155/233 par\n|\n|t:|1733794686\n|switch|p1a: Illumise|Illumise, L91, F|212/266|[from] Flip Turn\n|\n|-heal|p2a: Klefki|169/233 par|[from] item: Leftovers\n|upkeep\n|turn|17\n|\n|t:|1733794693\n|switch|p2a: Chi-Yu|Chi-Yu, L77|42/211\n|-ability|p2a: Chi-Yu|Beads of Ruin\n|move|p1a: Illumise|Encore|p2a: Chi-Yu\n|-hint|Since gen 7, Dark is immune to Prankster moves.\n|-immune|p2a: Chi-Yu\n|\n|upkeep\n|turn|18\n|\n|t:|1733794699\n|move|p1a: Illumise|Bug Buzz|p2a: Chi-Yu\n|-damage|p2a: Chi-Yu|0 fnt\n|faint|p2a: Chi-Yu\n|\n|upkeep\n|\n|t:|1733794711\n|switch|p2a: Klefki|Klefki, L84, M|169/233 par\n|turn|19\n|\n|t:|1733794721\n|switch|p1a: Qwilfish|Qwilfish, L86, F|157/252 brn\n|-ability|p1a: Qwilfish|Intimidate|boost\n|-unboost|p2a: Klefki|atk|1\n|move|p2a: Klefki|Thunder Wave||[still]\n|-fail|p2a: Klefki\n|\n|-heal|p2a: Klefki|183/233 par|[from] item: Leftovers\n|-damage|p1a: Qwilfish|142/252 brn|[from] brn\n|upkeep\n|turn|20\n|\n|t:|1733794730\n|switch|p2a: Vikavolt|Vikavolt, L83, F|263/263\n|move|p1a: Qwilfish|Flip Turn|p2a: Vikavolt\n|-damage|p2a: Vikavolt|230/263\n|\n|t:|1733794743\n|switch|p1a: Typhlosion|Typhlosion, L84, M|234/267 par|[from] Flip Turn\n|-damage|p1a: Typhlosion|168/267 par|[from] Spikes\n|-activate|p1a: Typhlosion|move: Sticky Web\n|-unboost|p1a: Typhlosion|spe|1\n|\n|upkeep\n|turn|21\n|\n|t:|1733794765\n|switch|p2a: Dragapult|Dragapult, L77, M|262/262\n|move|p1a: Typhlosion|Eruption|p2a: Dragapult\n|-resisted|p2a: Dragapult\n|-damage|p2a: Dragapult|198/262\n|\n|upkeep\n|turn|22\n|\n|t:|1733794772\n|move|p2a: Dragapult|Dragon Darts|p1a: Typhlosion\n|-damage|p1a: Typhlosion|113/267 par\n|-anim|p2a: Dragapult|Dragon Darts|p1a: Typhlosion\n|-damage|p1a: Typhlosion|52/267 par\n|move|p1a: Typhlosion|Eruption|p2a: Dragapult\n|-resisted|p2a: Dragapult\n|-damage|p2a: Dragapult|168/262\n|\n|upkeep\n|turn|23\n|\n|t:|1733794781\n|switch|p1a: Qwilfish|Qwilfish, L86, F|142/252 brn\n|-ability|p1a: Qwilfish|Intimidate|boost\n|-unboost|p2a: Dragapult|atk|1\n|move|p2a: Dragapult|Dragon Darts|p1a: Qwilfish\n|-damage|p1a: Qwilfish|103/252 brn\n|-anim|p2a: Dragapult|Dragon Darts|p1a: Qwilfish\n|-damage|p1a: Qwilfish|64/252 brn\n|\n|-damage|p1a: Qwilfish|49/252 brn|[from] brn\n|upkeep\n|turn|24\n|\n|t:|1733794785\n|move|p2a: Dragapult|Hex|p1a: Qwilfish\n|-damage|p1a: Qwilfish|0 fnt\n|faint|p1a: Qwilfish\n|\n|upkeep\n|\n|t:|1733794799\n|switch|p1a: Dachsbun|Dachsbun, L92, M|254/254\n|-damage|p1a: Dachsbun|191/254|[from] Spikes\n|-activate|p1a: Dachsbun|move: Sticky Web\n|-unboost|p1a: Dachsbun|spe|1\n|turn|25\n|\n|t:|1733794811\n|move|p2a: Dragapult|U-turn|p1a: Dachsbun\n|-resisted|p1a: Dachsbun\n|-damage|p1a: Dachsbun|179/254\n|\n|t:|1733794821\n|switch|p2a: Vikavolt|Vikavolt, L83, F|230/263|[from] U-turn\n|move|p1a: Dachsbun|Stomping Tantrum|p2a: Vikavolt\n|-immune|p2a: Vikavolt|[from] ability: Levitate\n|\n|-heal|p1a: Dachsbun|194/254|[from] item: Leftovers\n|upkeep\n|turn|26\n|\n|t:|1733794834\n|move|p1a: Dachsbun|Wish|p1a: Dachsbun\n|move|p2a: Vikavolt|Discharge|p1a: Dachsbun\n|-damage|p1a: Dachsbun|73/254\n|\n|-heal|p1a: Dachsbun|88/254|[from] item: Leftovers\n|upkeep\n|turn|27\n|\n|t:|1733794837\n|move|p1a: Dachsbun|Protect|p1a: Dachsbun\n|-singleturn|p1a: Dachsbun|Protect\n|move|p2a: Vikavolt|Discharge|p1a: Dachsbun\n|-activate|p1a: Dachsbun|move: Protect\n|\n|-heal|p1a: Dachsbun|215/254|[from] move: Wish|[wisher] Dachsbun\n|-heal|p1a: Dachsbun|230/254|[from] item: Leftovers\n|upkeep\n|turn|28\n|\n|t:|1733794842\n|switch|p1a: Typhlosion|Typhlosion, L84, M|52/267 par\n|-damage|p1a: Typhlosion|0 fnt|[from] Spikes\n|-activate|p1a: Typhlosion|move: Sticky Web\n|faint|p1a: Typhlosion\n|move|p2a: Vikavolt|Discharge|p1: Typhlosion|[notarget]\n|-fail|p2a: Vikavolt\n|\n|upkeep\n|\n|t:|1733794850\n|switch|p1a: Illumise|Illumise, L91, F|212/266\n|turn|29\n|\n|t:|1733794862\n|move|p1a: Illumise|Bug Buzz|p2a: Vikavolt\n|-damage|p2a: Vikavolt|131/263\n|move|p2a: Vikavolt|Discharge|p1a: Illumise\n|-damage|p1a: Illumise|110/266\n|\n|upkeep\n|turn|30\n|\n|t:|1733794865\n|move|p1a: Illumise|Roost|p1a: Illumise\n|-heal|p1a: Illumise|243/266\n|-singleturn|p1a: Illumise|move: Roost\n|move|p2a: Vikavolt|Discharge|p1a: Illumise\n|-crit|p1a: Illumise\n|-damage|p1a: Illumise|83/266\n|\n|upkeep\n|turn|31\n|\n|t:|1733794868\n|move|p1a: Illumise|Roost|p1a: Illumise\n|-heal|p1a: Illumise|216/266\n|-singleturn|p1a: Illumise|move: Roost\n|move|p2a: Vikavolt|Discharge|p1a: Illumise\n|-damage|p1a: Illumise|99/266\n|\n|upkeep\n|turn|32\n|\n|t:|1733794870\n|move|p1a: Illumise|Roost|p1a: Illumise\n|-heal|p1a: Illumise|232/266\n|-singleturn|p1a: Illumise|move: Roost\n|move|p2a: Vikavolt|Discharge|p1a: Illumise\n|-crit|p1a: Illumise\n|-damage|p1a: Illumise|60/266\n|-status|p1a: Illumise|par\n|\n|upkeep\n|turn|33\n|\n|t:|1733794876\n|move|p2a: Vikavolt|Discharge|p1a: Illumise\n|-damage|p1a: Illumise|0 fnt\n|faint|p1a: Illumise\n|\n|upkeep\n|\n|t:|1733794886\n|switch|p1a: Dachsbun|Dachsbun, L92, M|230/254\n|-damage|p1a: Dachsbun|167/254|[from] Spikes\n|-activate|p1a: Dachsbun|move: Sticky Web\n|-unboost|p1a: Dachsbun|spe|1\n|turn|34\n|\n|t:|1733794890\n|move|p1a: Dachsbun|Play Rough|p2a: Vikavolt\n|-damage|p2a: Vikavolt|37/263\n|move|p2a: Vikavolt|Discharge|p1a: Dachsbun\n|-damage|p1a: Dachsbun|46/254\n|\n|-heal|p1a: Dachsbun|61/254|[from] item: Leftovers\n|upkeep\n|turn|35\n|\n|t:|1733794900\n|switch|p2a: Klefki|Klefki, L84, M|183/233 par\n|move|p1a: Dachsbun|Play Rough|p2a: Klefki\n|-resisted|p2a: Klefki\n|-damage|p2a: Klefki|135/233 par\n|-unboost|p2a: Klefki|atk|1\n|\n|-heal|p1a: Dachsbun|76/254|[from] item: Leftovers\n|-heal|p2a: Klefki|149/233 par|[from] item: Leftovers\n|upkeep\n|turn|36\n|\n|t:|1733794907\n|move|p2a: Klefki|Thunder Wave|p1a: Dachsbun\n|-status|p1a: Dachsbun|par\n|move|p1a: Dachsbun|Stomping Tantrum|p2a: Klefki\n|-supereffective|p2a: Klefki\n|-damage|p2a: Klefki|33/233 par\n|\n|-heal|p2a: Klefki|47/233 par|[from] item: Leftovers\n|-heal|p1a: Dachsbun|91/254 par|[from] item: Leftovers\n|upkeep\n|turn|37\n|\n|t:|1733794917\n|switch|p2a: Vikavolt|Vikavolt, L83, F|37/263\n|move|p1a: Dachsbun|Play Rough|p2a: Vikavolt\n|-crit|p2a: Vikavolt\n|-damage|p2a: Vikavolt|0 fnt\n|faint|p2a: Vikavolt\n|\n|-heal|p1a: Dachsbun|106/254 par|[from] item: Leftovers\n|upkeep\n|\n|t:|1733794925\n|switch|p2a: Rampardos|Rampardos, L90, F|321/321\n|-status|p2a: Rampardos|tox\n|turn|38\n|\n|t:|1733794935\n|move|p1a: Dachsbun|Protect|p1a: Dachsbun\n|-singleturn|p1a: Dachsbun|Protect\n|move|p2a: Rampardos|Rock Slide|p1a: Dachsbun\n|-activate|p1a: Dachsbun|move: Protect\n|\n|-heal|p1a: Dachsbun|121/254 par|[from] item: Leftovers\n|-damage|p2a: Rampardos|301/321 tox|[from] psn\n|upkeep\n|turn|39\n|\n|t:|1733794947\n|-terastallize|p1a: Dachsbun|Steel\n|move|p2a: Rampardos|Rock Slide|p1a: Dachsbun\n|-resisted|p1a: Dachsbun\n|-damage|p1a: Dachsbun|39/254 par\n|move|p1a: Dachsbun|Wish|p1a: Dachsbun\n|\n|-heal|p1a: Dachsbun|54/254 par|[from] item: Leftovers\n|-damage|p2a: Rampardos|261/321 tox|[from] psn\n|upkeep\n|turn|40\n|\n|t:|1733794953\n|switch|p2a: Klefki|Klefki, L84, M|47/233 par\n|move|p1a: Dachsbun|Protect||[still]\n|-fail|p1a: Dachsbun\n|\n|-heal|p1a: Dachsbun|181/254 par|[from] move: Wish|[wisher] Dachsbun\n|-heal|p2a: Klefki|61/233 par|[from] item: Leftovers\n|-heal|p1a: Dachsbun|196/254 par|[from] item: Leftovers\n|upkeep\n|turn|41\n|\n|t:|1733794960\n|cant|p2a: Klefki|par\n|move|p1a: Dachsbun|Wish|p1a: Dachsbun\n|\n|-heal|p2a: Klefki|75/233 par|[from] item: Leftovers\n|-heal|p1a: Dachsbun|211/254 par|[from] item: Leftovers\n|upkeep\n|turn|42\n|\n|t:|1733794966\n|move|p2a: Klefki|Magnet Rise|p2a: Klefki\n|-start|p2a: Klefki|Magnet Rise\n|cant|p1a: Dachsbun|par\n|\n|-heal|p1a: Dachsbun|254/254 par|[from] move: Wish|[wisher] Dachsbun\n|-heal|p2a: Klefki|89/233 par|[from] item: Leftovers\n|upkeep\n|turn|43\n|\n|t:|1733794970\n|move|p2a: Klefki|Play Rough|p1a: Dachsbun\n|-resisted|p1a: Dachsbun\n|-damage|p1a: Dachsbun|226/254 par\n|move|p1a: Dachsbun|Play Rough|p2a: Klefki\n|-resisted|p2a: Klefki\n|-damage|p2a: Klefki|41/233 par\n|\n|-heal|p2a: Klefki|55/233 par|[from] item: Leftovers\n|-heal|p1a: Dachsbun|241/254 par|[from] item: Leftovers\n|upkeep\n|turn|44\n|\n|t:|1733794984\n|move|p2a: Klefki|Play Rough|p1a: Dachsbun\n|-resisted|p1a: Dachsbun\n|-damage|p1a: Dachsbun|209/254 par\n|-unboost|p1a: Dachsbun|atk|1\n|move|p1a: Dachsbun|Play Rough|p2a: Klefki|[miss]\n|-miss|p1a: Dachsbun|p2a: Klefki\n|\n|-heal|p2a: Klefki|69/233 par|[from] item: Leftovers\n|-heal|p1a: Dachsbun|224/254 par|[from] item: Leftovers\n|upkeep\n|turn|45\n|\n|t:|1733794993\n|move|p2a: Klefki|Play Rough|p1a: Dachsbun\n|-resisted|p1a: Dachsbun\n|-damage|p1a: Dachsbun|193/254 par\n|cant|p1a: Dachsbun|par\n|\n|-heal|p2a: Klefki|83/233 par|[from] item: Leftovers\n|-heal|p1a: Dachsbun|208/254 par|[from] item: Leftovers\n|upkeep\n|turn|46\n|\n|t:|1733794998\n|switch|p2a: Rampardos|Rampardos, L90, F|261/321 tox\n|move|p1a: Dachsbun|Play Rough|p2a: Rampardos\n|-damage|p2a: Rampardos|179/321 tox\n|\n|-heal|p1a: Dachsbun|223/254 par|[from] item: Leftovers\n|-damage|p2a: Rampardos|159/321 tox|[from] psn\n|upkeep\n|turn|47\n|\n|t:|1733795003\n|move|p1a: Dachsbun|Protect|p1a: Dachsbun\n|-singleturn|p1a: Dachsbun|Protect\n|move|p2a: Rampardos|Earthquake|p1a: Dachsbun\n|-activate|p1a: Dachsbun|move: Protect\n|\n|-heal|p1a: Dachsbun|238/254 par|[from] item: Leftovers\n|-damage|p2a: Rampardos|119/321 tox|[from] psn\n|upkeep\n|turn|48\n|\n|t:|1733795009\n|switch|p1a: Infernape|Infernape, L82, F|48/259\n|-damage|p1a: Infernape|0 fnt|[from] Spikes\n|-activate|p1a: Infernape|move: Sticky Web\n|faint|p1a: Infernape\n|move|p2a: Rampardos|Earthquake|p1: Infernape|[notarget]\n|-fail|p2a: Rampardos\n|\n|-damage|p2a: Rampardos|59/321 tox|[from] psn\n|upkeep\n|\n|t:|1733795025\n|switch|p1a: Manaphy|Manaphy, L78|284/284\n|-damage|p1a: Manaphy|213/284|[from] Spikes\n|-activate|p1a: Manaphy|move: Sticky Web\n|-unboost|p1a: Manaphy|spe|1\n|turn|49\n|\n|t:|1733795031\n|move|p2a: Rampardos|Rock Slide|p1a: Manaphy\n|-damage|p1a: Manaphy|0 fnt\n|faint|p1a: Manaphy\n|\n|-damage|p2a: Rampardos|0 fnt|[from] psn\n|faint|p2a: Rampardos\n|upkeep\n|\n|t:|1733795035\n|switch|p1a: Dachsbun|Dachsbun, L92, M, tera:Steel|238/254 par\n|switch|p2a: Dragapult|Dragapult, L77, M|168/262\n|-damage|p1a: Dachsbun|175/254 par|[from] Spikes\n|-activate|p1a: Dachsbun|move: Sticky Web\n|-unboost|p1a: Dachsbun|spe|1\n|turn|50\n|\n|t:|1733795043\n|-terastallize|p2a: Dragapult|Fairy\n|move|p2a: Dragapult|Hex|p1a: Dachsbun\n|-damage|p1a: Dachsbun|63/254 par\n|move|p1a: Dachsbun|Play Rough|p2a: Dragapult|[miss]\n|-miss|p1a: Dachsbun|p2a: Dragapult\n|\n|-heal|p1a: Dachsbun|78/254 par|[from] item: Leftovers\n|upkeep\n|turn|51\n|\n|t:|1733795049\n|move|p2a: Dragapult|Hex|p1a: Dachsbun\n|-damage|p1a: Dachsbun|0 fnt\n|faint|p1a: Dachsbun\n|\n|win|ToxicWyvern\n|raw|temujin142857's rating: 1665 &rarr; <strong>1645</strong><br />(-20 for losing)\n|raw|ToxicWyvern's rating: 1662 &rarr; <strong>1682</strong><br />(+20 for winning)\n|l|\u2606temujin142857\n|player|p1|\n|c|\u2606ToxicWyvern|gg\n", "inputlog": ">version bfd83cad13791eb5a5a409923076391caf6fb4d4\n>start {\"formatid\":\"gen9randombattle\",\"seed\":[987,50355,45054,10404],\"rated\":\"Rated battle\"}\n>player p1 {\"name\":\"temujin142857\",\"avatar\":\"266\",\"rating\":1665,\"seed\":[54630,61651,49765,59914]}\n>player p2 {\"name\":\"ToxicWyvern\",\"avatar\":\"ethan\",\"rating\":1662,\"seed\":[46837,53145,4234,20387]}\n>p1 move eruption\n>p2 switch 3\n>p1 switch 3\n>p2 move darkpulse\n>p1 move closecombat\n>p2 switch 2\n>p1 switch 4\n>p2 move uturn\n>p2 switch 3\n>p1 move thunderwave\n>p2 move spikes\n>p1 switch 3\n>p2 move thunderwave\n>p1 move scorchingsands\n>p2 switch 2\n>p1 move scorchingsands\n>p2 switch 5\n>p1 switch 4\n>p2 move stickyweb\n>p1 move stoneedge\n>p2 switch 6\n>p1 move overheat\n>p2 move drainingkiss\n>p2 switch 3\n>p1 switch 6\n>p2 move dragondarts\n>p1 move toxicspikes\n>p2 move willowisp\n>p1 move toxicspikes\n>p2 move uturn\n>p2 switch 2\n>p1 move painsplit\n>p2 move spikes\n>p1 move flipturn\n>p2 move spikes\n>p1 switch 3\n>p1 move encore\n>p2 switch 5\n>p1 move bugbuzz\n>p2 move fireblast\n>p2 switch 5\n>p1 switch 3\n>p2 move thunderwave\n>p1 move flipturn\n>p2 switch 6\n>p1 switch 4\n>p1 move eruption\n>p2 switch 2\n>p1 move eruption\n>p2 move dragondarts\n>p1 switch 4\n>p2 move dragondarts\n>p1 move painsplit\n>p2 move hex\n>p1 switch 2\n>p1 move stompingtantrum\n>p2 move uturn\n>p2 switch 2\n>p1 move wish\n>p2 move discharge\n>p1 move protect\n>p2 move discharge\n>p1 switch 4\n>p2 move discharge\n>p1 switch 3\n>p1 move bugbuzz\n>p2 move discharge\n>p1 move roost\n>p2 move discharge\n>p1 move roost\n>p2 move discharge\n>p1 move roost\n>p2 move discharge\n>p1 move bugbuzz\n>p2 move discharge\n>p1 switch 4\n>p1 move playrough\n>p2 move discharge\n>p1 move playrough\n>p2 switch 6\n>p1 move stompingtantrum\n>p2 move thunderwave\n>p1 move playrough\n>p2 switch 6\n>p2 switch 4\n>p1 move protect\n>p2 move rockslide\n>p1 move wish terastallize\n>p2 move rockslide\n>p1 move protect\n>p2 switch 6\n>p1 move wish\n>p2 move magnetrise\n>p1 move stompingtantrum\n>p2 move magnetrise\n>p1 move playrough\n>p2 move playrough\n>p1 move playrough\n>p2 move playrough\n>p1 move playrough\n>p2 move playrough\n>p1 move playrough\n>p2 switch 6\n>p1 move protect\n>p2 move earthquake\n>p1 switch 6\n>p2 move earthquake\n>p1 switch 5\n>p1 move icebeam\n>p2 move rockslide\n>p1 switch 6\n>p2 switch 2\n>p1 move playrough\n>p2 move hex terastallize\n>p1 move playrough\n>p2 move hex", "uploadtime": 1733795056, "views": 4, "formatid": "gen9randombattle", "rating": 1645, "private": 0, "password": null}