{"id": "gen9randombattle-2260608457", "format": "[Gen 9] Random Battle", "players": ["disroppter", "Algeria213"], "log": "|j|\u2606disroppter\n|j|\u2606Algeria213\n|t:|1733868771\n|gametype|singles\n|player|p1|disroppter|2|1225\n|player|p2|Algeria213|266|1212\n|teamsize|p1|6\n|teamsize|p2|6\n|gen|9\n|tier|[Gen 9] Random Battle\n|rated|\n|rule|Species Clause: Limit one of each Pok\u00e9mon\n|rule|HP Percentage Mod: HP is shown in percentages\n|rule|Sleep Clause Mod: Limit one foe put to sleep\n|rule|Illusion Level Mod: Illusion disguises the Pok\u00e9mon's true level\n|\n|t:|1733868771\n|start\n|switch|p1a: Lumineon|Lumineon, L93, M|279/279\n|switch|p2a: Arboliva|Arboliva, L91, F|288/288\n|turn|1\n|\n|t:|1733868802\n|move|p1a: Lumineon|U-turn|p2a: Arboliva\n|-supereffective|p2a: Arboliva\n|-damage|p2a: Arboliva|202/288\n|\n|t:|1733868805\n|switch|p1a: Tornadus|Tornadus-Therian, L79, M|254/254|[from] U-turn\n|move|p2a: Arboliva|Substitute|p2a: Arboliva\n|-start|p2a: Arboliva|Substitute\n|-damage|p2a: Arboliva|130/288\n|-enditem|p2a: Arboliva|Sitrus Berry|[eat]\n|-heal|p2a: Arboliva|202/288|[from] item: Sitrus Berry\n|\n|upkeep\n|turn|2\n|\n|t:|1733868817\n|move|p1a: Tornadus|Bleakwind Storm|p2a: Arboliva\n|-supereffective|p2a: Arboliva\n|-end|p2a: Arboliva|Substitute\n|move|p2a: Arboliva|Leech Seed|p1a: Tornadus\n|-start|p1a: Tornadus|move: Leech Seed\n|\n|-damage|p1a: Tornadus|223/254|[from] Leech Seed|[of] p2a: Arboliva\n|-heal|p2a: Arboliva|233/288|[silent]\n|upkeep\n|turn|3\n|\n|t:|1733868833\n|switch|p1a: Lumineon|Lumineon, L93, M|279/279\n|move|p2a: Arboliva|Protect||[still]\n|-fail|p2a: Arboliva\n|\n|-item|p2a: Arboliva|Sitrus Berry|[from] ability: Harvest\n|upkeep\n|turn|4\n|\n|t:|1733868841\n|move|p1a: Lumineon|Encore|p2a: Arboliva\n|-start|p2a: Arboliva|Encore\n|move|p2a: Arboliva|Protect||[still]\n|-fail|p2a: Arboliva\n|\n|upkeep\n|turn|5\n|\n|t:|1733868850\n|move|p2a: Arboliva|Protect|p2a: Arboliva\n|-singleturn|p2a: Arboliva|Protect\n|move|p1a: Lumineon|U-turn|p2a: Arboliva\n|-activate|p2a: Arboliva|move: Protect\n|\n|upkeep\n|turn|6\n|\n|t:|1733868862\n|switch|p2a: Jolteon|Jolteon, L84, F|246/246\n|move|p1a: Lumineon|Alluring Voice|p2a: Jolteon\n|-damage|p2a: Jolteon|191/246\n|\n|-heal|p2a: Jolteon|206/246|[from] item: Leftovers\n|upkeep\n|turn|7\n|\n|t:|1733868876\n|switch|p1a: Crabominable|Crabominable, L90, M|321/321\n|move|p2a: Jolteon|Substitute|p2a: Jolteon\n|-start|p2a: Jolteon|Substitute\n|-damage|p2a: Jolteon|145/246\n|\n|-heal|p2a: Jolteon|160/246|[from] item: Leftovers\n|upkeep\n|turn|8\n|\n|t:|1733868886\n|-terastallize|p1a: Crabominable|Ground\n|move|p2a: Jolteon|Thunderbolt|p1a: Crabominable\n|-immune|p1a: Crabominable\n|move|p1a: Crabominable|Earthquake|p2a: Jolteon\n|-supereffective|p2a: Jolteon\n|-end|p2a: Jolteon|Substitute\n|\n|-heal|p2a: Jolteon|175/246|[from] item: Leftovers\n|upkeep\n|turn|9\n|\n|t:|1733868908\n|-terastallize|p2a: Jolteon|Ice\n|move|p2a: Jolteon|Tera Blast|p1a: Crabominable|[anim] Tera Blast Ice\n|-supereffective|p1a: Crabominable\n|-damage|p1a: Crabominable|93/321\n|move|p1a: Crabominable|Earthquake|p2a: Jolteon\n|-damage|p2a: Jolteon|0 fnt\n|faint|p2a: Jolteon\n|\n|upkeep\n|\n|t:|1733868913\n|switch|p2a: Espathra|Espathra, L80, M|283/283\n|turn|10\n|inactive|Battle timer is ON: inactive players will automatically lose when time's up. (requested by Algeria213)\n|\n|t:|1733868937\n|move|p2a: Espathra|Calm Mind|p2a: Espathra\n|-boost|p2a: Espathra|spa|1\n|-boost|p2a: Espathra|spd|1\n|move|p1a: Crabominable|Earthquake|p2a: Espathra\n|-damage|p2a: Espathra|0 fnt\n|faint|p2a: Espathra\n|\n|upkeep\n|c|\u2606disroppter|Lol\n|-message|Algeria213 forfeited.\n|\n|win|disroppter\n|raw|disroppter's rating: 1225 &rarr; <strong>1249</strong><br />(+24 for winning)\n|raw|Algeria213's rating: 1212 &rarr; <strong>1188</strong><br />(-24 for losing)\n|l|\u2606Algeria213\n|player|p2|\n|c|\u2606disroppter|No respect\n", "inputlog": ">version bfd83cad13791eb5a5a409923076391caf6fb4d4\n>start {\"formatid\":\"gen9randombattle\",\"seed\":[684,43851,58822,48564],\"rated\":\"Rated battle\"}\n>player p1 {\"name\":\"disroppter\",\"avatar\":\"2\",\"rating\":1225,\"seed\":[30302,38239,62655,25434]}\n>player p2 {\"name\":\"Algeria213\",\"avatar\":\"266\",\"rating\":1212,\"seed\":[58636,64373,24432,5675]}\n>p1 move uturn\n>p2 move substitute\n>p1 switch 4\n>p1 move bleakwindstorm\n>p2 move leechseed\n>p1 switch 4\n>p2 move protect\n>p1 move encore\n>p2 move substitute\n>p1 move uturn\n>p2 move protect\n>p1 move alluringvoice\n>p2 switch 5\n>p1 switch 6\n>p2 move substitute\n>p1 move earthquake terastallize\n>p2 move thunderbolt\n>p1 move earthquake\n>p2 move terablast terastallize\n>p2 switch 2\n>p1 move earthquake\n>p2 move calmmind\n>chat \u2606disroppter|Lol\n>forcelose p2", "uploadtime": 1733868977, "views": 3, "formatid": "gen9randombattle", "rating": 1188, "private": 0, "password": null}