{"id": "gen9randombattle-2243317811", "format": "[Gen 9] Random Battle", "players": ["CherylBush", "Galak0"], "log": "|j|\u2606CherylBush\n|j|\u203dGalak0\n|t:|1731532822\n|gametype|singles\n|player|p1|CherylBush|mallow-masters|2268\n|player|p2|Galak0|102|2244\n|teamsize|p1|6\n|teamsize|p2|6\n|gen|9\n|tier|[Gen 9] Random Battle\n|rated|\n|rule|Species Clause: Limit one of each Pok\u00e9mon\n|rule|HP Percentage Mod: HP is shown in percentages\n|rule|Sleep Clause Mod: Limit one foe put to sleep\n|rule|Illusion Level Mod: Illusion disguises the Pok\u00e9mon's true level\n|\n|t:|1731532822\n|start\n|switch|p1a: Grafaiai|Grafaiai, L86, M|249/249\n|switch|p2a: Eiscue|Eiscue, L88, F|272/272\n|turn|1\n|\n|t:|1731532840\n|switch|p2a: Quagsire|Quagsire, L84, M|297/297\n|move|p1a: Grafaiai|Knock Off|p2a: Quagsire\n|-damage|p2a: Quagsire|219/297\n|-enditem|p2a: Quagsire|Leftovers|[from] move: Knock Off|[of] p1a: Grafaiai\n|\n|upkeep\n|turn|2\n|\n|t:|1731532847\n|move|p1a: Grafaiai|Parting Shot|p2a: Quagsire\n|-unboost|p2a: Quagsire|atk|1\n|-unboost|p2a: Quagsire|spa|1\n|\n|t:|1731532852\n|switch|p1a: Brute Bonnet|Brute Bonnet, L81|312/312|[from] Parting Shot\n|move|p2a: Quagsire|Spikes|p1a: Brute Bonnet\n|-sidestart|p1: CherylBush|Spikes\n|\n|upkeep\n|turn|3\n|\n|t:|1731532859\n|switch|p2a: Iron Crown|Iron Crown, L79|272/272\n|move|p1a: Brute Bonnet|Spore|p2a: Iron Crown\n|-status|p2a: Iron Crown|slp|[from] move: Spore\n|\n|upkeep\n|turn|4\n|\n|t:|1731532872\n|-end|p2a: Iron Crown|Quark Drive|[silent]\n|switch|p2a: Gouging Fire|Gouging Fire, L74|277/277\n|-end|p1a: Brute Bonnet|Protosynthesis|[silent]\n|switch|p1a: Bruxish|Bruxish, L85, F|254/254\n|-damage|p1a: Bruxish|223/254|[from] Spikes\n|\n|upkeep\n|turn|5\n|\n|t:|1731532882\n|move|p1a: Bruxish|Psychic Fangs|p2a: Gouging Fire\n|-damage|p2a: Gouging Fire|120/277\n|-damage|p1a: Bruxish|198/254|[from] item: Life Orb\n|move|p2a: Gouging Fire|Dragon Dance|p2a: Gouging Fire\n|-boost|p2a: Gouging Fire|atk|1\n|-boost|p2a: Gouging Fire|spe|1\n|\n|upkeep\n|turn|6\n|\n|t:|1731532889\n|move|p2a: Gouging Fire|Outrage|p1a: Bruxish\n|-damage|p1a: Bruxish|0 fnt\n|faint|p1a: Bruxish\n|\n|upkeep\n|\n|t:|1731532899\n|switch|p1a: Brute Bonnet|Brute Bonnet, L81|312/312\n|-damage|p1a: Brute Bonnet|273/312|[from] Spikes\n|turn|7\n|\n|t:|1731532903\n|move|p2a: Gouging Fire|Outrage|p1a: Brute Bonnet|[from]lockedmove\n|-damage|p1a: Brute Bonnet|108/312\n|-start|p2a: Gouging Fire|confusion|[fatigue]\n|move|p1a: Brute Bonnet|Close Combat|p2a: Gouging Fire\n|-damage|p2a: Gouging Fire|36/277\n|-unboost|p1a: Brute Bonnet|def|1\n|-unboost|p1a: Brute Bonnet|spd|1\n|\n|-heal|p1a: Brute Bonnet|127/312|[from] item: Leftovers\n|upkeep\n|turn|8\n|\n|t:|1731532909\n|-end|p1a: Brute Bonnet|Protosynthesis|[silent]\n|switch|p1a: Grafaiai|Grafaiai, L86, M|249/249\n|-activate|p2a: Gouging Fire|confusion\n|move|p2a: Gouging Fire|Heat Crash|p1a: Grafaiai\n|-damage|p1a: Grafaiai|35/249\n|\n|upkeep\n|turn|9\n|\n|t:|1731532914\n|-activate|p2a: Gouging Fire|confusion\n|move|p2a: Gouging Fire|Heat Crash|p1a: Grafaiai\n|-damage|p1a: Grafaiai|0 fnt\n|faint|p1a: Grafaiai\n|\n|upkeep\n|\n|t:|1731532919\n|switch|p1a: Raikou|Raikou, L81|278/278\n|-damage|p1a: Raikou|244/278|[from] Spikes\n|-ability|p1a: Raikou|Pressure\n|turn|10\n|\n|t:|1731532923\n|-end|p2a: Gouging Fire|confusion\n|move|p2a: Gouging Fire|Earthquake|p1a: Raikou\n|-supereffective|p1a: Raikou\n|-damage|p1a: Raikou|38/278\n|move|p1a: Raikou|Scald|p2a: Gouging Fire\n|-damage|p2a: Gouging Fire|0 fnt\n|faint|p2a: Gouging Fire\n|-end|p2a: Gouging Fire|Protosynthesis|[silent]\n|\n|-heal|p1a: Raikou|55/278|[from] item: Leftovers\n|upkeep\n|\n|t:|1731532931\n|switch|p2a: Quagsire|Quagsire, L84, M|219/297\n|turn|11\n|\n|t:|1731532940\n|move|p1a: Raikou|Scald|p2a: Quagsire\n|-damage|p2a: Quagsire|144/297\n|move|p2a: Quagsire|Spikes|p1a: Raikou\n|-sidestart|p1: CherylBush|Spikes\n|\n|-heal|p1a: Raikou|72/278|[from] item: Leftovers\n|upkeep\n|turn|12\n|\n|t:|1731532943\n|switch|p1a: Lurantis|Lurantis, L87, F|264/264\n|-damage|p1a: Lurantis|220/264|[from] Spikes\n|move|p2a: Quagsire|Earthquake|p1a: Lurantis\n|-resisted|p1a: Lurantis\n|-damage|p1a: Lurantis|178/264\n|\n|upkeep\n|turn|13\n|\n|t:|1731532952\n|move|p1a: Lurantis|Leaf Storm|p2a: Quagsire\n|-supereffective|p2a: Quagsire\n|-damage|p2a: Quagsire|0 fnt\n|-boost|p1a: Lurantis|spa|2\n|faint|p2a: Quagsire\n|\n|upkeep\n|\n|t:|1731532959\n|switch|p2a: Glastrier|Glastrier, L86|312/312\n|turn|14\n|\n|t:|1731532968\n|-terastallize|p1a: Lurantis|Water\n|move|p1a: Lurantis|Superpower|p2a: Glastrier\n|-supereffective|p2a: Glastrier\n|-damage|p2a: Glastrier|172/312\n|-boost|p1a: Lurantis|atk|1\n|-boost|p1a: Lurantis|def|1\n|move|p2a: Glastrier|Icicle Crash|p1a: Lurantis\n|-resisted|p1a: Lurantis\n|-damage|p1a: Lurantis|134/264\n|\n|upkeep\n|turn|15\n|\n|t:|1731532976\n|switch|p2a: Eiscue|Eiscue, L88, F|272/272\n|move|p1a: Lurantis|Superpower|p2a: Eiscue\n|-activate|p2a: Eiscue|ability: Ice Face\n|-damage|p2a: Eiscue|272/272\n|-boost|p1a: Lurantis|atk|1\n|-boost|p1a: Lurantis|def|1\n|detailschange|p2a: Eiscue|Eiscue-Noice, L88, F\n|\n|upkeep\n|turn|16\n|\n|t:|1731532990\n|-terastallize|p2a: Eiscue|Electric\n|move|p2a: Eiscue|Tera Blast|p1a: Lurantis|[anim] Tera Blast Electric\n|-supereffective|p1a: Lurantis\n|-damage|p1a: Lurantis|56/264\n|move|p1a: Lurantis|Leaf Storm|p2a: Eiscue\n|-damage|p2a: Eiscue|0 fnt\n|-boost|p1a: Lurantis|spa|2\n|faint|p2a: Eiscue\n|\n|upkeep\n|\n|t:|1731532997\n|switch|p2a: Iron Crown|Iron Crown, L79|272/272 slp\n|turn|17\n|\n|t:|1731533002\n|cant|p2a: Iron Crown|slp\n|move|p1a: Lurantis|Leech Life|p2a: Iron Crown\n|-damage|p2a: Iron Crown|143/272 slp\n|-heal|p1a: Lurantis|121/264|[from] drain|[of] p2a: Iron Crown\n|\n|upkeep\n|turn|18\n|\n|t:|1731533008\n|-curestatus|p2a: Iron Crown|slp|[msg]\n|move|p2a: Iron Crown|Volt Switch|p1a: Lurantis\n|-supereffective|p1a: Lurantis\n|-damage|p1a: Lurantis|25/264\n|\n|t:|1731533015\n|-end|p2a: Iron Crown|Quark Drive|[silent]\n|switch|p2a: Glastrier|Glastrier, L86|172/312|[from] Volt Switch\n|move|p1a: Lurantis|Superpower|p2a: Glastrier\n|-supereffective|p2a: Glastrier\n|-crit|p2a: Glastrier\n|-damage|p2a: Glastrier|0 fnt\n|-boost|p1a: Lurantis|atk|1\n|-boost|p1a: Lurantis|def|1\n|faint|p2a: Glastrier\n|\n|upkeep\n|\n|t:|1731533016\n|switch|p2a: Iron Crown|Iron Crown, L79|143/272\n|turn|19\n|\n|t:|1731533021\n|move|p2a: Iron Crown|Tachyon Cutter|p1a: Lurantis\n|-resisted|p1a: Lurantis\n|-damage|p1a: Lurantis|0 fnt\n|faint|p1a: Lurantis\n|-hitcount|p1: Lurantis|1\n|\n|upkeep\n|j| diempie\n|\n|t:|1731533024\n|switch|p1a: Bronzong|Bronzong, L88|261/261\n|turn|20\n|\n|t:|1731533027\n|-end|p2a: Iron Crown|Quark Drive|[silent]\n|switch|p2a: Bastiodon|Bastiodon, L89, M|252/252\n|move|p1a: Bronzong|Stealth Rock|p2a: Bastiodon\n|-sidestart|p2: Galak0|move: Stealth Rock\n|\n|upkeep\n|turn|21\n|\n|t:|1731533033\n|move|p1a: Bronzong|Earthquake|p2a: Bastiodon\n|-supereffective|p2a: Bastiodon\n|-damage|p2a: Bastiodon|88/252\n|move|p2a: Bastiodon|Iron Defense|p2a: Bastiodon\n|-boost|p2a: Bastiodon|def|2\n|\n|upkeep\n|turn|22\n|\n|t:|1731533037\n|move|p1a: Bronzong|Earthquake|p2a: Bastiodon\n|-supereffective|p2a: Bastiodon\n|-damage|p2a: Bastiodon|8/252\n|move|p2a: Bastiodon|Rest|p2a: Bastiodon\n|-status|p2a: Bastiodon|slp|[from] move: Rest\n|-heal|p2a: Bastiodon|252/252 slp|[silent]\n|-enditem|p2a: Bastiodon|Chesto Berry|[eat]\n|-curestatus|p2a: Bastiodon|slp|[msg]\n|\n|upkeep\n|turn|23\n|\n|t:|1731533045\n|move|p1a: Bronzong|Earthquake|p2a: Bastiodon\n|-supereffective|p2a: Bastiodon\n|-damage|p2a: Bastiodon|172/252\n|move|p2a: Bastiodon|Iron Defense|p2a: Bastiodon\n|-boost|p2a: Bastiodon|def|2\n|\n|upkeep\n|turn|24\n|l| diempie\n|\n|t:|1731533050\n|move|p1a: Bronzong|Earthquake|p2a: Bastiodon\n|-supereffective|p2a: Bastiodon\n|-damage|p2a: Bastiodon|120/252\n|move|p2a: Bastiodon|Body Press|p1a: Bronzong\n|-damage|p1a: Bronzong|52/261\n|\n|-heal|p1a: Bronzong|68/261|[from] item: Leftovers\n|upkeep\n|turn|25\n|\n|t:|1731533069\n|move|p1a: Bronzong|Hypnosis|p2a: Bastiodon\n|-status|p2a: Bastiodon|slp|[from] move: Hypnosis\n|cant|p2a: Bastiodon|slp\n|\n|-heal|p1a: Bronzong|84/261|[from] item: Leftovers\n|upkeep\n|turn|26\n|\n|t:|1731533072\n|move|p1a: Bronzong|Earthquake|p2a: Bastiodon\n|-supereffective|p2a: Bastiodon\n|-damage|p2a: Bastiodon|56/252 slp\n|-curestatus|p2a: Bastiodon|slp|[msg]\n|move|p2a: Bastiodon|Body Press|p1a: Bronzong\n|-damage|p1a: Bronzong|0 fnt\n|faint|p1a: Bronzong\n|\n|upkeep\n|\n|t:|1731533076\n|switch|p1a: Raikou|Raikou, L81|72/278\n|-damage|p1a: Raikou|26/278|[from] Spikes\n|-ability|p1a: Raikou|Pressure\n|turn|27\n|\n|t:|1731533081\n|move|p1a: Raikou|Scald|p2a: Bastiodon\n|-supereffective|p2a: Bastiodon\n|-damage|p2a: Bastiodon|0 fnt\n|faint|p2a: Bastiodon\n|\n|-heal|p1a: Raikou|43/278|[from] item: Leftovers\n|upkeep\n|\n|t:|1731533082\n|switch|p2a: Iron Crown|Iron Crown, L79|143/272\n|-damage|p2a: Iron Crown|126/272|[from] Stealth Rock\n|turn|28\n|j| diempie\n|inactive|Battle timer is ON: inactive players will automatically lose when time's up. (requested by CherylBush)\n|\n|t:|1731533107\n|move|p1a: Raikou|Thunderbolt|p2a: Iron Crown\n|-damage|p2a: Iron Crown|35/272\n|move|p2a: Iron Crown|Tachyon Cutter|p1a: Raikou\n|-resisted|p1a: Raikou\n|-damage|p1a: Raikou|1/278\n|-resisted|p1a: Raikou\n|-damage|p1a: Raikou|0 fnt\n|faint|p1a: Raikou\n|-hitcount|p1: Raikou|2\n|\n|upkeep\n|\n|t:|1731533110\n|switch|p1a: Brute Bonnet|Brute Bonnet, L81|127/312\n|-damage|p1a: Brute Bonnet|75/312|[from] Spikes\n|turn|29\n|\n|t:|1731533113\n|move|p1a: Brute Bonnet|Sucker Punch|p2a: Iron Crown\n|-supereffective|p2a: Iron Crown\n|-damage|p2a: Iron Crown|0 fnt\n|faint|p2a: Iron Crown\n|-end|p2a: Iron Crown|Quark Drive|[silent]\n|\n|win|CherylBush\n|raw|CherylBush's rating: 2268 &rarr; <strong>2287</strong><br />(+19 for winning)\n|raw|Galak0's rating: 2244 &rarr; <strong>2225</strong><br />(-19 for losing)\n", "inputlog": ">version 48604a2341c6e7bec58958c0f00ddbd3a745b6d0\n>start {\"formatid\":\"gen9randombattle\",\"seed\":[41909,35160,59217,42533],\"rated\":\"Rated battle\"}\n>player p1 {\"name\":\"CherylBush\",\"avatar\":\"mallow-masters\",\"rating\":2268,\"seed\":[60322,29789,35268,32312]}\n>player p2 {\"name\":\"Galak0\",\"avatar\":\"102\",\"rating\":2244,\"seed\":[61510,23237,46231,4935]}\n>p1 move knockoff\n>p2 switch 5\n>p1 move partingshot\n>p2 move spikes\n>p1 switch 5\n>p1 move spore\n>p2 switch 2\n>p1 switch 4\n>p2 switch 6\n>p1 move psychicfangs\n>p2 move dragondance\n>p1 move psychicfangs\n>p2 move outrage\n>p1 switch 4\n>p1 move closecombat\n>p2 move outrage\n>p1 switch 5\n>p2 move heatcrash\n>p1 move knockoff\n>p2 move heatcrash\n>p1 switch 3\n>p1 move scald\n>p2 move earthquake\n>p2 switch 2\n>p1 move scald\n>p2 move spikes\n>p1 switch 6\n>p2 move earthquake\n>p1 move leafstorm\n>p2 move toxic\n>p2 switch 3\n>p1 move superpower terastallize\n>p2 move iciclecrash\n>p1 move superpower\n>p2 switch 5\n>p1 move leafstorm\n>p2 move terablast terastallize\n>p2 switch 6\n>p1 move leechlife\n>p2 move voltswitch\n>p1 move superpower\n>p2 move voltswitch\n>p2 switch 5\n>p2 switch 5\n>p1 move superpower\n>p2 move tachyoncutter\n>p1 switch 2\n>p1 move stealthrock\n>p2 switch 4\n>p1 move earthquake\n>p2 move irondefense\n>p1 move earthquake\n>p2 move rest\n>p1 move earthquake\n>p2 move irondefense\n>p1 move earthquake\n>p2 move bodypress\n>p1 move hypnosis\n>p2 move bodypress\n>p1 move earthquake\n>p2 move bodypress\n>p1 switch 6\n>p1 move scald\n>p2 move bodypress\n>p2 switch 4\n>p1 move thunderbolt\n>p2 move tachyoncutter\n>p1 switch 5\n>p1 move suckerpunch\n>p2 move tachyoncutter", "uploadtime": 1731533120, "views": 37, "formatid": "gen9randombattle", "rating": 2225, "private": 0, "password": null}