{"id": "gen9randombattle-2132441987", "format": "[Gen 9] Random Battle", "players": ["freezai", "Turtles88"], "log": "|badge|p1|bronze|gen9randombattle|100-1\n|html|<div class=\"broadcast-red\"><strong>This battle is required to be public due to one or more player having a season medal.</strong><br />During the public phase, you can discuss the state of the ladder <a href=\"/seasondiscussion\">in a special chatroom.</a></div>\n|uhtml|medal-msg|<div class=\"broadcast-blue\">Curious what those medals under the avatar are? PS now has Ladder Seasons! For more information, check out the <a href=\"https://www.smogon.com/forums/threads/3740067/\">thread on Smogon.</a></div>\n|badge|p2|bronze|gen9randombattle|100-1\n|uhtml|medal-msg|<div class=\"broadcast-blue\">Curious what those medals under the avatar are? PS now has Ladder Seasons! For more information, check out the <a href=\"https://www.smogon.com/forums/threads/3740067/\">thread on Smogon.</a></div>\n|raw|<div class=\"broadcast-blue\"><strong>This battle is required to be public due to a player having a name starting with 'medal'.</div>\n|j|\u2606freezai\n|j|\u2606Turtles88\n|t:|1716932857\n|gametype|singles\n|player|p1|freezai|#scl1breakers|2395\n|player|p2|Turtles88|bellelba|2328\n|teamsize|p1|6\n|teamsize|p2|6\n|gen|9\n|tier|[Gen 9] Random Battle\n|rated|\n|rule|Species Clause: Limit one of each Pok\u00e9mon\n|rule|HP Percentage Mod: HP is shown in percentages\n|rule|Sleep Clause Mod: Limit one foe put to sleep\n|rule|Illusion Level Mod: Illusion disguises the Pok\u00e9mon's true level\n|\n|t:|1716932857\n|start\n|switch|p1a: Excadrill|Excadrill, L80, M|307/307\n|switch|p2a: Crawdaunt|Crawdaunt, L84, M|243/243\n|-ability|p1a: Excadrill|Mold Breaker\n|turn|1\n|inactive|Battle timer is ON: inactive players will automatically lose when time's up. (requested by freezai)\n|j| Aco2PlaysShowdown\n|inactive|freezai has 120 seconds left.\n|\n|t:|1716932910\n|switch|p1a: Mandibuzz|Mandibuzz, L84, F|322/322\n|move|p2a: Crawdaunt|Knock Off|p1a: Mandibuzz\n|-resisted|p1a: Mandibuzz\n|-damage|p1a: Mandibuzz|214/322\n|-enditem|p1a: Mandibuzz|Heavy-Duty Boots|[from] move: Knock Off|[of] p2a: Crawdaunt\n|\n|upkeep\n|turn|2\n|\n|t:|1716932919\n|switch|p2a: Snorlax|Snorlax, L82, F|397/397\n|move|p1a: Mandibuzz|Knock Off|p2a: Snorlax\n|-damage|p2a: Snorlax|303/397\n|-enditem|p2a: Snorlax|Chesto Berry|[from] move: Knock Off|[of] p1a: Mandibuzz\n|\n|upkeep\n|turn|3\n|\n|t:|1716932926\n|switch|p1a: Whiscash|Whiscash, L88, F|337/337\n|move|p2a: Snorlax|Body Slam|p1a: Whiscash\n|-damage|p1a: Whiscash|238/337\n|\n|-heal|p1a: Whiscash|259/337|[from] item: Leftovers\n|upkeep\n|turn|4\n|j| ElMilus\n|\n|t:|1716932942\n|switch|p2a: Crawdaunt|Crawdaunt, L84, M|243/243\n|move|p1a: Whiscash|Stealth Rock|p2a: Crawdaunt\n|-sidestart|p2: Turtles88|move: Stealth Rock\n|\n|-heal|p1a: Whiscash|280/337|[from] item: Leftovers\n|upkeep\n|turn|5\n|\n|t:|1716932967\n|move|p1a: Whiscash|Spikes|p2a: Crawdaunt\n|-sidestart|p2: Turtles88|Spikes\n|move|p2a: Crawdaunt|Crabhammer|p1a: Whiscash\n|-damage|p1a: Whiscash|12/337\n|\n|-heal|p1a: Whiscash|33/337|[from] item: Leftovers\n|upkeep\n|turn|6\n|\n|t:|1716932978\n|move|p1a: Whiscash|Earthquake|p2a: Crawdaunt\n|-damage|p2a: Crawdaunt|150/243\n|move|p2a: Crawdaunt|Crabhammer|p1a: Whiscash\n|-damage|p1a: Whiscash|0 fnt\n|faint|p1a: Whiscash\n|\n|upkeep\n|inactive|freezai has 120 seconds left.\n|\n|t:|1716932988\n|switch|p1a: Gothitelle|Gothitelle, L90, M|272/272\n|turn|7\n|\n|t:|1716932999\n|move|p1a: Gothitelle|Thunderbolt|p2a: Crawdaunt\n|-supereffective|p2a: Crawdaunt\n|-damage|p2a: Crawdaunt|0 fnt\n|faint|p2a: Crawdaunt\n|\n|upkeep\n|\n|t:|1716933007\n|switch|p2a: Meowstic|Meowstic-F, L89, F|277/277\n|-damage|p2a: Meowstic|243/277|[from] Stealth Rock\n|-damage|p2a: Meowstic|209/277|[from] Spikes\n|turn|8\n|\n|t:|1716933014\n|switch|p1a: Excadrill|Excadrill, L80, M|307/307\n|-ability|p1a: Excadrill|Mold Breaker\n|move|p2a: Meowstic|Nasty Plot|p2a: Meowstic\n|-boost|p2a: Meowstic|spa|2\n|\n|upkeep\n|turn|9\n|inactive|Turtles88 has 120 seconds left.\n|\n|t:|1716933046\n|-terastallize|p2a: Meowstic|Dark\n|move|p2a: Meowstic|Dark Pulse|p1a: Excadrill\n|-damage|p1a: Excadrill|2/307\n|-damage|p2a: Meowstic|182/277|[from] item: Life Orb\n|move|p1a: Excadrill|Rapid Spin|p2a: Meowstic\n|-damage|p2a: Meowstic|135/277\n|-boost|p1a: Excadrill|spe|1\n|\n|-heal|p1a: Excadrill|21/307|[from] item: Leftovers\n|upkeep\n|turn|10\n|inactive|Turtles88 has 120 seconds left.\n|\n|t:|1716933064\n|switch|p2a: Snorlax|Snorlax, L82, F|303/397\n|-damage|p2a: Snorlax|254/397|[from] Stealth Rock\n|-damage|p2a: Snorlax|205/397|[from] Spikes\n|move|p1a: Excadrill|Earthquake|p2a: Snorlax\n|-crit|p2a: Snorlax\n|-damage|p2a: Snorlax|0 fnt\n|faint|p2a: Snorlax\n|\n|-heal|p1a: Excadrill|40/307|[from] item: Leftovers\n|upkeep\n|inactive|Turtles88 has 120 seconds left.\n|\n|t:|1716933069\n|switch|p2a: Palafin|Palafin, L77, M|281/281\n|-damage|p2a: Palafin|246/281|[from] Stealth Rock\n|-damage|p2a: Palafin|211/281|[from] Spikes\n|turn|11\n|\n|t:|1716933076\n|move|p2a: Palafin|Jet Punch|p1a: Excadrill\n|-supereffective|p1a: Excadrill\n|-damage|p1a: Excadrill|0 fnt\n|faint|p1a: Excadrill\n|\n|-heal|p2a: Palafin|228/281|[from] item: Leftovers\n|upkeep\n|\n|t:|1716933078\n|switch|p1a: Sceptile|Sceptile, L87, F|264/264\n|turn|12\n|\n|t:|1716933093\n|detailschange|p2a: Palafin|Palafin-Hero, L77, M\n|switch|p2a: Meowstic|Meowstic-F, L89, F, tera:Dark|135/277\n|-damage|p2a: Meowstic|101/277|[from] Stealth Rock\n|-damage|p2a: Meowstic|67/277|[from] Spikes\n|move|p1a: Sceptile|Giga Drain|p2a: Meowstic\n|-damage|p2a: Meowstic|0 fnt\n|faint|p2a: Meowstic\n|-damage|p1a: Sceptile|238/264|[from] item: Life Orb\n|\n|upkeep\n|\n|t:|1716933096\n|switch|p2a: Vivillon|Vivillon-Marine, L85, M|275/275\n|turn|13\n|\n|t:|1716933099\n|move|p1a: Sceptile|Rock Slide|p2a: Vivillon\n|-supereffective|p2a: Vivillon\n|-damage|p2a: Vivillon|0 fnt\n|faint|p2a: Vivillon\n|-damage|p1a: Sceptile|212/264|[from] item: Life Orb\n|\n|upkeep\n|-message|Turtles88 forfeited.\n|\n|win|freezai\n|raw|freezai's rating: 2395 &rarr; <strong>2410</strong><br />(+15 for winning)\n|raw|Turtles88's rating: 2310 &rarr; <strong>2295</strong><br />(-15 for losing)\n|l|\u2606Turtles88\n|player|p2|\n|l|\u2606freezai\n|player|p1|\n|l| ElMilus\n|l| Aco2PlaysShowdown\n|j| Aco2PlaysShowdown\n", "inputlog": ">version 7158ead19aeac8750849df2840eabb6dbec77df6\n>start {\"formatid\":\"gen9randombattle\",\"seed\":[45910,54461,28094,23785],\"rated\":\"Rated battle\"}\n>player p1 {\"name\":\"freezai\",\"avatar\":\"#scl1breakers\",\"rating\":2395,\"seed\":[52781,32139,3644,6088]}\n>player p2 {\"name\":\"Turtles88\",\"avatar\":\"bellelba\",\"rating\":2328,\"seed\":[59558,37532,52947,12690]}\n>p1 switch 4\n>p2 move knockoff\n>p1 move knockoff\n>p2 switch 3\n>p1 switch 6\n>p2 move bodyslam\n>p1 move stealthrock\n>p2 switch 3\n>p1 move spikes\n>p2 move crabhammer\n>p1 move earthquake\n>p2 move crabhammer\n>p1 switch 5\n>p1 move thunderbolt\n>p2 move crabhammer\n>p2 switch 5\n>p1 switch 4\n>p2 move nastyplot\n>p1 move rapidspin\n>p2 move darkpulse terastallize\n>p1 move earthquake\n>p2 switch 3\n>p2 switch 2\n>p1 move earthquake\n>p2 move jetpunch\n>p1 switch 3\n>p1 move gigadrain\n>p2 switch 3\n>p2 switch 4\n>p1 move rockslide\n>p2 move quiverdance\n>forcelose p2", "uploadtime": 1716933228, "views": 225, "formatid": "gen9randombattle", "rating": 2295, "private": 0, "password": null}