{"id": "gen9randombattle-2260736236", "format": "[Gen 9] Random Battle", "players": ["Girl of Nihility", "femboy carioca"], "log": "|j|\u2606Girl of Nihility\n|j|\u2606femboy carioca\n|t:|1733884793\n|gametype|singles\n|player|p1|Girl of Nihility|iris-gen5bw2|1511\n|player|p2|femboy carioca|170|1499\n|teamsize|p1|6\n|teamsize|p2|6\n|gen|9\n|tier|[Gen 9] Random Battle\n|rated|\n|rule|Species Clause: Limit one of each Pok\u00e9mon\n|rule|HP Percentage Mod: HP is shown in percentages\n|rule|Sleep Clause Mod: Limit one foe put to sleep\n|rule|Illusion Level Mod: Illusion disguises the Pok\u00e9mon's true level\n|\n|t:|1733884793\n|start\n|switch|p1a: Calyrex|Calyrex, L93|337/337\n|switch|p2a: Noivern|Noivern, L82, M|274/274\n|-ability|p1a: Calyrex|Unnerve\n|turn|1\n|inactive|Battle timer is ON: inactive players will automatically lose when time's up. (requested by femboy carioca)\n|inactive|Girl of Nihility also wants the timer to be on.\n|\n|t:|1733884813\n|switch|p1a: Flygon|Flygon, L82, M|265/265\n|move|p2a: Noivern|Hurricane|p1a: Flygon\n|-damage|p1a: Flygon|78/265\n|-start|p1a: Flygon|confusion\n|-enditem|p1a: Flygon|Lum Berry|[eat]\n|-end|p1a: Flygon|confusion\n|\n|upkeep\n|turn|2\n|\n|t:|1733884822\n|move|p2a: Noivern|Hurricane|p1a: Flygon\n|-damage|p1a: Flygon|0 fnt\n|faint|p1a: Flygon\n|\n|upkeep\n|\n|t:|1733884832\n|switch|p1a: Jolteon|Jolteon, L84, M|246/246\n|turn|3\n|\n|t:|1733884853\n|switch|p2a: Perrserker|Perrserker, L89, F|269/269\n|move|p1a: Jolteon|Calm Mind|p1a: Jolteon\n|-boost|p1a: Jolteon|spa|1\n|-boost|p1a: Jolteon|spd|1\n|\n|upkeep\n|turn|4\n|\n|t:|1733884867\n|move|p1a: Jolteon|Calm Mind|p1a: Jolteon\n|-boost|p1a: Jolteon|spa|1\n|-boost|p1a: Jolteon|spd|1\n|move|p2a: Perrserker|Knock Off|p1a: Jolteon\n|-damage|p1a: Jolteon|84/246\n|-enditem|p1a: Jolteon|Life Orb|[from] move: Knock Off|[of] p2a: Perrserker\n|\n|upkeep\n|turn|5\n|\n|t:|1733884872\n|move|p1a: Jolteon|Thunderbolt|p2a: Perrserker\n|-damage|p2a: Perrserker|0 fnt\n|faint|p2a: Perrserker\n|\n|upkeep\n|\n|t:|1733884880\n|switch|p2a: Hariyama|Hariyama, L87, M|392/392\n|turn|6\n|\n|t:|1733884885\n|move|p1a: Jolteon|Alluring Voice|p2a: Hariyama\n|-supereffective|p2a: Hariyama\n|-damage|p2a: Hariyama|168/392\n|move|p2a: Hariyama|Close Combat|p1a: Jolteon\n|-damage|p1a: Jolteon|0 fnt\n|-unboost|p2a: Hariyama|def|1\n|-unboost|p2a: Hariyama|spd|1\n|faint|p1a: Jolteon\n|\n|upkeep\n|\n|t:|1733884889\n|switch|p1a: Calyrex|Calyrex, L93|337/337\n|-ability|p1a: Calyrex|Unnerve\n|turn|7\n|\n|t:|1733884895\n|switch|p2a: Jirachi|Jirachi, L80|291/291\n|move|p1a: Calyrex|Psychic|p2a: Jirachi\n|-resisted|p2a: Jirachi\n|-damage|p2a: Jirachi|266/291\n|\n|-heal|p2a: Jirachi|284/291|[from] item: Leftovers\n|upkeep\n|turn|8\n|\n|t:|1733884903\n|move|p2a: Jirachi|Stealth Rock|p1a: Calyrex\n|-sidestart|p1: Girl of Nihility|move: Stealth Rock\n|move|p1a: Calyrex|Encore|p2a: Jirachi\n|-start|p2a: Jirachi|Encore\n|\n|-heal|p2a: Jirachi|291/291|[from] item: Leftovers\n|upkeep\n|turn|9\n|\n|t:|1733884914\n|switch|p2a: Charizard|Charizard, L85, F|271/271\n|switch|p1a: Heatran|Heatran, L79, F|273/273\n|-damage|p1a: Heatran|239/273|[from] Stealth Rock\n|-item|p1a: Heatran|Air Balloon\n|\n|upkeep\n|turn|10\n|\n|t:|1733884919\n|move|p2a: Charizard|Focus Blast|p1a: Heatran\n|-supereffective|p1a: Heatran\n|-damage|p1a: Heatran|71/273\n|-enditem|p1a: Heatran|Air Balloon\n|move|p1a: Heatran|Stealth Rock|p2a: Charizard\n|-sidestart|p2: femboy carioca|move: Stealth Rock\n|\n|upkeep\n|turn|11\n|\n|t:|1733884925\n|move|p2a: Charizard|Earthquake|p1a: Heatran\n|-supereffective|p1a: Heatran\n|-damage|p1a: Heatran|0 fnt\n|faint|p1a: Heatran\n|\n|upkeep\n|\n|t:|1733884932\n|switch|p1a: Kricketune|Kricketune, L99, F|312/312\n|turn|12\n|\n|t:|1733884936\n|move|p2a: Charizard|Hurricane|p1a: Kricketune\n|-supereffective|p1a: Kricketune\n|-damage|p1a: Kricketune|0 fnt\n|faint|p1a: Kricketune\n|\n|upkeep\n|\n|t:|1733884941\n|switch|p1a: Calyrex|Calyrex, L93|337/337\n|-ability|p1a: Calyrex|Unnerve\n|-damage|p1a: Calyrex|295/337|[from] Stealth Rock\n|turn|13\n|\n|t:|1733884945\n|move|p2a: Charizard|Flamethrower|p1a: Calyrex\n|-supereffective|p1a: Calyrex\n|-damage|p1a: Calyrex|89/337\n|move|p1a: Calyrex|Psychic|p2a: Charizard\n|-damage|p2a: Charizard|171/271\n|\n|-heal|p1a: Calyrex|110/337|[from] item: Leftovers\n|upkeep\n|turn|14\n|\n|t:|1733884950\n|move|p2a: Charizard|Flamethrower|p1a: Calyrex\n|-supereffective|p1a: Calyrex\n|-damage|p1a: Calyrex|0 fnt\n|faint|p1a: Calyrex\n|\n|upkeep\n|\n|t:|1733884951\n|switch|p1a: Kingambit|Kingambit, L74, M|270/270\n|-damage|p1a: Kingambit|254/270|[from] Stealth Rock\n|-activate|p1a: Kingambit|ability: Supreme Overlord\n|-start|p1a: Kingambit|fallen5|[silent]\n|turn|15\n|\n|t:|1733884958\n|-terastallize|p1a: Kingambit|Dark\n|move|p2a: Charizard|Focus Blast|p1a: Kingambit|[miss]\n|-miss|p2a: Charizard|p1a: Kingambit\n|move|p1a: Kingambit|Swords Dance|p1a: Kingambit\n|-boost|p1a: Kingambit|atk|2\n|\n|-heal|p1a: Kingambit|270/270|[from] item: Leftovers\n|upkeep\n|turn|16\n|\n|t:|1733884967\n|move|p1a: Kingambit|Sucker Punch|p2a: Charizard\n|-damage|p2a: Charizard|0 fnt\n|faint|p2a: Charizard\n|\n|upkeep\n|\n|t:|1733884970\n|switch|p2a: Hariyama|Hariyama, L87, M|168/392\n|-damage|p2a: Hariyama|144/392|[from] Stealth Rock\n|turn|17\n|\n|t:|1733884974\n|move|p2a: Hariyama|Bullet Punch|p1a: Kingambit\n|-damage|p1a: Kingambit|239/270\n|move|p1a: Kingambit|Sucker Punch||[still]\n|-fail|p1a: Kingambit\n|\n|-heal|p1a: Kingambit|255/270|[from] item: Leftovers\n|upkeep\n|turn|18\n|\n|t:|1733884977\n|move|p1a: Kingambit|Sucker Punch|p2a: Hariyama\n|-resisted|p2a: Hariyama\n|-damage|p2a: Hariyama|0 fnt\n|faint|p2a: Hariyama\n|\n|-heal|p1a: Kingambit|270/270|[from] item: Leftovers\n|upkeep\n|\n|t:|1733884980\n|switch|p2a: Dachsbun|Dachsbun, L92, M|254/254\n|-damage|p2a: Dachsbun|223/254|[from] Stealth Rock\n|turn|19\n|\n|t:|1733884987\n|move|p2a: Dachsbun|Protect|p2a: Dachsbun\n|-singleturn|p2a: Dachsbun|Protect\n|move|p1a: Kingambit|Iron Head|p2a: Dachsbun\n|-activate|p2a: Dachsbun|move: Protect\n|\n|-heal|p2a: Dachsbun|238/254|[from] item: Leftovers\n|upkeep\n|turn|20\n|\n|t:|1733884991\n|-terastallize|p2a: Dachsbun|Steel\n|move|p2a: Dachsbun|Play Rough|p1a: Kingambit\n|-supereffective|p1a: Kingambit\n|-damage|p1a: Kingambit|94/270\n|move|p1a: Kingambit|Iron Head|p2a: Dachsbun\n|-resisted|p2a: Dachsbun\n|-damage|p2a: Dachsbun|150/254\n|\n|-heal|p2a: Dachsbun|165/254|[from] item: Leftovers\n|-heal|p1a: Kingambit|110/270|[from] item: Leftovers\n|upkeep\n|turn|21\n|\n|t:|1733885000\n|move|p2a: Dachsbun|Wish|p2a: Dachsbun\n|move|p1a: Kingambit|Swords Dance|p1a: Kingambit\n|-boost|p1a: Kingambit|atk|2\n|\n|-heal|p2a: Dachsbun|180/254|[from] item: Leftovers\n|-heal|p1a: Kingambit|126/270|[from] item: Leftovers\n|upkeep\n|turn|22\n|\n|t:|1733885009\n|move|p2a: Dachsbun|Protect|p2a: Dachsbun\n|-singleturn|p2a: Dachsbun|Protect\n|move|p1a: Kingambit|Sucker Punch||[still]\n|-fail|p1a: Kingambit\n|\n|-heal|p2a: Dachsbun|254/254|[from] move: Wish|[wisher] Dachsbun\n|-heal|p1a: Kingambit|142/270|[from] item: Leftovers\n|upkeep\n|turn|23\n|\n|t:|1733885014\n|move|p1a: Kingambit|Sucker Punch|p2a: Dachsbun\n|-damage|p2a: Dachsbun|0 fnt\n|faint|p2a: Dachsbun\n|\n|-heal|p1a: Kingambit|158/270|[from] item: Leftovers\n|upkeep\n|\n|t:|1733885017\n|switch|p2a: Jirachi|Jirachi, L80|291/291\n|-damage|p2a: Jirachi|273/291|[from] Stealth Rock\n|turn|24\n|\n|t:|1733885022\n|move|p2a: Jirachi|Drain Punch|p1a: Kingambit\n|-supereffective|p1a: Kingambit\n|-damage|p1a: Kingambit|72/270\n|-heal|p2a: Jirachi|291/291|[from] drain|[of] p1a: Kingambit\n|move|p1a: Kingambit|Kowtow Cleave|p2a: Jirachi\n|-supereffective|p2a: Jirachi\n|-damage|p2a: Jirachi|0 fnt\n|faint|p2a: Jirachi\n|\n|-heal|p1a: Kingambit|88/270|[from] item: Leftovers\n|upkeep\n|\n|t:|1733885025\n|switch|p2a: Noivern|Noivern, L82, M|274/274\n|-damage|p2a: Noivern|206/274|[from] Stealth Rock\n|turn|25\n|\n|t:|1733885029\n|move|p1a: Kingambit|Sucker Punch|p2a: Noivern\n|-damage|p2a: Noivern|0 fnt\n|faint|p2a: Noivern\n|\n|win|Girl of Nihility\n|raw|Girl of Nihility's rating: 1511 &rarr; <strong>1530</strong><br />(+19 for winning)\n|raw|femboy carioca's rating: 1499 &rarr; <strong>1480</strong><br />(-19 for losing)\n|l|\u2606femboy carioca\n|player|p2|\n", "inputlog": ">version bfd83cad13791eb5a5a409923076391caf6fb4d4\n>start {\"formatid\":\"gen9randombattle\",\"seed\":[35625,42270,46928,28019],\"rated\":\"Rated battle\"}\n>player p1 {\"name\":\"Girl of Nihility\",\"avatar\":\"iris-gen5bw2\",\"rating\":1511,\"seed\":[3229,31784,11130,44420]}\n>player p2 {\"name\":\"femboy carioca\",\"avatar\":\"170\",\"rating\":1499,\"seed\":[57626,41894,51496,30646]}\n>p1 switch 2\n>p2 move hurricane\n>p1 move dragondance\n>p2 move hurricane\n>p1 switch 6\n>p1 move calmmind\n>p2 switch 6\n>p1 move calmmind\n>p2 move knockoff\n>p1 move thunderbolt\n>p2 move knockoff\n>p2 switch 2\n>p1 move alluringvoice\n>p2 move closecombat\n>p1 switch 2\n>p1 move psychic\n>p2 switch 5\n>p1 move encore\n>p2 move stealthrock\n>p1 switch 5\n>p2 switch 3\n>p1 move stealthrock\n>p2 move focusblast\n>p1 move lavaplume\n>p2 move earthquake\n>p1 switch 3\n>p1 move pounce\n>p2 move hurricane\n>p1 switch 5\n>p1 move psychic\n>p2 move flamethrower\n>p1 move psychic\n>p2 move flamethrower\n>p1 switch 4\n>p1 move swordsdance terastallize\n>p2 move focusblast\n>p1 move suckerpunch\n>p2 move focusblast\n>p2 switch 5\n>p1 move suckerpunch\n>p2 move bulletpunch\n>p1 move suckerpunch\n>p2 move closecombat\n>p2 switch 4\n>p1 move ironhead\n>p2 move protect\n>p1 move ironhead\n>p2 move playrough terastallize\n>p1 move swordsdance\n>p2 move wish\n>p1 move suckerpunch\n>p2 move protect\n>p1 move suckerpunch\n>p2 move playrough\n>p2 switch 3\n>p1 move kowtowcleave\n>p2 move drainpunch\n>p2 switch 6\n>p1 move suckerpunch\n>p2 move flamethrower", "uploadtime": 1733885037, "views": 10, "formatid": "gen9randombattle", "rating": 1480, "private": 0, "password": null}