{"id": "gen9randombattle-2188495889", "format": "[Gen 9] Random Battle", "players": ["randbats addict", "Eternalnacho"], "log": "|badge|p2|bronze|gen9randombattle|100-2\n|uhtml|medal-msg|<div class=\"broadcast-blue\">Curious what those medals under the avatar are? PS now has Ladder Seasons! For more information, check out the <a href=\"https://www.smogon.com/forums/threads/3740067/\">thread on Smogon.</a></div>\n|j|\u2606randbats addict\n|j|\u2606Eternalnacho\n|t:|1724715591\n|gametype|singles\n|player|p1|randbats addict|lady|2204\n|player|p2|Eternalnacho|morty-masters2|2314\n|teamsize|p1|6\n|teamsize|p2|6\n|gen|9\n|tier|[Gen 9] Random Battle\n|rated|\n|rule|Species Clause: Limit one of each Pok\u00e9mon\n|rule|HP Percentage Mod: HP is shown in percentages\n|rule|Sleep Clause Mod: Limit one foe put to sleep\n|rule|Illusion Level Mod: Illusion disguises the Pok\u00e9mon's true level\n|\n|t:|1724715591\n|start\n|switch|p1a: Calyrex|Calyrex-Shadow, L64|235/235\n|switch|p2a: Orthworm|Orthworm, L88, M|266/266\n|-ability|p1a: Calyrex|As One\n|-ability|p1a: Calyrex|Unnerve\n|turn|1\n|inactive|Battle timer is ON: inactive players will automatically lose when time's up. (requested by Eternalnacho)\n|\n|t:|1724715608\n|switch|p1a: Galvantula|Galvantula, L82, F|249/249\n|move|p2a: Orthworm|Iron Tail|p1a: Galvantula\n|-resisted|p1a: Galvantula\n|-damage|p1a: Galvantula|177/249\n|\n|upkeep\n|turn|2\n|\n|t:|1724715615\n|switch|p2a: Glimmora|Glimmora, L75, F|248/248\n|move|p1a: Galvantula|Sticky Web|p2a: Glimmora\n|-sidestart|p2: Eternalnacho|move: Sticky Web\n|\n|upkeep\n|turn|3\n|\n|t:|1724715622\n|move|p1a: Galvantula|Thunder|p2a: Glimmora\n|-damage|p2a: Glimmora|113/248\n|move|p2a: Glimmora|Meteor Beam||[still]\n|-prepare|p2a: Glimmora|Meteor Beam\n|-boost|p2a: Glimmora|spa|1\n|-enditem|p2a: Glimmora|Power Herb\n|-anim|p2a: Glimmora|Meteor Beam|p1a: Galvantula|[miss]\n|-miss|p2a: Glimmora|p1a: Galvantula\n|\n|upkeep\n|turn|4\n|\n|t:|1724715630\n|move|p1a: Galvantula|Thunder|p2a: Glimmora|[miss]\n|-miss|p1a: Galvantula|p2a: Glimmora\n|move|p2a: Glimmora|Sludge Wave|p1a: Galvantula\n|-damage|p1a: Galvantula|0 fnt\n|faint|p1a: Galvantula\n|\n|upkeep\n|c|\u2606randbats addict|wow\n|c|\u2606randbats addict|hax\n|c|\u2606Eternalnacho|uh\n|c|\u2606Eternalnacho|do you wanna\n|c|\u2606Eternalnacho|ignore\n|c|\u2606randbats addict|gurl\n|c|\u2606Eternalnacho|the previous turn?\n|c|\u2606randbats addict|do u not get ssarcasm\n|\n|t:|1724715652\n|switch|p1a: Calyrex|Calyrex-Shadow, L64|235/235\n|-ability|p1a: Calyrex|As One\n|-ability|p1a: Calyrex|Unnerve\n|turn|5\n|c|\u2606Eternalnacho|no\n|c|\u2606Eternalnacho|not on this site\n|c|\u2606Eternalnacho|people be salty bitches here\n|c|\u2606randbats addict|im just a twink\n|\n|t:|1724715679\n|move|p1a: Calyrex|Psyshock|p2a: Glimmora\n|-supereffective|p2a: Glimmora\n|-damage|p2a: Glimmora|0 fnt\n|faint|p2a: Glimmora\n|-ability|p1a: Calyrex|Grim Neigh|boost\n|-boost|p1a: Calyrex|spa|1\n|-damage|p1a: Calyrex|212/235|[from] item: Life Orb\n|\n|upkeep\n|c|\u2606randbats addict|leave me alone\n|\n|t:|1724715684\n|switch|p2a: Kingambit|Kingambit, L74, F|270/270\n|-activate|p2a: Kingambit|move: Sticky Web\n|-unboost|p2a: Kingambit|spe|1\n|-activate|p2a: Kingambit|ability: Supreme Overlord\n|-start|p2a: Kingambit|fallen1|[silent]\n|turn|6\n|c|\u2606Eternalnacho|you're good\n|\n|t:|1724715695\n|switch|p1a: Gurdurr|Gurdurr, L85, F|283/283\n|move|p2a: Kingambit|Kowtow Cleave|p1a: Gurdurr\n|-resisted|p1a: Gurdurr\n|-damage|p1a: Gurdurr|250/283\n|\n|upkeep\n|turn|7\n|\n|t:|1724715699\n|-end|p2a: Kingambit|fallen1|[silent]\n|switch|p2a: Golurk|Golurk, L87|297/297\n|-activate|p2a: Golurk|move: Sticky Web\n|-unboost|p2a: Golurk|spe|1\n|move|p1a: Gurdurr|Drain Punch|p2a: Golurk\n|-immune|p2a: Golurk\n|\n|upkeep\n|turn|8\n|\n|t:|1724715702\n|move|p1a: Gurdurr|Knock Off|p2a: Golurk\n|-supereffective|p2a: Golurk\n|-damage|p2a: Golurk|133/297\n|-enditem|p2a: Golurk|Life Orb|[from] move: Knock Off|[of] p1a: Gurdurr\n|move|p2a: Golurk|Stealth Rock|p1a: Gurdurr\n|-sidestart|p1: randbats addict|move: Stealth Rock\n|\n|upkeep\n|turn|9\n|\n|t:|1724715706\n|move|p1a: Gurdurr|Knock Off|p2a: Golurk\n|-supereffective|p2a: Golurk\n|-damage|p2a: Golurk|27/297\n|move|p2a: Golurk|Poltergeist|p1a: Gurdurr\n|-activate|p1a: Gurdurr|move: Poltergeist|Eviolite\n|-damage|p1a: Gurdurr|154/283\n|\n|upkeep\n|turn|10\n|\n|t:|1724715709\n|move|p1a: Gurdurr|Knock Off|p2a: Golurk\n|-supereffective|p2a: Golurk\n|-damage|p2a: Golurk|0 fnt\n|faint|p2a: Golurk\n|\n|upkeep\n|\n|t:|1724715710\n|switch|p2a: Reuniclus|Reuniclus, L88, M|337/337\n|-activate|p2a: Reuniclus|move: Sticky Web\n|-unboost|p2a: Reuniclus|spe|1\n|turn|11\n|\n|t:|1724715733\n|move|p1a: Gurdurr|Knock Off|p2a: Reuniclus\n|-supereffective|p2a: Reuniclus\n|-damage|p2a: Reuniclus|171/337\n|-enditem|p2a: Reuniclus|Life Orb|[from] move: Knock Off|[of] p1a: Gurdurr\n|move|p2a: Reuniclus|Psychic|p1a: Gurdurr\n|-supereffective|p1a: Gurdurr\n|-damage|p1a: Gurdurr|0 fnt\n|faint|p1a: Gurdurr\n|\n|upkeep\n|inactive|randbats addict has 120 seconds left.\n|\n|t:|1724715777\n|switch|p1a: Calyrex|Calyrex-Shadow, L64|212/235\n|-ability|p1a: Calyrex|As One\n|-ability|p1a: Calyrex|Unnerve\n|-damage|p1a: Calyrex|183/235|[from] Stealth Rock\n|turn|12\n|\n|t:|1724715779\n|switch|p2a: Kingambit|Kingambit, L74, F|270/270\n|-activate|p2a: Kingambit|move: Sticky Web\n|-unboost|p2a: Kingambit|spe|1\n|-activate|p2a: Kingambit|ability: Supreme Overlord\n|-start|p2a: Kingambit|fallen2|[silent]\n|move|p1a: Calyrex|Astral Barrage|p2a: Kingambit\n|-resisted|p2a: Kingambit\n|-damage|p2a: Kingambit|182/270\n|-damage|p1a: Calyrex|160/235|[from] item: Life Orb\n|\n|-heal|p2a: Kingambit|198/270|[from] item: Leftovers\n|upkeep\n|turn|13\n|\n|t:|1724715783\n|switch|p1a: Cetitan|Cetitan, L82, F|413/413\n|-damage|p1a: Cetitan|310/413|[from] Stealth Rock\n|move|p2a: Kingambit|Kowtow Cleave|p1a: Cetitan\n|-damage|p1a: Cetitan|171/413\n|\n|-heal|p2a: Kingambit|214/270|[from] item: Leftovers\n|upkeep\n|turn|14\n|\n|t:|1724715787\n|move|p2a: Kingambit|Sucker Punch|p1a: Cetitan\n|-damage|p1a: Cetitan|62/413\n|move|p1a: Cetitan|Earthquake|p2a: Kingambit\n|-supereffective|p2a: Kingambit\n|-damage|p2a: Kingambit|29/270\n|-damage|p1a: Cetitan|21/413|[from] item: Life Orb\n|\n|-heal|p2a: Kingambit|45/270|[from] item: Leftovers\n|upkeep\n|turn|15\n|\n|t:|1724715792\n|move|p1a: Cetitan|Ice Shard|p2a: Kingambit\n|-resisted|p2a: Kingambit\n|-crit|p2a: Kingambit\n|-damage|p2a: Kingambit|5/270\n|-damage|p1a: Cetitan|0 fnt|[from] item: Life Orb\n|faint|p1a: Cetitan\n|move|p2a: Kingambit|Sucker Punch|p1: Cetitan|[notarget]\n|-fail|p2a: Kingambit\n|\n|-heal|p2a: Kingambit|21/270|[from] item: Leftovers\n|upkeep\n|\n|t:|1724715795\n|switch|p1a: Conkeldurr|Conkeldurr, L80, F|299/299\n|-damage|p1a: Conkeldurr|281/299|[from] Stealth Rock\n|turn|16\n|\n|t:|1724715809\n|-end|p2a: Kingambit|fallen2|[silent]\n|switch|p2a: Abomasnow|Abomasnow, L85, M|291/291\n|-activate|p2a: Abomasnow|move: Sticky Web\n|-unboost|p2a: Abomasnow|spe|1\n|-weather|Snow|[from] ability: Snow Warning|[of] p2a: Abomasnow\n|move|p1a: Conkeldurr|Knock Off|p2a: Abomasnow\n|-damage|p2a: Abomasnow|222/291\n|-enditem|p2a: Abomasnow|Assault Vest|[from] move: Knock Off|[of] p1a: Conkeldurr\n|\n|-weather|Snow|[upkeep]\n|-status|p1a: Conkeldurr|brn|[from] item: Flame Orb\n|upkeep\n|turn|17\n|\n|t:|1724715815\n|move|p1a: Conkeldurr|Close Combat|p2a: Abomasnow\n|-supereffective|p2a: Abomasnow\n|-damage|p2a: Abomasnow|0 fnt\n|-unboost|p1a: Conkeldurr|def|1\n|-unboost|p1a: Conkeldurr|spd|1\n|faint|p2a: Abomasnow\n|\n|-weather|Snow|[upkeep]\n|-damage|p1a: Conkeldurr|263/299 brn|[from] brn\n|upkeep\n|\n|t:|1724715816\n|switch|p2a: Reuniclus|Reuniclus, L88, M|171/337\n|-activate|p2a: Reuniclus|move: Sticky Web\n|-unboost|p2a: Reuniclus|spe|1\n|turn|18\n|inactive|randbats addict has 120 seconds left.\n|inactive|randbats addict has 90 seconds left.\n|\n|t:|1724715884\n|switch|p1a: Cloyster|Cloyster, L79, F|209/209\n|-damage|p1a: Cloyster|157/209|[from] Stealth Rock\n|move|p2a: Reuniclus|Psychic|p1a: Cloyster\n|-damage|p1a: Cloyster|0 fnt\n|faint|p1a: Cloyster\n|\n|-weather|Snow|[upkeep]\n|upkeep\n|\n|t:|1724715887\n|switch|p1a: Conkeldurr|Conkeldurr, L80, F|263/299 brn\n|-damage|p1a: Conkeldurr|245/299 brn|[from] Stealth Rock\n|turn|19\n|c|\u2606randbats addict|miscliock\n|c|\u2606Eternalnacho|ah\n|\n|t:|1724715912\n|-terastallize|p1a: Conkeldurr|Normal\n|-terastallize|p2a: Reuniclus|Steel\n|move|p1a: Conkeldurr|Facade|p2a: Reuniclus\n|-resisted|p2a: Reuniclus\n|-damage|p2a: Reuniclus|15/337\n|move|p2a: Reuniclus|Psychic|p1a: Conkeldurr\n|-damage|p1a: Conkeldurr|70/299 brn\n|\n|-weather|Snow|[upkeep]\n|-damage|p1a: Conkeldurr|52/299 brn|[from] brn\n|upkeep\n|turn|20\n|\n|t:|1724715921\n|move|p1a: Conkeldurr|Facade|p2a: Reuniclus\n|-resisted|p2a: Reuniclus\n|-damage|p2a: Reuniclus|0 fnt\n|faint|p2a: Reuniclus\n|\n|-weather|none\n|-damage|p1a: Conkeldurr|34/299 brn|[from] brn\n|upkeep\n|\n|t:|1724715922\n|switch|p2a: Orthworm|Orthworm, L88, M|266/266\n|-activate|p2a: Orthworm|move: Sticky Web\n|-unboost|p2a: Orthworm|spe|1\n|turn|21\n|c|\u2606randbats addict|gg\n|c|\u2606Eternalnacho|gg\n|\n|t:|1724715928\n|move|p1a: Conkeldurr|Close Combat|p2a: Orthworm\n|-supereffective|p2a: Orthworm\n|-damage|p2a: Orthworm|0 fnt\n|-unboost|p1a: Conkeldurr|def|1\n|-unboost|p1a: Conkeldurr|spd|1\n|faint|p2a: Orthworm\n|\n|-damage|p1a: Conkeldurr|16/299 brn|[from] brn\n|upkeep\n|\n|t:|1724715931\n|switch|p2a: Kingambit|Kingambit, L74, F|21/270\n|-activate|p2a: Kingambit|move: Sticky Web\n|-unboost|p2a: Kingambit|spe|1\n|-activate|p2a: Kingambit|ability: Supreme Overlord\n|-start|p2a: Kingambit|fallen5|[silent]\n|turn|22\n|\n|t:|1724715933\n|move|p1a: Conkeldurr|Mach Punch|p2a: Kingambit\n|-supereffective|p2a: Kingambit\n|-damage|p2a: Kingambit|0 fnt\n|faint|p2a: Kingambit\n|-end|p2a: Kingambit|fallen5|[silent]\n|\n|win|randbats addict\n|raw|randbats addict's rating: 2204 &rarr; <strong>2230</strong><br />(+26 for winning)\n|raw|Eternalnacho's rating: 2314 &rarr; <strong>2288</strong><br />(-26 for losing)\n|l|\u2606Eternalnacho\n|player|p2|\n", "inputlog": ">version 3ecb8b760fc3ebeb9daddd16ea209d5e63ca4f4b\n>start {\"formatid\":\"gen9randombattle\",\"seed\":[42284,26269,19651,44059],\"rated\":\"Rated battle\"}\n>player p1 {\"name\":\"randbats addict\",\"avatar\":\"lady\",\"rating\":2204,\"seed\":[52343,2833,62589,29687]}\n>player p2 {\"name\":\"Eternalnacho\",\"avatar\":\"morty-masters2\",\"rating\":2314,\"seed\":[8763,1172,2698,19127]}\n>p1 switch 3\n>p2 move irontail\n>p1 move stickyweb\n>p2 switch 3\n>p1 move thunder\n>p2 move meteorbeam\n>p1 move thunder\n>p2 move sludgewave\n>chat \u2606randbats addict|wow\n>chat \u2606randbats addict|hax\n>chat \u2606Eternalnacho|uh\n>chat \u2606Eternalnacho|do you wanna \n>chat \u2606Eternalnacho|ignore\n>chat \u2606randbats addict|gurl\n>chat \u2606Eternalnacho|the previous turn?\n>chat \u2606randbats addict|do u not get ssarcasm\n>p1 switch 3\n>chat \u2606Eternalnacho|no\n>chat \u2606Eternalnacho|not on this site\n>chat \u2606Eternalnacho|people be salty bitches here\n>chat \u2606randbats addict|im just a twink\n>p1 move psyshock\n>p2 move earthpower\n>chat \u2606randbats addict|leave me alone\n>p2 switch 5\n>chat \u2606Eternalnacho|you're good\n>p1 switch 4\n>p2 move kowtowcleave\n>p1 move drainpunch\n>p2 switch 4\n>p1 move knockoff\n>p2 move stealthrock\n>p1 move knockoff\n>p2 move poltergeist\n>p1 move knockoff\n>p2 move dynamicpunch\n>p2 switch 6\n>p1 move knockoff\n>p2 move psychic\n>p1 switch 4\n>p1 move astralbarrage\n>p2 switch 4\n>p1 switch 6\n>p2 move kowtowcleave\n>p1 move earthquake\n>p2 move suckerpunch\n>p1 move iceshard\n>p2 move suckerpunch\n>p1 switch 2\n>p1 move knockoff\n>p2 switch 2\n>p1 move closecombat\n>p2 move blizzard\n>p2 switch 4\n>p1 switch 5\n>p2 move psychic\n>p1 switch 5\n>chat \u2606randbats addict|miscliock\n>chat \u2606Eternalnacho|ah\n>p1 move facade terastallize\n>p2 move psychic terastallize\n>p1 move facade\n>p2 move psychic\n>p2 switch 3\n>chat \u2606randbats addict|gg\n>chat \u2606Eternalnacho|gg\n>p1 move closecombat\n>p2 move bodypress\n>p2 switch 2\n>p1 move machpunch\n>p2 move suckerpunch", "uploadtime": 1724715935, "views": 108, "formatid": "gen9randombattle", "rating": 2230, "private": 0, "password": null}