{"id": "gen9randombattle-2191566770", "format": "[Gen 9] Random Battle", "players": ["Qiuescent", "Fillo_VCG"], "log": "|j|\u203dQiuescent\n|j|\u2606Fillo_VCG\n|t:|1725089868\n|gametype|singles\n|player|p1|Qiuescent|266|2258\n|player|p2|Fillo_VCG|bruno|2249\n|teamsize|p1|6\n|teamsize|p2|6\n|gen|9\n|tier|[Gen 9] Random Battle\n|rated|\n|rule|Species Clause: Limit one of each Pok\u00e9mon\n|rule|HP Percentage Mod: HP is shown in percentages\n|rule|Sleep Clause Mod: Limit one foe put to sleep\n|rule|Illusion Level Mod: Illusion disguises the Pok\u00e9mon's true level\n|\n|t:|1725089868\n|start\n|switch|p1a: Palossand|Palossand, L89, M|296/296\n|switch|p2a: Regigigas|Regigigas, L84|322/322\n|-start|p2a: Regigigas|ability: Slow Start\n|turn|1\n|\n|t:|1725089876\n|move|p1a: Palossand|Stealth Rock|p2a: Regigigas\n|-sidestart|p2: Fillo_VCG|move: Stealth Rock\n|move|p2a: Regigigas|Substitute|p2a: Regigigas\n|-start|p2a: Regigigas|Substitute\n|-damage|p2a: Regigigas|242/322\n|\n|-heal|p2a: Regigigas|262/322|[from] item: Leftovers\n|upkeep\n|turn|2\n|\n|t:|1725089884\n|switch|p1a: Froslass|Froslass, L87, F|263/263\n|move|p2a: Regigigas|Protect||[still]\n|-fail|p2a: Regigigas\n|\n|-heal|p2a: Regigigas|282/322|[from] item: Leftovers\n|upkeep\n|turn|3\n|\n|t:|1725089888\n|move|p2a: Regigigas|Protect|p2a: Regigigas\n|-singleturn|p2a: Regigigas|Protect\n|move|p1a: Froslass|Triple Axel|p2a: Regigigas\n|-activate|p2a: Regigigas|move: Protect\n|\n|-heal|p2a: Regigigas|302/322|[from] item: Leftovers\n|upkeep\n|turn|4\n|j| poken token\n|\n|t:|1725089893\n|move|p1a: Froslass|Triple Axel|p2a: Regigigas\n|-activate|p2a: Regigigas|move: Substitute|[damage]\n|-crit|p2a: Regigigas\n|-activate|p2a: Regigigas|move: Substitute|[damage]\n|-end|p2a: Regigigas|Substitute\n|-hitcount|p2a: Regigigas|3\n|move|p2a: Regigigas|Substitute|p2a: Regigigas\n|-start|p2a: Regigigas|Substitute\n|-damage|p2a: Regigigas|222/322\n|\n|-heal|p2a: Regigigas|242/322|[from] item: Leftovers\n|upkeep\n|turn|5\n|\n|t:|1725089903\n|switch|p1a: Toxapex|Toxapex, L82, F|216/216\n|move|p2a: Regigigas|Protect||[still]\n|-fail|p2a: Regigigas\n|\n|-heal|p2a: Regigigas|262/322|[from] item: Leftovers\n|-end|p2a: Regigigas|Slow Start\n|upkeep\n|turn|6\n|\n|t:|1725089908\n|move|p2a: Regigigas|Body Slam|p1a: Toxapex\n|-damage|p1a: Toxapex|132/216\n|move|p1a: Toxapex|Toxic Spikes|p2a: Regigigas\n|-sidestart|p2: Fillo_VCG|move: Toxic Spikes\n|\n|-heal|p2a: Regigigas|282/322|[from] item: Leftovers\n|-heal|p1a: Toxapex|145/216|[from] item: Leftovers\n|upkeep\n|turn|7\n|\n|t:|1725089911\n|move|p2a: Regigigas|Body Slam|p1a: Toxapex\n|-damage|p1a: Toxapex|51/216\n|move|p1a: Toxapex|Toxic Spikes|p2a: Regigigas\n|-sidestart|p2: Fillo_VCG|move: Toxic Spikes\n|\n|-heal|p2a: Regigigas|302/322|[from] item: Leftovers\n|-heal|p1a: Toxapex|64/216|[from] item: Leftovers\n|upkeep\n|turn|8\n|\n|t:|1725089915\n|switch|p1a: Froslass|Froslass, L87, F|263/263\n|move|p2a: Regigigas|Knock Off|p1a: Froslass\n|-supereffective|p1a: Froslass\n|-damage|p1a: Froslass|45/263\n|-enditem|p1a: Froslass|Wide Lens|[from] move: Knock Off|[of] p2a: Regigigas\n|\n|-heal|p2a: Regigigas|322/322|[from] item: Leftovers\n|upkeep\n|turn|9\n|\n|t:|1725089919\n|move|p1a: Froslass|Destiny Bond|p1a: Froslass\n|-singlemove|p1a: Froslass|Destiny Bond\n|move|p2a: Regigigas|Knock Off|p1a: Froslass\n|-supereffective|p1a: Froslass\n|-damage|p1a: Froslass|0 fnt\n|-start|p2a: Regigigas|Disable|Knock Off|[from] ability: Cursed Body|[of] p1a: Froslass\n|faint|p1a: Froslass\n|-activate|p1a: Froslass|move: Destiny Bond\n|faint|p2a: Regigigas\n|-end|p2a: Regigigas|Slow Start|[silent]\n|\n|upkeep\n|\n|t:|1725089927\n|switch|p1a: Porygon-Z|Porygon-Z, L83|277/277\n|switch|p2a: Leavanny|Leavanny, L87, M|272/272\n|turn|10\n|\n|t:|1725089934\n|switch|p1a: Palossand|Palossand, L89, M|296/296\n|move|p2a: Leavanny|Sticky Web|p1a: Palossand\n|-sidestart|p1: Qiuescent|move: Sticky Web\n|\n|upkeep\n|turn|11\n|\n|t:|1725089941\n|move|p2a: Leavanny|Leaf Blade|p1a: Palossand\n|-supereffective|p1a: Palossand\n|-damage|p1a: Palossand|138/296\n|move|p1a: Palossand|Shadow Ball|p2a: Leavanny\n|-damage|p2a: Leavanny|169/272\n|\n|-heal|p1a: Palossand|156/296|[from] item: Leftovers\n|upkeep\n|turn|12\n|inactive|Battle timer is ON: inactive players will automatically lose when time's up. (requested by Fillo_VCG)\n|\n|t:|1725089955\n|switch|p1a: Volcanion|Volcanion, L79|255/255\n|-activate|p1a: Volcanion|move: Sticky Web\n|-unboost|p1a: Volcanion|spe|1\n|move|p2a: Leavanny|Leaf Blade|p1a: Volcanion\n|-damage|p1a: Volcanion|168/255\n|\n|upkeep\n|turn|13\n|\n|t:|1725089973\n|switch|p2a: Raichu|Raichu, L88, F|249/249\n|-damage|p2a: Raichu|218/249|[from] Stealth Rock\n|-status|p2a: Raichu|tox\n|move|p1a: Volcanion|Flamethrower|p2a: Raichu\n|-damage|p2a: Raichu|142/249 tox\n|\n|-damage|p2a: Raichu|127/249 tox|[from] psn\n|upkeep\n|turn|14\n|\n|t:|1725089979\n|move|p2a: Raichu|Surf|p1a: Volcanion\n|-heal|p1a: Volcanion|231/255|[from] ability: Water Absorb|[of] p2a: Raichu\n|move|p1a: Volcanion|Flamethrower|p2a: Raichu\n|-damage|p2a: Raichu|60/249 tox\n|\n|-damage|p2a: Raichu|30/249 tox|[from] psn\n|upkeep\n|turn|15\n|\n|t:|1725089983\n|switch|p1a: Palossand|Palossand, L89, M|156/296\n|-activate|p1a: Palossand|move: Sticky Web\n|-unboost|p1a: Palossand|spe|1\n|move|p2a: Raichu|Nuzzle|p1a: Palossand\n|-immune|p1a: Palossand\n|\n|-heal|p1a: Palossand|174/296|[from] item: Leftovers\n|-damage|p2a: Raichu|0 fnt|[from] psn\n|faint|p2a: Raichu\n|upkeep\n|\n|t:|1725089988\n|switch|p2a: Iron Thorns|Iron Thorns, L83|302/302\n|-damage|p2a: Iron Thorns|265/302|[from] Stealth Rock\n|-item|p2a: Iron Thorns|Air Balloon\n|turn|16\n|\n|t:|1725089993\n|move|p2a: Iron Thorns|Spikes|p1a: Palossand\n|-sidestart|p1: Qiuescent|Spikes\n|move|p1a: Palossand|Shadow Ball|p2a: Iron Thorns\n|-damage|p2a: Iron Thorns|165/302\n|-enditem|p2a: Iron Thorns|Air Balloon\n|\n|-heal|p1a: Palossand|192/296|[from] item: Leftovers\n|upkeep\n|turn|17\n|\n|t:|1725089996\n|move|p2a: Iron Thorns|Spikes|p1a: Palossand\n|-sidestart|p1: Qiuescent|Spikes\n|move|p1a: Palossand|Shore Up|p1a: Palossand\n|-heal|p1a: Palossand|296/296\n|\n|upkeep\n|turn|18\n|\n|t:|1725090000\n|move|p2a: Iron Thorns|Spikes|p1a: Palossand\n|-sidestart|p1: Qiuescent|Spikes\n|move|p1a: Palossand|Earth Power|p2a: Iron Thorns\n|-supereffective|p2a: Iron Thorns\n|-damage|p2a: Iron Thorns|0 fnt\n|faint|p2a: Iron Thorns\n|-end|p2a: Iron Thorns|Quark Drive|[silent]\n|\n|upkeep\n|\n|t:|1725090003\n|switch|p2a: Leavanny|Leavanny, L87, M|169/272\n|turn|19\n|\n|t:|1725090012\n|-terastallize|p1a: Palossand|Poison\n|move|p2a: Leavanny|Leaf Blade|p1a: Palossand\n|-resisted|p1a: Palossand\n|-damage|p1a: Palossand|254/296\n|move|p1a: Palossand|Shadow Ball|p2a: Leavanny\n|-damage|p2a: Leavanny|69/272\n|-unboost|p2a: Leavanny|spd|1\n|\n|-heal|p1a: Palossand|272/296|[from] item: Leftovers\n|upkeep\n|turn|20\n|\n|t:|1725090021\n|move|p2a: Leavanny|Knock Off|p1a: Palossand\n|-damage|p1a: Palossand|210/296\n|-enditem|p1a: Palossand|Leftovers|[from] move: Knock Off|[of] p2a: Leavanny\n|move|p1a: Palossand|Shadow Ball|p2a: Leavanny\n|-damage|p2a: Leavanny|0 fnt\n|faint|p2a: Leavanny\n|\n|upkeep\n|\n|t:|1725090025\n|switch|p2a: Wigglytuff|Wigglytuff, L96, M|424/424\n|-damage|p2a: Wigglytuff|371/424|[from] Stealth Rock\n|-status|p2a: Wigglytuff|tox\n|turn|21\n|\n|t:|1725090033\n|move|p2a: Wigglytuff|Thunder Wave|p1a: Palossand|[miss]\n|-miss|p2a: Wigglytuff|p1a: Palossand\n|move|p1a: Palossand|Shore Up|p1a: Palossand\n|-heal|p1a: Palossand|296/296\n|\n|-heal|p2a: Wigglytuff|397/424 tox|[from] item: Leftovers\n|-damage|p2a: Wigglytuff|371/424 tox|[from] psn\n|upkeep\n|turn|22\n|\n|t:|1725090037\n|switch|p1a: Groudon|Groudon, L72|263/263\n|-activate|p1a: Groudon|move: Sticky Web\n|-unboost|p1a: Groudon|spe|1\n|-damage|p1a: Groudon|198/263|[from] Spikes\n|-weather|SunnyDay|[from] ability: Drought|[of] p1a: Groudon\n|move|p2a: Wigglytuff|Thunder Wave|p1a: Groudon\n|-immune|p1a: Groudon\n|\n|-weather|SunnyDay|[upkeep]\n|-heal|p2a: Wigglytuff|397/424 tox|[from] item: Leftovers\n|-heal|p1a: Groudon|214/263|[from] item: Leftovers\n|-damage|p2a: Wigglytuff|345/424 tox|[from] psn\n|upkeep\n|turn|23\n|\n|t:|1725090041\n|move|p2a: Wigglytuff|Dazzling Gleam|p1a: Groudon\n|-damage|p1a: Groudon|108/263\n|move|p1a: Groudon|Swords Dance|p1a: Groudon\n|-boost|p1a: Groudon|atk|2\n|\n|-weather|SunnyDay|[upkeep]\n|-heal|p2a: Wigglytuff|371/424 tox|[from] item: Leftovers\n|-heal|p1a: Groudon|124/263|[from] item: Leftovers\n|-damage|p2a: Wigglytuff|293/424 tox|[from] psn\n|upkeep\n|turn|24\n|\n|t:|1725090045\n|move|p2a: Wigglytuff|Dazzling Gleam|p1a: Groudon\n|-damage|p1a: Groudon|12/263\n|move|p1a: Groudon|Precipice Blades|p2a: Wigglytuff|[miss]\n|-miss|p1a: Groudon|p2a: Wigglytuff\n|\n|-weather|SunnyDay|[upkeep]\n|-heal|p2a: Wigglytuff|319/424 tox|[from] item: Leftovers\n|-heal|p1a: Groudon|28/263|[from] item: Leftovers\n|-damage|p2a: Wigglytuff|215/424 tox|[from] psn\n|upkeep\n|turn|25\n|\n|t:|1725090049\n|move|p2a: Wigglytuff|Dazzling Gleam|p1a: Groudon\n|-damage|p1a: Groudon|0 fnt\n|faint|p1a: Groudon\n|\n|-weather|SunnyDay|[upkeep]\n|-heal|p2a: Wigglytuff|241/424 tox|[from] item: Leftovers\n|-damage|p2a: Wigglytuff|111/424 tox|[from] psn\n|upkeep\n|\n|t:|1725090051\n|switch|p1a: Volcanion|Volcanion, L79|231/255\n|-activate|p1a: Volcanion|move: Sticky Web\n|-unboost|p1a: Volcanion|spe|1\n|-damage|p1a: Volcanion|168/255|[from] Spikes\n|turn|26\n|\n|t:|1725090054\n|move|p1a: Volcanion|Flamethrower|p2a: Wigglytuff\n|-damage|p2a: Wigglytuff|0 fnt\n|faint|p2a: Wigglytuff\n|\n|-weather|none\n|upkeep\n|\n|t:|1725090057\n|switch|p2a: Emboar|Emboar, L84, F|322/322\n|-damage|p2a: Emboar|282/322|[from] Stealth Rock\n|-status|p2a: Emboar|tox\n|turn|27\n|\n|t:|1725090063\n|move|p2a: Emboar|Wild Charge|p1a: Volcanion\n|-supereffective|p1a: Volcanion\n|-damage|p1a: Volcanion|20/255\n|-damage|p2a: Emboar|245/322 tox|[from] Recoil\n|move|p1a: Volcanion|Flamethrower|p2a: Emboar\n|-resisted|p2a: Emboar\n|-damage|p2a: Emboar|197/322 tox\n|\n|-damage|p2a: Emboar|177/322 tox|[from] psn\n|upkeep\n|turn|28\n|-message|Fillo_VCG forfeited.\n|\n|win|Qiuescent\n|raw|Qiuescent's rating: 2258 &rarr; <strong>2277</strong><br />(+19 for winning)\n|raw|Fillo_VCG's rating: 2249 &rarr; <strong>2230</strong><br />(-19 for losing)\n|l|\u2606Fillo_VCG\n|player|p2|\n", "inputlog": ">version b487ee646cb6fecaf610a76141b0ec5b10a125c1\n>start {\"formatid\":\"gen9randombattle\",\"seed\":[61845,57428,61636,5184],\"rated\":\"Rated battle\"}\n>player p1 {\"name\":\"Qiuescent\",\"avatar\":\"266\",\"rating\":2258,\"seed\":[34710,8618,60098,27980]}\n>player p2 {\"name\":\"Fillo_VCG\",\"avatar\":\"bruno\",\"rating\":2249,\"seed\":[41846,26156,30300,8932]}\n>p1 move stealthrock\n>p2 move substitute\n>p1 switch 4\n>p2 move protect\n>p1 move tripleaxel\n>p2 move protect\n>p1 move tripleaxel\n>p2 move substitute\n>p1 switch 5\n>p2 move protect\n>p1 move toxicspikes\n>p2 move bodyslam\n>p1 move toxicspikes\n>p2 move bodyslam\n>p1 switch 5\n>p2 move knockoff\n>p1 move destinybond\n>p2 move knockoff\n>p1 switch 6\n>p2 switch 6\n>p1 switch 4\n>p2 move stickyweb\n>p1 move shadowball\n>p2 move leafblade\n>p1 switch 2\n>p2 move leafblade\n>p1 move flamethrower\n>p2 switch 5\n>p1 move flamethrower\n>p2 move surf\n>p1 switch 2\n>p2 move nuzzle\n>p2 switch 4\n>p1 move shadowball\n>p2 move spikes\n>p1 move shoreup\n>p2 move spikes\n>p1 move earthpower\n>p2 move spikes\n>p2 switch 5\n>p1 move shadowball terastallize\n>p2 move leafblade\n>p1 move shadowball\n>p2 move knockoff\n>p2 switch 2\n>p1 move shoreup\n>p2 move thunderwave\n>p1 switch 3\n>p2 move thunderwave\n>p1 move swordsdance\n>p2 move dazzlinggleam\n>p1 move precipiceblades\n>p2 move dazzlinggleam\n>p1 move precipiceblades\n>p2 move dazzlinggleam\n>p1 switch 2\n>p1 move flamethrower\n>p2 move thunderwave\n>p2 switch 3\n>p1 move flamethrower\n>p2 move wildcharge\n>forcelose p2", "uploadtime": 1725090070, "views": 103, "formatid": "gen9randombattle", "rating": 2230, "private": 0, "password": null}