{"id": "gen9randombattle-2165410352", "format": "[Gen 9] Random Battle", "players": ["gta44", "Qiuescent"], "log": "|badge|p2|bronze|gen9randombattle|100-2\n|uhtml|medal-msg|<div class=\"broadcast-blue\">Curious what those medals under the avatar are? PS now has Ladder Seasons! For more information, check out the <a href=\"https://www.smogon.com/forums/threads/3740067/\">thread on Smogon.</a></div>\n|j|\u203dgta44\n|j|\u203dQiuescent\n|t:|1721661953\n|gametype|singles\n|player|p1|gta44|1|2232\n|player|p2|Qiuescent|102|2320\n|teamsize|p1|6\n|teamsize|p2|6\n|gen|9\n|tier|[Gen 9] Random Battle\n|rated|\n|rule|Species Clause: Limit one of each Pok\u00e9mon\n|rule|HP Percentage Mod: HP is shown in percentages\n|rule|Sleep Clause Mod: Limit one foe put to sleep\n|rule|Illusion Level Mod: Illusion disguises the Pok\u00e9mon's true level\n|\n|t:|1721661953\n|start\n|switch|p1a: Gastrodon|Gastrodon, L86, F|331/331\n|switch|p2a: Forretress|Forretress, L84, F|263/263\n|turn|1\n|inactive|Battle timer is ON: inactive players will automatically lose when time's up. (requested by gta44)\n|\n|t:|1721661970\n|move|p1a: Gastrodon|Stealth Rock|p2a: Forretress\n|-sidestart|p2: Qiuescent|move: Stealth Rock\n|move|p2a: Forretress|Spikes|p1a: Gastrodon\n|-sidestart|p1: gta44|Spikes\n|\n|upkeep\n|turn|2\n|\n|t:|1721661976\n|switch|p1a: Scovillain|Scovillain, L91, M|266/266\n|-damage|p1a: Scovillain|233/266|[from] Spikes\n|move|p2a: Forretress|Rapid Spin|p1a: Scovillain\n|-damage|p1a: Scovillain|194/266\n|-boost|p2a: Forretress|spe|1\n|-sideend|p2: Qiuescent|Stealth Rock|[from] move: Rapid Spin|[of] p2a: Forretress\n|\n|-heal|p1a: Scovillain|210/266|[from] item: Leftovers\n|upkeep\n|turn|3\n|\n|t:|1721661985\n|switch|p2a: Palafin|Palafin, L77, F|281/281\n|move|p1a: Scovillain|Substitute|p1a: Scovillain\n|-start|p1a: Scovillain|Substitute\n|-damage|p1a: Scovillain|144/266\n|\n|-heal|p1a: Scovillain|160/266|[from] item: Leftovers\n|upkeep\n|turn|4\n|\n|t:|1721661991\n|move|p1a: Scovillain|Protect|p1a: Scovillain\n|-singleturn|p1a: Scovillain|Protect\n|move|p2a: Palafin|Flip Turn|p1a: Scovillain\n|-activate|p1a: Scovillain|move: Protect\n|\n|-heal|p1a: Scovillain|176/266|[from] item: Leftovers\n|upkeep\n|turn|5\n|\n|t:|1721662001\n|move|p2a: Palafin|Flip Turn|p1a: Scovillain\n|-end|p1a: Scovillain|Substitute\n|\n|t:|1721662003\n|detailschange|p2a: Palafin|Palafin-Hero, L77, F\n|switch|p2a: Kilowattrel|Kilowattrel, L83, F|252/252|[from] Flip Turn\n|move|p1a: Scovillain|Substitute|p1a: Scovillain\n|-start|p1a: Scovillain|Substitute\n|-damage|p1a: Scovillain|110/266\n|\n|-heal|p1a: Scovillain|126/266|[from] item: Leftovers\n|upkeep\n|turn|6\n|\n|t:|1721662015\n|move|p1a: Scovillain|Protect|p1a: Scovillain\n|-singleturn|p1a: Scovillain|Protect\n|move|p2a: Kilowattrel|Hurricane|p1a: Scovillain\n|-activate|p1a: Scovillain|move: Protect\n|\n|-heal|p1a: Scovillain|142/266|[from] item: Leftovers\n|upkeep\n|turn|7\n|\n|t:|1721662028\n|move|p2a: Kilowattrel|Hurricane|p1a: Scovillain\n|-supereffective|p1a: Scovillain\n|-end|p1a: Scovillain|Substitute\n|move|p1a: Scovillain|Leech Seed|p2a: Kilowattrel\n|-start|p2a: Kilowattrel|move: Leech Seed\n|\n|-heal|p1a: Scovillain|158/266|[from] item: Leftovers\n|-damage|p2a: Kilowattrel|221/252|[from] Leech Seed|[of] p1a: Scovillain\n|-heal|p1a: Scovillain|189/266|[silent]\n|upkeep\n|turn|8\n|\n|t:|1721662036\n|move|p1a: Scovillain|Protect|p1a: Scovillain\n|-singleturn|p1a: Scovillain|Protect\n|move|p2a: Kilowattrel|Hurricane|p1a: Scovillain\n|-activate|p1a: Scovillain|move: Protect\n|\n|-heal|p1a: Scovillain|205/266|[from] item: Leftovers\n|-damage|p2a: Kilowattrel|190/252|[from] Leech Seed|[of] p1a: Scovillain\n|-heal|p1a: Scovillain|236/266|[silent]\n|upkeep\n|turn|9\n|\n|t:|1721662046\n|switch|p1a: Registeel|Registeel, L82|265/265\n|-damage|p1a: Registeel|232/265|[from] Spikes\n|move|p2a: Kilowattrel|U-turn|p1a: Registeel\n|-resisted|p1a: Registeel\n|-damage|p1a: Registeel|219/265\n|\n|t:|1721662058\n|switch|p2a: Palafin|Palafin-Hero, L77, F|281/281|[from] U-turn\n|-activate|p2a: Palafin|ability: Zero to Hero\n|\n|upkeep\n|turn|10\n|\n|t:|1721662068\n|move|p2a: Palafin|Close Combat|p1a: Registeel\n|-supereffective|p1a: Registeel\n|-damage|p1a: Registeel|0 fnt\n|-unboost|p2a: Palafin|def|1\n|-unboost|p2a: Palafin|spd|1\n|faint|p1a: Registeel\n|\n|upkeep\n|\n|t:|1721662084\n|switch|p1a: Tornadus|Tornadus-Therian, L79, M|254/254\n|turn|11\n|\n|t:|1721662090\n|switch|p2a: Forretress|Forretress, L84, F|263/263\n|move|p1a: Tornadus|Knock Off|p2a: Forretress\n|-damage|p2a: Forretress|216/263\n|-enditem|p2a: Forretress|Leftovers|[from] move: Knock Off|[of] p1a: Tornadus\n|\n|upkeep\n|turn|12\n|\n|t:|1721662093\n|switch|p2a: Kilowattrel|Kilowattrel, L83, F|190/252\n|move|p1a: Tornadus|Heat Wave|p2a: Kilowattrel\n|-damage|p2a: Kilowattrel|110/252\n|\n|upkeep\n|turn|13\n|\n|t:|1721662122\n|switch|p1a: Gastrodon|Gastrodon, L86, F|331/331\n|-damage|p1a: Gastrodon|290/331|[from] Spikes\n|move|p2a: Kilowattrel|Thunder Wave|p1a: Gastrodon\n|-immune|p1a: Gastrodon\n|\n|-heal|p1a: Gastrodon|310/331|[from] item: Leftovers\n|upkeep\n|turn|14\n|\n|t:|1721662130\n|move|p2a: Kilowattrel|U-turn|p1a: Gastrodon\n|-damage|p1a: Gastrodon|264/331\n|\n|t:|1721662132\n|switch|p2a: Forretress|Forretress, L84, F|216/263|[from] U-turn\n|move|p1a: Gastrodon|Earthquake|p2a: Forretress\n|-damage|p2a: Forretress|152/263\n|\n|-heal|p1a: Gastrodon|284/331|[from] item: Leftovers\n|upkeep\n|turn|15\n|\n|t:|1721662136\n|move|p1a: Gastrodon|Surf|p2a: Forretress\n|-damage|p2a: Forretress|23/263\n|move|p2a: Forretress|Spikes|p1a: Gastrodon\n|-sidestart|p1: gta44|Spikes\n|\n|-heal|p1a: Gastrodon|304/331|[from] item: Leftovers\n|upkeep\n|turn|16\n|\n|t:|1721662141\n|move|p1a: Gastrodon|Surf|p2a: Forretress\n|-damage|p2a: Forretress|0 fnt\n|faint|p2a: Forretress\n|\n|-heal|p1a: Gastrodon|324/331|[from] item: Leftovers\n|upkeep\n|\n|t:|1721662148\n|switch|p2a: Basculin|Basculin-Blue-Striped, L86, M|261/261\n|turn|17\n|\n|t:|1721662152\n|move|p2a: Basculin|Double-Edge|p1a: Gastrodon\n|-damage|p1a: Gastrodon|175/331\n|-damage|p2a: Basculin|212/261|[from] Recoil\n|move|p1a: Gastrodon|Recover|p1a: Gastrodon\n|-heal|p1a: Gastrodon|331/331\n|\n|upkeep\n|turn|18\n|\n|t:|1721662159\n|switch|p2a: Scrafty|Scrafty, L84, F|246/246\n|move|p1a: Gastrodon|Stealth Rock|p2a: Scrafty\n|-sidestart|p2: Qiuescent|move: Stealth Rock\n|\n|upkeep\n|turn|19\n|\n|t:|1721662176\n|switch|p1a: Tornadus|Tornadus-Therian, L79, M|254/254\n|move|p2a: Scrafty|Bulk Up|p2a: Scrafty\n|-boost|p2a: Scrafty|atk|1\n|-boost|p2a: Scrafty|def|1\n|\n|upkeep\n|turn|20\n|\n|t:|1721662186\n|-terastallize|p2a: Scrafty|Poison\n|move|p1a: Tornadus|Knock Off|p2a: Scrafty\n|-damage|p2a: Scrafty|212/246\n|-enditem|p2a: Scrafty|Leftovers|[from] move: Knock Off|[of] p1a: Tornadus\n|move|p2a: Scrafty|Knock Off|p1a: Tornadus\n|-damage|p1a: Tornadus|94/254\n|-enditem|p1a: Tornadus|Assault Vest|[from] move: Knock Off|[of] p2a: Scrafty\n|\n|upkeep\n|turn|21\n|\n|t:|1721662198\n|move|p1a: Tornadus|U-turn|p2a: Scrafty\n|-resisted|p2a: Scrafty\n|-damage|p2a: Scrafty|200/246\n|\n|t:|1721662201\n|switch|p1a: Overqwil|Overqwil, L82, F|274/274|[from] U-turn\n|-damage|p1a: Overqwil|229/274|[from] Spikes\n|-ability|p1a: Overqwil|Intimidate|boost\n|-unboost|p2a: Scrafty|atk|1\n|move|p2a: Scrafty|Knock Off|p1a: Overqwil\n|-resisted|p1a: Overqwil\n|-damage|p1a: Overqwil|181/274\n|-enditem|p1a: Overqwil|Choice Band|[from] move: Knock Off|[of] p2a: Scrafty\n|\n|upkeep\n|turn|22\n|\n|t:|1721662206\n|move|p1a: Overqwil|Crunch|p2a: Scrafty\n|-damage|p2a: Scrafty|149/246\n|-unboost|p2a: Scrafty|def|1\n|move|p2a: Scrafty|Bulk Up|p2a: Scrafty\n|-boost|p2a: Scrafty|atk|1\n|-boost|p2a: Scrafty|def|1\n|\n|upkeep\n|turn|23\n|\n|t:|1721662216\n|move|p1a: Overqwil|Crunch|p2a: Scrafty\n|-damage|p2a: Scrafty|97/246\n|move|p2a: Scrafty|Drain Punch|p1a: Overqwil\n|-damage|p1a: Overqwil|64/274\n|-heal|p2a: Scrafty|156/246|[from] drain|[of] p1a: Overqwil\n|\n|upkeep\n|turn|24\n|\n|t:|1721662222\n|move|p1a: Overqwil|Crunch|p2a: Scrafty\n|-damage|p2a: Scrafty|102/246\n|move|p2a: Scrafty|Drain Punch|p1a: Overqwil\n|-damage|p1a: Overqwil|0 fnt\n|-heal|p2a: Scrafty|134/246|[from] drain|[of] p1a: Overqwil\n|faint|p1a: Overqwil\n|\n|upkeep\n|\n|t:|1721662228\n|switch|p1a: Scovillain|Scovillain, L91, M|236/266\n|-damage|p1a: Scovillain|192/266|[from] Spikes\n|turn|25\n|\n|t:|1721662235\n|-terastallize|p1a: Scovillain|Steel\n|move|p1a: Scovillain|Substitute|p1a: Scovillain\n|-start|p1a: Scovillain|Substitute\n|-damage|p1a: Scovillain|126/266\n|move|p2a: Scrafty|Drain Punch|p1a: Scovillain\n|-supereffective|p1a: Scovillain\n|-end|p1a: Scovillain|Substitute\n|-heal|p2a: Scrafty|167/246|[from] drain|[of] p1a: Scovillain\n|\n|-heal|p1a: Scovillain|142/266|[from] item: Leftovers\n|upkeep\n|turn|26\n|\n|t:|1721662246\n|move|p1a: Scovillain|Substitute|p1a: Scovillain\n|-start|p1a: Scovillain|Substitute\n|-damage|p1a: Scovillain|76/266\n|move|p2a: Scrafty|Drain Punch|p1a: Scovillain\n|-supereffective|p1a: Scovillain\n|-end|p1a: Scovillain|Substitute\n|-heal|p2a: Scrafty|200/246|[from] drain|[of] p1a: Scovillain\n|\n|-heal|p1a: Scovillain|92/266|[from] item: Leftovers\n|upkeep\n|turn|27\n|\n|t:|1721662252\n|move|p1a: Scovillain|Substitute|p1a: Scovillain\n|-start|p1a: Scovillain|Substitute\n|-damage|p1a: Scovillain|26/266\n|move|p2a: Scrafty|Drain Punch|p1a: Scovillain\n|-supereffective|p1a: Scovillain\n|-end|p1a: Scovillain|Substitute\n|-heal|p2a: Scrafty|233/246|[from] drain|[of] p1a: Scovillain\n|\n|-heal|p1a: Scovillain|42/266|[from] item: Leftovers\n|upkeep\n|turn|28\n|\n|t:|1721662260\n|move|p1a: Scovillain|Flamethrower|p2a: Scrafty\n|-damage|p2a: Scrafty|125/246\n|move|p2a: Scrafty|Knock Off|p1a: Scovillain\n|-damage|p1a: Scovillain|0 fnt\n|-enditem|p1a: Scovillain|Leftovers|[from] move: Knock Off|[of] p2a: Scrafty\n|faint|p1a: Scovillain\n|\n|upkeep\n|\n|t:|1721662267\n|switch|p1a: Tornadus|Tornadus-Therian, L79, M|178/254\n|turn|29\n|\n|t:|1721662270\n|move|p1a: Tornadus|Bleakwind Storm|p2a: Scrafty|[miss]\n|-miss|p1a: Tornadus|p2a: Scrafty\n|move|p2a: Scrafty|Knock Off|p1a: Tornadus\n|-damage|p1a: Tornadus|73/254\n|\n|upkeep\n|turn|30\n|-message|gta44 forfeited.\n|\n|win|Qiuescent\n|raw|gta44's rating: 2232 &rarr; <strong>2217</strong><br />(-15 for losing)\n|raw|Qiuescent's rating: 2320 &rarr; <strong>2335</strong><br />(+15 for winning)\n|l|\u203dgta44\n|player|p1|\n", "inputlog": ">version 40a00717927414d2de8ab728c68cc0cdfbe4c28f\n>start {\"formatid\":\"gen9randombattle\",\"seed\":[14676,33535,62408,64884],\"rated\":\"Rated battle\"}\n>player p1 {\"name\":\"gta44\",\"avatar\":\"1\",\"rating\":2232,\"seed\":[13699,849,40203,53928]}\n>player p2 {\"name\":\"Qiuescent\",\"avatar\":\"102\",\"rating\":2320,\"seed\":[23564,44765,2784,51258]}\n>p1 move stealthrock\n>p2 move spikes\n>p1 switch 6\n>p2 move rapidspin\n>p1 move substitute\n>p2 switch 5\n>p1 move protect\n>p2 move flipturn\n>p1 move substitute\n>p2 move flipturn\n>p2 switch 6\n>p1 move protect\n>p2 move hurricane\n>p1 move leechseed\n>p2 move hurricane\n>p1 move protect\n>p2 move hurricane\n>p1 switch 5\n>p2 move uturn\n>p2 switch 6\n>p1 move irondefense\n>p2 move closecombat\n>p1 switch 2\n>p1 move knockoff\n>p2 switch 5\n>p1 move heatwave\n>p2 switch 6\n>p1 switch 6\n>p2 move thunderwave\n>p1 move earthquake\n>p2 move uturn\n>p2 switch 6\n>p1 move surf\n>p2 move spikes\n>p1 move surf\n>p2 move rapidspin\n>p2 switch 3\n>p1 move recover\n>p2 move doubleedge\n>p1 move stealthrock\n>p2 switch 2\n>p1 switch 6\n>p2 move bulkup\n>p1 move knockoff\n>p2 move knockoff terastallize\n>p1 move uturn\n>p2 move knockoff\n>p1 switch 3\n>p1 move crunch\n>p2 move bulkup\n>p1 move crunch\n>p2 move drainpunch\n>p1 move crunch\n>p2 move drainpunch\n>p1 switch 5\n>p1 move substitute terastallize\n>p2 move drainpunch\n>p1 move substitute\n>p2 move drainpunch\n>p1 move substitute\n>p2 move drainpunch\n>p1 move flamethrower\n>p2 move knockoff\n>p1 switch 3\n>p1 move bleakwindstorm\n>p2 move knockoff\n>forcelose p1", "uploadtime": 1721662275, "views": 157, "formatid": "gen9randombattle", "rating": 2217, "private": 0, "password": null}