{"id": "gen9randombattle-2168464297", "format": "[Gen 9] Random Battle", "players": ["xxzfn", "Qiuescent"], "log": "|j|\u2606xxzfn\n|j|\u203dQiuescent\n|t:|1722099997\n|gametype|singles\n|player|p1|xxzfn|101|2320\n|player|p2|Qiuescent|1|2260\n|teamsize|p1|6\n|teamsize|p2|6\n|gen|9\n|tier|[Gen 9] Random Battle\n|rated|\n|rule|Species Clause: Limit one of each Pok\u00e9mon\n|rule|HP Percentage Mod: HP is shown in percentages\n|rule|Sleep Clause Mod: Limit one foe put to sleep\n|rule|Illusion Level Mod: Illusion disguises the Pok\u00e9mon's true level\n|\n|t:|1722099997\n|start\n|switch|p1a: Cobalion|Cobalion, L80|277/277\n|switch|p2a: Probopass|Probopass, L92, F|260/260\n|turn|1\n|inactive|Battle timer is ON: inactive players will automatically lose when time's up. (requested by xxzfn)\n|\n|t:|1722100005\n|move|p1a: Cobalion|Iron Defense|p1a: Cobalion\n|-boost|p1a: Cobalion|def|2\n|move|p2a: Probopass|Thunder Wave|p1a: Cobalion\n|-status|p1a: Cobalion|par\n|\n|upkeep\n|turn|2\n|\n|t:|1722100008\n|switch|p2a: Gothitelle|Gothitelle, L90, M|272/272\n|move|p1a: Cobalion|Body Press|p2a: Gothitelle\n|-resisted|p2a: Gothitelle\n|-damage|p2a: Gothitelle|192/272\n|\n|upkeep\n|turn|3\n|\n|t:|1722100013\n|move|p2a: Gothitelle|Psychic|p1a: Cobalion\n|-damage|p1a: Cobalion|148/277 par\n|cant|p1a: Cobalion|par\n|\n|-heal|p1a: Cobalion|165/277 par|[from] item: Leftovers\n|upkeep\n|turn|4\n|\n|t:|1722100017\n|move|p2a: Gothitelle|Psychic|p1a: Cobalion\n|-damage|p1a: Cobalion|29/277 par\n|move|p1a: Cobalion|Iron Head|p2a: Gothitelle\n|-damage|p2a: Gothitelle|123/272\n|\n|-heal|p1a: Cobalion|46/277 par|[from] item: Leftovers\n|upkeep\n|turn|5\n|\n|t:|1722100020\n|move|p2a: Gothitelle|Psychic|p1a: Cobalion\n|-damage|p1a: Cobalion|0 fnt\n|faint|p1a: Cobalion\n|\n|upkeep\n|\n|t:|1722100023\n|switch|p1a: Veluza|Veluza, L85, M|292/292\n|turn|6\n|\n|t:|1722100027\n|move|p2a: Gothitelle|Psychic|p1a: Veluza\n|-resisted|p1a: Veluza\n|-damage|p1a: Veluza|225/292\n|move|p1a: Veluza|Flip Turn|p2a: Gothitelle\n|-damage|p2a: Gothitelle|62/272\n|\n|t:|1722100032\n|switch|p1a: Tropius|Tropius, L91, M|328/328|[from] Flip Turn\n|\n|upkeep\n|turn|7\n|\n|t:|1722100040\n|switch|p2a: Oricorio|Oricorio, L84, F|263/263\n|move|p1a: Tropius|Leech Seed|p2a: Oricorio|[miss]\n|-miss|p1a: Tropius|p2a: Oricorio\n|\n|upkeep\n|turn|8\n|\n|t:|1722100045\n|switch|p1a: Veluza|Veluza, L85, M|225/292\n|move|p2a: Oricorio|Quiver Dance|p2a: Oricorio\n|-boost|p2a: Oricorio|spa|1\n|-boost|p2a: Oricorio|spd|1\n|-boost|p2a: Oricorio|spe|1\n|\n|upkeep\n|turn|9\n|\n|t:|1722100049\n|switch|p2a: Gastrodon|Gastrodon, L86, M|331/331\n|move|p1a: Veluza|Aqua Cutter|p2a: Gastrodon\n|-ability|p2a: Gastrodon|Storm Drain|boost\n|-boost|p2a: Gastrodon|spa|1\n|\n|upkeep\n|turn|10\n|\n|t:|1722100054\n|switch|p1a: Tropius|Tropius, L91, M|328/328\n|move|p2a: Gastrodon|Stealth Rock|p1a: Tropius\n|-sidestart|p1: xxzfn|move: Stealth Rock\n|\n|upkeep\n|turn|11\n|\n|t:|1722100058\n|switch|p2a: Oricorio|Oricorio, L84, F|263/263\n|move|p1a: Tropius|Leech Seed|p2a: Oricorio\n|-start|p2a: Oricorio|move: Leech Seed\n|\n|-damage|p2a: Oricorio|231/263|[from] Leech Seed|[of] p1a: Tropius\n|upkeep\n|turn|12\n|\n|t:|1722100061\n|switch|p1a: Veluza|Veluza, L85, M|225/292\n|-damage|p1a: Veluza|189/292|[from] Stealth Rock\n|move|p2a: Oricorio|Quiver Dance|p2a: Oricorio\n|-boost|p2a: Oricorio|spa|1\n|-boost|p2a: Oricorio|spd|1\n|-boost|p2a: Oricorio|spe|1\n|\n|-damage|p2a: Oricorio|199/263|[from] Leech Seed|[of] p1a: Veluza\n|-heal|p1a: Veluza|221/292|[silent]\n|upkeep\n|turn|13\n|\n|t:|1722100072\n|switch|p2a: Probopass|Probopass, L92, F|260/260\n|move|p1a: Veluza|Psycho Cut|p2a: Probopass\n|-resisted|p2a: Probopass\n|-damage|p2a: Probopass|223/260\n|\n|-heal|p2a: Probopass|239/260|[from] item: Leftovers\n|upkeep\n|turn|14\n|\n|t:|1722100076\n|switch|p1a: Politoed|Politoed, L88, M|302/302\n|-damage|p1a: Politoed|265/302|[from] Stealth Rock\n|-weather|RainDance|[from] ability: Drizzle|[of] p1a: Politoed\n|move|p2a: Probopass|Thunder Wave|p1a: Politoed\n|-status|p1a: Politoed|par\n|\n|-weather|RainDance|[upkeep]\n|-heal|p2a: Probopass|255/260|[from] item: Leftovers\n|-heal|p1a: Politoed|283/302 par|[from] item: Leftovers\n|upkeep\n|turn|15\n|\n|t:|1722100079\n|switch|p2a: Victreebel|Victreebel, L90, F|290/290\n|cant|p1a: Politoed|par\n|\n|-weather|RainDance|[upkeep]\n|-heal|p1a: Politoed|301/302 par|[from] item: Leftovers\n|upkeep\n|turn|16\n|\n|t:|1722100083\n|move|p2a: Victreebel|Power Whip|p1a: Politoed\n|-supereffective|p1a: Politoed\n|-damage|p1a: Politoed|0 fnt\n|faint|p1a: Politoed\n|-damage|p2a: Victreebel|261/290|[from] item: Life Orb\n|\n|-weather|RainDance|[upkeep]\n|upkeep\n|\n|t:|1722100088\n|switch|p1a: Cetitan|Cetitan, L82, M|412/412\n|-damage|p1a: Cetitan|309/412|[from] Stealth Rock\n|turn|17\n|\n|t:|1722100093\n|move|p2a: Victreebel|Power Whip|p1a: Cetitan\n|-damage|p1a: Cetitan|63/412\n|-enditem|p1a: Cetitan|Sitrus Berry|[eat]\n|-heal|p1a: Cetitan|166/412|[from] item: Sitrus Berry\n|-damage|p2a: Victreebel|232/290|[from] item: Life Orb\n|move|p1a: Cetitan|Belly Drum||[still]\n|-fail|p1a: Cetitan\n|\n|-weather|RainDance|[upkeep]\n|upkeep\n|turn|18\n|\n|t:|1722100101\n|move|p1a: Cetitan|Ice Shard|p2a: Victreebel\n|-supereffective|p2a: Victreebel\n|-damage|p2a: Victreebel|116/290\n|move|p2a: Victreebel|Sludge Wave|p1a: Cetitan\n|-damage|p1a: Cetitan|0 fnt\n|faint|p1a: Cetitan\n|-damage|p2a: Victreebel|87/290|[from] item: Life Orb\n|\n|-weather|none\n|upkeep\n|\n|t:|1722100107\n|switch|p1a: Annihilape|Annihilape, L76, M|292/292\n|-damage|p1a: Annihilape|274/292|[from] Stealth Rock\n|turn|19\n|\n|t:|1722100111\n|move|p1a: Annihilape|Bulk Up|p1a: Annihilape\n|-boost|p1a: Annihilape|atk|1\n|-boost|p1a: Annihilape|def|1\n|move|p2a: Victreebel|Sludge Wave|p1a: Annihilape\n|-resisted|p1a: Annihilape\n|-damage|p1a: Annihilape|197/292\n|-damage|p2a: Victreebel|58/290|[from] item: Life Orb\n|\n|-heal|p1a: Annihilape|215/292|[from] item: Leftovers\n|upkeep\n|turn|20\n|\n|t:|1722100116\n|move|p1a: Annihilape|Drain Punch|p2a: Victreebel\n|-resisted|p2a: Victreebel\n|-damage|p2a: Victreebel|0 fnt\n|-heal|p1a: Annihilape|244/292|[from] drain|[of] p2a: Victreebel\n|faint|p2a: Victreebel\n|\n|-heal|p1a: Annihilape|262/292|[from] item: Leftovers\n|upkeep\n|\n|t:|1722100117\n|switch|p2a: Gothitelle|Gothitelle, L90, M|62/272\n|turn|21\n|\n|t:|1722100122\n|switch|p1a: Veluza|Veluza, L85, M|221/292\n|-damage|p1a: Veluza|185/292|[from] Stealth Rock\n|move|p2a: Gothitelle|Trick|p1a: Veluza\n|-activate|p2a: Gothitelle|move: Trick|[of] p1a: Veluza\n|-item|p1a: Veluza|Choice Scarf|[from] move: Trick\n|-item|p2a: Gothitelle|Choice Scarf|[from] move: Trick\n|\n|upkeep\n|turn|22\n|\n|t:|1722100132\n|switch|p2a: Gastrodon|Gastrodon, L86, M|331/331\n|move|p1a: Veluza|Night Slash|p2a: Gastrodon\n|-damage|p2a: Gastrodon|241/331\n|\n|-heal|p2a: Gastrodon|261/331|[from] item: Leftovers\n|upkeep\n|turn|23\n|\n|t:|1722100141\n|switch|p1a: Tropius|Tropius, L91, M|328/328\n|-damage|p1a: Tropius|246/328|[from] Stealth Rock\n|switch|p2a: Oricorio|Oricorio, L84, F|199/263\n|\n|upkeep\n|turn|24\n|\n|t:|1722100145\n|move|p2a: Oricorio|Quiver Dance|p2a: Oricorio\n|-boost|p2a: Oricorio|spa|1\n|-boost|p2a: Oricorio|spd|1\n|-boost|p2a: Oricorio|spe|1\n|move|p1a: Tropius|Leech Seed|p2a: Oricorio\n|-start|p2a: Oricorio|move: Leech Seed\n|\n|-damage|p2a: Oricorio|167/263|[from] Leech Seed|[of] p1a: Tropius\n|-heal|p1a: Tropius|278/328|[silent]\n|upkeep\n|turn|25\n|\n|t:|1722100148\n|switch|p1a: Veluza|Veluza, L85, M|185/292\n|-damage|p1a: Veluza|149/292|[from] Stealth Rock\n|move|p2a: Oricorio|Hurricane|p1a: Veluza|[miss]\n|-miss|p2a: Oricorio|p1a: Veluza\n|\n|-damage|p2a: Oricorio|135/263|[from] Leech Seed|[of] p1a: Veluza\n|-heal|p1a: Veluza|181/292|[silent]\n|upkeep\n|turn|26\n|\n|t:|1722100158\n|move|p2a: Oricorio|Hurricane|p1a: Veluza|[miss]\n|-miss|p2a: Oricorio|p1a: Veluza\n|move|p1a: Veluza|Psycho Cut|p2a: Oricorio\n|-damage|p2a: Oricorio|0 fnt\n|faint|p2a: Oricorio\n|\n|upkeep\n|\n|t:|1722100164\n|switch|p2a: Gothitelle|Gothitelle, L90, M|62/272\n|turn|27\n|\n|t:|1722100167\n|move|p1a: Veluza|Psycho Cut|p2a: Gothitelle\n|-resisted|p2a: Gothitelle\n|-crit|p2a: Gothitelle\n|-damage|p2a: Gothitelle|0 fnt\n|faint|p2a: Gothitelle\n|\n|upkeep\n|\n|t:|1722100175\n|switch|p2a: Diancie|Diancie, L82|216/216\n|turn|28\n|\n|t:|1722100178\n|switch|p1a: Tropius|Tropius, L91, M|278/328\n|-damage|p1a: Tropius|196/328|[from] Stealth Rock\n|move|p2a: Diancie|Diamond Storm|p1a: Tropius\n|-supereffective|p1a: Tropius\n|-damage|p1a: Tropius|0 fnt\n|-boost|p2a: Diancie|def|2\n|faint|p1a: Tropius\n|\n|upkeep\n|\n|t:|1722100182\n|switch|p1a: Veluza|Veluza, L85, M|181/292\n|-damage|p1a: Veluza|145/292|[from] Stealth Rock\n|turn|29\n|\n|t:|1722100184\n|-terastallize|p2a: Diancie|Fairy\n|move|p1a: Veluza|Aqua Cutter|p2a: Diancie\n|-damage|p2a: Diancie|173/216\n|move|p2a: Diancie|Calm Mind|p2a: Diancie\n|-boost|p2a: Diancie|spa|1\n|-boost|p2a: Diancie|spd|1\n|\n|-heal|p2a: Diancie|186/216|[from] item: Leftovers\n|upkeep\n|turn|30\n|\n|t:|1722100188\n|move|p1a: Veluza|Aqua Cutter|p2a: Diancie\n|-damage|p2a: Diancie|143/216\n|move|p2a: Diancie|Calm Mind|p2a: Diancie\n|-boost|p2a: Diancie|spa|1\n|-boost|p2a: Diancie|spd|1\n|\n|-heal|p2a: Diancie|156/216|[from] item: Leftovers\n|upkeep\n|turn|31\n|\n|t:|1722100191\n|move|p1a: Veluza|Aqua Cutter|p2a: Diancie\n|-damage|p2a: Diancie|116/216\n|move|p2a: Diancie|Draining Kiss|p1a: Veluza\n|-damage|p1a: Veluza|0 fnt\n|-heal|p2a: Diancie|216/216|[from] drain|[of] p1a: Veluza\n|faint|p1a: Veluza\n|\n|upkeep\n|\n|t:|1722100194\n|switch|p1a: Annihilape|Annihilape, L76, M|262/292\n|-damage|p1a: Annihilape|244/292|[from] Stealth Rock\n|turn|32\n|\n|t:|1722100201\n|-terastallize|p1a: Annihilape|Fairy\n|move|p1a: Annihilape|Gunk Shot|p2a: Diancie\n|-supereffective|p2a: Diancie\n|-damage|p2a: Diancie|162/216\n|move|p2a: Diancie|Draining Kiss|p1a: Annihilape\n|-damage|p1a: Annihilape|60/292\n|-heal|p2a: Diancie|216/216|[from] drain|[of] p1a: Annihilape\n|\n|-heal|p1a: Annihilape|78/292|[from] item: Leftovers\n|upkeep\n|turn|33\n|\n|t:|1722100203\n|move|p1a: Annihilape|Gunk Shot|p2a: Diancie\n|-supereffective|p2a: Diancie\n|-damage|p2a: Diancie|162/216\n|-status|p2a: Diancie|psn\n|move|p2a: Diancie|Draining Kiss|p1a: Annihilape\n|-damage|p1a: Annihilape|0 fnt\n|-heal|p2a: Diancie|216/216 psn|[from] drain|[of] p1a: Annihilape\n|faint|p1a: Annihilape\n|\n|win|Qiuescent\n|raw|xxzfn's rating: 2320 &rarr; <strong>2297</strong><br />(-23 for losing)\n|raw|Qiuescent's rating: 2260 &rarr; <strong>2283</strong><br />(+23 for winning)\n|l|\u2606xxzfn\n|player|p1|\n", "inputlog": ">version 3c8c0ba6a3441824201ce9f0cf68dcc094963845\n>start {\"formatid\":\"gen9randombattle\",\"seed\":[19128,16611,12322,2485],\"rated\":\"Rated battle\"}\n>player p1 {\"name\":\"xxzfn\",\"avatar\":\"101\",\"rating\":2320,\"seed\":[40393,2649,15956,45695]}\n>player p2 {\"name\":\"Qiuescent\",\"avatar\":\"1\",\"rating\":2260,\"seed\":[11003,40282,2716,36305]}\n>p1 move irondefense\n>p2 move thunderwave\n>p1 move bodypress\n>p2 switch 5\n>p1 move ironhead\n>p2 move psychic\n>p1 move ironhead\n>p2 move psychic\n>p1 move ironhead\n>p2 move psychic\n>p1 switch 6\n>p1 move flipturn\n>p2 move psychic\n>p1 switch 2\n>p1 move leechseed\n>p2 switch 4\n>p1 switch 2\n>p2 move quiverdance\n>p1 move aquacutter\n>p2 switch 6\n>p1 switch 2\n>p2 move stealthrock\n>p1 move leechseed\n>p2 switch 6\n>p1 switch 2\n>p2 move quiverdance\n>p1 move psychocut\n>p2 switch 5\n>p1 switch 5\n>p2 move thunderwave\n>p1 move hypnosis\n>p2 switch 2\n>p1 move hypnosis\n>p2 move powerwhip\n>p1 switch 3\n>p1 move bellydrum\n>p2 move powerwhip\n>p1 move iceshard\n>p2 move sludgewave\n>p1 switch 4\n>p1 move bulkup\n>p2 move sludgewave\n>p1 move drainpunch\n>p2 move sludgewave\n>p2 switch 4\n>p1 switch 5\n>p2 move trick\n>p1 move nightslash\n>p2 switch 6\n>p1 switch 2\n>p2 switch 5\n>p1 move leechseed\n>p2 move quiverdance\n>p1 switch 2\n>p2 move hurricane\n>p1 move psychocut\n>p2 move hurricane\n>p2 switch 6\n>p1 move psychocut\n>p2 move darkpulse\n>p2 switch 3\n>p1 switch 2\n>p2 move diamondstorm\n>p1 switch 2\n>p1 move aquacutter\n>p2 move calmmind terastallize\n>p1 move aquacutter\n>p2 move calmmind\n>p1 move aquacutter\n>p2 move drainingkiss\n>p1 switch 5\n>p1 move gunkshot terastallize\n>p2 move drainingkiss\n>p1 move gunkshot\n>p2 move drainingkiss", "uploadtime": 1722100210, "views": 141, "formatid": "gen9randombattle", "rating": 2283, "private": 0, "password": null}