{"id": "gen9randombattle-2259904224", "format": "[Gen 9] Random Battle", "players": ["leybatman1997", "DigitalVaporeon"], "log": "|j|\u2606leybatman1997\n|j|\u2606DigitalVaporeon\n|t:|1733778370\n|gametype|singles\n|player|p1|leybatman1997|170|1483\n|player|p2|DigitalVaporeon|lady-gen4|1467\n|teamsize|p1|6\n|teamsize|p2|6\n|gen|9\n|tier|[Gen 9] Random Battle\n|rated|\n|rule|Species Clause: Limit one of each Pok\u00e9mon\n|rule|HP Percentage Mod: HP is shown in percentages\n|rule|Sleep Clause Mod: Limit one foe put to sleep\n|rule|Illusion Level Mod: Illusion disguises the Pok\u00e9mon's true level\n|\n|t:|1733778370\n|start\n|switch|p1a: Rayquaza|Rayquaza, L72|270/270\n|switch|p2a: Furret|Furret, L94, M|312/312\n|-item|p1a: Rayquaza|Loaded Dice|[from] ability: Frisk|[of] p2a: Furret\n|-ability|p1a: Rayquaza|Air Lock\n|turn|1\n|inactive|Battle timer is ON: inactive players will automatically lose when time's up. (requested by leybatman1997)\n|\n|t:|1733778382\n|move|p2a: Furret|Knock Off|p1a: Rayquaza\n|-damage|p1a: Rayquaza|157/270\n|-enditem|p1a: Rayquaza|Loaded Dice|[from] move: Knock Off|[of] p2a: Furret\n|-damage|p2a: Furret|281/312|[from] item: Life Orb\n|move|p1a: Rayquaza|Swords Dance|p1a: Rayquaza\n|-boost|p1a: Rayquaza|atk|2\n|\n|upkeep\n|turn|2\n|\n|t:|1733778388\n|move|p2a: Furret|Double-Edge|p1a: Rayquaza\n|-damage|p1a: Rayquaza|0 fnt\n|faint|p1a: Rayquaza\n|-damage|p2a: Furret|229/312|[from] Recoil\n|-damage|p2a: Furret|198/312|[from] item: Life Orb\n|\n|upkeep\n|\n|t:|1733778404\n|switch|p1a: Persian|Persian-Alola, L86, F|252/252\n|turn|3\n|\n|t:|1733778423\n|move|p1a: Persian|Knock Off|p2a: Furret\n|-crit|p2a: Furret\n|-damage|p2a: Furret|57/312\n|-enditem|p2a: Furret|Life Orb|[from] move: Knock Off|[of] p1a: Persian\n|move|p2a: Furret|Tidy Up|p2a: Furret\n|-boost|p2a: Furret|atk|1\n|-boost|p2a: Furret|spe|1\n|\n|upkeep\n|turn|4\n|\n|t:|1733778429\n|move|p2a: Furret|Brick Break|p1a: Persian\n|-supereffective|p1a: Persian\n|-damage|p1a: Persian|142/252\n|move|p1a: Persian|Knock Off|p2a: Furret\n|-damage|p2a: Furret|0 fnt\n|faint|p2a: Furret\n|\n|upkeep\n|\n|t:|1733778444\n|switch|p2a: Hitmonlee|Hitmonlee, L85, M|224/224\n|turn|5\n|\n|t:|1733778450\n|switch|p1a: Clefable|Clefable, L83, M|293/293\n|move|p2a: Hitmonlee|Swords Dance|p2a: Hitmonlee\n|-boost|p2a: Hitmonlee|atk|2\n|\n|upkeep\n|turn|6\n|\n|t:|1733778458\n|move|p2a: Hitmonlee|Poison Jab|p1a: Clefable\n|-supereffective|p1a: Clefable\n|-damage|p1a: Clefable|123/293\n|-status|p1a: Clefable|psn\n|move|p1a: Clefable|Moonblast|p2a: Hitmonlee\n|-supereffective|p2a: Hitmonlee\n|-damage|p2a: Hitmonlee|72/224\n|\n|-heal|p1a: Clefable|141/293 psn|[from] item: Leftovers\n|-damage|p1a: Clefable|105/293 psn|[from] psn\n|upkeep\n|turn|7\n|\n|t:|1733778468\n|switch|p1a: Pecharunt|Pecharunt, L77|262/262\n|move|p2a: Hitmonlee|Poison Jab|p1a: Pecharunt\n|-resisted|p1a: Pecharunt\n|-damage|p1a: Pecharunt|237/262\n|\n|-heal|p1a: Pecharunt|253/262|[from] item: Leftovers\n|upkeep\n|turn|8\n|\n|t:|1733778475\n|switch|p1a: Persian|Persian-Alola, L86, F|142/252\n|move|p2a: Hitmonlee|Knock Off|p1a: Persian\n|-resisted|p1a: Persian\n|-damage|p1a: Persian|91/252\n|-enditem|p1a: Persian|Heavy-Duty Boots|[from] move: Knock Off|[of] p2a: Hitmonlee\n|\n|upkeep\n|turn|9\n|\n|t:|1733778504\n|switch|p2a: Quaquaval|Quaquaval, L79, M|264/264\n|move|p1a: Persian|Thunder Wave|p2a: Quaquaval\n|-status|p2a: Quaquaval|par\n|\n|upkeep\n|turn|10\n|\n|t:|1733778516\n|move|p1a: Persian|Parting Shot|p2a: Quaquaval\n|-unboost|p2a: Quaquaval|atk|1\n|-unboost|p2a: Quaquaval|spa|1\n|\n|t:|1733778523\n|switch|p1a: Clefable|Clefable, L83, M|105/293 psn|[from] Parting Shot\n|cant|p2a: Quaquaval|par\n|\n|-heal|p1a: Clefable|123/293 psn|[from] item: Leftovers\n|-damage|p1a: Clefable|87/293 psn|[from] psn\n|upkeep\n|turn|11\n|\n|t:|1733778540\n|switch|p2a: Tentacruel|Tentacruel, L84, M|272/272\n|move|p1a: Clefable|Moonlight|p1a: Clefable\n|-heal|p1a: Clefable|233/293 psn\n|\n|-heal|p1a: Clefable|251/293 psn|[from] item: Leftovers\n|-damage|p1a: Clefable|215/293 psn|[from] psn\n|upkeep\n|turn|12\n|\n|t:|1733778552\n|move|p2a: Tentacruel|Sludge Bomb|p1a: Clefable\n|-supereffective|p1a: Clefable\n|-damage|p1a: Clefable|51/293 psn\n|move|p1a: Clefable|Thunder Wave|p2a: Tentacruel\n|-status|p2a: Tentacruel|par\n|\n|-heal|p1a: Clefable|69/293 psn|[from] item: Leftovers\n|-damage|p1a: Clefable|33/293 psn|[from] psn\n|upkeep\n|turn|13\n|\n|t:|1733778564\n|switch|p1a: Pecharunt|Pecharunt, L77|253/262\n|move|p2a: Tentacruel|Sludge Bomb|p1a: Pecharunt\n|-resisted|p1a: Pecharunt\n|-damage|p1a: Pecharunt|232/262\n|\n|-heal|p1a: Pecharunt|248/262|[from] item: Leftovers\n|upkeep\n|turn|14\n|\n|t:|1733778587\n|move|p1a: Pecharunt|Nasty Plot|p1a: Pecharunt\n|-boost|p1a: Pecharunt|spa|2\n|cant|p2a: Tentacruel|par\n|\n|-heal|p1a: Pecharunt|262/262|[from] item: Leftovers\n|upkeep\n|turn|15\n|\n|t:|1733778592\n|move|p1a: Pecharunt|Shadow Ball|p2a: Tentacruel\n|-damage|p2a: Tentacruel|163/272 par\n|cant|p2a: Tentacruel|par\n|\n|-heal|p2a: Tentacruel|180/272 par|[from] item: Leftovers\n|upkeep\n|turn|16\n|\n|t:|1733778596\n|move|p1a: Pecharunt|Nasty Plot|p1a: Pecharunt\n|-boost|p1a: Pecharunt|spa|2\n|move|p2a: Tentacruel|Haze|p2a: Tentacruel\n|-clearallboost\n|\n|-heal|p2a: Tentacruel|197/272 par|[from] item: Leftovers\n|upkeep\n|turn|17\n|\n|t:|1733778603\n|switch|p2a: Hitmonlee|Hitmonlee, L85, M|72/224\n|move|p1a: Pecharunt|Nasty Plot|p1a: Pecharunt\n|-boost|p1a: Pecharunt|spa|2\n|\n|upkeep\n|turn|18\n|\n|t:|1733778610\n|move|p2a: Hitmonlee|Knock Off|p1a: Pecharunt\n|-supereffective|p1a: Pecharunt\n|-damage|p1a: Pecharunt|152/262\n|-enditem|p1a: Pecharunt|Leftovers|[from] move: Knock Off|[of] p2a: Hitmonlee\n|move|p1a: Pecharunt|Malignant Chain|p2a: Hitmonlee\n|-damage|p2a: Hitmonlee|0 fnt\n|faint|p2a: Hitmonlee\n|\n|upkeep\n|\n|t:|1733778630\n|switch|p2a: Sceptile|Sceptile, L87, F|264/264\n|turn|19\n|\n|t:|1733778639\n|-terastallize|p2a: Sceptile|Steel\n|move|p2a: Sceptile|Earthquake|p1a: Pecharunt\n|-supereffective|p1a: Pecharunt\n|-damage|p1a: Pecharunt|22/262\n|-damage|p2a: Sceptile|238/264|[from] item: Life Orb\n|move|p1a: Pecharunt|Malignant Chain|p2a: Sceptile\n|-immune|p2a: Sceptile\n|\n|upkeep\n|turn|20\n|\n|t:|1733778655\n|move|p2a: Sceptile|Earthquake|p1a: Pecharunt\n|-supereffective|p1a: Pecharunt\n|-damage|p1a: Pecharunt|0 fnt\n|faint|p1a: Pecharunt\n|-damage|p2a: Sceptile|212/264|[from] item: Life Orb\n|\n|upkeep\n|inactive|leybatman1997 has 120 seconds left.\n|\n|t:|1733778675\n|switch|p1a: Rhyperior|Rhyperior, L82, M|323/323\n|turn|21\n|\n|t:|1733778699\n|switch|p2a: Dragapult|Dragapult, L77, M|262/262\n|-terastallize|p1a: Rhyperior|Rock\n|move|p1a: Rhyperior|Earthquake|p2a: Dragapult\n|-damage|p2a: Dragapult|105/262\n|\n|upkeep\n|turn|22\n|\n|t:|1733778708\n|move|p2a: Dragapult|Will-O-Wisp|p1a: Rhyperior\n|-status|p1a: Rhyperior|brn\n|move|p1a: Rhyperior|Rock Polish|p1a: Rhyperior\n|-boost|p1a: Rhyperior|spe|2\n|\n|-damage|p1a: Rhyperior|303/323 brn|[from] brn\n|upkeep\n|turn|23\n|inactive|leybatman1997 has 120 seconds left.\n|\n|t:|1733778748\n|move|p2a: Dragapult|Hex|p1a: Rhyperior\n|-damage|p1a: Rhyperior|134/323 brn\n|move|p1a: Rhyperior|Rock Polish|p1a: Rhyperior\n|-boost|p1a: Rhyperior|spe|2\n|\n|-damage|p1a: Rhyperior|114/323 brn|[from] brn\n|upkeep\n|turn|24\n|\n|t:|1733778755\n|move|p1a: Rhyperior|Ice Punch|p2a: Dragapult\n|-supereffective|p2a: Dragapult\n|-damage|p2a: Dragapult|17/262\n|move|p2a: Dragapult|Hex|p1a: Rhyperior\n|-damage|p1a: Rhyperior|0 fnt\n|faint|p1a: Rhyperior\n|\n|upkeep\n|\n|t:|1733778764\n|switch|p1a: Persian|Persian-Alola, L86, F|91/252\n|turn|25\n|\n|t:|1733778773\n|move|p2a: Dragapult|Will-O-Wisp|p1a: Persian\n|-status|p1a: Persian|brn\n|move|p1a: Persian|Knock Off|p2a: Dragapult\n|-supereffective|p2a: Dragapult\n|-damage|p2a: Dragapult|0 fnt\n|-enditem|p2a: Dragapult|Heavy-Duty Boots|[from] move: Knock Off|[of] p1a: Persian\n|faint|p2a: Dragapult\n|\n|-damage|p1a: Persian|76/252 brn|[from] brn\n|upkeep\n|\n|t:|1733778784\n|switch|p2a: Sceptile|Sceptile, L87, F, tera:Steel|212/264\n|turn|26\n|\n|t:|1733778791\n|move|p2a: Sceptile|Earthquake|p1a: Persian\n|-damage|p1a: Persian|14/252 brn\n|-damage|p2a: Sceptile|186/264|[from] item: Life Orb\n|move|p1a: Persian|Thunder Wave|p2a: Sceptile\n|-status|p2a: Sceptile|par\n|\n|-damage|p1a: Persian|0 fnt|[from] brn\n|faint|p1a: Persian\n|upkeep\n|\n|t:|1733778797\n|switch|p1a: Clefable|Clefable, L83, M|33/293 psn\n|turn|27\n|\n|t:|1733778803\n|move|p1a: Clefable|Moonlight|p1a: Clefable\n|-heal|p1a: Clefable|179/293 psn\n|move|p2a: Sceptile|Earthquake|p1a: Clefable\n|-damage|p1a: Clefable|76/293 psn\n|-damage|p2a: Sceptile|160/264 par|[from] item: Life Orb\n|\n|-heal|p1a: Clefable|94/293 psn|[from] item: Leftovers\n|-damage|p1a: Clefable|58/293 psn|[from] psn\n|upkeep\n|turn|28\n|\n|t:|1733778816\n|move|p1a: Clefable|Fire Blast|p2a: Sceptile\n|-supereffective|p2a: Sceptile\n|-damage|p2a: Sceptile|8/264 par\n|move|p2a: Sceptile|Earthquake|p1a: Clefable\n|-damage|p1a: Clefable|0 fnt\n|faint|p1a: Clefable\n|-damage|p2a: Sceptile|0 fnt|[from] item: Life Orb\n|faint|p2a: Sceptile\n|\n|upkeep\n|\n|t:|1733778826\n|switch|p2a: Tentacruel|Tentacruel, L84, M|197/272 par\n|switch|p1a: Dondozo|Dondozo, L78, M|362/362\n|turn|29\n|\n|t:|1733778851\n|move|p2a: Tentacruel|Sludge Bomb|p1a: Dondozo\n|-damage|p1a: Dondozo|247/362\n|move|p1a: Dondozo|Curse|p1a: Dondozo\n|-unboost|p1a: Dondozo|spe|1\n|-boost|p1a: Dondozo|atk|1\n|-boost|p1a: Dondozo|def|1\n|\n|-heal|p2a: Tentacruel|214/272 par|[from] item: Leftovers\n|-heal|p1a: Dondozo|269/362|[from] item: Leftovers\n|upkeep\n|turn|30\n|\n|t:|1733778856\n|move|p2a: Tentacruel|Haze|p2a: Tentacruel\n|-clearallboost\n|move|p1a: Dondozo|Curse|p1a: Dondozo\n|-unboost|p1a: Dondozo|spe|1\n|-boost|p1a: Dondozo|atk|1\n|-boost|p1a: Dondozo|def|1\n|\n|-heal|p2a: Tentacruel|231/272 par|[from] item: Leftovers\n|-heal|p1a: Dondozo|291/362|[from] item: Leftovers\n|upkeep\n|turn|31\n|\n|t:|1733778866\n|move|p2a: Tentacruel|Sludge Bomb|p1a: Dondozo\n|-damage|p1a: Dondozo|182/362\n|move|p1a: Dondozo|Wave Crash|p2a: Tentacruel\n|-resisted|p2a: Tentacruel\n|-damage|p2a: Tentacruel|124/272 par\n|-damage|p1a: Dondozo|147/362|[from] Recoil\n|\n|-heal|p2a: Tentacruel|141/272 par|[from] item: Leftovers\n|-heal|p1a: Dondozo|169/362|[from] item: Leftovers\n|upkeep\n|turn|32\n|\n|t:|1733778872\n|cant|p2a: Tentacruel|par\n|move|p1a: Dondozo|Rest|p1a: Dondozo\n|-status|p1a: Dondozo|slp|[from] move: Rest\n|-heal|p1a: Dondozo|362/362 slp|[silent]\n|\n|-heal|p2a: Tentacruel|158/272 par|[from] item: Leftovers\n|upkeep\n|turn|33\n|\n|t:|1733778875\n|move|p2a: Tentacruel|Haze|p2a: Tentacruel\n|-clearallboost\n|cant|p1a: Dondozo|slp\n|move|p1a: Dondozo|Sleep Talk|p1a: Dondozo\n|move|p1a: Dondozo|Curse|p1a: Dondozo|[from]move: Sleep Talk\n|-unboost|p1a: Dondozo|spe|1\n|-boost|p1a: Dondozo|atk|1\n|-boost|p1a: Dondozo|def|1\n|\n|-heal|p2a: Tentacruel|175/272 par|[from] item: Leftovers\n|upkeep\n|turn|34\n|\n|t:|1733778883\n|move|p2a: Tentacruel|Haze|p2a: Tentacruel\n|-clearallboost\n|cant|p1a: Dondozo|slp\n|move|p1a: Dondozo|Sleep Talk|p1a: Dondozo\n|move|p1a: Dondozo|Curse|p1a: Dondozo|[from]move: Sleep Talk\n|-unboost|p1a: Dondozo|spe|1\n|-boost|p1a: Dondozo|atk|1\n|-boost|p1a: Dondozo|def|1\n|\n|-heal|p2a: Tentacruel|192/272 par|[from] item: Leftovers\n|upkeep\n|turn|35\n|\n|t:|1733778911\n|move|p2a: Tentacruel|Haze|p2a: Tentacruel\n|-clearallboost\n|-curestatus|p1a: Dondozo|slp|[msg]\n|move|p1a: Dondozo|Wave Crash|p2a: Tentacruel\n|-resisted|p2a: Tentacruel\n|-damage|p2a: Tentacruel|117/272 par\n|-damage|p1a: Dondozo|337/362|[from] Recoil\n|\n|-heal|p2a: Tentacruel|134/272 par|[from] item: Leftovers\n|-heal|p1a: Dondozo|359/362|[from] item: Leftovers\n|upkeep\n|turn|36\n|\n|t:|1733778916\n|cant|p2a: Tentacruel|par\n|move|p1a: Dondozo|Curse|p1a: Dondozo\n|-unboost|p1a: Dondozo|spe|1\n|-boost|p1a: Dondozo|atk|1\n|-boost|p1a: Dondozo|def|1\n|\n|-heal|p2a: Tentacruel|151/272 par|[from] item: Leftovers\n|-heal|p1a: Dondozo|362/362|[from] item: Leftovers\n|upkeep\n|turn|37\n|\n|t:|1733778927\n|move|p2a: Tentacruel|Haze|p2a: Tentacruel\n|-clearallboost\n|move|p1a: Dondozo|Wave Crash|p2a: Tentacruel\n|-resisted|p2a: Tentacruel\n|-damage|p2a: Tentacruel|77/272 par\n|-damage|p1a: Dondozo|338/362|[from] Recoil\n|\n|-heal|p2a: Tentacruel|94/272 par|[from] item: Leftovers\n|-heal|p1a: Dondozo|360/362|[from] item: Leftovers\n|upkeep\n|turn|38\n|\n|t:|1733778932\n|switch|p2a: Quaquaval|Quaquaval, L79, M|264/264 par\n|move|p1a: Dondozo|Curse|p1a: Dondozo\n|-unboost|p1a: Dondozo|spe|1\n|-boost|p1a: Dondozo|atk|1\n|-boost|p1a: Dondozo|def|1\n|\n|-heal|p1a: Dondozo|362/362|[from] item: Leftovers\n|upkeep\n|turn|39\n|\n|t:|1733778936\n|move|p2a: Quaquaval|Encore|p1a: Dondozo\n|-start|p1a: Dondozo|Encore\n|move|p1a: Dondozo|Curse|p1a: Dondozo\n|-unboost|p1a: Dondozo|spe|1\n|-boost|p1a: Dondozo|atk|1\n|-boost|p1a: Dondozo|def|1\n|\n|upkeep\n|turn|40\n|\n|t:|1733778946\n|move|p2a: Quaquaval|Swords Dance|p2a: Quaquaval\n|-boost|p2a: Quaquaval|atk|2\n|move|p1a: Dondozo|Curse|p1a: Dondozo\n|-unboost|p1a: Dondozo|spe|1\n|-boost|p1a: Dondozo|atk|1\n|-boost|p1a: Dondozo|def|1\n|\n|upkeep\n|turn|41\n|\n|t:|1733778953\n|cant|p2a: Quaquaval|par\n|move|p1a: Dondozo|Curse|p1a: Dondozo\n|-unboost|p1a: Dondozo|spe|1\n|-boost|p1a: Dondozo|atk|1\n|-boost|p1a: Dondozo|def|1\n|\n|-end|p1a: Dondozo|Encore\n|upkeep\n|turn|42\n|\n|t:|1733778970\n|move|p2a: Quaquaval|Encore|p1a: Dondozo\n|-start|p1a: Dondozo|Encore\n|move|p1a: Dondozo|Curse|p1a: Dondozo\n|-unboost|p1a: Dondozo|spe|1\n|-boost|p1a: Dondozo|atk|1\n|-boost|p1a: Dondozo|def|1\n|\n|upkeep\n|turn|43\n|\n|t:|1733778975\n|move|p2a: Quaquaval|Swords Dance|p2a: Quaquaval\n|-boost|p2a: Quaquaval|atk|2\n|move|p1a: Dondozo|Curse|p1a: Dondozo\n|-unboost|p1a: Dondozo|spe|1\n|-boost|p1a: Dondozo|atk|1\n|-boost|p1a: Dondozo|def|1\n|\n|upkeep\n|turn|44\n|\n|t:|1733778981\n|move|p2a: Quaquaval|Swords Dance|p2a: Quaquaval\n|-boost|p2a: Quaquaval|atk|2\n|move|p1a: Dondozo|Curse|p1a: Dondozo\n|\n|-end|p1a: Dondozo|Encore\n|upkeep\n|turn|45\n|\n|t:|1733778983\n|move|p2a: Quaquaval|Encore|p1a: Dondozo\n|-start|p1a: Dondozo|Encore\n|move|p1a: Dondozo|Curse|p1a: Dondozo\n|\n|upkeep\n|turn|46\n|\n|t:|1733778986\n|move|p2a: Quaquaval|Close Combat|p1a: Dondozo\n|-damage|p1a: Dondozo|322/362\n|-unboost|p2a: Quaquaval|def|1\n|-unboost|p2a: Quaquaval|spd|1\n|-damage|p2a: Quaquaval|238/264 par|[from] item: Life Orb\n|move|p1a: Dondozo|Curse|p1a: Dondozo\n|\n|-heal|p1a: Dondozo|344/362|[from] item: Leftovers\n|upkeep\n|turn|47\n|\n|t:|1733778991\n|cant|p2a: Quaquaval|par\n|move|p1a: Dondozo|Curse|p1a: Dondozo\n|\n|-heal|p1a: Dondozo|362/362|[from] item: Leftovers\n|-end|p1a: Dondozo|Encore\n|upkeep\n|turn|48\n|\n|t:|1733778993\n|move|p2a: Quaquaval|Encore|p1a: Dondozo\n|-start|p1a: Dondozo|Encore\n|move|p1a: Dondozo|Curse|p1a: Dondozo\n|\n|upkeep\n|turn|49\n|\n|t:|1733778996\n|move|p2a: Quaquaval|Aqua Step|p1a: Dondozo\n|-resisted|p1a: Dondozo\n|-damage|p1a: Dondozo|349/362\n|-boost|p2a: Quaquaval|spe|1\n|-damage|p2a: Quaquaval|212/264 par|[from] item: Life Orb\n|move|p1a: Dondozo|Curse|p1a: Dondozo\n|\n|-heal|p1a: Dondozo|362/362|[from] item: Leftovers\n|upkeep\n|turn|50\n|\n|t:|1733779002\n|move|p2a: Quaquaval|Close Combat|p1a: Dondozo\n|-damage|p1a: Dondozo|323/362\n|-unboost|p2a: Quaquaval|def|1\n|-unboost|p2a: Quaquaval|spd|1\n|-damage|p2a: Quaquaval|186/264 par|[from] item: Life Orb\n|move|p1a: Dondozo|Curse|p1a: Dondozo\n|\n|-heal|p1a: Dondozo|345/362|[from] item: Leftovers\n|-end|p1a: Dondozo|Encore\n|upkeep\n|turn|51\n|\n|t:|1733779009\n|move|p2a: Quaquaval|Encore||[still]\n|-fail|p2a: Quaquaval\n|move|p1a: Dondozo|Wave Crash|p2a: Quaquaval\n|-resisted|p2a: Quaquaval\n|-damage|p2a: Quaquaval|0 fnt\n|faint|p2a: Quaquaval\n|-damage|p1a: Dondozo|284/362|[from] Recoil\n|\n|-heal|p1a: Dondozo|306/362|[from] item: Leftovers\n|upkeep\n|\n|t:|1733779012\n|switch|p2a: Tentacruel|Tentacruel, L84, M|94/272 par\n|turn|52\n|\n|t:|1733779016\n|cant|p2a: Tentacruel|par\n|move|p1a: Dondozo|Wave Crash|p2a: Tentacruel\n|-resisted|p2a: Tentacruel\n|-damage|p2a: Tentacruel|0 fnt\n|faint|p2a: Tentacruel\n|-damage|p1a: Dondozo|275/362|[from] Recoil\n|\n|win|leybatman1997\n|raw|leybatman1997's rating: 1483 &rarr; <strong>1502</strong><br />(+19 for winning)\n|raw|DigitalVaporeon's rating: 1467 &rarr; <strong>1448</strong><br />(-19 for losing)\n|l|\u2606leybatman1997\n|player|p1|\n|c|\u2606DigitalVaporeon|bruhhh\n", "inputlog": ">version bfd83cad13791eb5a5a409923076391caf6fb4d4\n>start {\"formatid\":\"gen9randombattle\",\"seed\":[23264,39610,48496,41630],\"rated\":\"Rated battle\"}\n>player p1 {\"name\":\"leybatman1997\",\"avatar\":\"170\",\"rating\":1483,\"seed\":[37884,9029,20367,35735]}\n>player p2 {\"name\":\"DigitalVaporeon\",\"avatar\":\"lady-gen4\",\"rating\":1467,\"seed\":[28445,53032,12965,15135]}\n>p1 move swordsdance\n>p2 move knockoff\n>p1 move scaleshot\n>p2 move doubleedge\n>p1 switch 6\n>p1 move knockoff\n>p2 move tidyup\n>p1 move knockoff\n>p2 move brickbreak\n>p2 switch 5\n>p1 switch 5\n>p2 move swordsdance\n>p1 move moonblast\n>p2 move poisonjab\n>p1 switch 4\n>p2 move poisonjab\n>p1 switch 5\n>p2 move knockoff\n>p1 move thunderwave\n>p2 switch 3\n>p1 move partingshot\n>p2 move closecombat\n>p1 switch 4\n>p1 move moonlight\n>p2 switch 2\n>p1 move thunderwave\n>p2 move sludgebomb\n>p1 switch 5\n>p2 move sludgebomb\n>p1 move nastyplot\n>p2 move haze\n>p1 move shadowball\n>p2 move haze\n>p1 move nastyplot\n>p2 move haze\n>p1 move nastyplot\n>p2 switch 3\n>p1 move malignantchain\n>p2 move knockoff\n>p2 switch 4\n>p1 move malignantchain\n>p2 move earthquake terastallize\n>p1 move shadowball\n>p2 move earthquake\n>p1 switch 3\n>p1 move earthquake terastallize\n>p2 switch 6\n>p1 move rockpolish\n>p2 move willowisp\n>p1 move rockpolish\n>p2 move hex\n>p1 move icepunch\n>p2 move hex\n>p1 switch 4\n>p1 move knockoff\n>p2 move willowisp\n>p2 switch 6\n>p1 move thunderwave\n>p2 move earthquake\n>p1 switch 5\n>p1 move moonlight\n>p2 move earthquake\n>p1 move fireblast\n>p2 move earthquake\n>p1 switch 2\n>p2 switch 3\n>p1 move curse\n>p2 move sludgebomb\n>p1 move curse\n>p2 move haze\n>p1 move wavecrash\n>p2 move sludgebomb\n>p1 move rest\n>p2 move haze\n>p1 move sleeptalk\n>p2 move haze\n>p1 move sleeptalk\n>p2 move haze\n>p1 move wavecrash\n>p2 move haze\n>p1 move curse\n>p2 move sludgebomb\n>p1 move wavecrash\n>p2 move haze\n>p1 move curse\n>p2 switch 2\n>p1 move wavecrash\n>p2 move encore\n>p1 move curse\n>p2 move swordsdance\n>p1 move curse\n>p2 move swordsdance\n>p1 move wavecrash\n>p2 move encore\n>p1 move curse\n>p2 move swordsdance\n>p1 move curse\n>p2 move swordsdance\n>p1 move wavecrash\n>p2 move encore\n>p1 move curse\n>p2 move closecombat\n>p1 move curse\n>p2 move aquastep\n>p1 move wavecrash\n>p2 move encore\n>p1 move curse\n>p2 move aquastep\n>p1 move curse\n>p2 move closecombat\n>p1 move wavecrash\n>p2 move encore\n>p2 switch 2\n>p1 move wavecrash\n>p2 move haze", "uploadtime": 1733779029, "views": 2, "formatid": "gen9randombattle", "rating": 1448, "private": 0, "password": null}