{"id": "gen9randombattle-2259897694", "format": "[Gen 9] Random Battle", "players": ["Typicaltoucannon", "greengaming3030"], "log": "|j|\u2606Typicaltoucannon\n|j|\u2606greengaming3030\n|t:|1733777671\n|gametype|singles\n|player|p1|Typicaltoucannon|1|1596\n|player|p2|greengaming3030|alder|1634\n|teamsize|p1|6\n|teamsize|p2|6\n|gen|9\n|tier|[Gen 9] Random Battle\n|rated|\n|rule|Species Clause: Limit one of each Pok\u00e9mon\n|rule|HP Percentage Mod: HP is shown in percentages\n|rule|Sleep Clause Mod: Limit one foe put to sleep\n|rule|Illusion Level Mod: Illusion disguises the Pok\u00e9mon's true level\n|\n|t:|1733777671\n|start\n|switch|p1a: Golduck|Golduck, L90, F|290/290\n|switch|p2a: Reuniclus|Reuniclus, L88, F|337/337\n|-ability|p1a: Golduck|Cloud Nine\n|turn|1\n|inactive|Battle timer is ON: inactive players will automatically lose when time's up. (requested by greengaming3030)\n|\n|t:|1733777687\n|move|p1a: Golduck|Flip Turn|p2a: Reuniclus\n|-damage|p2a: Reuniclus|268/337\n|\n|t:|1733777695\n|switch|p1a: Hitmonchan|Hitmonchan, L87, M|229/229|[from] Flip Turn\n|move|p2a: Reuniclus|Psychic|p1a: Hitmonchan\n|-supereffective|p1a: Hitmonchan\n|-damage|p1a: Hitmonchan|0 fnt\n|faint|p1a: Hitmonchan\n|\n|upkeep\n|\n|t:|1733777701\n|switch|p1a: Rabsca|Rabsca, L91, M|284/284\n|turn|2\n|\n|t:|1733777715\n|move|p2a: Reuniclus|Shadow Ball|p1a: Rabsca\n|-supereffective|p1a: Rabsca\n|-damage|p1a: Rabsca|128/284\n|move|p1a: Rabsca|Revival Blessing|p1a: Rabsca\n|\n|t:|1733777719\n|-heal|p1: Hitmonchan|114/229|[from] move: Revival Blessing\n|\n|upkeep\n|turn|3\n|\n|t:|1733777723\n|switch|p1a: Chansey|Chansey, L85, F|564/564\n|move|p2a: Reuniclus|Shadow Ball|p1a: Chansey\n|-immune|p1a: Chansey\n|\n|upkeep\n|turn|4\n|\n|t:|1733777737\n|switch|p2a: Amoonguss|Amoonguss, L82, M|321/321\n|move|p1a: Chansey|Stealth Rock|p2a: Amoonguss\n|-sidestart|p2: greengaming3030|move: Stealth Rock\n|\n|upkeep\n|turn|5\n|\n|t:|1733777740\n|move|p1a: Chansey|Thunder Wave|p2a: Amoonguss\n|-status|p2a: Amoonguss|par\n|move|p2a: Amoonguss|Spore|p1a: Chansey\n|-status|p1a: Chansey|slp|[from] move: Spore\n|\n|upkeep\n|turn|6\n|\n|t:|1733777745\n|-curestatus|p1a: Chansey|slp|[from] ability: Natural Cure\n|switch|p1a: Rabsca|Rabsca, L91, M|128/284\n|switch|p2a: Cobalion|Cobalion, L80|277/277\n|-damage|p2a: Cobalion|269/277|[from] Stealth Rock\n|\n|upkeep\n|turn|7\n|\n|t:|1733777749\n|move|p2a: Cobalion|Stone Edge|p1a: Rabsca\n|-supereffective|p1a: Rabsca\n|-damage|p1a: Rabsca|0 fnt\n|faint|p1a: Rabsca\n|-damage|p2a: Cobalion|242/277|[from] item: Life Orb\n|\n|upkeep\n|\n|t:|1733777759\n|switch|p1a: Arceus|Arceus-Fighting, L70|284/284\n|turn|8\n|\n|t:|1733777764\n|switch|p2a: Amoonguss|Amoonguss, L82, M|321/321 par\n|-damage|p2a: Amoonguss|281/321 par|[from] Stealth Rock\n|move|p1a: Arceus|Iron Defense|p1a: Arceus\n|-boost|p1a: Arceus|def|2\n|\n|-heal|p2a: Amoonguss|301/321 par|[from] item: Leftovers\n|upkeep\n|turn|9\n|\n|t:|1733777773\n|move|p1a: Arceus|Body Press|p2a: Amoonguss\n|-resisted|p2a: Amoonguss\n|-damage|p2a: Amoonguss|193/321 par\n|move|p2a: Amoonguss|Spore|p1a: Arceus\n|-status|p1a: Arceus|slp|[from] move: Spore\n|\n|-heal|p2a: Amoonguss|213/321 par|[from] item: Leftovers\n|upkeep\n|turn|10\n|\n|t:|1733777780\n|cant|p1a: Arceus|slp\n|move|p2a: Amoonguss|Giga Drain|p1a: Arceus\n|-damage|p1a: Arceus|215/284 slp\n|-heal|p2a: Amoonguss|248/321 par|[from] drain|[of] p1a: Arceus\n|\n|-heal|p2a: Amoonguss|268/321 par|[from] item: Leftovers\n|upkeep\n|turn|11\n|\n|t:|1733777792\n|switch|p2a: Armarouge|Armarouge, L80, M|267/267\n|-damage|p2a: Armarouge|201/267|[from] Stealth Rock\n|cant|p1a: Arceus|slp\n|\n|upkeep\n|turn|12\n|\n|t:|1733777797\n|cant|p1a: Arceus|slp\n|move|p2a: Armarouge|Meteor Beam||[still]\n|-prepare|p2a: Armarouge|Meteor Beam\n|-boost|p2a: Armarouge|spa|1\n|-enditem|p2a: Armarouge|Power Herb\n|-anim|p2a: Armarouge|Meteor Beam|p1a: Arceus\n|-resisted|p1a: Arceus\n|-damage|p1a: Arceus|145/284 slp\n|\n|upkeep\n|turn|13\n|\n|t:|1733777807\n|-curestatus|p1a: Arceus|slp|[msg]\n|move|p1a: Arceus|Shadow Ball|p2a: Armarouge\n|-supereffective|p2a: Armarouge\n|-damage|p2a: Armarouge|87/267\n|move|p2a: Armarouge|Armor Cannon|p1a: Arceus\n|-damage|p1a: Arceus|0 fnt\n|-unboost|p2a: Armarouge|def|1\n|-unboost|p2a: Armarouge|spd|1\n|faint|p1a: Arceus\n|\n|upkeep\n|\n|t:|1733777814\n|switch|p1a: Oricorio|Oricorio-Pa'u, L87, M|272/272\n|turn|14\n|\n|t:|1733777824\n|move|p1a: Oricorio|Quiver Dance|p1a: Oricorio\n|-boost|p1a: Oricorio|spa|1\n|-boost|p1a: Oricorio|spd|1\n|-boost|p1a: Oricorio|spe|1\n|move|p2a: Armarouge|Meteor Beam||[still]\n|-prepare|p2a: Armarouge|Meteor Beam\n|-boost|p2a: Armarouge|spa|1\n|\n|upkeep\n|turn|15\n|\n|t:|1733777829\n|move|p1a: Oricorio|Hurricane|p2a: Armarouge\n|-damage|p2a: Armarouge|0 fnt\n|faint|p2a: Armarouge\n|\n|upkeep\n|inactive|greengaming3030 has 120 seconds left.\n|\n|t:|1733777870\n|switch|p2a: Polteageist|Polteageist-Antique, L79|224/224\n|-damage|p2a: Polteageist|196/224|[from] Stealth Rock\n|turn|16\n|c|\u2606Typicaltoucannon|ur a bot\n|\n|t:|1733777878\n|move|p1a: Oricorio|Quiver Dance|p1a: Oricorio\n|-boost|p1a: Oricorio|spa|1\n|-boost|p1a: Oricorio|spd|1\n|-boost|p1a: Oricorio|spe|1\n|move|p2a: Polteageist|Shell Smash|p2a: Polteageist\n|-unboost|p2a: Polteageist|def|1\n|-unboost|p2a: Polteageist|spd|1\n|-boost|p2a: Polteageist|atk|2\n|-boost|p2a: Polteageist|spa|2\n|-boost|p2a: Polteageist|spe|2\n|-enditem|p2a: Polteageist|White Herb\n|-clearnegativeboost|p2a: Polteageist|[silent]\n|\n|upkeep\n|turn|17\n|\n|t:|1733777884\n|move|p1a: Oricorio|Revelation Dance|p2a: Polteageist\n|-damage|p2a: Polteageist|21/224\n|move|p2a: Polteageist|Shadow Ball|p1a: Oricorio\n|-supereffective|p1a: Oricorio\n|-damage|p1a: Oricorio|54/272\n|\n|upkeep\n|turn|18\n|\n|t:|1733777900\n|move|p1a: Oricorio|Revelation Dance|p2a: Polteageist\n|-damage|p2a: Polteageist|0 fnt\n|faint|p2a: Polteageist\n|\n|upkeep\n|\n|t:|1733777902\n|switch|p2a: Reuniclus|Reuniclus, L88, F|268/337\n|turn|19\n|\n|t:|1733777905\n|-terastallize|p2a: Reuniclus|Steel\n|move|p1a: Oricorio|Roost|p1a: Oricorio\n|-heal|p1a: Oricorio|190/272\n|-singleturn|p1a: Oricorio|move: Roost\n|move|p2a: Reuniclus|Shadow Ball|p1a: Oricorio\n|-supereffective|p1a: Oricorio\n|-crit|p1a: Oricorio\n|-damage|p1a: Oricorio|0 fnt\n|faint|p1a: Oricorio\n|\n|upkeep\n|\n|t:|1733777913\n|switch|p1a: Hitmonchan|Hitmonchan, L87, M|114/229\n|turn|20\n|\n|t:|1733777918\n|switch|p2a: Eternatus|Eternatus, L69|308/308\n|-damage|p2a: Eternatus|270/308|[from] Stealth Rock\n|-ability|p2a: Eternatus|Pressure\n|move|p1a: Hitmonchan|Drain Punch|p2a: Eternatus\n|-resisted|p2a: Eternatus\n|-damage|p2a: Eternatus|207/308\n|-heal|p1a: Hitmonchan|146/229|[from] drain|[of] p2a: Eternatus\n|-damage|p1a: Hitmonchan|108/229|[from] item: Rocky Helmet|[of] p2a: Eternatus\n|\n|-heal|p1a: Hitmonchan|122/229|[from] item: Leftovers\n|upkeep\n|turn|21\n|\n|t:|1733777931\n|move|p2a: Eternatus|Toxic Spikes|p1a: Hitmonchan\n|-sidestart|p1: Typicaltoucannon|move: Toxic Spikes\n|move|p1a: Hitmonchan|Knock Off|p2a: Eternatus\n|-damage|p2a: Eternatus|112/308\n|-damage|p1a: Hitmonchan|84/229|[from] item: Rocky Helmet|[of] p2a: Eternatus\n|-enditem|p2a: Eternatus|Rocky Helmet|[from] move: Knock Off|[of] p1a: Hitmonchan\n|\n|-heal|p1a: Hitmonchan|98/229|[from] item: Leftovers\n|upkeep\n|turn|22\n|\n|t:|1733777938\n|switch|p1a: Chansey|Chansey, L85, F|564/564\n|-status|p1a: Chansey|psn\n|move|p2a: Eternatus|Recover|p2a: Eternatus\n|-heal|p2a: Eternatus|266/308\n|\n|-damage|p1a: Chansey|494/564 psn|[from] psn\n|upkeep\n|turn|23\n|\n|t:|1733777943\n|switch|p2a: Amoonguss|Amoonguss, L82, M|321/321 par\n|-damage|p2a: Amoonguss|281/321 par|[from] Stealth Rock\n|move|p1a: Chansey|Thunder Wave|p2a: Amoonguss\n|-fail|p2a: Amoonguss|par\n|\n|-heal|p2a: Amoonguss|301/321 par|[from] item: Leftovers\n|-damage|p1a: Chansey|424/564 psn|[from] psn\n|upkeep\n|turn|24\n|\n|t:|1733777947\n|move|p1a: Chansey|Seismic Toss|p2a: Amoonguss\n|-damage|p2a: Amoonguss|216/321 par\n|cant|p2a: Amoonguss|par\n|\n|-heal|p2a: Amoonguss|236/321 par|[from] item: Leftovers\n|-damage|p1a: Chansey|354/564 psn|[from] psn\n|upkeep\n|turn|25\n|\n|t:|1733777953\n|move|p1a: Chansey|Seismic Toss|p2a: Amoonguss\n|-damage|p2a: Amoonguss|151/321 par\n|move|p2a: Amoonguss|Stomping Tantrum|p1a: Chansey\n|-damage|p1a: Chansey|135/564 psn\n|\n|-heal|p2a: Amoonguss|171/321 par|[from] item: Leftovers\n|-damage|p1a: Chansey|65/564 psn|[from] psn\n|upkeep\n|turn|26\n|\n|t:|1733777962\n|move|p1a: Chansey|Soft-Boiled|p1a: Chansey\n|-heal|p1a: Chansey|347/564 psn\n|move|p2a: Amoonguss|Giga Drain|p1a: Chansey\n|-damage|p1a: Chansey|305/564 psn\n|-heal|p2a: Amoonguss|192/321 par|[from] drain|[of] p1a: Chansey\n|\n|-heal|p2a: Amoonguss|212/321 par|[from] item: Leftovers\n|-damage|p1a: Chansey|235/564 psn|[from] psn\n|upkeep\n|turn|27\n|\n|t:|1733777965\n|move|p1a: Chansey|Soft-Boiled|p1a: Chansey\n|-heal|p1a: Chansey|517/564 psn\n|move|p2a: Amoonguss|Stomping Tantrum|p1a: Chansey\n|-damage|p1a: Chansey|421/564 psn\n|\n|-heal|p2a: Amoonguss|232/321 par|[from] item: Leftovers\n|-damage|p1a: Chansey|351/564 psn|[from] psn\n|upkeep\n|turn|28\n|\n|t:|1733777971\n|move|p1a: Chansey|Seismic Toss|p2a: Amoonguss\n|-damage|p2a: Amoonguss|147/321 par\n|move|p2a: Amoonguss|Stomping Tantrum|p1a: Chansey\n|-damage|p1a: Chansey|253/564 psn\n|\n|-heal|p2a: Amoonguss|167/321 par|[from] item: Leftovers\n|-damage|p1a: Chansey|183/564 psn|[from] psn\n|upkeep\n|turn|29\n|\n|t:|1733777974\n|move|p1a: Chansey|Soft-Boiled|p1a: Chansey\n|-heal|p1a: Chansey|465/564 psn\n|move|p2a: Amoonguss|Stomping Tantrum|p1a: Chansey\n|-damage|p1a: Chansey|363/564 psn\n|\n|-heal|p2a: Amoonguss|187/321 par|[from] item: Leftovers\n|-damage|p1a: Chansey|293/564 psn|[from] psn\n|upkeep\n|turn|30\n|\n|t:|1733777976\n|move|p1a: Chansey|Seismic Toss|p2a: Amoonguss\n|-damage|p2a: Amoonguss|102/321 par\n|move|p2a: Amoonguss|Stomping Tantrum|p1a: Chansey\n|-damage|p1a: Chansey|190/564 psn\n|\n|-heal|p2a: Amoonguss|122/321 par|[from] item: Leftovers\n|-damage|p1a: Chansey|120/564 psn|[from] psn\n|upkeep\n|turn|31\n|\n|t:|1733777986\n|switch|p2a: Reuniclus|Reuniclus, L88, F, tera:Steel|268/337\n|move|p1a: Chansey|Soft-Boiled|p1a: Chansey\n|-heal|p1a: Chansey|402/564 psn\n|\n|-damage|p1a: Chansey|332/564 psn|[from] psn\n|upkeep\n|turn|32\n|\n|t:|1733777989\n|switch|p2a: Amoonguss|Amoonguss, L82, M|229/321 par\n|-damage|p2a: Amoonguss|189/321 par|[from] Stealth Rock\n|move|p1a: Chansey|Thunder Wave|p2a: Amoonguss|[miss]\n|-miss|p1a: Chansey|p2a: Amoonguss\n|\n|-heal|p2a: Amoonguss|209/321 par|[from] item: Leftovers\n|-damage|p1a: Chansey|262/564 psn|[from] psn\n|upkeep\n|turn|33\n|\n|t:|1733777993\n|move|p1a: Chansey|Soft-Boiled|p1a: Chansey\n|-heal|p1a: Chansey|544/564 psn\n|cant|p2a: Amoonguss|par\n|\n|-heal|p2a: Amoonguss|229/321 par|[from] item: Leftovers\n|-damage|p1a: Chansey|474/564 psn|[from] psn\n|upkeep\n|turn|34\n|\n|t:|1733777995\n|move|p1a: Chansey|Seismic Toss|p2a: Amoonguss\n|-damage|p2a: Amoonguss|144/321 par\n|move|p2a: Amoonguss|Stomping Tantrum|p1a: Chansey\n|-damage|p1a: Chansey|269/564 psn\n|\n|-heal|p2a: Amoonguss|164/321 par|[from] item: Leftovers\n|-damage|p1a: Chansey|199/564 psn|[from] psn\n|upkeep\n|turn|35\n|\n|t:|1733778000\n|move|p1a: Chansey|Soft-Boiled|p1a: Chansey\n|-heal|p1a: Chansey|481/564 psn\n|move|p2a: Amoonguss|Stomping Tantrum|p1a: Chansey\n|-damage|p1a: Chansey|372/564 psn\n|\n|-heal|p2a: Amoonguss|184/321 par|[from] item: Leftovers\n|-damage|p1a: Chansey|302/564 psn|[from] psn\n|upkeep\n|turn|36\n|\n|t:|1733778003\n|move|p1a: Chansey|Seismic Toss|p2a: Amoonguss\n|-damage|p2a: Amoonguss|99/321 par\n|move|p2a: Amoonguss|Stomping Tantrum|p1a: Chansey\n|-crit|p1a: Chansey\n|-damage|p1a: Chansey|142/564 psn\n|\n|-heal|p2a: Amoonguss|119/321 par|[from] item: Leftovers\n|-damage|p1a: Chansey|72/564 psn|[from] psn\n|upkeep\n|turn|37\n|\n|t:|1733778006\n|move|p1a: Chansey|Seismic Toss|p2a: Amoonguss\n|-damage|p2a: Amoonguss|34/321 par\n|cant|p2a: Amoonguss|par\n|\n|-heal|p2a: Amoonguss|54/321 par|[from] item: Leftovers\n|-damage|p1a: Chansey|2/564 psn|[from] psn\n|upkeep\n|turn|38\n|\n|t:|1733778014\n|move|p1a: Chansey|Seismic Toss|p2a: Amoonguss\n|-damage|p2a: Amoonguss|0 fnt\n|faint|p2a: Amoonguss\n|\n|-damage|p1a: Chansey|0 fnt|[from] psn\n|faint|p1a: Chansey\n|upkeep\n|\n|t:|1733778020\n|switch|p1a: Hitmonchan|Hitmonchan, L87, M|98/229\n|switch|p2a: Eternatus|Eternatus, L69|266/308\n|-damage|p2a: Eternatus|228/308|[from] Stealth Rock\n|-ability|p2a: Eternatus|Pressure\n|-status|p1a: Hitmonchan|psn\n|turn|39\n|\n|t:|1733778030\n|switch|p1a: Golduck|Golduck, L90, F|290/290\n|-status|p1a: Golduck|psn\n|-ability|p1a: Golduck|Cloud Nine\n|move|p2a: Eternatus|Dynamax Cannon|p1a: Golduck\n|-damage|p1a: Golduck|187/290 psn\n|\n|-damage|p1a: Golduck|151/290 psn|[from] psn\n|upkeep\n|turn|40\n|c|\u2606greengaming3030|man i wish i was as good as you\n|\n|t:|1733778045\n|move|p2a: Eternatus|Dynamax Cannon|p1a: Golduck\n|-damage|p1a: Golduck|51/290 psn\n|move|p1a: Golduck|Ice Beam|p2a: Eternatus\n|-supereffective|p2a: Eternatus\n|-damage|p2a: Eternatus|0 fnt\n|faint|p2a: Eternatus\n|\n|-damage|p1a: Golduck|15/290 psn|[from] psn\n|upkeep\n|\n|t:|1733778053\n|switch|p2a: Reuniclus|Reuniclus, L88, F, tera:Steel|268/337\n|turn|41\n|\n|t:|1733778059\n|move|p1a: Golduck|Ice Beam|p2a: Reuniclus\n|-resisted|p2a: Reuniclus\n|-damage|p2a: Reuniclus|217/337\n|move|p2a: Reuniclus|Recover|p2a: Reuniclus\n|-heal|p2a: Reuniclus|337/337\n|\n|-damage|p1a: Golduck|0 fnt|[from] psn\n|faint|p1a: Golduck\n|upkeep\n|\n|t:|1733778061\n|switch|p1a: Hitmonchan|Hitmonchan, L87, M|98/229 psn\n|turn|42\n|\n|t:|1733778066\n|-terastallize|p1a: Hitmonchan|Dark\n|move|p1a: Hitmonchan|Bulk Up|p1a: Hitmonchan\n|-boost|p1a: Hitmonchan|atk|1\n|-boost|p1a: Hitmonchan|def|1\n|move|p2a: Reuniclus|Psychic|p1a: Hitmonchan\n|-immune|p1a: Hitmonchan\n|\n|-heal|p1a: Hitmonchan|112/229 psn|[from] item: Leftovers\n|-damage|p1a: Hitmonchan|84/229 psn|[from] psn\n|upkeep\n|turn|43\n|\n|t:|1733778068\n|move|p1a: Hitmonchan|Drain Punch|p2a: Reuniclus\n|-supereffective|p2a: Reuniclus\n|-damage|p2a: Reuniclus|0 fnt\n|-heal|p1a: Hitmonchan|229/229 psn|[from] drain|[of] p2a: Reuniclus\n|faint|p2a: Reuniclus\n|\n|-damage|p1a: Hitmonchan|201/229 psn|[from] psn\n|upkeep\n|\n|t:|1733778071\n|switch|p2a: Cobalion|Cobalion, L80|242/277\n|-damage|p2a: Cobalion|234/277|[from] Stealth Rock\n|turn|44\n|\n|t:|1733778074\n|move|p2a: Cobalion|Close Combat|p1a: Hitmonchan\n|-supereffective|p1a: Hitmonchan\n|-damage|p1a: Hitmonchan|0 fnt\n|-unboost|p2a: Cobalion|def|1\n|-unboost|p2a: Cobalion|spd|1\n|faint|p1a: Hitmonchan\n|-damage|p2a: Cobalion|207/277|[from] item: Life Orb\n|\n|win|greengaming3030\n|raw|Typicaltoucannon's rating: 1596 &rarr; <strong>1578</strong><br />(-18 for losing)\n|raw|greengaming3030's rating: 1634 &rarr; <strong>1652</strong><br />(+18 for winning)\n|l|\u2606Typicaltoucannon\n|player|p1|\n", "inputlog": ">version bfd83cad13791eb5a5a409923076391caf6fb4d4\n>start {\"formatid\":\"gen9randombattle\",\"seed\":[28059,23068,65102,33466],\"rated\":\"Rated battle\"}\n>player p1 {\"name\":\"Typicaltoucannon\",\"avatar\":\"1\",\"rating\":1596,\"seed\":[18592,9532,21849,61296]}\n>player p2 {\"name\":\"greengaming3030\",\"avatar\":\"alder\",\"rating\":1634,\"seed\":[32623,42926,59730,59088]}\n>p1 move flipturn\n>p2 move psychic\n>p1 switch 2\n>p1 switch 5\n>p1 move revivalblessing\n>p2 move shadowball\n>p1 switch 5\n>p1 switch 4\n>p2 move shadowball\n>p1 move stealthrock\n>p2 switch 5\n>p1 move thunderwave\n>p2 move spore\n>p1 switch 4\n>p2 switch 6\n>p1 move trickroom\n>p2 move stoneedge\n>p1 switch 6\n>p1 move irondefense\n>p2 switch 6\n>p1 move bodypress\n>p2 move spore\n>p1 move irondefense\n>p2 move gigadrain\n>p1 move irondefense\n>p2 switch 2\n>p1 move shadowball\n>p2 move meteorbeam\n>p1 move shadowball\n>p2 move armorcannon\n>p1 switch 3\n>p1 move quiverdance\n>p2 move meteorbeam\n>p1 move hurricane\n>p2 move meteorbeam\n>p2 switch 3\n>chat \u2606Typicaltoucannon|ur a bot\n>p1 move quiverdance\n>p2 move shellsmash\n>p1 move revelationdance\n>p2 move shadowball\n>p1 move revelationdance\n>p2 move shadowball\n>p2 switch 5\n>p1 move roost\n>p2 move shadowball terastallize\n>p1 switch 5\n>p1 move drainpunch\n>p2 switch 4\n>p1 move knockoff\n>p2 move toxicspikes\n>p1 switch 4\n>p2 move recover\n>p1 move thunderwave\n>p2 switch 2\n>p1 move seismictoss\n>p2 move stompingtantrum\n>p1 move seismictoss\n>p2 move stompingtantrum\n>p1 move softboiled\n>p2 move gigadrain\n>p1 move softboiled\n>p2 move stompingtantrum\n>p1 move seismictoss\n>p2 move stompingtantrum\n>p1 move softboiled\n>p2 move stompingtantrum\n>p1 move seismictoss\n>p2 move stompingtantrum\n>p1 move softboiled\n>p2 switch 4\n>p1 move thunderwave\n>p2 switch 4\n>p1 move softboiled\n>p2 move stompingtantrum\n>p1 move seismictoss\n>p2 move stompingtantrum\n>p1 move softboiled\n>p2 move stompingtantrum\n>p1 move seismictoss\n>p2 move stompingtantrum\n>p1 move seismictoss\n>p2 move stompingtantrum\n>p1 move seismictoss\n>p2 move stompingtantrum\n>p1 switch 4\n>p2 switch 2\n>p1 switch 2\n>p2 move dynamaxcannon\n>chat \u2606greengaming3030|man i wish i was as good as you\n>p1 move icebeam\n>p2 move dynamaxcannon\n>p2 switch 4\n>p1 move icebeam\n>p2 move recover\n>p1 switch 2\n>p1 move bulkup terastallize\n>p2 move psychic\n>p1 move drainpunch\n>p2 move shadowball\n>p2 switch 6\n>p1 move drainpunch\n>p2 move closecombat", "uploadtime": 1733778102, "views": 1, "formatid": "gen9randombattle", "rating": 1578, "private": 0, "password": null}