{"id": "gen9randombattle-2252100619", "format": "[Gen 9] Random Battle", "players": ["xxzfn", "ananananji"], "log": "|j|\u2606xxzfn\n|j|\u2606ananananji\n|t:|1732713383\n|gametype|singles\n|player|p1|xxzfn|266|2273\n|player|p2|ananananji|169|2268\n|teamsize|p1|6\n|teamsize|p2|6\n|gen|9\n|tier|[Gen 9] Random Battle\n|rated|\n|rule|Species Clause: Limit one of each Pok\u00e9mon\n|rule|HP Percentage Mod: HP is shown in percentages\n|rule|Sleep Clause Mod: Limit one foe put to sleep\n|rule|Illusion Level Mod: Illusion disguises the Pok\u00e9mon's true level\n|\n|t:|1732713383\n|start\n|switch|p1a: Flygon|Flygon, L82, F|265/265\n|switch|p2a: Skuntank|Skuntank, L84, M|310/310\n|turn|1\n|inactive|Battle timer is ON: inactive players will automatically lose when time's up. (requested by xxzfn)\n|\n|t:|1732713398\n|move|p1a: Flygon|Earthquake|p2a: Skuntank\n|-supereffective|p2a: Skuntank\n|-damage|p2a: Skuntank|50/310\n|move|p2a: Skuntank|Knock Off|p1a: Flygon\n|-damage|p1a: Flygon|129/265\n|-enditem|p1a: Flygon|Choice Scarf|[from] move: Knock Off|[of] p2a: Skuntank\n|-damage|p2a: Skuntank|19/310|[from] item: Life Orb\n|\n|upkeep\n|turn|2\n|\n|t:|1732713410\n|switch|p2a: Conkeldurr|Conkeldurr, L80, F|299/299\n|move|p1a: Flygon|U-turn|p2a: Conkeldurr\n|-resisted|p2a: Conkeldurr\n|-damage|p2a: Conkeldurr|275/299\n|\n|t:|1732713413\n|switch|p1a: Granbull|Granbull, L88, F|302/302|[from] U-turn\n|-ability|p1a: Granbull|Intimidate|boost\n|-unboost|p2a: Conkeldurr|atk|1\n|\n|-status|p2a: Conkeldurr|brn|[from] item: Flame Orb\n|upkeep\n|turn|3\n|\n|t:|1732713419\n|switch|p2a: Bellibolt|Bellibolt, L84, F|320/320\n|move|p1a: Granbull|Play Rough|p2a: Bellibolt\n|-damage|p2a: Bellibolt|193/320\n|-start|p2a: Bellibolt|Charge|Play Rough|[from] ability: Electromorphosis\n|\n|-heal|p2a: Bellibolt|213/320|[from] item: Leftovers\n|upkeep\n|turn|4\n|\n|t:|1732713426\n|move|p1a: Granbull|Earthquake|p2a: Bellibolt\n|-supereffective|p2a: Bellibolt\n|-damage|p2a: Bellibolt|41/320\n|-start|p2a: Bellibolt|Charge|Earthquake|[from] ability: Electromorphosis\n|move|p2a: Bellibolt|Toxic|p1a: Granbull\n|-status|p1a: Granbull|tox\n|\n|-heal|p2a: Bellibolt|61/320|[from] item: Leftovers\n|-damage|p1a: Granbull|284/302 tox|[from] psn\n|upkeep\n|turn|5\n|\n|t:|1732713440\n|move|p1a: Granbull|Play Rough|p2a: Bellibolt\n|-damage|p2a: Bellibolt|0 fnt\n|faint|p2a: Bellibolt\n|\n|-heal|p1a: Granbull|302/302 tox|[from] item: Leftovers\n|-damage|p1a: Granbull|266/302 tox|[from] psn\n|upkeep\n|\n|t:|1732713442\n|switch|p2a: Skuntank|Skuntank, L84, M|19/310\n|turn|6\n|\n|t:|1732713448\n|switch|p1a: Swalot|Swalot, L90, F|326/326\n|move|p2a: Skuntank|Gunk Shot|p1a: Swalot\n|-resisted|p1a: Swalot\n|-damage|p1a: Swalot|248/326\n|-damage|p2a: Skuntank|0 fnt|[from] item: Life Orb\n|faint|p2a: Skuntank\n|\n|-heal|p1a: Swalot|268/326|[from] item: Leftovers\n|upkeep\n|\n|t:|1732713451\n|switch|p2a: Sandy Shocks|Sandy Shocks, L80|267/267\n|turn|7\n|\n|t:|1732713457\n|-end|p2a: Sandy Shocks|Protosynthesis|[silent]\n|switch|p2a: Conkeldurr|Conkeldurr, L80, F|275/299 brn\n|switch|p1a: Flygon|Flygon, L82, F|129/265\n|\n|-damage|p2a: Conkeldurr|257/299 brn|[from] brn\n|upkeep\n|turn|8\n|\n|t:|1732713463\n|move|p1a: Flygon|U-turn|p2a: Conkeldurr\n|-resisted|p2a: Conkeldurr\n|-damage|p2a: Conkeldurr|231/299 brn\n|\n|t:|1732713465\n|switch|p1a: Granbull|Granbull, L88, F|266/302 tox|[from] U-turn\n|-ability|p1a: Granbull|Intimidate|boost\n|-unboost|p2a: Conkeldurr|atk|1\n|move|p2a: Conkeldurr|Facade|p1a: Granbull\n|-damage|p1a: Granbull|132/302 tox\n|\n|-heal|p1a: Granbull|150/302 tox|[from] item: Leftovers\n|-damage|p1a: Granbull|132/302 tox|[from] psn\n|-damage|p2a: Conkeldurr|213/299 brn|[from] brn\n|upkeep\n|turn|9\n|\n|t:|1732713478\n|move|p1a: Granbull|Earthquake|p2a: Conkeldurr\n|-damage|p2a: Conkeldurr|125/299 brn\n|move|p2a: Conkeldurr|Facade|p1a: Granbull\n|-damage|p1a: Granbull|11/302 tox\n|\n|-heal|p1a: Granbull|29/302 tox|[from] item: Leftovers\n|-damage|p1a: Granbull|0 fnt|[from] psn\n|faint|p1a: Granbull\n|-damage|p2a: Conkeldurr|107/299 brn|[from] brn\n|upkeep\n|\n|t:|1732713483\n|switch|p1a: Weezing|Weezing-Galar, L86, F|252/252\n|turn|10\n|\n|t:|1732713492\n|switch|p2a: Sandy Shocks|Sandy Shocks, L80|267/267\n|move|p1a: Weezing|Strange Steam|p2a: Sandy Shocks\n|-damage|p2a: Sandy Shocks|167/267\n|\n|upkeep\n|turn|11\n|\n|t:|1732713496\n|move|p2a: Sandy Shocks|Thunder Wave|p1a: Weezing\n|-status|p1a: Weezing|par\n|move|p1a: Weezing|Strange Steam|p2a: Sandy Shocks\n|-damage|p2a: Sandy Shocks|76/267\n|\n|upkeep\n|turn|12\n|\n|t:|1732713502\n|-end|p2a: Sandy Shocks|Protosynthesis|[silent]\n|switch|p2a: Conkeldurr|Conkeldurr, L80, F|107/299 brn\n|move|p1a: Weezing|Strange Steam|p2a: Conkeldurr\n|-supereffective|p2a: Conkeldurr\n|-damage|p2a: Conkeldurr|0 fnt\n|faint|p2a: Conkeldurr\n|\n|upkeep\n|\n|t:|1732713506\n|switch|p2a: Gallade|Gallade, L81, M|243/243\n|turn|13\n|\n|t:|1732713513\n|move|p2a: Gallade|Psycho Cut|p1a: Weezing\n|-supereffective|p1a: Weezing\n|-crit|p1a: Weezing\n|-damage|p1a: Weezing|0 fnt\n|faint|p1a: Weezing\n|-damage|p2a: Gallade|219/243|[from] item: Life Orb\n|\n|upkeep\n|\n|t:|1732713521\n|switch|p1a: Volbeat|Volbeat, L90, M|263/263\n|turn|14\n|\n|t:|1732713525\n|move|p1a: Volbeat|Lunge|p2a: Gallade\n|-crit|p2a: Gallade\n|-damage|p2a: Gallade|60/243\n|-unboost|p2a: Gallade|atk|1\n|move|p2a: Gallade|Psycho Cut|p1a: Volbeat\n|-crit|p1a: Volbeat\n|-damage|p1a: Volbeat|21/263\n|-damage|p2a: Gallade|36/243|[from] item: Life Orb\n|\n|upkeep\n|turn|15\n|\n|t:|1732713534\n|move|p1a: Volbeat|Lunge|p2a: Gallade\n|-damage|p2a: Gallade|0 fnt\n|faint|p2a: Gallade\n|\n|upkeep\n|\n|t:|1732713537\n|switch|p2a: Weavile|Weavile, L79, M|240/240\n|turn|16\n|\n|t:|1732713545\n|move|p2a: Weavile|Ice Shard|p1a: Volbeat\n|-damage|p1a: Volbeat|0 fnt\n|faint|p1a: Volbeat\n|\n|upkeep\n|\n|t:|1732713549\n|switch|p1a: Sunflora|Sunflora, F|312/312\n|turn|17\n|\n|t:|1732713560\n|switch|p2a: Sandy Shocks|Sandy Shocks, L80|76/267\n|move|p1a: Sunflora|Leaf Storm|p2a: Sandy Shocks\n|-supereffective|p2a: Sandy Shocks\n|-damage|p2a: Sandy Shocks|0 fnt\n|-unboost|p1a: Sunflora|spa|2\n|faint|p2a: Sandy Shocks\n|-end|p2a: Sandy Shocks|Protosynthesis|[silent]\n|\n|upkeep\n|\n|t:|1732713564\n|switch|p2a: Weavile|Weavile, L79, M|240/240\n|turn|18\n|\n|t:|1732713566\n|switch|p1a: Flygon|Flygon, L82, F|129/265\n|move|p2a: Weavile|Swords Dance|p2a: Weavile\n|-boost|p2a: Weavile|atk|2\n|\n|upkeep\n|turn|19\n|\n|t:|1732713573\n|move|p2a: Weavile|Ice Shard|p1a: Flygon\n|-supereffective|p1a: Flygon\n|-damage|p1a: Flygon|0 fnt\n|faint|p1a: Flygon\n|\n|upkeep\n|\n|t:|1732713577\n|switch|p1a: Swalot|Swalot, L90, F|268/326\n|turn|20\n|\n|t:|1732713581\n|-terastallize|p1a: Swalot|Dark\n|move|p2a: Weavile|Triple Axel|p1a: Swalot|[miss]\n|-miss|p2a: Weavile|p1a: Swalot\n|move|p1a: Swalot|Clear Smog|p2a: Weavile\n|-damage|p2a: Weavile|180/240\n|-clearboost|p2a: Weavile\n|\n|-heal|p1a: Swalot|288/326|[from] item: Leftovers\n|upkeep\n|turn|21\n|\n|t:|1732713586\n|move|p2a: Weavile|Swords Dance|p2a: Weavile\n|-boost|p2a: Weavile|atk|2\n|move|p1a: Swalot|Sludge Bomb|p2a: Weavile\n|-damage|p2a: Weavile|89/240\n|-status|p2a: Weavile|psn\n|\n|-heal|p1a: Swalot|308/326|[from] item: Leftovers\n|-damage|p2a: Weavile|59/240 psn|[from] psn\n|upkeep\n|turn|22\n|\n|t:|1732713591\n|move|p2a: Weavile|Triple Axel|p1a: Swalot\n|-damage|p1a: Swalot|268/326\n|-damage|p1a: Swalot|187/326\n|-hitcount|p1a: Swalot|2\n|move|p1a: Swalot|Clear Smog|p2a: Weavile\n|-crit|p2a: Weavile\n|-damage|p2a: Weavile|0 fnt\n|-clearboost|p2a: Weavile\n|faint|p2a: Weavile\n|\n|win|xxzfn\n|raw|xxzfn's rating: 2273 &rarr; <strong>2293</strong><br />(+20 for winning)\n|raw|ananananji's rating: 2268 &rarr; <strong>2248</strong><br />(-20 for losing)\n", "inputlog": ">version b107d77f5c90bd6555267ae244a6264823309ead\n>start {\"formatid\":\"gen9randombattle\",\"seed\":[38978,28603,21662,26295],\"rated\":\"Rated battle\"}\n>player p1 {\"name\":\"xxzfn\",\"avatar\":\"266\",\"rating\":2273,\"seed\":[56152,40874,62951,57934]}\n>player p2 {\"name\":\"ananananji\",\"avatar\":\"169\",\"rating\":2268,\"seed\":[51073,60675,20240,59465]}\n>p1 move earthquake\n>p2 move knockoff\n>p1 move uturn\n>p2 switch 6\n>p1 switch 5\n>p1 move playrough\n>p2 switch 4\n>p1 move earthquake\n>p2 move toxic\n>p1 move playrough\n>p2 move slackoff\n>p2 switch 6\n>p1 switch 3\n>p2 move gunkshot\n>p2 switch 5\n>p1 switch 5\n>p2 switch 4\n>p1 move uturn\n>p2 move facade\n>p1 switch 3\n>p1 move earthquake\n>p2 move facade\n>p1 switch 2\n>p1 move strangesteam\n>p2 switch 4\n>p1 move strangesteam\n>p2 move thunderwave\n>p1 move strangesteam\n>p2 switch 4\n>p2 switch 3\n>p1 move willowisp\n>p2 move psychocut\n>p1 switch 6\n>p1 move lunge\n>p2 move psychocut\n>p1 move lunge\n>p2 move psychocut\n>p2 switch 2\n>p1 move lunge\n>p2 move iceshard\n>p1 switch 4\n>p1 move leafstorm\n>p2 switch 4\n>p2 switch 4\n>p1 switch 3\n>p2 move swordsdance\n>p1 move outrage\n>p2 move iceshard\n>p1 switch 5\n>p1 move clearsmog terastallize\n>p2 move tripleaxel\n>p1 move sludgebomb\n>p2 move swordsdance\n>p1 move clearsmog\n>p2 move tripleaxel", "uploadtime": 1732713596, "views": 16, "formatid": "gen9randombattle", "rating": 2248, "private": 0, "password": null}