{"id": "gen9randombattle-2260657196", "format": "[Gen 9] Random Battle", "players": ["Thrown togethet", "GooberGamer"], "log": "|j|\u2606Thrown togethet\n|j|\u2606GooberGamer\n|t:|1733874682\n|gametype|singles\n|player|p1|Thrown togethet|biker-gen4|1781\n|player|p2|GooberGamer|policeman|1767\n|teamsize|p1|6\n|teamsize|p2|6\n|gen|9\n|tier|[Gen 9] Random Battle\n|rated|\n|rule|Species Clause: Limit one of each Pok\u00e9mon\n|rule|HP Percentage Mod: HP is shown in percentages\n|rule|Sleep Clause Mod: Limit one foe put to sleep\n|rule|Illusion Level Mod: Illusion disguises the Pok\u00e9mon's true level\n|\n|t:|1733874682\n|start\n|switch|p1a: Kingambit|Kingambit, L74, M|270/270\n|switch|p2a: Flareon|Flareon, L90, M|263/263\n|turn|1\n|inactive|Battle timer is ON: inactive players will automatically lose when time's up. (requested by Thrown togethet)\n|\n|t:|1733874712\n|-end|p1a: Kingambit|fallenundefined|[silent]\n|switch|p1a: Archaludon|Archaludon, L78, M|268/268\n|move|p2a: Flareon|Trailblaze|p1a: Archaludon\n|-resisted|p1a: Archaludon\n|-damage|p1a: Archaludon|258/268\n|-boost|p2a: Flareon|spe|1\n|-ability|p1a: Archaludon|Stamina|boost\n|-boost|p1a: Archaludon|def|1\n|\n|-status|p2a: Flareon|tox|[from] item: Toxic Orb\n|upkeep\n|turn|2\n|\n|t:|1733874741\n|switch|p2a: Mudsdale|Mudsdale, L84, F|305/305\n|move|p1a: Archaludon|Earthquake|p2a: Mudsdale\n|-damage|p2a: Mudsdale|246/305\n|-ability|p2a: Mudsdale|Stamina|boost\n|-boost|p2a: Mudsdale|def|1\n|\n|-heal|p2a: Mudsdale|265/305|[from] item: Leftovers\n|upkeep\n|turn|3\n|\n|t:|1733874748\n|switch|p1a: Ludicolo|Ludicolo, L90, F|290/290\n|move|p2a: Mudsdale|Roar|p1a: Ludicolo\n|drag|p1a: Archaludon|Archaludon, L78, M|258/268\n|\n|-heal|p2a: Mudsdale|284/305|[from] item: Leftovers\n|upkeep\n|turn|4\n|\n|t:|1733874756\n|switch|p1a: Ludicolo|Ludicolo, L90, F|290/290\n|move|p2a: Mudsdale|Earthquake|p1a: Ludicolo\n|-resisted|p1a: Ludicolo\n|-damage|p1a: Ludicolo|215/290\n|\n|-heal|p2a: Mudsdale|303/305|[from] item: Leftovers\n|upkeep\n|turn|5\n|\n|t:|1733874767\n|switch|p2a: Vileplume|Vileplume, L85, F|266/266\n|move|p1a: Ludicolo|Hydro Pump|p2a: Vileplume\n|-resisted|p2a: Vileplume\n|-damage|p2a: Vileplume|173/266\n|\n|-heal|p2a: Vileplume|189/266|[from] item: Leftovers\n|upkeep\n|turn|6\n|\n|t:|1733874778\n|switch|p1a: Noctowl|Noctowl, L95, M|344/344\n|move|p2a: Vileplume|Strength Sap|p1a: Noctowl\n|-unboost|p1a: Noctowl|atk|1\n|-heal|p2a: Vileplume|266/266\n|\n|upkeep\n|turn|7\n|\n|t:|1733874799\n|switch|p2a: Dedenne|Dedenne, L88, M|261/261\n|move|p1a: Noctowl|Hurricane|p2a: Dedenne\n|-resisted|p2a: Dedenne\n|-damage|p2a: Dedenne|93/261\n|-start|p2a: Dedenne|confusion\n|-enditem|p2a: Dedenne|Sitrus Berry|[eat]\n|-heal|p2a: Dedenne|158/261|[from] item: Sitrus Berry\n|-heal|p2a: Dedenne|245/261|[from] ability: Cheek Pouch\n|\n|upkeep\n|turn|8\n|\n|t:|1733874813\n|-activate|p2a: Dedenne|confusion\n|-damage|p2a: Dedenne|217/261|[from] confusion\n|move|p1a: Noctowl|Calm Mind|p1a: Noctowl\n|-boost|p1a: Noctowl|spa|1\n|-boost|p1a: Noctowl|spd|1\n|\n|upkeep\n|turn|9\n|\n|t:|1733874819\n|-activate|p2a: Dedenne|confusion\n|move|p2a: Dedenne|Super Fang|p1a: Noctowl\n|-damage|p1a: Noctowl|172/344\n|move|p1a: Noctowl|Hyper Voice|p2a: Dedenne\n|-damage|p2a: Dedenne|6/261\n|\n|upkeep\n|turn|10\n|\n|t:|1733874827\n|-activate|p2a: Dedenne|confusion\n|move|p2a: Dedenne|U-turn|p1a: Noctowl\n|-resisted|p1a: Noctowl\n|-damage|p1a: Noctowl|147/344\n|\n|t:|1733874831\n|switch|p2a: Skuntank|Skuntank, L84, M|310/310|[from] U-turn\n|move|p1a: Noctowl|Roost|p1a: Noctowl\n|-heal|p1a: Noctowl|319/344\n|-singleturn|p1a: Noctowl|move: Roost\n|\n|upkeep\n|turn|11\n|\n|t:|1733874843\n|switch|p1a: Archaludon|Archaludon, L78, M|258/268\n|move|p2a: Skuntank|Taunt|p1a: Archaludon\n|-start|p1a: Archaludon|move: Taunt\n|\n|upkeep\n|turn|12\n|\n|t:|1733874852\n|switch|p2a: Mudsdale|Mudsdale, L84, F|303/305\n|move|p1a: Archaludon|Earthquake|p2a: Mudsdale\n|-damage|p2a: Mudsdale|242/305\n|-ability|p2a: Mudsdale|Stamina|boost\n|-boost|p2a: Mudsdale|def|1\n|\n|-heal|p2a: Mudsdale|261/305|[from] item: Leftovers\n|upkeep\n|turn|13\n|\n|t:|1733874861\n|switch|p1a: Volbeat|Volbeat, L90, M|263/263\n|move|p2a: Mudsdale|Roar|p1a: Volbeat\n|drag|p1a: Ludicolo|Ludicolo, L90, F|215/290\n|\n|-heal|p2a: Mudsdale|280/305|[from] item: Leftovers\n|upkeep\n|turn|14\n|\n|t:|1733874880\n|switch|p2a: Skuntank|Skuntank, L84, M|310/310\n|move|p1a: Ludicolo|Hydro Pump|p2a: Skuntank\n|-damage|p2a: Skuntank|46/310\n|\n|upkeep\n|turn|15\n|\n|t:|1733874896\n|switch|p1a: Archaludon|Archaludon, L78, M|258/268\n|move|p2a: Skuntank|Knock Off|p1a: Archaludon\n|-damage|p1a: Archaludon|148/268\n|-ability|p1a: Archaludon|Stamina|boost\n|-boost|p1a: Archaludon|def|1\n|-enditem|p1a: Archaludon|Lum Berry|[from] move: Knock Off|[of] p2a: Skuntank\n|-damage|p2a: Skuntank|15/310|[from] item: Life Orb\n|\n|upkeep\n|turn|16\n|\n|t:|1733874902\n|switch|p2a: Mudsdale|Mudsdale, L84, F|280/305\n|move|p1a: Archaludon|Swords Dance|p1a: Archaludon\n|-boost|p1a: Archaludon|atk|2\n|\n|-heal|p2a: Mudsdale|299/305|[from] item: Leftovers\n|upkeep\n|turn|17\n|\n|t:|1733874916\n|move|p1a: Archaludon|Outrage|p2a: Mudsdale\n|-damage|p2a: Mudsdale|67/305\n|-ability|p2a: Mudsdale|Stamina|boost\n|-boost|p2a: Mudsdale|def|1\n|move|p2a: Mudsdale|Earthquake|p1a: Archaludon\n|-supereffective|p1a: Archaludon\n|-damage|p1a: Archaludon|4/268\n|-ability|p1a: Archaludon|Stamina|boost\n|-boost|p1a: Archaludon|def|1\n|\n|-heal|p2a: Mudsdale|86/305|[from] item: Leftovers\n|upkeep\n|turn|18\n|\n|t:|1733874924\n|move|p1a: Archaludon|Outrage|p2a: Mudsdale|[from]lockedmove\n|-damage|p2a: Mudsdale|0 fnt\n|faint|p2a: Mudsdale\n|-start|p1a: Archaludon|confusion|[fatigue]\n|\n|upkeep\n|\n|t:|1733874930\n|switch|p2a: Flareon|Flareon, L90, M|263/263 tox\n|turn|19\n|\n|t:|1733874932\n|-activate|p1a: Archaludon|confusion\n|-damage|p1a: Archaludon|0 fnt|[from] confusion\n|faint|p1a: Archaludon\n|move|p2a: Flareon|Trailblaze|p1: Archaludon|[notarget]\n|-fail|p2a: Flareon\n|\n|-damage|p2a: Flareon|247/263 tox|[from] psn\n|upkeep\n|\n|t:|1733874938\n|switch|p1a: Ludicolo|Ludicolo, L90, F|215/290\n|turn|20\n|\n|t:|1733874944\n|switch|p2a: Vileplume|Vileplume, L85, F|266/266\n|move|p1a: Ludicolo|Hydro Pump|p2a: Vileplume|[miss]\n|-miss|p1a: Ludicolo|p2a: Vileplume\n|\n|upkeep\n|turn|21\n|\n|t:|1733874953\n|switch|p1a: Volbeat|Volbeat, L90, M|263/263\n|move|p2a: Vileplume|Sleep Powder|p1a: Volbeat\n|-status|p1a: Volbeat|slp|[from] move: Sleep Powder\n|\n|upkeep\n|turn|22\n|\n|t:|1733874961\n|switch|p1a: Noctowl|Noctowl, L95, M|319/344\n|switch|p2a: Flareon|Flareon, L90, M|247/263 tox\n|\n|-damage|p2a: Flareon|231/263 tox|[from] psn\n|upkeep\n|turn|23\n|\n|t:|1733874970\n|move|p1a: Noctowl|Hurricane|p2a: Flareon|[miss]\n|-miss|p1a: Noctowl|p2a: Flareon\n|move|p2a: Flareon|Trailblaze|p1a: Noctowl\n|-resisted|p1a: Noctowl\n|-damage|p1a: Noctowl|267/344\n|-boost|p2a: Flareon|spe|1\n|\n|-damage|p2a: Flareon|199/263 tox|[from] psn\n|upkeep\n|turn|24\n|-message|Thrown togethet forfeited.\n|\n|win|GooberGamer\n|raw|Thrown togethet's rating: 1781 &rarr; <strong>1760</strong><br />(-21 for losing)\n|raw|GooberGamer's rating: 1767 &rarr; <strong>1788</strong><br />(+21 for winning)\n|l|\u2606Thrown togethet\n|player|p1|\n", "inputlog": ">version bfd83cad13791eb5a5a409923076391caf6fb4d4\n>start {\"formatid\":\"gen9randombattle\",\"seed\":[60605,59774,6406,53005],\"rated\":\"Rated battle\"}\n>player p1 {\"name\":\"Thrown togethet\",\"avatar\":\"biker-gen4\",\"rating\":1781,\"seed\":[15725,29282,22213,6924]}\n>player p2 {\"name\":\"GooberGamer\",\"avatar\":\"policeman\",\"rating\":1767,\"seed\":[56070,17148,43910,43344]}\n>p1 switch 2\n>p2 move trailblaze\n>p1 move earthquake\n>p2 switch 6\n>p1 switch 3\n>p2 move roar\n>p1 switch 3\n>p2 move earthquake\n>p1 move hydropump\n>p2 switch 4\n>p1 switch 6\n>p2 move strengthsap\n>p1 move hurricane\n>p2 switch 5\n>p1 move calmmind\n>p2 move superfang\n>p1 move hypervoice\n>p2 move superfang\n>p1 move roost\n>p2 move uturn\n>p2 switch 3\n>p1 switch 3\n>p2 move taunt\n>p1 move earthquake\n>p2 switch 4\n>p1 switch 4\n>p2 move roar\n>p1 move hydropump\n>p2 switch 4\n>p1 switch 4\n>p2 move knockoff\n>p1 move swordsdance\n>p2 switch 4\n>p1 move outrage\n>p2 move earthquake\n>p1 move outrage\n>p2 move earthquake\n>p2 switch 6\n>p1 move earthquake\n>p2 move trailblaze\n>p1 switch 4\n>p1 move hydropump\n>p2 switch 5\n>p1 switch 6\n>p2 move sleeppowder\n>p1 switch 3\n>p2 switch 5\n>p1 move hurricane\n>p2 move trailblaze\n>forcelose p1", "uploadtime": 1733874976, "views": 1, "formatid": "gen9randombattle", "rating": 1760, "private": 0, "password": null}