{"id": "gen9randombattle-2260743440", "format": "[Gen 9] Random Battle", "players": ["Phonssssss", "FantasyWind"], "log": "|j|\u2606Phonssssss\n|j|\u203dFantasyWind\n|t:|1733885761\n|gametype|singles\n|player|p1|Phonssssss|265|1539\n|player|p2|FantasyWind|hilda|1545\n|teamsize|p1|6\n|teamsize|p2|6\n|gen|9\n|tier|[Gen 9] Random Battle\n|rated|\n|rule|Species Clause: Limit one of each Pok\u00e9mon\n|rule|HP Percentage Mod: HP is shown in percentages\n|rule|Sleep Clause Mod: Limit one foe put to sleep\n|rule|Illusion Level Mod: Illusion disguises the Pok\u00e9mon's true level\n|\n|t:|1733885761\n|start\n|switch|p1a: Magcargo|Magcargo, L95, M|268/268\n|switch|p2a: Walking Wake|Walking Wake, L79|286/286\n|turn|1\n|inactive|Battle timer is ON: inactive players will automatically lose when time's up. (requested by FantasyWind)\n|\n|t:|1733885769\n|switch|p1a: Mismagius|Mismagius, L86, F|243/243\n|move|p2a: Walking Wake|Flip Turn|p1a: Mismagius\n|-damage|p1a: Mismagius|179/243\n|\n|t:|1733885781\n|-end|p2a: Walking Wake|Protosynthesis|[silent]\n|switch|p2a: Minior|Minior-Orange, L79|224/224|[from] Flip Turn\n|-formechange|p2a: Minior|Minior-Meteor||[from] ability: Shields Down\n|\n|upkeep\n|turn|2\n|\n|t:|1733885790\n|move|p1a: Mismagius|Shadow Ball|p2a: Minior\n|-damage|p2a: Minior|114/224\n|-damage|p1a: Mismagius|155/243|[from] item: Life Orb\n|move|p2a: Minior|Shell Smash|p2a: Minior\n|-unboost|p2a: Minior|def|1\n|-unboost|p2a: Minior|spd|1\n|-boost|p2a: Minior|atk|2\n|-boost|p2a: Minior|spa|2\n|-boost|p2a: Minior|spe|2\n|-enditem|p2a: Minior|White Herb\n|-clearnegativeboost|p2a: Minior|[silent]\n|\n|upkeep\n|turn|3\n|\n|t:|1733885808\n|move|p2a: Minior|Acrobatics|p1a: Mismagius\n|-damage|p1a: Mismagius|0 fnt\n|faint|p1a: Mismagius\n|\n|upkeep\n|\n|t:|1733885813\n|switch|p1a: Urshifu|Urshifu-Rapid-Strike, L75, F|274/274\n|turn|4\n|\n|t:|1733885818\n|move|p1a: Urshifu|Surging Strikes|p2a: Minior\n|-supereffective|p2a: Minior\n|-crit|p2a: Minior\n|-damage|p2a: Minior|30/224\n|-supereffective|p2a: Minior\n|-crit|p2a: Minior\n|-damage|p2a: Minior|0 fnt\n|faint|p2a: Minior\n|-hitcount|p2: Minior|2\n|\n|upkeep\n|\n|t:|1733885824\n|switch|p2a: Corviknight|Corviknight, L80, M|288/288\n|turn|5\n|\n|t:|1733885836\n|switch|p1a: Electrode|Electrode, L92|260/260\n|move|p2a: Corviknight|U-turn|p1a: Electrode\n|-damage|p1a: Electrode|218/260\n|\n|t:|1733885842\n|switch|p2a: Mamoswine|Mamoswine, L81, M|311/311|[from] U-turn\n|\n|upkeep\n|turn|6\n|\n|t:|1733885850\n|switch|p1a: Vikavolt|Vikavolt, L83, F|263/263\n|move|p2a: Mamoswine|Stealth Rock|p1a: Vikavolt\n|-sidestart|p1: Phonssssss|move: Stealth Rock\n|\n|upkeep\n|turn|7\n|\n|t:|1733885857\n|move|p2a: Mamoswine|Icicle Crash|p1a: Vikavolt\n|-damage|p1a: Vikavolt|137/263\n|-damage|p2a: Mamoswine|280/311|[from] item: Life Orb\n|move|p1a: Vikavolt|Sticky Web|p2a: Mamoswine\n|-sidestart|p2: FantasyWind|move: Sticky Web\n|\n|upkeep\n|turn|8\n|\n|t:|1733885862\n|move|p2a: Mamoswine|Icicle Crash|p1a: Vikavolt\n|-damage|p1a: Vikavolt|1/263\n|-damage|p2a: Mamoswine|249/311|[from] item: Life Orb\n|cant|p1a: Vikavolt|flinch\n|\n|upkeep\n|turn|9\n|\n|t:|1733885865\n|move|p2a: Mamoswine|Ice Shard|p1a: Vikavolt\n|-damage|p1a: Vikavolt|0 fnt\n|faint|p1a: Vikavolt\n|-damage|p2a: Mamoswine|218/311|[from] item: Life Orb\n|\n|upkeep\n|\n|t:|1733885869\n|switch|p1a: Urshifu|Urshifu-Rapid-Strike, L75, F|274/274\n|-damage|p1a: Urshifu|257/274|[from] Stealth Rock\n|turn|10\n|\n|t:|1733885898\n|switch|p2a: Walking Wake|Walking Wake, L79|286/286\n|-activate|p2a: Walking Wake|move: Sticky Web\n|-unboost|p2a: Walking Wake|spe|1\n|move|p1a: Urshifu|Surging Strikes|p2a: Walking Wake\n|-resisted|p2a: Walking Wake\n|-crit|p2a: Walking Wake\n|-damage|p2a: Walking Wake|276/286\n|-resisted|p2a: Walking Wake\n|-crit|p2a: Walking Wake\n|-damage|p2a: Walking Wake|265/286\n|-resisted|p2a: Walking Wake\n|-crit|p2a: Walking Wake\n|-damage|p2a: Walking Wake|253/286\n|-hitcount|p2a: Walking Wake|3\n|\n|upkeep\n|turn|11\n|\n|t:|1733885907\n|switch|p1a: Electrode|Electrode, L92|218/260\n|-damage|p1a: Electrode|186/260|[from] Stealth Rock\n|move|p2a: Walking Wake|Flip Turn|p1a: Electrode\n|-damage|p1a: Electrode|132/260\n|\n|t:|1733885910\n|-end|p2a: Walking Wake|Protosynthesis|[silent]\n|switch|p2a: Mamoswine|Mamoswine, L81, M|218/311|[from] Flip Turn\n|-activate|p2a: Mamoswine|move: Sticky Web\n|-unboost|p2a: Mamoswine|spe|1\n|\n|upkeep\n|turn|12\n|-message|Phonssssss forfeited.\n|\n|win|FantasyWind\n|raw|Phonssssss's rating: 1539 &rarr; <strong>1519</strong><br />(-20 for losing)\n|raw|FantasyWind's rating: 1545 &rarr; <strong>1565</strong><br />(+20 for winning)\n|l|\u2606Phonssssss\n|player|p1|\n", "inputlog": ">version bfd83cad13791eb5a5a409923076391caf6fb4d4\n>start {\"formatid\":\"gen9randombattle\",\"seed\":[60550,60614,22369,2659],\"rated\":\"Rated battle\"}\n>player p1 {\"name\":\"Phonssssss\",\"avatar\":\"265\",\"rating\":1539,\"seed\":[30481,18174,2087,38614]}\n>player p2 {\"name\":\"FantasyWind\",\"avatar\":\"hilda\",\"rating\":1545,\"seed\":[25510,25426,46773,23798]}\n>p1 switch 5\n>p2 move flipturn\n>p2 switch 4\n>p1 move shadowball\n>p2 move shellsmash\n>p1 move shadowball\n>p2 move acrobatics\n>p1 switch 3\n>p1 move surgingstrikes\n>p2 move acrobatics\n>p2 switch 3\n>p1 switch 4\n>p2 move uturn\n>p2 switch 6\n>p1 switch 6\n>p2 move stealthrock\n>p1 move stickyweb\n>p2 move iciclecrash\n>p1 move energyball\n>p2 move iciclecrash\n>p1 move energyball\n>p2 move iceshard\n>p1 switch 4\n>p1 move surgingstrikes\n>p2 switch 4\n>p1 switch 6\n>p2 move flipturn\n>p2 switch 4\n>forcelose p1", "uploadtime": 1733885913, "views": 6, "formatid": "gen9randombattle", "rating": 1519, "private": 0, "password": null}