{"id": "gen9randombattle-2260365563", "format": "[Gen 9] Random Battle", "players": ["Enoque08", "Axelace"], "log": "|j|\u2606Enoque08\n|j|\u2606Axelace\n|t:|1733844428\n|gametype|singles\n|player|p1|Enoque08|ghetsis-gen5bw|1968\n|player|p2|Axelace|102|2023\n|teamsize|p1|6\n|teamsize|p2|6\n|gen|9\n|tier|[Gen 9] Random Battle\n|rated|\n|rule|Species Clause: Limit one of each Pok\u00e9mon\n|rule|HP Percentage Mod: HP is shown in percentages\n|rule|Sleep Clause Mod: Limit one foe put to sleep\n|rule|Illusion Level Mod: Illusion disguises the Pok\u00e9mon's true level\n|\n|t:|1733844428\n|start\n|switch|p1a: Flygon|Flygon, L82, M|265/265\n|switch|p2a: Iron Jugulis|Iron Jugulis, L78|275/275\n|turn|1\n|inactive|Battle timer is ON: inactive players will automatically lose when time's up. (requested by Enoque08)\n|\n|t:|1733844444\n|move|p2a: Iron Jugulis|Dark Pulse|p1a: Flygon\n|-damage|p1a: Flygon|163/265\n|move|p1a: Flygon|Dragon Dance|p1a: Flygon\n|-boost|p1a: Flygon|atk|1\n|-boost|p1a: Flygon|spe|1\n|\n|upkeep\n|turn|2\n|\n|t:|1733844453\n|-end|p2a: Iron Jugulis|Quark Drive|[silent]\n|switch|p2a: Houndstone|Houndstone, L86, M|264/264\n|move|p1a: Flygon|Stone Edge|p2a: Houndstone\n|-damage|p2a: Houndstone|169/264\n|\n|upkeep\n|turn|3\n|\n|t:|1733844461\n|move|p1a: Flygon|Outrage|p2a: Houndstone\n|-damage|p2a: Houndstone|91/264\n|move|p2a: Houndstone|Play Rough|p1a: Flygon\n|-supereffective|p1a: Flygon\n|-damage|p1a: Flygon|23/265\n|\n|upkeep\n|turn|4\n|\n|t:|1733844468\n|move|p2a: Houndstone|Shadow Sneak|p1a: Flygon\n|-damage|p1a: Flygon|0 fnt\n|faint|p1a: Flygon\n|\n|upkeep\n|\n|t:|1733844479\n|switch|p1a: Kricketune|Kricketune, L99, M|312/312\n|turn|5\n|\n|t:|1733844486\n|move|p1a: Kricketune|Pounce|p2a: Houndstone\n|-resisted|p2a: Houndstone\n|-damage|p2a: Houndstone|70/264\n|-unboost|p2a: Houndstone|spe|1\n|move|p2a: Houndstone|Poltergeist|p1a: Kricketune\n|-activate|p1a: Kricketune|move: Poltergeist|Heavy-Duty Boots\n|-damage|p1a: Kricketune|158/312\n|\n|upkeep\n|turn|6\n|\n|t:|1733844495\n|move|p1a: Kricketune|Sticky Web|p2a: Houndstone\n|-sidestart|p2: Axelace|move: Sticky Web\n|move|p2a: Houndstone|Poltergeist|p1a: Kricketune\n|-activate|p1a: Kricketune|move: Poltergeist|Heavy-Duty Boots\n|-damage|p1a: Kricketune|0 fnt\n|faint|p1a: Kricketune\n|\n|upkeep\n|\n|t:|1733844508\n|switch|p1a: Barraskewda|Barraskewda, L81, F|231/231\n|turn|7\n|\n|t:|1733844511\n|move|p1a: Barraskewda|Flip Turn|p2a: Houndstone\n|-damage|p2a: Houndstone|19/264\n|\n|t:|1733844514\n|switch|p1a: Malamar|Malamar, L82, F|275/275|[from] Flip Turn\n|move|p2a: Houndstone|Poltergeist|p1a: Malamar\n|-activate|p1a: Malamar|move: Poltergeist|Leftovers\n|-damage|p1a: Malamar|148/275\n|\n|-heal|p1a: Malamar|165/275|[from] item: Leftovers\n|upkeep\n|turn|8\n|\n|t:|1733844523\n|move|p1a: Malamar|Knock Off|p2a: Houndstone\n|-supereffective|p2a: Houndstone\n|-damage|p2a: Houndstone|0 fnt\n|-enditem|p2a: Houndstone|Assault Vest|[from] move: Knock Off|[of] p1a: Malamar\n|faint|p2a: Houndstone\n|\n|-heal|p1a: Malamar|182/275|[from] item: Leftovers\n|upkeep\n|\n|t:|1733844531\n|switch|p2a: Cramorant|Cramorant, L86, F|261/261\n|turn|9\n|\n|t:|1733844538\n|move|p2a: Cramorant|Surf|p1a: Malamar\n|-formechange|p2a: Cramorant|Cramorant-Gulping|\n|-damage|p1a: Malamar|73/275\n|move|p1a: Malamar|Superpower|p2a: Cramorant\n|-resisted|p2a: Cramorant\n|-damage|p2a: Cramorant|211/261\n|-boost|p1a: Malamar|atk|1\n|-boost|p1a: Malamar|def|1\n|-damage|p1a: Malamar|5/275|[from] ability: Gulp Missile|[of] p2a: Cramorant\n|-boost|p1a: Malamar|def|1\n|-formechange|p2a: Cramorant|Cramorant|\n|\n|-heal|p1a: Malamar|22/275|[from] item: Leftovers\n|upkeep\n|turn|10\n|\n|t:|1733844551\n|move|p2a: Cramorant|Surf|p1a: Malamar\n|-formechange|p2a: Cramorant|Cramorant-Gulping|\n|-damage|p1a: Malamar|0 fnt\n|faint|p1a: Malamar\n|\n|upkeep\n|\n|t:|1733844559\n|switch|p1a: Giratina|Giratina, L75|349/349\n|-ability|p1a: Giratina|Pressure\n|turn|11\n|\n|t:|1733844564\n|move|p2a: Cramorant|Defog|p1a: Giratina\n|-unboost|p1a: Giratina|evasion|1\n|-sideend|p2: Axelace|Sticky Web|[from] move: Defog|[of] p2a: Cramorant\n|move|p1a: Giratina|Dragon Tail|p2a: Cramorant\n|-crit|p2a: Cramorant\n|-damage|p2a: Cramorant|105/261\n|-damage|p1a: Giratina|262/349|[from] ability: Gulp Missile|[of] p2a: Cramorant\n|-unboost|p1a: Giratina|def|1\n|-formechange|p2a: Cramorant|Cramorant|\n|drag|p2a: Quaquaval|Quaquaval, L79, M|264/264\n|\n|upkeep\n|turn|12\n|\n|t:|1733844577\n|switch|p1a: Drifblim|Drifblim, L86, M|396/396\n|move|p2a: Quaquaval|Triple Axel|p1a: Drifblim\n|-supereffective|p1a: Drifblim\n|-crit|p1a: Drifblim\n|-damage|p1a: Drifblim|310/396\n|-supereffective|p1a: Drifblim\n|-damage|p1a: Drifblim|185/396\n|-enditem|p1a: Drifblim|Sitrus Berry|[eat]\n|-heal|p1a: Drifblim|284/396|[from] item: Sitrus Berry\n|-supereffective|p1a: Drifblim\n|-damage|p1a: Drifblim|112/396\n|-hitcount|p1a: Drifblim|3\n|-damage|p2a: Quaquaval|238/264|[from] item: Life Orb\n|\n|upkeep\n|turn|13\n|\n|t:|1733844591\n|move|p1a: Drifblim|Strength Sap|p2a: Quaquaval\n|-unboost|p2a: Quaquaval|atk|1\n|-heal|p1a: Drifblim|347/396\n|move|p2a: Quaquaval|Triple Axel|p1a: Drifblim\n|-supereffective|p1a: Drifblim\n|-damage|p1a: Drifblim|305/396\n|-supereffective|p1a: Drifblim\n|-damage|p1a: Drifblim|230/396\n|-supereffective|p1a: Drifblim\n|-damage|p1a: Drifblim|116/396\n|-hitcount|p1a: Drifblim|3\n|-damage|p2a: Quaquaval|212/264|[from] item: Life Orb\n|\n|upkeep\n|turn|14\n|\n|t:|1733844605\n|move|p1a: Drifblim|Strength Sap|p2a: Quaquaval\n|-unboost|p2a: Quaquaval|atk|1\n|-heal|p1a: Drifblim|272/396\n|move|p2a: Quaquaval|Triple Axel|p1a: Drifblim\n|-supereffective|p1a: Drifblim\n|-damage|p1a: Drifblim|236/396\n|-supereffective|p1a: Drifblim\n|-damage|p1a: Drifblim|168/396\n|-supereffective|p1a: Drifblim\n|-damage|p1a: Drifblim|72/396\n|-hitcount|p1a: Drifblim|3\n|-damage|p2a: Quaquaval|186/264|[from] item: Life Orb\n|\n|upkeep\n|turn|15\n|\n|t:|1733844618\n|move|p1a: Drifblim|Air Slash|p2a: Quaquaval\n|-supereffective|p2a: Quaquaval\n|-damage|p2a: Quaquaval|0 fnt\n|faint|p2a: Quaquaval\n|\n|upkeep\n|\n|t:|1733844626\n|switch|p2a: Serperior|Serperior, L79, M|248/248\n|turn|16\n|\n|t:|1733844631\n|move|p1a: Drifblim|Air Slash|p2a: Serperior\n|-supereffective|p2a: Serperior\n|-damage|p2a: Serperior|90/248\n|cant|p2a: Serperior|flinch\n|\n|upkeep\n|turn|17\n|\n|t:|1733844637\n|move|p1a: Drifblim|Air Slash|p2a: Serperior|[miss]\n|-miss|p1a: Drifblim|p2a: Serperior\n|move|p2a: Serperior|Glare|p1a: Drifblim\n|-status|p1a: Drifblim|par\n|\n|upkeep\n|turn|18\n|\n|t:|1733844644\n|move|p2a: Serperior|Dragon Pulse|p1a: Drifblim\n|-damage|p1a: Drifblim|0 fnt\n|faint|p1a: Drifblim\n|-damage|p2a: Serperior|66/248|[from] item: Life Orb\n|\n|upkeep\n|\n|t:|1733844652\n|switch|p1a: Barraskewda|Barraskewda, L81, F|231/231\n|turn|19\n|\n|t:|1733844665\n|-terastallize|p1a: Barraskewda|Water\n|move|p1a: Barraskewda|Flip Turn|p2a: Serperior\n|-resisted|p2a: Serperior\n|-damage|p2a: Serperior|0 fnt\n|faint|p2a: Serperior\n|\n|t:|1733844667\n|switch|p1a: Giratina|Giratina, L75|262/349|[from] Flip Turn\n|-ability|p1a: Giratina|Pressure\n|\n|upkeep\n|\n|t:|1733844675\n|switch|p2a: Glastrier|Glastrier, L86|312/312\n|turn|20\n|\n|t:|1733844679\n|move|p2a: Glastrier|Icicle Crash|p1a: Giratina\n|-supereffective|p1a: Giratina\n|-damage|p1a: Giratina|40/349\n|move|p1a: Giratina|Dragon Tail|p2a: Glastrier\n|-damage|p2a: Glastrier|269/312\n|drag|p2a: Iron Jugulis|Iron Jugulis, L78|275/275\n|\n|upkeep\n|turn|21\n|\n|t:|1733844688\n|move|p2a: Iron Jugulis|Meteor Beam||[still]\n|-prepare|p2a: Iron Jugulis|Meteor Beam\n|-boost|p2a: Iron Jugulis|spa|1\n|-enditem|p2a: Iron Jugulis|Power Herb\n|-anim|p2a: Iron Jugulis|Meteor Beam|p1a: Giratina\n|-damage|p1a: Giratina|0 fnt\n|faint|p1a: Giratina\n|\n|upkeep\n|\n|t:|1733844690\n|switch|p1a: Barraskewda|Barraskewda, L81, F, tera:Water|231/231\n|turn|22\n|\n|t:|1733844697\n|move|p1a: Barraskewda|Waterfall|p2a: Iron Jugulis\n|-damage|p2a: Iron Jugulis|47/275\n|move|p2a: Iron Jugulis|Dark Pulse|p1a: Barraskewda\n|-damage|p1a: Barraskewda|45/231\n|\n|upkeep\n|turn|23\n|\n|t:|1733844702\n|move|p1a: Barraskewda|Waterfall|p2a: Iron Jugulis\n|-damage|p2a: Iron Jugulis|0 fnt\n|faint|p2a: Iron Jugulis\n|-end|p2a: Iron Jugulis|Quark Drive|[silent]\n|\n|upkeep\n|\n|t:|1733844708\n|switch|p2a: Cramorant|Cramorant, L86, F|105/261\n|turn|24\n|\n|t:|1733844711\n|move|p1a: Barraskewda|Waterfall|p2a: Cramorant\n|-resisted|p2a: Cramorant\n|-damage|p2a: Cramorant|0 fnt\n|faint|p2a: Cramorant\n|\n|upkeep\n|\n|t:|1733844715\n|switch|p2a: Glastrier|Glastrier, L86|269/312\n|turn|25\n|\n|t:|1733844720\n|move|p1a: Barraskewda|Waterfall|p2a: Glastrier\n|-damage|p2a: Glastrier|143/312\n|cant|p2a: Glastrier|flinch\n|\n|upkeep\n|turn|26\n|\n|t:|1733844724\n|move|p1a: Barraskewda|Waterfall|p2a: Glastrier\n|-crit|p2a: Glastrier\n|-damage|p2a: Glastrier|0 fnt\n|faint|p2a: Glastrier\n|\n|win|Enoque08\n|raw|Enoque08's rating: 1968 &rarr; <strong>1991</strong><br />(+23 for winning)\n|raw|Axelace's rating: 2023 &rarr; <strong>2000</strong><br />(-23 for losing)\n|c|\u2606Enoque08|oh I got really lucky\n|c|\u2606Enoque08|mb\n|c|\u2606Enoque08|gg\n|c|\u2606Axelace|fair enough\n|c|\u2606Axelace|gg\n", "inputlog": ">version bfd83cad13791eb5a5a409923076391caf6fb4d4\n>start {\"formatid\":\"gen9randombattle\",\"seed\":[53558,40666,59676,60026],\"rated\":\"Rated battle\"}\n>player p1 {\"name\":\"Enoque08\",\"avatar\":\"ghetsis-gen5bw\",\"rating\":1968,\"seed\":[29169,51530,64028,58775]}\n>player p2 {\"name\":\"Axelace\",\"avatar\":\"102\",\"rating\":2023,\"seed\":[55086,14490,19224,14694]}\n>p1 move dragondance\n>p2 move darkpulse\n>p1 move stoneedge\n>p2 switch 2\n>p1 move outrage\n>p2 move playrough\n>p1 move outrage\n>p2 move shadowsneak\n>p1 switch 4\n>p1 move pounce\n>p2 move poltergeist\n>p1 move stickyweb\n>p2 move poltergeist\n>p1 switch 6\n>p1 move flipturn\n>p2 move poltergeist\n>p1 switch 2\n>p1 move knockoff\n>p2 move playrough\n>p2 switch 3\n>p1 move superpower\n>p2 move surf\n>p1 move rest\n>p2 move surf\n>p1 switch 5\n>p1 move dragontail\n>p2 move defog\n>p1 switch 3\n>p2 move tripleaxel\n>p1 move strengthsap\n>p2 move tripleaxel\n>p1 move strengthsap\n>p2 move tripleaxel\n>p1 move airslash\n>p2 move tripleaxel\n>p2 switch 6\n>p1 move airslash\n>p2 move glare\n>p1 move airslash\n>p2 move glare\n>p1 move airslash\n>p2 move dragonpulse\n>p1 switch 2\n>p1 move flipturn terastallize\n>p2 move leafstorm\n>p1 switch 3\n>p2 switch 4\n>p1 move dragontail\n>p2 move iciclecrash\n>p1 move dragontail\n>p2 move meteorbeam\n>p1 switch 3\n>p1 move waterfall\n>p2 move darkpulse\n>p1 move waterfall\n>p2 move darkpulse\n>p2 switch 5\n>p1 move waterfall\n>p2 move surf\n>p2 switch 2\n>p1 move waterfall\n>p2 move closecombat\n>p1 move waterfall\n>p2 move closecombat", "uploadtime": 1733844741, "views": 2, "formatid": "gen9randombattle", "rating": 1991, "private": 0, "password": null}