{"id": "gen9randombattle-2201760563", "format": "[Gen 9] Random Battle", "players": ["Hinbass", "RBLT Ilex"], "log": "|badge|p2|silver|gen9randombattle|30-2\n|uhtml|medal-msg|<div class=\"broadcast-blue\">Curious what those medals under the avatar are? PS now has Ladder Seasons! For more information, check out the <a href=\"https://www.smogon.com/forums/threads/3740067/\">thread on Smogon.</a></div>\n|raw|<div class=\"broadcast-blue\"><strong>This battle is required to be public due to a player having a name starting with 'rblt'.</div>\n|j|\u2606Hinbass\n|j|\u2606RBLT Ilex\n|t:|1726353085\n|gametype|singles\n|player|p1|Hinbass|265|2234\n|player|p2|RBLT Ilex|kris-masters|2487\n|teamsize|p1|6\n|teamsize|p2|6\n|gen|9\n|tier|[Gen 9] Random Battle\n|rated|\n|rule|Species Clause: Limit one of each Pok\u00e9mon\n|rule|HP Percentage Mod: HP is shown in percentages\n|rule|Sleep Clause Mod: Limit one foe put to sleep\n|rule|Illusion Level Mod: Illusion disguises the Pok\u00e9mon's true level\n|\n|t:|1726353085\n|start\n|switch|p1a: Flareon|Flareon, L90, F|263/263\n|switch|p2a: Palossand|Palossand, L89, F|296/296\n|turn|1\n|inactive|Battle timer is ON: inactive players will automatically lose when time's up. (requested by Hinbass)\n|\n|t:|1726353108\n|move|p1a: Flareon|Will-O-Wisp|p2a: Palossand\n|-status|p2a: Palossand|brn\n|move|p2a: Palossand|Earth Power|p1a: Flareon\n|-supereffective|p1a: Flareon\n|-damage|p1a: Flareon|95/263\n|\n|-damage|p2a: Palossand|278/296 brn|[from] brn\n|-status|p1a: Flareon|tox|[from] item: Toxic Orb\n|upkeep\n|turn|2\n|\n|t:|1726353120\n|move|p1a: Flareon|Flare Blitz|p2a: Palossand\n|-damage|p2a: Palossand|64/296 brn\n|-damage|p1a: Flareon|24/263 tox|[from] Recoil\n|move|p2a: Palossand|Shore Up|p2a: Palossand\n|-heal|p2a: Palossand|212/296 brn\n|\n|-heal|p2a: Palossand|230/296 brn|[from] item: Leftovers\n|-damage|p1a: Flareon|8/263 tox|[from] psn\n|-damage|p2a: Palossand|212/296 brn|[from] brn\n|upkeep\n|turn|3\n|\n|t:|1726353130\n|switch|p2a: Milotic|Milotic, L83, F|293/293\n|move|p1a: Flareon|Flare Blitz|p2a: Milotic\n|-resisted|p2a: Milotic\n|-damage|p2a: Milotic|151/293\n|-damage|p1a: Flareon|0 fnt|[from] Recoil\n|faint|p1a: Flareon\n|\n|-heal|p2a: Milotic|169/293|[from] item: Leftovers\n|upkeep\n|\n|t:|1726353140\n|switch|p1a: Crawdaunt|Crawdaunt, L84, F|243/243\n|turn|4\n|\n|t:|1726353149\n|move|p2a: Milotic|Scald|p1a: Crawdaunt\n|-resisted|p1a: Crawdaunt\n|-damage|p1a: Crawdaunt|183/243\n|move|p1a: Crawdaunt|Knock Off|p2a: Milotic\n|-damage|p2a: Milotic|0 fnt\n|-enditem|p2a: Milotic|Leftovers|[from] move: Knock Off|[of] p1a: Crawdaunt\n|faint|p2a: Milotic\n|-damage|p1a: Crawdaunt|159/243|[from] item: Life Orb\n|\n|upkeep\n|\n|t:|1726353175\n|switch|p2a: Urshifu|Urshifu-Rapid-Strike, L75, M|274/274\n|turn|5\n|\n|t:|1726353180\n|switch|p1a: Lumineon|Lumineon, L93, F|279/279\n|move|p2a: Urshifu|U-turn|p1a: Lumineon\n|-damage|p1a: Lumineon|231/279\n|\n|t:|1726353193\n|switch|p2a: Indeedee|Indeedee, L84, M|238/238|[from] U-turn\n|-fieldstart|move: Psychic Terrain|[from] ability: Psychic Surge|[of] p2a: Indeedee\n|\n|upkeep\n|turn|6\n|\n|t:|1726353198\n|move|p1a: Lumineon|Hydro Pump|p2a: Indeedee|[miss]\n|-miss|p1a: Lumineon|p2a: Indeedee\n|move|p2a: Indeedee|Expanding Force|p1a: Lumineon\n|-damage|p1a: Lumineon|24/279\n|-damage|p2a: Indeedee|215/238|[from] item: Life Orb\n|\n|upkeep\n|turn|7\n|\n|t:|1726353209\n|switch|p2a: Urshifu|Urshifu-Rapid-Strike, L75, M|274/274\n|move|p1a: Lumineon|Hydro Pump|p2a: Urshifu\n|-resisted|p2a: Urshifu\n|-damage|p2a: Urshifu|166/274\n|-damage|p1a: Lumineon|0 fnt|[from] item: Life Orb\n|faint|p1a: Lumineon\n|\n|upkeep\n|\n|t:|1726353221\n|switch|p1a: Dipplin|Dipplin, L88, F|284/284\n|turn|8\n|\n|t:|1726353232\n|move|p2a: Urshifu|U-turn|p1a: Dipplin\n|-supereffective|p1a: Dipplin\n|-damage|p1a: Dipplin|224/284\n|\n|t:|1726353234\n|switch|p2a: Meowstic|Meowstic, L89, M|277/277|[from] U-turn\n|move|p1a: Dipplin|Giga Drain|p2a: Meowstic\n|-damage|p2a: Meowstic|186/277\n|-heal|p1a: Dipplin|270/284|[from] drain|[of] p2a: Meowstic\n|\n|upkeep\n|turn|9\n|\n|t:|1726353239\n|switch|p1a: Crawdaunt|Crawdaunt, L84, F|159/243\n|move|p2a: Meowstic|Psychic Noise|p1a: Crawdaunt\n|-immune|p1a: Crawdaunt\n|\n|-fieldend|move: Psychic Terrain\n|upkeep\n|turn|10\n|\n|t:|1726353256\n|-terastallize|p2a: Meowstic|Fairy\n|move|p2a: Meowstic|Alluring Voice|p1a: Crawdaunt\n|-supereffective|p1a: Crawdaunt\n|-damage|p1a: Crawdaunt|0 fnt\n|faint|p1a: Crawdaunt\n|\n|upkeep\n|\n|t:|1726353263\n|switch|p1a: Reshiram|Reshiram, L76|277/277\n|-ability|p1a: Reshiram|Turboblaze\n|turn|11\n|\n|t:|1726353273\n|move|p2a: Meowstic|Light Screen|p2a: Meowstic\n|-sidestart|p2: RBLT Ilex|move: Light Screen\n|move|p1a: Reshiram|Blue Flare|p2a: Meowstic\n|-damage|p2a: Meowstic|98/277\n|\n|upkeep\n|turn|12\n|\n|t:|1726353286\n|switch|p2a: Palossand|Palossand, L89, F|212/296 brn\n|move|p1a: Reshiram|Blue Flare|p2a: Palossand\n|-damage|p2a: Palossand|119/296 brn\n|\n|-heal|p2a: Palossand|137/296 brn|[from] item: Leftovers\n|-damage|p2a: Palossand|119/296 brn|[from] brn\n|upkeep\n|turn|13\n|\n|t:|1726353295\n|move|p1a: Reshiram|Blue Flare|p2a: Palossand\n|-damage|p2a: Palossand|37/296 brn\n|move|p2a: Palossand|Stealth Rock|p1a: Reshiram\n|-sidestart|p1: Hinbass|move: Stealth Rock\n|\n|-heal|p2a: Palossand|55/296 brn|[from] item: Leftovers\n|-damage|p2a: Palossand|37/296 brn|[from] brn\n|upkeep\n|turn|14\n|\n|t:|1726353299\n|move|p1a: Reshiram|Blue Flare|p2a: Palossand\n|-damage|p2a: Palossand|0 fnt\n|faint|p2a: Palossand\n|\n|upkeep\n|\n|t:|1726353304\n|switch|p2a: Indeedee|Indeedee, L84, M|215/238\n|-fieldstart|move: Psychic Terrain|[from] ability: Psychic Surge|[of] p2a: Indeedee\n|turn|15\n|\n|t:|1726353310\n|move|p2a: Indeedee|Calm Mind|p2a: Indeedee\n|-boost|p2a: Indeedee|spa|1\n|-boost|p2a: Indeedee|spd|1\n|move|p1a: Reshiram|Dragon Tail|p2a: Indeedee\n|-damage|p2a: Indeedee|127/238\n|drag|p2a: Meowstic|Meowstic, L89, M, tera:Fairy|98/277\n|\n|upkeep\n|turn|16\n|\n|t:|1726353318\n|switch|p2a: Indeedee|Indeedee, L84, M|127/238\n|move|p1a: Reshiram|Blue Flare|p2a: Indeedee\n|-damage|p2a: Indeedee|58/238\n|\n|upkeep\n|turn|17\n|\n|t:|1726353323\n|move|p2a: Indeedee|Expanding Force|p1a: Reshiram\n|-damage|p1a: Reshiram|90/277\n|-damage|p2a: Indeedee|35/238|[from] item: Life Orb\n|move|p1a: Reshiram|Dragon Tail|p2a: Indeedee\n|-damage|p2a: Indeedee|0 fnt\n|faint|p2a: Indeedee\n|\n|upkeep\n|\n|t:|1726353337\n|switch|p2a: Meowstic|Meowstic, L89, M, tera:Fairy|98/277\n|turn|18\n|\n|t:|1726353346\n|move|p2a: Meowstic|Psychic Noise|p1a: Reshiram\n|-damage|p1a: Reshiram|8/277\n|-start|p1a: Reshiram|move: Heal Block\n|move|p1a: Reshiram|Dragon Tail|p2a: Meowstic\n|-immune|p2a: Meowstic\n|\n|-sideend|p2: RBLT Ilex|move: Light Screen\n|upkeep\n|turn|19\n|\n|t:|1726353353\n|move|p2a: Meowstic|Psychic Noise|p1a: Reshiram\n|-damage|p1a: Reshiram|0 fnt\n|faint|p1a: Reshiram\n|\n|-fieldend|move: Psychic Terrain\n|upkeep\n|\n|t:|1726353357\n|switch|p1a: Crabominable|Crabominable, L90, F|321/321\n|-damage|p1a: Crabominable|281/321|[from] Stealth Rock\n|turn|20\n|\n|t:|1726353371\n|switch|p2a: Urshifu|Urshifu-Rapid-Strike, L75, M|166/274\n|move|p1a: Crabominable|Ice Hammer|p2a: Urshifu\n|-resisted|p2a: Urshifu\n|-damage|p2a: Urshifu|22/274\n|-unboost|p1a: Crabominable|spe|1\n|\n|upkeep\n|turn|21\n|\n|t:|1726353383\n|move|p2a: Urshifu|Close Combat|p1a: Crabominable\n|-supereffective|p1a: Crabominable\n|-damage|p1a: Crabominable|0 fnt\n|-unboost|p2a: Urshifu|def|1\n|-unboost|p2a: Urshifu|spd|1\n|faint|p1a: Crabominable\n|\n|upkeep\n|\n|t:|1726353386\n|switch|p1a: Dipplin|Dipplin, L88, F|270/284\n|-damage|p1a: Dipplin|235/284|[from] Stealth Rock\n|turn|22\n|\n|t:|1726353388\n|move|p2a: Urshifu|Close Combat|p1a: Dipplin\n|-damage|p1a: Dipplin|159/284\n|-unboost|p2a: Urshifu|def|1\n|-unboost|p2a: Urshifu|spd|1\n|move|p1a: Dipplin|Giga Drain|p2a: Urshifu\n|-supereffective|p2a: Urshifu\n|-damage|p2a: Urshifu|0 fnt\n|-heal|p1a: Dipplin|170/284|[from] drain|[of] p2a: Urshifu\n|faint|p2a: Urshifu\n|\n|upkeep\n|\n|t:|1726353393\n|switch|p2a: Meowstic|Meowstic, L89, M, tera:Fairy|98/277\n|turn|23\n|\n|t:|1726353396\n|-terastallize|p1a: Dipplin|Steel\n|move|p2a: Meowstic|Psychic Noise|p1a: Dipplin\n|-resisted|p1a: Dipplin\n|-damage|p1a: Dipplin|143/284\n|-start|p1a: Dipplin|move: Heal Block\n|cant|p1a: Dipplin|move: Heal Block|Giga Drain\n|\n|upkeep\n|turn|24\n|-message|Hinbass forfeited.\n|\n|win|RBLT Ilex\n|raw|Hinbass's rating: 2234 &rarr; <strong>2226</strong><br />(-8 for losing)\n|raw|RBLT Ilex's rating: 2487 &rarr; <strong>2495</strong><br />(+8 for winning)\n|l|\u2606Hinbass\n|player|p1|\n|j| Revival Tour\n|l| Revival Tour\n", "inputlog": ">version abcf08933808d3fb39dbc2b54a8665d830b47482\n>start {\"formatid\":\"gen9randombattle\",\"seed\":[12583,16982,39772,14833],\"rated\":\"Rated battle\"}\n>player p1 {\"name\":\"Hinbass\",\"avatar\":\"265\",\"rating\":2234,\"seed\":[9922,1130,58394,5922]}\n>player p2 {\"name\":\"RBLT Ilex\",\"avatar\":\"kris-masters\",\"rating\":2487,\"seed\":[42102,23605,45243,56648]}\n>p1 move willowisp\n>p2 move earthpower\n>p1 move flareblitz\n>p2 move shoreup\n>p1 move flareblitz\n>p2 switch 2\n>p1 switch 5\n>p1 move knockoff\n>p2 move scald\n>p2 switch 3\n>p1 switch 2\n>p2 move uturn\n>p2 switch 4\n>p1 move hydropump\n>p2 move expandingforce\n>p1 move hydropump\n>p2 switch 4\n>p1 switch 4\n>p1 move gigadrain\n>p2 move uturn\n>p2 switch 5\n>p1 switch 2\n>p2 move psychicnoise\n>p1 move dragondance\n>p2 move alluringvoice terastallize\n>p1 switch 6\n>p1 move blueflare\n>p2 move lightscreen\n>p1 move blueflare\n>p2 switch 2\n>p1 move blueflare\n>p2 move stealthrock\n>p1 move blueflare\n>p2 move earthpower\n>p2 switch 4\n>p1 move dragontail\n>p2 move calmmind\n>p1 move blueflare\n>p2 switch 2\n>p1 move dragontail\n>p2 move expandingforce\n>p2 switch 2\n>p1 move dragontail\n>p2 move psychicnoise\n>p1 move blueflare\n>p2 move psychicnoise\n>p1 switch 3\n>p1 move icehammer\n>p2 switch 5\n>p1 move icehammer\n>p2 move closecombat\n>p1 switch 2\n>p1 move gigadrain\n>p2 move closecombat\n>p2 switch 5\n>p1 move gigadrain terastallize\n>p2 move psychicnoise\n>forcelose p1", "uploadtime": 1726354638, "views": 90, "formatid": "gen9randombattle", "rating": 2226, "private": 0, "password": null}