{"id": "gen9randombattle-2153912418", "format": "[Gen 9] Random Battle", "players": ["hammy358", "cacahue"], "log": "|badge|p1|bronze|gen9randombattle|100-2\n|uhtml|medal-msg|<div class=\"broadcast-blue\">Curious what those medals under the avatar are? PS now has Ladder Seasons! For more information, check out the <a href=\"https://www.smogon.com/forums/threads/3740067/\">thread on Smogon.</a></div>\n|j|\u2606hammy358\n|j|\u2606cacahue\n|t:|1719937931\n|gametype|singles\n|player|p1|hammy358|102|2339\n|player|p2|cacahue|1|2231\n|teamsize|p1|6\n|teamsize|p2|6\n|gen|9\n|tier|[Gen 9] Random Battle\n|rated|\n|rule|Species Clause: Limit one of each Pok\u00e9mon\n|rule|HP Percentage Mod: HP is shown in percentages\n|rule|Sleep Clause Mod: Limit one foe put to sleep\n|rule|Illusion Level Mod: Illusion disguises the Pok\u00e9mon's true level\n|\n|t:|1719937931\n|start\n|switch|p1a: Salamence|Salamence, L77, F|273/273\n|switch|p2a: Terapagos|Terapagos, L76, F|262/262\n|-activate|p2a: Terapagos|ability: Tera Shift\n|detailschange|p2a: Terapagos|Terapagos-Terastal, L76, F\n|-heal|p2a: Terapagos|269/269|[silent]\n|turn|1\n|inactive|Battle timer is ON: inactive players will automatically lose when time's up. (requested by hammy358)\n|\n|t:|1719937940\n|move|p1a: Salamence|Dual Wingbeat|p2a: Terapagos\n|-activate|p2a: Terapagos|ability: Tera Shell\n|-resisted|p2a: Terapagos\n|-damage|p2a: Terapagos|248/269\n|-resisted|p2a: Terapagos\n|-damage|p2a: Terapagos|227/269\n|-hitcount|p2a: Terapagos|2\n|move|p2a: Terapagos|Calm Mind|p2a: Terapagos\n|-boost|p2a: Terapagos|spa|1\n|-boost|p2a: Terapagos|spd|1\n|\n|upkeep\n|turn|2\n|\n|t:|1719937945\n|move|p1a: Salamence|Dragon Dance|p1a: Salamence\n|-boost|p1a: Salamence|atk|1\n|-boost|p1a: Salamence|spe|1\n|move|p2a: Terapagos|Rapid Spin|p1a: Salamence\n|-damage|p1a: Salamence|225/273\n|-boost|p2a: Terapagos|spe|1\n|\n|upkeep\n|turn|3\n|j| Aoi Seiba\n|\n|t:|1719937953\n|move|p1a: Salamence|Dragon Dance|p1a: Salamence\n|-boost|p1a: Salamence|atk|1\n|-boost|p1a: Salamence|spe|1\n|move|p2a: Terapagos|Rapid Spin|p1a: Salamence\n|-damage|p1a: Salamence|174/273\n|-boost|p2a: Terapagos|spe|1\n|\n|upkeep\n|turn|4\n|\n|t:|1719937959\n|move|p1a: Salamence|Outrage|p2a: Terapagos\n|-damage|p2a: Terapagos|0 fnt\n|faint|p2a: Terapagos\n|-ability|p1a: Salamence|Moxie|boost\n|-boost|p1a: Salamence|atk|1\n|\n|upkeep\n|\n|t:|1719937964\n|switch|p2a: Chien-Pao|Chien-Pao, L72|234/234\n|-ability|p2a: Chien-Pao|Sword of Ruin\n|turn|5\n|\n|t:|1719937968\n|move|p2a: Chien-Pao|Ice Shard|p1a: Salamence\n|-supereffective|p1a: Salamence\n|-damage|p1a: Salamence|0 fnt\n|faint|p1a: Salamence\n|\n|upkeep\n|\n|t:|1719937976\n|switch|p1a: Magearna|Magearna-Original, L77|250/250\n|turn|6\n|\n|t:|1719937980\n|switch|p2a: Magmortar|Magmortar, L88, M|275/275\n|move|p1a: Magearna|Thunder Wave|p2a: Magmortar\n|-status|p2a: Magmortar|par\n|\n|upkeep\n|turn|7\n|\n|t:|1719937987\n|switch|p1a: Politoed|Politoed, L88, F|302/302\n|-weather|RainDance|[from] ability: Drizzle|[of] p1a: Politoed\n|move|p2a: Magmortar|Knock Off|p1a: Politoed\n|-damage|p1a: Politoed|217/302\n|-enditem|p1a: Politoed|Leftovers|[from] move: Knock Off|[of] p2a: Magmortar\n|\n|-weather|RainDance|[upkeep]\n|upkeep\n|turn|8\n|\n|t:|1719937996\n|switch|p2a: Inteleon|Inteleon, L81, M|246/246\n|move|p1a: Politoed|Hydro Pump|p2a: Inteleon\n|-resisted|p2a: Inteleon\n|-damage|p2a: Inteleon|139/246\n|\n|-weather|RainDance|[upkeep]\n|upkeep\n|turn|9\n|\n|t:|1719938016\n|move|p2a: Inteleon|Hydro Pump|p1a: Politoed\n|-resisted|p1a: Politoed\n|-damage|p1a: Politoed|97/302\n|move|p1a: Politoed|Hydro Pump|p2a: Inteleon\n|-resisted|p2a: Inteleon\n|-damage|p2a: Inteleon|19/246\n|\n|-weather|RainDance|[upkeep]\n|upkeep\n|turn|10\n|\n|t:|1719938026\n|move|p2a: Inteleon|Hydro Pump|p1a: Politoed|[miss]\n|-miss|p2a: Inteleon|p1a: Politoed\n|move|p1a: Politoed|Ice Beam|p2a: Inteleon\n|-resisted|p2a: Inteleon\n|-damage|p2a: Inteleon|0 fnt\n|faint|p2a: Inteleon\n|\n|-weather|RainDance|[upkeep]\n|upkeep\n|\n|t:|1719938032\n|switch|p2a: Chien-Pao|Chien-Pao, L72|234/234\n|-ability|p2a: Chien-Pao|Sword of Ruin\n|turn|11\n|\n|t:|1719938037\n|switch|p1a: Magearna|Magearna-Original, L77|250/250\n|move|p2a: Chien-Pao|Sacred Sword|p1a: Magearna\n|-damage|p1a: Magearna|158/250\n|\n|-weather|none\n|-heal|p1a: Magearna|173/250|[from] item: Leftovers\n|upkeep\n|turn|12\n|\n|t:|1719938045\n|switch|p2a: Magmortar|Magmortar, L88, M|275/275 par\n|switch|p1a: Politoed|Politoed, L88, F|97/302\n|-weather|RainDance|[from] ability: Drizzle|[of] p1a: Politoed\n|\n|-weather|RainDance|[upkeep]\n|upkeep\n|turn|13\n|\n|t:|1719938050\n|move|p1a: Politoed|Hydro Pump|p2a: Magmortar\n|-supereffective|p2a: Magmortar\n|-damage|p2a: Magmortar|0 fnt\n|faint|p2a: Magmortar\n|\n|-weather|RainDance|[upkeep]\n|upkeep\n|\n|t:|1719938054\n|switch|p2a: Chien-Pao|Chien-Pao, L72|234/234\n|-ability|p2a: Chien-Pao|Sword of Ruin\n|turn|14\n|\n|t:|1719938063\n|switch|p1a: Banette|Banette, L93, M|270/270\n|-item|p2a: Chien-Pao|Choice Band|[from] ability: Frisk|[of] p1a: Banette|[identify]\n|move|p2a: Chien-Pao|Sacred Sword|p1a: Banette\n|-immune|p1a: Banette\n|\n|-weather|RainDance|[upkeep]\n|upkeep\n|turn|15\n|\n|t:|1719938069\n|switch|p2a: Pyroar|Pyroar, L88, M|295/295\n|-ability|p2a: Pyroar|Unnerve\n|move|p1a: Banette|Shadow Sneak|p2a: Pyroar\n|-immune|p2a: Pyroar\n|\n|-weather|RainDance|[upkeep]\n|upkeep\n|turn|16\n|\n|t:|1719938076\n|move|p2a: Pyroar|Dark Pulse|p1a: Banette\n|-supereffective|p1a: Banette\n|-damage|p1a: Banette|104/270\n|move|p1a: Banette|Gunk Shot|p2a: Pyroar\n|-damage|p2a: Pyroar|120/295\n|-damage|p1a: Banette|77/270|[from] item: Life Orb\n|\n|-weather|none\n|upkeep\n|turn|17\n|\n|t:|1719938084\n|switch|p1a: Bellibolt|Bellibolt, L84, M|320/320\n|move|p2a: Pyroar|Dark Pulse|p1a: Bellibolt\n|-damage|p1a: Bellibolt|246/320\n|-start|p1a: Bellibolt|Charge|Dark Pulse|[from] ability: Electromorphosis\n|\n|-heal|p1a: Bellibolt|266/320|[from] item: Leftovers\n|upkeep\n|turn|18\n|\n|t:|1719938094\n|move|p2a: Pyroar|Fire Blast|p1a: Bellibolt|[miss]\n|-miss|p2a: Pyroar|p1a: Bellibolt\n|move|p1a: Bellibolt|Volt Switch|p2a: Pyroar\n|-damage|p2a: Pyroar|0 fnt\n|faint|p2a: Pyroar\n|-end|p1a: Bellibolt|Charge|[silent]\n|c|\u2606cacahue|Nice one bro\n|c|\u2606hammy358|so it goes\n|\n|t:|1719938111\n|switch|p1a: Magearna|Magearna-Original, L77|173/250|[from] Volt Switch\n|\n|-heal|p1a: Magearna|188/250|[from] item: Leftovers\n|upkeep\n|\n|t:|1719938113\n|switch|p2a: Gothitelle|Gothitelle, L90, F|272/272\n|turn|19\n|\n|t:|1719938119\n|-terastallize|p2a: Gothitelle|Ground\n|move|p2a: Gothitelle|Calm Mind|p2a: Gothitelle\n|-boost|p2a: Gothitelle|spa|1\n|-boost|p2a: Gothitelle|spd|1\n|move|p1a: Magearna|Thunder Wave|p2a: Gothitelle\n|-immune|p2a: Gothitelle\n|\n|-heal|p1a: Magearna|203/250|[from] item: Leftovers\n|upkeep\n|turn|20\n|\n|t:|1719938135\n|move|p2a: Gothitelle|Calm Mind|p2a: Gothitelle\n|-boost|p2a: Gothitelle|spa|1\n|-boost|p2a: Gothitelle|spd|1\n|move|p1a: Magearna|Flash Cannon|p2a: Gothitelle\n|-damage|p2a: Gothitelle|236/272\n|-unboost|p2a: Gothitelle|spd|1\n|\n|-heal|p2a: Gothitelle|253/272|[from] item: Leftovers\n|-heal|p1a: Magearna|218/250|[from] item: Leftovers\n|upkeep\n|turn|21\n|\n|t:|1719938139\n|move|p2a: Gothitelle|Calm Mind|p2a: Gothitelle\n|-boost|p2a: Gothitelle|spa|1\n|-boost|p2a: Gothitelle|spd|1\n|move|p1a: Magearna|Fleur Cannon|p2a: Gothitelle\n|-damage|p2a: Gothitelle|198/272\n|-unboost|p1a: Magearna|spa|2\n|\n|-heal|p2a: Gothitelle|215/272|[from] item: Leftovers\n|-heal|p1a: Magearna|233/250|[from] item: Leftovers\n|upkeep\n|turn|22\n|\n|t:|1719938143\n|move|p2a: Gothitelle|Calm Mind|p2a: Gothitelle\n|-boost|p2a: Gothitelle|spa|1\n|-boost|p2a: Gothitelle|spd|1\n|move|p1a: Magearna|Fleur Cannon|p2a: Gothitelle\n|-damage|p2a: Gothitelle|190/272\n|-unboost|p1a: Magearna|spa|2\n|\n|-heal|p2a: Gothitelle|207/272|[from] item: Leftovers\n|-heal|p1a: Magearna|248/250|[from] item: Leftovers\n|upkeep\n|turn|23\n|\n|t:|1719938147\n|move|p2a: Gothitelle|Calm Mind|p2a: Gothitelle\n|-boost|p2a: Gothitelle|spa|1\n|-boost|p2a: Gothitelle|spd|1\n|move|p1a: Magearna|Fleur Cannon|p2a: Gothitelle\n|-crit|p2a: Gothitelle\n|-damage|p2a: Gothitelle|42/272\n|-unboost|p1a: Magearna|spa|2\n|\n|-heal|p2a: Gothitelle|59/272|[from] item: Leftovers\n|-heal|p1a: Magearna|250/250|[from] item: Leftovers\n|upkeep\n|turn|24\n|c|\u2606cacahue|Hahaha\n|c|\u2606cacahue|Nice one again\n|c|\u2606cacahue|Played amazing\n|c|\u2606hammy358|1/24\n|-message|cacahue forfeited.\n|\n|win|hammy358\n|raw|hammy358's rating: 2339 &rarr; <strong>2353</strong><br />(+14 for winning)\n|raw|cacahue's rating: 2231 &rarr; <strong>2217</strong><br />(-14 for losing)\n|l|\u2606cacahue\n|player|p2|\n|l| Aoi Seiba\n", "inputlog": ">version 26771249c35d7a4b83b8b432d5cb35999166eb23\n>start {\"formatid\":\"gen9randombattle\",\"seed\":[17141,23471,6250,65179],\"rated\":\"Rated battle\"}\n>player p1 {\"name\":\"hammy358\",\"avatar\":\"102\",\"rating\":2339,\"seed\":[24139,12602,51803,40008]}\n>player p2 {\"name\":\"cacahue\",\"avatar\":\"1\",\"rating\":2231,\"seed\":[45891,53951,29022,26975]}\n>p1 move dualwingbeat\n>p2 move calmmind\n>p1 move dragondance\n>p2 move rapidspin\n>p1 move dragondance\n>p2 move rapidspin\n>p1 move outrage\n>p2 move terastarstorm\n>p2 switch 3\n>p1 move outrage\n>p2 move iceshard\n>p1 switch 5\n>p1 move thunderwave\n>p2 switch 6\n>p1 switch 4\n>p2 move knockoff\n>p1 move hydropump\n>p2 switch 5\n>p1 move hydropump\n>p2 move hydropump\n>p1 move icebeam\n>p2 move hydropump\n>p2 switch 6\n>p1 switch 4\n>p2 move sacredsword\n>p1 switch 4\n>p2 switch 5\n>p1 move hydropump\n>p2 move thunderbolt\n>p2 switch 5\n>p1 switch 6\n>p2 move sacredsword\n>p1 move shadowsneak\n>p2 switch 2\n>p1 move gunkshot\n>p2 move darkpulse\n>p1 switch 3\n>p2 move darkpulse\n>p1 move voltswitch\n>p2 move fireblast\n>chat \u2606cacahue|Nice one bro\n>chat \u2606hammy358|so it goes\n>p1 switch 4\n>p2 switch 4\n>p1 move thunderwave\n>p2 move calmmind terastallize\n>p1 move flashcannon\n>p2 move calmmind\n>p1 move fleurcannon\n>p2 move calmmind\n>p1 move fleurcannon\n>p2 move calmmind\n>p1 move fleurcannon\n>p2 move calmmind\n>chat \u2606cacahue|Hahaha\n>chat \u2606cacahue|Nice one again\n>chat \u2606cacahue|Played amazing\n>chat \u2606hammy358|1/24\n>forcelose p2", "uploadtime": 1719938165, "views": 168, "formatid": "gen9randombattle", "rating": 2217, "private": 0, "password": null}