{"id": "gen9randombattle-2154156426", "format": "[Gen 9] Random Battle", "players": ["Fellow06", "sasha thumper"], "log": "|badge|p2|bronze|gen9randombattle|100-2\n|uhtml|medal-msg|<div class=\"broadcast-blue\">Curious what those medals under the avatar are? PS now has Ladder Seasons! For more information, check out the <a href=\"https://www.smogon.com/forums/threads/3740067/\">thread on Smogon.</a></div>\n|j|\u2606Fellow06\n|j|\u2606sasha thumper\n|t:|1719966493\n|gametype|singles\n|player|p1|Fellow06|whitney-masters|2215\n|player|p2|sasha thumper|erika-gen1|2370\n|teamsize|p1|6\n|teamsize|p2|6\n|gen|9\n|tier|[Gen 9] Random Battle\n|rated|\n|rule|Species Clause: Limit one of each Pok\u00e9mon\n|rule|HP Percentage Mod: HP is shown in percentages\n|rule|Sleep Clause Mod: Limit one foe put to sleep\n|rule|Illusion Level Mod: Illusion disguises the Pok\u00e9mon's true level\n|\n|t:|1719966493\n|start\n|switch|p1a: Lunala|Lunala, L70|308/308\n|switch|p2a: Pelipper|Pelipper, L86, M|243/243\n|-weather|RainDance|[from] ability: Drizzle|[of] p2a: Pelipper\n|turn|1\n|inactive|Battle timer is ON: inactive players will automatically lose when time's up. (requested by sasha thumper)\n|inactive|Fellow06 also wants the timer to be on.\n|\n|t:|1719966519\n|switch|p1a: Cresselia|Cresselia, L80, F|323/323\n|move|p2a: Pelipper|U-turn|p1a: Cresselia\n|-supereffective|p1a: Cresselia\n|-damage|p1a: Cresselia|267/323\n|\n|t:|1719966524\n|switch|p2a: Cacturne|Cacturne, L92, M|278/278|[from] U-turn\n|\n|-weather|RainDance|[upkeep]\n|-heal|p1a: Cresselia|287/323|[from] item: Leftovers\n|upkeep\n|turn|2\n|\n|t:|1719966527\n|move|p1a: Cresselia|Moonblast|p2a: Cacturne\n|-supereffective|p2a: Cacturne\n|-damage|p2a: Cacturne|154/278\n|move|p2a: Cacturne|Knock Off|p1a: Cresselia\n|-supereffective|p1a: Cresselia\n|-damage|p1a: Cresselia|0 fnt\n|-enditem|p1a: Cresselia|Leftovers|[from] move: Knock Off|[of] p2a: Cacturne\n|faint|p1a: Cresselia\n|-damage|p2a: Cacturne|127/278|[from] item: Life Orb\n|\n|-weather|RainDance|[upkeep]\n|upkeep\n|\n|t:|1719966532\n|switch|p1a: Tornadus|Tornadus, L82, M|263/263\n|turn|3\n|\n|t:|1719966540\n|switch|p2a: Raging Bolt|Raging Bolt, L78|323/323\n|move|p1a: Tornadus|U-turn|p2a: Raging Bolt\n|-damage|p2a: Raging Bolt|268/323\n|\n|t:|1719966547\n|switch|p1a: Ampharos|Ampharos, L88, F|302/302|[from] U-turn\n|\n|-weather|RainDance|[upkeep]\n|upkeep\n|turn|4\n|\n|t:|1719966560\n|move|p2a: Raging Bolt|Volt Switch|p1a: Ampharos\n|-resisted|p1a: Ampharos\n|-damage|p1a: Ampharos|260/302\n|\n|t:|1719966563\n|-end|p2a: Raging Bolt|Protosynthesis|[silent]\n|switch|p2a: Bellibolt|Bellibolt, L84, M|320/320|[from] Volt Switch\n|move|p1a: Ampharos|Agility|p1a: Ampharos\n|-boost|p1a: Ampharos|spe|2\n|\n|-weather|RainDance|[upkeep]\n|upkeep\n|turn|5\n|j| Shaky3\n|\n|t:|1719966578\n|switch|p1a: Pyroar|Pyroar, L88, M|295/295\n|-ability|p1a: Pyroar|Unnerve\n|move|p2a: Bellibolt|Toxic|p1a: Pyroar\n|-status|p1a: Pyroar|tox\n|\n|-weather|none\n|-damage|p1a: Pyroar|277/295 tox|[from] psn\n|upkeep\n|turn|6\n|\n|t:|1719966595\n|switch|p2a: Flygon|Flygon, L82, M|265/265\n|move|p1a: Pyroar|Will-O-Wisp|p2a: Flygon\n|-status|p2a: Flygon|brn\n|\n|-damage|p1a: Pyroar|241/295 tox|[from] psn\n|-damage|p2a: Flygon|249/265 brn|[from] brn\n|upkeep\n|turn|7\n|\n|t:|1719966601\n|move|p2a: Flygon|Stone Edge|p1a: Pyroar|[miss]\n|-miss|p2a: Flygon|p1a: Pyroar\n|move|p1a: Pyroar|Hyper Voice|p2a: Flygon\n|-damage|p2a: Flygon|129/265 brn\n|\n|-damage|p1a: Pyroar|187/295 tox|[from] psn\n|-damage|p2a: Flygon|113/265 brn|[from] brn\n|upkeep\n|turn|8\n|\n|t:|1719966604\n|move|p2a: Flygon|Stone Edge|p1a: Pyroar|[miss]\n|-miss|p2a: Flygon|p1a: Pyroar\n|move|p1a: Pyroar|Hyper Voice|p2a: Flygon\n|-crit|p2a: Flygon\n|-damage|p2a: Flygon|0 fnt\n|faint|p2a: Flygon\n|\n|-damage|p1a: Pyroar|115/295 tox|[from] psn\n|upkeep\n|\n|t:|1719966630\n|switch|p2a: Raging Bolt|Raging Bolt, L78|268/323\n|turn|9\n|\n|t:|1719966637\n|move|p1a: Pyroar|Hyper Voice|p2a: Raging Bolt\n|-damage|p2a: Raging Bolt|190/323\n|move|p2a: Raging Bolt|Volt Switch|p1a: Pyroar\n|-damage|p1a: Pyroar|4/295 tox\n|\n|t:|1719966644\n|-end|p2a: Raging Bolt|Protosynthesis|[silent]\n|switch|p2a: Bellibolt|Bellibolt, L84, M|320/320|[from] Volt Switch\n|\n|-damage|p1a: Pyroar|0 fnt|[from] psn\n|faint|p1a: Pyroar\n|upkeep\n|\n|t:|1719966653\n|switch|p1a: Minior|Minior-Indigo, L79|223/223\n|-formechange|p1a: Minior|Minior-Meteor||[from] ability: Shields Down\n|turn|10\n|inactive|sasha thumper has 120 seconds left.\n|\n|t:|1719966688\n|move|p1a: Minior|Shell Smash|p1a: Minior\n|-unboost|p1a: Minior|def|1\n|-unboost|p1a: Minior|spd|1\n|-boost|p1a: Minior|atk|2\n|-boost|p1a: Minior|spa|2\n|-boost|p1a: Minior|spe|2\n|-enditem|p1a: Minior|White Herb\n|-clearnegativeboost|p1a: Minior|[silent]\n|move|p2a: Bellibolt|Muddy Water|p1a: Minior\n|-supereffective|p1a: Minior\n|-damage|p1a: Minior|83/223\n|\n|-formechange|p1a: Minior|Minior-Indigo||[from] ability: Shields Down\n|upkeep\n|turn|11\n|inactive|sasha thumper has 120 seconds left.\n|\n|t:|1719966703\n|switch|p2a: Pelipper|Pelipper, L86, M|243/243\n|-weather|RainDance|[from] ability: Drizzle|[of] p2a: Pelipper\n|move|p1a: Minior|Earthquake|p2a: Pelipper\n|-immune|p2a: Pelipper\n|\n|-weather|RainDance|[upkeep]\n|upkeep\n|turn|12\n|inactive|sasha thumper has 120 seconds left.\n|\n|t:|1719966712\n|move|p1a: Minior|Power Gem|p2a: Pelipper\n|-supereffective|p2a: Pelipper\n|-damage|p2a: Pelipper|0 fnt\n|faint|p2a: Pelipper\n|\n|-weather|RainDance|[upkeep]\n|upkeep\n|\n|t:|1719966717\n|switch|p2a: Cacturne|Cacturne, L92, M|127/278\n|turn|13\n|\n|t:|1719966720\n|move|p2a: Cacturne|Sucker Punch|p1a: Minior\n|-damage|p1a: Minior|0 fnt\n|faint|p1a: Minior\n|-damage|p2a: Cacturne|100/278|[from] item: Life Orb\n|\n|-weather|RainDance|[upkeep]\n|upkeep\n|\n|t:|1719966722\n|switch|p1a: Tornadus|Tornadus, L82, M|263/263\n|turn|14\n|\n|t:|1719966728\n|switch|p2a: Raging Bolt|Raging Bolt, L78|190/323\n|move|p1a: Tornadus|Focus Blast|p2a: Raging Bolt\n|-damage|p2a: Raging Bolt|77/323\n|\n|-weather|RainDance|[upkeep]\n|upkeep\n|turn|15\n|\n|t:|1719966735\n|move|p2a: Raging Bolt|Thunderclap|p1a: Tornadus\n|-supereffective|p1a: Tornadus\n|-damage|p1a: Tornadus|77/263\n|move|p1a: Tornadus|Focus Blast|p2a: Raging Bolt\n|-damage|p2a: Raging Bolt|0 fnt\n|faint|p2a: Raging Bolt\n|-end|p2a: Raging Bolt|Protosynthesis|[silent]\n|\n|-weather|none\n|upkeep\n|\n|t:|1719966746\n|switch|p2a: Bellibolt|Bellibolt, L84, M|320/320\n|turn|16\n|\n|t:|1719966759\n|move|p1a: Tornadus|Focus Blast|p2a: Bellibolt\n|-damage|p2a: Bellibolt|158/320\n|-start|p2a: Bellibolt|Charge|Focus Blast|[from] ability: Electromorphosis\n|move|p2a: Bellibolt|Toxic|p1a: Tornadus\n|-status|p1a: Tornadus|tox\n|\n|-heal|p2a: Bellibolt|178/320|[from] item: Leftovers\n|-damage|p1a: Tornadus|61/263 tox|[from] psn\n|upkeep\n|turn|17\n|\n|t:|1719966766\n|move|p1a: Tornadus|Focus Blast|p2a: Bellibolt\n|-damage|p2a: Bellibolt|21/320\n|-unboost|p2a: Bellibolt|spd|1\n|-start|p2a: Bellibolt|Charge|Focus Blast|[from] ability: Electromorphosis\n|move|p2a: Bellibolt|Slack Off|p2a: Bellibolt\n|-heal|p2a: Bellibolt|181/320\n|\n|-heal|p2a: Bellibolt|201/320|[from] item: Leftovers\n|-damage|p1a: Tornadus|29/263 tox|[from] psn\n|upkeep\n|turn|18\n|\n|t:|1719966771\n|switch|p2a: Okidogi|Okidogi, L77, M|262/262\n|move|p1a: Tornadus|Focus Blast|p2a: Okidogi\n|-resisted|p2a: Okidogi\n|-damage|p2a: Okidogi|179/262\n|\n|-heal|p2a: Okidogi|195/262|[from] item: Leftovers\n|-damage|p1a: Tornadus|0 fnt|[from] psn\n|faint|p1a: Tornadus\n|upkeep\n|\n|t:|1719966777\n|switch|p1a: Ampharos|Ampharos, L88, F|260/302\n|turn|19\n|\n|t:|1719966786\n|move|p2a: Okidogi|Gunk Shot|p1a: Ampharos\n|-damage|p1a: Ampharos|142/302\n|-status|p1a: Ampharos|psn\n|move|p1a: Ampharos|Thunderbolt|p2a: Okidogi\n|-damage|p2a: Okidogi|8/262\n|-damage|p1a: Ampharos|112/302 psn|[from] item: Life Orb\n|\n|-heal|p2a: Okidogi|24/262|[from] item: Leftovers\n|-damage|p1a: Ampharos|75/302 psn|[from] psn\n|upkeep\n|turn|20\n|\n|t:|1719966797\n|move|p2a: Okidogi|Gunk Shot|p1a: Ampharos\n|-damage|p1a: Ampharos|0 fnt\n|faint|p1a: Ampharos\n|\n|-heal|p2a: Okidogi|40/262|[from] item: Leftovers\n|upkeep\n|\n|t:|1719966799\n|switch|p1a: Lunala|Lunala, L70|308/308\n|turn|21\n|\n|t:|1719966805\n|move|p1a: Lunala|Moonblast|p2a: Okidogi\n|-damage|p2a: Okidogi|0 fnt\n|faint|p2a: Okidogi\n|\n|upkeep\n|\n|t:|1719966809\n|switch|p2a: Bellibolt|Bellibolt, L84, M|201/320\n|turn|22\n|\n|t:|1719966815\n|move|p1a: Lunala|Calm Mind|p1a: Lunala\n|-boost|p1a: Lunala|spa|1\n|-boost|p1a: Lunala|spd|1\n|move|p2a: Bellibolt|Toxic|p1a: Lunala|[miss]\n|-miss|p2a: Bellibolt|p1a: Lunala\n|\n|-heal|p2a: Bellibolt|221/320|[from] item: Leftovers\n|upkeep\n|turn|23\n|\n|t:|1719966829\n|move|p1a: Lunala|Moongeist Beam|p2a: Bellibolt\n|-damage|p2a: Bellibolt|58/320\n|-start|p2a: Bellibolt|Charge|Moongeist Beam|[from] ability: Electromorphosis\n|move|p2a: Bellibolt|Toxic|p1a: Lunala\n|-status|p1a: Lunala|tox\n|\n|-heal|p2a: Bellibolt|78/320|[from] item: Leftovers\n|-damage|p1a: Lunala|289/308 tox|[from] psn\n|upkeep\n|turn|24\n|\n|t:|1719966838\n|move|p1a: Lunala|Moongeist Beam|p2a: Bellibolt\n|-damage|p2a: Bellibolt|0 fnt\n|faint|p2a: Bellibolt\n|\n|-heal|p1a: Lunala|308/308 tox|[from] item: Leftovers\n|-damage|p1a: Lunala|270/308 tox|[from] psn\n|upkeep\n|\n|t:|1719966839\n|switch|p2a: Cacturne|Cacturne, L92, M|100/278\n|turn|25\n|c|\u2606Fellow06|gg\n|c|\u2606sasha thumper|gg\n|\n|t:|1719966853\n|-terastallize|p1a: Lunala|Fairy\n|move|p1a: Lunala|Moonblast|p2a: Cacturne\n|-supereffective|p2a: Cacturne\n|-damage|p2a: Cacturne|0 fnt\n|faint|p2a: Cacturne\n|\n|win|Fellow06\n|raw|Fellow06's rating: 2215 &rarr; <strong>2243</strong><br />(+28 for winning)\n|raw|sasha thumper's rating: 2370 &rarr; <strong>2342</strong><br />(-28 for losing)\n", "inputlog": ">version 26771249c35d7a4b83b8b432d5cb35999166eb23\n>start {\"formatid\":\"gen9randombattle\",\"seed\":[30436,37478,6873,64937],\"rated\":\"Rated battle\"}\n>player p1 {\"name\":\"Fellow06\",\"avatar\":\"whitney-masters\",\"rating\":2215,\"seed\":[54748,61885,55168,2961]}\n>player p2 {\"name\":\"sasha thumper\",\"avatar\":\"erika-gen1\",\"rating\":2370,\"seed\":[16049,56312,37176,25470]}\n>p1 switch 4\n>p2 move uturn\n>p2 switch 2\n>p1 move moonblast\n>p2 move knockoff\n>p1 switch 3\n>p1 move uturn\n>p2 switch 4\n>p1 switch 2\n>p1 move agility\n>p2 move voltswitch\n>p2 switch 6\n>p1 switch 5\n>p2 move toxic\n>p1 move willowisp\n>p2 switch 3\n>p1 move hypervoice\n>p2 move stoneedge\n>p1 move hypervoice\n>p2 move stoneedge\n>p2 switch 6\n>p1 move hypervoice\n>p2 move voltswitch\n>p2 switch 3\n>p1 switch 6\n>p1 move shellsmash\n>p2 move muddywater\n>p1 move earthquake\n>p2 switch 2\n>p1 move powergem\n>p2 move surf\n>p2 switch 4\n>p1 move acrobatics\n>p2 move suckerpunch\n>p1 switch 2\n>p1 move focusblast\n>p2 switch 3\n>p1 move focusblast\n>p2 move thunderclap\n>p2 switch 2\n>p1 move focusblast\n>p2 move toxic\n>p1 move focusblast\n>p2 move slackoff\n>p1 move focusblast\n>p2 switch 5\n>p1 switch 5\n>p1 move thunderbolt\n>p2 move gunkshot\n>p1 move dazzlinggleam\n>p2 move gunkshot\n>p1 switch 4\n>p1 move moonblast\n>p2 move knockoff\n>p2 switch 5\n>p1 move calmmind\n>p2 move toxic\n>p1 move moongeistbeam\n>p2 move toxic\n>p1 move moongeistbeam\n>p2 move slackoff\n>p2 switch 3\n>chat \u2606Fellow06|gg\n>chat \u2606sasha thumper|gg\n>p1 move moonblast terastallize\n>p2 move leafstorm", "uploadtime": 1719966856, "views": 177, "formatid": "gen9randombattle", "rating": 2243, "private": 0, "password": null}