{"id": "gen9randombattle-2260914948", "format": "[Gen 9] Random Battle", "players": ["hugosaurio", "joaquinruizdelrio"], "log": "|j|\u2606hugosaurio\n|j|\u2606joaquinruizdelrio\n|t:|1733916012\n|gametype|singles\n|player|p1|hugosaurio|265|\n|player|p2|joaquinruizdelrio|266|\n|teamsize|p1|6\n|teamsize|p2|6\n|gen|9\n|tier|[Gen 9] Random Battle\n|rule|Species Clause: Limit one of each Pok\u00e9mon\n|rule|HP Percentage Mod: HP is shown in percentages\n|rule|Sleep Clause Mod: Limit one foe put to sleep\n|rule|Illusion Level Mod: Illusion disguises the Pok\u00e9mon's true level\n|\n|t:|1733916012\n|start\n|switch|p1a: Regidrago|Regidrago, L77|435/435\n|switch|p2a: Meganium|Meganium, L90, F|290/290\n|turn|1\n|\n|t:|1733916050\n|switch|p2a: Enamorus|Enamorus, L79, F|247/247\n|move|p1a: Regidrago|Dragon Dance|p1a: Regidrago\n|-boost|p1a: Regidrago|atk|1\n|-boost|p1a: Regidrago|spe|1\n|\n|upkeep\n|turn|2\n|\n|t:|1733916061\n|switch|p1a: Seviper|Seviper, L93, F|287/287\n|move|p2a: Enamorus|Moonblast|p1a: Seviper\n|-resisted|p1a: Seviper\n|-damage|p1a: Seviper|214/287\n|\n|-heal|p1a: Seviper|231/287|[from] item: Leftovers\n|upkeep\n|turn|3\n|\n|t:|1733916084\n|move|p2a: Enamorus|Earth Power|p1a: Seviper\n|-supereffective|p1a: Seviper\n|-damage|p1a: Seviper|47/287\n|move|p1a: Seviper|Gunk Shot|p2a: Enamorus|[miss]\n|-miss|p1a: Seviper|p2a: Enamorus\n|\n|-heal|p1a: Seviper|64/287|[from] item: Leftovers\n|upkeep\n|turn|4\n|\n|t:|1733916103\n|move|p2a: Enamorus|Earth Power|p1a: Seviper\n|-supereffective|p1a: Seviper\n|-damage|p1a: Seviper|0 fnt\n|faint|p1a: Seviper\n|\n|upkeep\n|\n|t:|1733916115\n|switch|p1a: Gholdengo|Gholdengo, L77|261/261\n|turn|5\n|\n|t:|1733916126\n|switch|p2a: Moltres|Moltres, L81|278/278\n|move|p1a: Gholdengo|Make It Rain|p2a: Moltres\n|-resisted|p2a: Moltres\n|-damage|p2a: Moltres|203/278\n|-unboost|p1a: Gholdengo|spa|1\n|\n|upkeep\n|turn|6\n|\n|t:|1733916148\n|switch|p1a: Deoxys|Deoxys-Attack, L72|191/191\n|-ability|p1a: Deoxys|Pressure\n|move|p2a: Moltres|Fire Blast|p1a: Deoxys\n|-damage|p1a: Deoxys|0 fnt\n|faint|p1a: Deoxys\n|\n|upkeep\n|\n|t:|1733916170\n|switch|p1a: Gallade|Gallade, L81, M|243/243\n|turn|7\n|\n|t:|1733916186\n|switch|p1a: Regidrago|Regidrago, L77|435/435\n|move|p2a: Moltres|Scorching Sands|p1a: Regidrago\n|-damage|p1a: Regidrago|336/435\n|-status|p1a: Regidrago|brn\n|-enditem|p1a: Regidrago|Lum Berry|[eat]\n|-curestatus|p1a: Regidrago|brn|[msg]\n|\n|upkeep\n|turn|8\n|\n|t:|1733916203\n|move|p2a: Moltres|Roost|p2a: Moltres\n|-heal|p2a: Moltres|278/278\n|-singleturn|p2a: Moltres|move: Roost\n|move|p1a: Regidrago|Draco Meteor|p2a: Moltres\n|-damage|p2a: Moltres|88/278\n|-unboost|p1a: Regidrago|spa|2\n|\n|upkeep\n|turn|9\n|\n|t:|1733916220\n|move|p2a: Moltres|Brave Bird|p1a: Regidrago\n|-damage|p1a: Regidrago|147/435\n|-damage|p2a: Moltres|26/278|[from] Recoil\n|move|p1a: Regidrago|Dragon Dance|p1a: Regidrago\n|-boost|p1a: Regidrago|atk|1\n|-boost|p1a: Regidrago|spe|1\n|\n|upkeep\n|turn|10\n|\n|t:|1733916228\n|move|p1a: Regidrago|Draco Meteor|p2a: Moltres\n|-damage|p2a: Moltres|0 fnt\n|-unboost|p1a: Regidrago|spa|2\n|faint|p2a: Moltres\n|\n|upkeep\n|\n|t:|1733916236\n|switch|p2a: Enamorus|Enamorus, L79, F|247/247\n|turn|11\n|\n|t:|1733916243\n|switch|p1a: Mightyena|Mightyena, L95, M|287/287\n|-ability|p1a: Mightyena|Intimidate|boost\n|-unboost|p2a: Enamorus|atk|1\n|move|p2a: Enamorus|Moonblast|p1a: Mightyena\n|-supereffective|p1a: Mightyena\n|-damage|p1a: Mightyena|29/287\n|\n|upkeep\n|turn|12\n|\n|t:|1733916253\n|move|p2a: Enamorus|Moonblast|p1a: Mightyena\n|-supereffective|p1a: Mightyena\n|-damage|p1a: Mightyena|0 fnt\n|faint|p1a: Mightyena\n|\n|upkeep\n|\n|t:|1733916261\n|switch|p1a: Gholdengo|Gholdengo, L77|261/261\n|turn|13\n|\n|t:|1733916269\n|move|p1a: Gholdengo|Make It Rain|p2a: Enamorus\n|-supereffective|p2a: Enamorus\n|-damage|p2a: Enamorus|0 fnt\n|-unboost|p1a: Gholdengo|spa|1\n|faint|p2a: Enamorus\n|\n|upkeep\n|\n|t:|1733916281\n|switch|p2a: Beartic|Beartic, L91, F|321/321\n|turn|14\n|\n|t:|1733916298\n|switch|p1a: Gallade|Gallade, L81, M|243/243\n|move|p2a: Beartic|Snowscape|p2a: Beartic\n|-weather|Snow\n|\n|-weather|Snow|[upkeep]\n|upkeep\n|turn|15\n|\n|t:|1733916305\n|move|p2a: Beartic|Icicle Crash|p1a: Gallade\n|-damage|p1a: Gallade|75/243\n|move|p1a: Gallade|Sacred Sword|p2a: Beartic\n|-supereffective|p2a: Beartic\n|-damage|p2a: Beartic|3/321\n|\n|-weather|Snow|[upkeep]\n|upkeep\n|turn|16\n|\n|t:|1733916323\n|move|p2a: Beartic|Icicle Crash|p1a: Gallade\n|-damage|p1a: Gallade|0 fnt\n|faint|p1a: Gallade\n|\n|-weather|Snow|[upkeep]\n|upkeep\n|\n|t:|1733916333\n|switch|p1a: Gholdengo|Gholdengo, L77|261/261\n|turn|17\n|\n|t:|1733916339\n|move|p2a: Beartic|Icicle Crash|p1a: Gholdengo\n|-resisted|p1a: Gholdengo\n|-damage|p1a: Gholdengo|188/261\n|cant|p1a: Gholdengo|flinch\n|\n|-weather|Snow|[upkeep]\n|upkeep\n|turn|18\n|\n|t:|1733916350\n|move|p2a: Beartic|Earthquake|p1a: Gholdengo\n|-supereffective|p1a: Gholdengo\n|-damage|p1a: Gholdengo|0 fnt\n|faint|p1a: Gholdengo\n|\n|-weather|none\n|upkeep\n|\n|t:|1733916357\n|switch|p1a: Regidrago|Regidrago, L77|147/435\n|turn|19\n|\n|t:|1733916365\n|move|p1a: Regidrago|Draco Meteor|p2a: Beartic\n|-damage|p2a: Beartic|0 fnt\n|-unboost|p1a: Regidrago|spa|2\n|faint|p2a: Beartic\n|\n|upkeep\n|\n|t:|1733916376\n|switch|p2a: Heracross|Heracross, L80, F|259/259\n|turn|20\n|\n|t:|1733916384\n|move|p2a: Heracross|Earthquake|p1a: Regidrago\n|-damage|p1a: Regidrago|0 fnt\n|faint|p1a: Regidrago\n|\n|win|joaquinruizdelrio\n", "inputlog": ">version bfd83cad13791eb5a5a409923076391caf6fb4d4\n>start {\"formatid\":\"gen9randombattle\",\"seed\":[27156,51477,43024,16782]}\n>player p1 {\"name\":\"hugosaurio\",\"avatar\":\"265\",\"rating\":0,\"seed\":[58833,28837,37186,17387]}\n>player p2 {\"name\":\"joaquinruizdelrio\",\"avatar\":\"266\",\"rating\":0,\"seed\":[53812,41125,44908,31609]}\n>p1 move dragondance\n>p2 switch 4\n>p1 switch 3\n>p2 move moonblast\n>p1 move gunkshot\n>p2 move earthpower\n>p1 move gunkshot\n>p2 move earthpower\n>p1 switch 4\n>p1 move makeitrain\n>p2 switch 2\n>p1 switch 6\n>p2 move fireblast\n>p1 switch 2\n>p1 switch 3\n>p2 move scorchingsands\n>p1 move dracometeor\n>p2 move roost\n>p1 move dragondance\n>p2 move bravebird\n>p1 move dracometeor\n>p2 move bravebird\n>p2 switch 2\n>p1 switch 5\n>p2 move moonblast\n>p1 move poisonfang\n>p2 move moonblast\n>p1 switch 6\n>p1 move makeitrain\n>p2 move substitute\n>p2 switch 3\n>p1 switch 3\n>p2 move snowscape\n>p1 move sacredsword\n>p2 move iciclecrash\n>p1 move sacredsword\n>p2 move iciclecrash\n>p1 switch 3\n>p1 move focusblast\n>p2 move iciclecrash\n>p1 move shadowball\n>p2 move earthquake\n>p1 switch 5\n>p1 move dracometeor\n>p2 move iciclecrash\n>p2 switch 6\n>p1 move dragondance\n>p2 move earthquake", "uploadtime": 1733916398, "views": 1, "formatid": "gen9randombattle", "rating": null, "private": 0, "password": null}