{"id": "gen9randombattle-2260046149", "format": "[Gen 9] Random Battle", "players": ["lalalalulullama", "Manlifer"], "log": "|j|\u2606lalalalulullama\n|j|\u2606Manlifer\n|t:|1733795226\n|gametype|singles\n|player|p1|lalalalulullama|170|1608\n|player|p2|Manlifer|101|1596\n|teamsize|p1|6\n|teamsize|p2|6\n|gen|9\n|tier|[Gen 9] Random Battle\n|rated|\n|rule|Species Clause: Limit one of each Pok\u00e9mon\n|rule|HP Percentage Mod: HP is shown in percentages\n|rule|Sleep Clause Mod: Limit one foe put to sleep\n|rule|Illusion Level Mod: Illusion disguises the Pok\u00e9mon's true level\n|\n|t:|1733795226\n|start\n|switch|p1a: Scream Tail|Scream Tail, L84|330/330\n|switch|p2a: Volcanion|Volcanion, L79|255/255\n|turn|1\n|\n|t:|1733795241\n|switch|p2a: Krookodile|Krookodile, L80, M|283/283\n|-ability|p2a: Krookodile|Intimidate|boost\n|-unboost|p1a: Scream Tail|atk|1\n|move|p1a: Scream Tail|Protect||[still]\n|-fail|p1a: Scream Tail\n|\n|upkeep\n|turn|2\n|\n|t:|1733795248\n|move|p1a: Scream Tail|Dazzling Gleam|p2a: Krookodile\n|-supereffective|p2a: Krookodile\n|-damage|p2a: Krookodile|131/283\n|move|p2a: Krookodile|Knock Off|p1a: Scream Tail\n|-damage|p1a: Scream Tail|188/330\n|-enditem|p1a: Scream Tail|Leftovers|[from] move: Knock Off|[of] p2a: Krookodile\n|-damage|p2a: Krookodile|103/283|[from] item: Life Orb\n|\n|upkeep\n|turn|3\n|\n|t:|1733795260\n|switch|p2a: Volcanion|Volcanion, L79|255/255\n|move|p1a: Scream Tail|Wish|p1a: Scream Tail\n|\n|upkeep\n|turn|4\n|\n|t:|1733795265\n|move|p1a: Scream Tail|Dazzling Gleam|p2a: Volcanion\n|-resisted|p2a: Volcanion\n|-damage|p2a: Volcanion|232/255\n|move|p2a: Volcanion|Flame Charge|p1a: Scream Tail\n|-damage|p1a: Scream Tail|137/330\n|-boost|p2a: Volcanion|spe|1\n|\n|-heal|p1a: Scream Tail|302/330|[from] move: Wish|[wisher] Scream Tail\n|upkeep\n|turn|5\n|\n|t:|1733795274\n|move|p1a: Scream Tail|Encore|p2a: Volcanion\n|-start|p2a: Volcanion|Encore\n|move|p2a: Volcanion|Flame Charge|p1a: Scream Tail\n|-damage|p1a: Scream Tail|253/330\n|-boost|p2a: Volcanion|spe|1\n|\n|upkeep\n|turn|6\n|\n|t:|1733795281\n|-end|p1a: Scream Tail|Protosynthesis|[silent]\n|switch|p1a: Flygon|Flygon, L82, M|265/265\n|move|p2a: Volcanion|Flame Charge|p1a: Flygon\n|-resisted|p1a: Flygon\n|-damage|p1a: Flygon|238/265\n|-boost|p2a: Volcanion|spe|1\n|\n|upkeep\n|turn|7\n|\n|t:|1733795289\n|switch|p2a: Toucannon|Toucannon, L88, M|284/284\n|move|p1a: Flygon|Dragon Dance|p1a: Flygon\n|-boost|p1a: Flygon|atk|1\n|-boost|p1a: Flygon|spe|1\n|\n|upkeep\n|turn|8\n|\n|t:|1733795295\n|-singleturn|p2a: Toucannon|move: Beak Blast\n|move|p1a: Flygon|Stone Edge|p2a: Toucannon\n|-supereffective|p2a: Toucannon\n|-damage|p2a: Toucannon|50/284\n|move|p2a: Toucannon|Beak Blast|p1a: Flygon\n|-damage|p1a: Flygon|79/265\n|\n|upkeep\n|turn|9\n|\n|t:|1733795305\n|move|p1a: Flygon|Stone Edge|p2a: Toucannon\n|-supereffective|p2a: Toucannon\n|-damage|p2a: Toucannon|0 fnt\n|faint|p2a: Toucannon\n|\n|upkeep\n|\n|t:|1733795311\n|switch|p2a: Dipplin|Dipplin, L88, F|284/284\n|turn|10\n|\n|t:|1733795315\n|move|p1a: Flygon|Outrage|p2a: Dipplin\n|-supereffective|p2a: Dipplin\n|-damage|p2a: Dipplin|92/284\n|move|p2a: Dipplin|Dragon Pulse|p1a: Flygon\n|-supereffective|p1a: Flygon\n|-damage|p1a: Flygon|0 fnt\n|faint|p1a: Flygon\n|\n|upkeep\n|\n|t:|1733795320\n|switch|p1a: Scream Tail|Scream Tail, L84|253/330\n|turn|11\n|\n|t:|1733795330\n|move|p1a: Scream Tail|Dazzling Gleam|p2a: Dipplin\n|-supereffective|p2a: Dipplin\n|-damage|p2a: Dipplin|12/284\n|move|p2a: Dipplin|Recover|p2a: Dipplin\n|-heal|p2a: Dipplin|154/284\n|\n|upkeep\n|turn|12\n|\n|t:|1733795335\n|move|p1a: Scream Tail|Encore|p2a: Dipplin\n|-start|p2a: Dipplin|Encore\n|move|p2a: Dipplin|Recover|p2a: Dipplin\n|-heal|p2a: Dipplin|284/284\n|\n|upkeep\n|turn|13\n|\n|t:|1733795342\n|switch|p2a: Volcanion|Volcanion, L79|232/255\n|move|p1a: Scream Tail|Wish|p1a: Scream Tail\n|\n|upkeep\n|turn|14\n|\n|t:|1733795349\n|-end|p1a: Scream Tail|Protosynthesis|[silent]\n|switch|p1a: Salazzle|Salazzle, L83, F|249/249\n|move|p2a: Volcanion|Steam Eruption|p1a: Salazzle\n|-supereffective|p1a: Salazzle\n|-damage|p1a: Salazzle|0 fnt\n|faint|p1a: Salazzle\n|\n|upkeep\n|\n|t:|1733795353\n|switch|p1a: Delibird|Delibird, M|252/252\n|turn|15\n|\n|t:|1733795358\n|move|p1a: Delibird|Spikes|p2a: Volcanion\n|-sidestart|p2: Manlifer|Spikes\n|move|p2a: Volcanion|Flame Charge|p1a: Delibird\n|-supereffective|p1a: Delibird\n|-damage|p1a: Delibird|108/252\n|-boost|p2a: Volcanion|spe|1\n|\n|upkeep\n|turn|16\n|\n|t:|1733795365\n|move|p2a: Volcanion|Flame Charge|p1a: Delibird\n|-supereffective|p1a: Delibird\n|-damage|p1a: Delibird|0 fnt\n|-boost|p2a: Volcanion|spe|1\n|faint|p1a: Delibird\n|\n|upkeep\n|\n|t:|1733795367\n|switch|p1a: Regigigas|Regigigas, L84|322/322\n|-start|p1a: Regigigas|ability: Slow Start\n|turn|17\n|\n|t:|1733795374\n|move|p2a: Volcanion|Steam Eruption|p1a: Regigigas\n|-damage|p1a: Regigigas|216/322\n|move|p1a: Regigigas|Substitute|p1a: Regigigas\n|-start|p1a: Regigigas|Substitute\n|-damage|p1a: Regigigas|136/322\n|\n|-heal|p1a: Regigigas|156/322|[from] item: Leftovers\n|upkeep\n|turn|18\n|\n|t:|1733795381\n|move|p1a: Regigigas|Protect|p1a: Regigigas\n|-singleturn|p1a: Regigigas|Protect\n|move|p2a: Volcanion|Steam Eruption|p1a: Regigigas\n|-activate|p1a: Regigigas|move: Protect\n|\n|-heal|p1a: Regigigas|176/322|[from] item: Leftovers\n|upkeep\n|turn|19\n|\n|t:|1733795388\n|move|p2a: Volcanion|Steam Eruption|p1a: Regigigas\n|-end|p1a: Regigigas|Substitute\n|move|p1a: Regigigas|Substitute|p1a: Regigigas\n|-start|p1a: Regigigas|Substitute\n|-damage|p1a: Regigigas|96/322\n|\n|-heal|p1a: Regigigas|116/322|[from] item: Leftovers\n|upkeep\n|turn|20\n|\n|t:|1733795396\n|move|p1a: Regigigas|Protect|p1a: Regigigas\n|-singleturn|p1a: Regigigas|Protect\n|move|p2a: Volcanion|Flame Charge|p1a: Regigigas\n|-activate|p1a: Regigigas|move: Protect\n|\n|-heal|p1a: Regigigas|136/322|[from] item: Leftovers\n|upkeep\n|turn|21\n|\n|t:|1733795408\n|move|p2a: Volcanion|Steam Eruption|p1a: Regigigas\n|-end|p1a: Regigigas|Substitute\n|move|p1a: Regigigas|Substitute|p1a: Regigigas\n|-start|p1a: Regigigas|Substitute\n|-damage|p1a: Regigigas|56/322\n|\n|-heal|p1a: Regigigas|76/322|[from] item: Leftovers\n|-end|p1a: Regigigas|Slow Start\n|upkeep\n|turn|22\n|\n|t:|1733795416\n|move|p2a: Volcanion|Flame Charge|p1a: Regigigas\n|-activate|p1a: Regigigas|move: Substitute|[damage]\n|-boost|p2a: Volcanion|spe|1\n|move|p1a: Regigigas|Body Slam|p2a: Volcanion\n|-damage|p2a: Volcanion|112/255\n|\n|-heal|p1a: Regigigas|96/322|[from] item: Leftovers\n|upkeep\n|turn|23\n|\n|t:|1733795426\n|move|p2a: Volcanion|Steam Eruption|p1a: Regigigas\n|-end|p1a: Regigigas|Substitute\n|move|p1a: Regigigas|Body Slam|p2a: Volcanion\n|-damage|p2a: Volcanion|3/255\n|-status|p2a: Volcanion|par\n|\n|-heal|p1a: Regigigas|116/322|[from] item: Leftovers\n|upkeep\n|turn|24\n|\n|t:|1733795434\n|move|p1a: Regigigas|Protect|p1a: Regigigas\n|-singleturn|p1a: Regigigas|Protect\n|move|p2a: Volcanion|Steam Eruption|p1a: Regigigas\n|-activate|p1a: Regigigas|move: Protect\n|\n|-heal|p1a: Regigigas|136/322|[from] item: Leftovers\n|upkeep\n|turn|25\n|\n|t:|1733795441\n|move|p1a: Regigigas|Body Slam|p2a: Volcanion\n|-damage|p2a: Volcanion|0 fnt\n|faint|p2a: Volcanion\n|\n|-heal|p1a: Regigigas|156/322|[from] item: Leftovers\n|upkeep\n|\n|t:|1733795446\n|switch|p2a: Tauros|Tauros-Paldea-Aqua, L81, M|252/252\n|-damage|p2a: Tauros|221/252|[from] Spikes\n|turn|26\n|\n|t:|1733795454\n|move|p1a: Regigigas|Body Slam|p2a: Tauros\n|-damage|p2a: Tauros|94/252\n|-enditem|p2a: Tauros|Sitrus Berry|[eat]\n|-heal|p2a: Tauros|157/252|[from] item: Sitrus Berry\n|move|p2a: Tauros|Close Combat|p1a: Regigigas\n|-supereffective|p1a: Regigigas\n|-damage|p1a: Regigigas|0 fnt\n|-unboost|p2a: Tauros|def|1\n|-unboost|p2a: Tauros|spd|1\n|faint|p1a: Regigigas\n|-end|p1a: Regigigas|Slow Start|[silent]\n|\n|upkeep\n|\n|t:|1733795459\n|switch|p1a: Scream Tail|Scream Tail, L84|253/330\n|turn|27\n|\n|t:|1733795468\n|switch|p2a: Dipplin|Dipplin, L88, F|284/284\n|-damage|p2a: Dipplin|249/284|[from] Spikes\n|move|p1a: Scream Tail|Dazzling Gleam|p2a: Dipplin\n|-supereffective|p2a: Dipplin\n|-crit|p2a: Dipplin\n|-damage|p2a: Dipplin|117/284\n|\n|upkeep\n|turn|28\n|\n|t:|1733795475\n|move|p1a: Scream Tail|Dazzling Gleam|p2a: Dipplin\n|-supereffective|p2a: Dipplin\n|-crit|p2a: Dipplin\n|-damage|p2a: Dipplin|0 fnt\n|faint|p2a: Dipplin\n|\n|upkeep\n|c|\u2606lalalalulullama|damn\n|c|\u2606lalalalulullama|back to back crits\n|c|\u2606lalalalulullama|unlucky\n|\n|t:|1733795489\n|switch|p2a: Infernape|Infernape, L82, M|259/259\n|-damage|p2a: Infernape|227/259|[from] Spikes\n|turn|29\n|\n|t:|1733795494\n|move|p1a: Scream Tail|Protect|p1a: Scream Tail\n|-singleturn|p1a: Scream Tail|Protect\n|move|p2a: Infernape|Gunk Shot|p1a: Scream Tail\n|-activate|p1a: Scream Tail|move: Protect\n|\n|upkeep\n|turn|30\n|\n|t:|1733795499\n|move|p1a: Scream Tail|Dazzling Gleam|p2a: Infernape\n|-damage|p2a: Infernape|155/259\n|move|p2a: Infernape|Gunk Shot|p1a: Scream Tail\n|-supereffective|p1a: Scream Tail\n|-damage|p1a: Scream Tail|63/330\n|-damage|p2a: Infernape|130/259|[from] item: Life Orb\n|\n|upkeep\n|turn|31\n|\n|t:|1733795507\n|-terastallize|p1a: Scream Tail|Steel\n|move|p1a: Scream Tail|Encore|p2a: Infernape\n|-start|p2a: Infernape|Encore\n|move|p2a: Infernape|Gunk Shot|p1a: Scream Tail\n|-immune|p1a: Scream Tail\n|\n|upkeep\n|turn|32\n|\n|t:|1733795515\n|switch|p2a: Krookodile|Krookodile, L80, M|103/283\n|-damage|p2a: Krookodile|68/283|[from] Spikes\n|-ability|p2a: Krookodile|Intimidate|boost\n|-unboost|p1a: Scream Tail|atk|1\n|move|p1a: Scream Tail|Wish|p1a: Scream Tail\n|\n|upkeep\n|turn|33\n|\n|t:|1733795522\n|move|p1a: Scream Tail|Dazzling Gleam|p2a: Krookodile\n|-supereffective|p2a: Krookodile\n|-damage|p2a: Krookodile|0 fnt\n|faint|p2a: Krookodile\n|\n|-heal|p1a: Scream Tail|228/330|[from] move: Wish|[wisher] Scream Tail\n|upkeep\n|\n|t:|1733795529\n|switch|p2a: Infernape|Infernape, L82, M|130/259\n|-damage|p2a: Infernape|98/259|[from] Spikes\n|turn|34\n|\n|t:|1733795534\n|move|p1a: Scream Tail|Protect|p1a: Scream Tail\n|-singleturn|p1a: Scream Tail|Protect\n|move|p2a: Infernape|Close Combat|p1a: Scream Tail\n|-activate|p1a: Scream Tail|move: Protect\n|\n|upkeep\n|turn|35\n|\n|t:|1733795540\n|-end|p1a: Scream Tail|Protosynthesis|[silent]\n|switch|p1a: Volbeat|Volbeat, L90, M|263/263\n|move|p2a: Infernape|Close Combat|p1a: Volbeat\n|-resisted|p1a: Volbeat\n|-damage|p1a: Volbeat|177/263\n|-unboost|p2a: Infernape|def|1\n|-unboost|p2a: Infernape|spd|1\n|-damage|p2a: Infernape|73/259|[from] item: Life Orb\n|\n|upkeep\n|turn|36\n|\n|t:|1733795548\n|switch|p2a: Tauros|Tauros-Paldea-Aqua, L81, M|157/252\n|-damage|p2a: Tauros|126/252|[from] Spikes\n|move|p1a: Volbeat|Encore||[still]\n|-fail|p1a: Volbeat\n|\n|upkeep\n|turn|37\n|\n|t:|1733795555\n|move|p1a: Volbeat|Thunder Wave|p2a: Tauros\n|-status|p2a: Tauros|par\n|cant|p2a: Tauros|par\n|\n|upkeep\n|turn|38\n|\n|t:|1733795560\n|move|p1a: Volbeat|Lunge|p2a: Tauros\n|-resisted|p2a: Tauros\n|-damage|p2a: Tauros|90/252 par\n|-unboost|p2a: Tauros|atk|1\n|cant|p2a: Tauros|par\n|\n|upkeep\n|turn|39\n|\n|t:|1733795566\n|move|p1a: Volbeat|Lunge|p2a: Tauros\n|-resisted|p2a: Tauros\n|-damage|p2a: Tauros|54/252 par\n|-unboost|p2a: Tauros|atk|1\n|move|p2a: Tauros|Liquidation|p1a: Volbeat\n|-damage|p1a: Volbeat|123/263\n|\n|upkeep\n|turn|40\n|\n|t:|1733795573\n|move|p1a: Volbeat|Roost|p1a: Volbeat\n|-heal|p1a: Volbeat|255/263\n|-singleturn|p1a: Volbeat|move: Roost\n|move|p2a: Tauros|Liquidation|p1a: Volbeat\n|-damage|p1a: Volbeat|204/263\n|\n|upkeep\n|turn|41\n|\n|t:|1733795579\n|move|p1a: Volbeat|Lunge|p2a: Tauros\n|-resisted|p2a: Tauros\n|-damage|p2a: Tauros|20/252 par\n|-unboost|p2a: Tauros|atk|1\n|cant|p2a: Tauros|par\n|\n|upkeep\n|turn|42\n|c|\u2606lalalalulullama|gg?\n|c|\u2606Manlifer|gg\n|\n|t:|1733795588\n|move|p1a: Volbeat|Lunge|p2a: Tauros\n|-resisted|p2a: Tauros\n|-damage|p2a: Tauros|0 fnt\n|faint|p2a: Tauros\n|\n|upkeep\n|c|\u2606lalalalulullama|ok\n|\n|t:|1733795592\n|switch|p2a: Infernape|Infernape, L82, M|73/259\n|-damage|p2a: Infernape|41/259|[from] Spikes\n|turn|43\n|c|\u2606lalalalulullama|i'm sorry\n|\n|t:|1733795597\n|move|p2a: Infernape|Overheat|p1a: Volbeat\n|-supereffective|p1a: Volbeat\n|-damage|p1a: Volbeat|0 fnt\n|-unboost|p2a: Infernape|spa|2\n|faint|p1a: Volbeat\n|-damage|p2a: Infernape|16/259|[from] item: Life Orb\n|\n|upkeep\n|\n|t:|1733795599\n|switch|p1a: Scream Tail|Scream Tail, L84, tera:Steel|228/330\n|turn|44\n|\n|t:|1733795605\n|move|p1a: Scream Tail|Dazzling Gleam|p2a: Infernape\n|-damage|p2a: Infernape|0 fnt\n|faint|p2a: Infernape\n|\n|win|lalalalulullama\n|raw|lalalalulullama's rating: 1608 &rarr; <strong>1627</strong><br />(+19 for winning)\n|raw|Manlifer's rating: 1596 &rarr; <strong>1577</strong><br />(-19 for losing)\n|l|\u2606Manlifer\n|player|p2|\n", "inputlog": ">version bfd83cad13791eb5a5a409923076391caf6fb4d4\n>start {\"formatid\":\"gen9randombattle\",\"seed\":[45974,59927,58127,56280],\"rated\":\"Rated battle\"}\n>player p1 {\"name\":\"lalalalulullama\",\"avatar\":\"170\",\"rating\":1608,\"seed\":[17355,13872,21491,45672]}\n>player p2 {\"name\":\"Manlifer\",\"avatar\":\"101\",\"rating\":1596,\"seed\":[22278,18860,51598,20546]}\n>p1 move protect\n>p2 switch 2\n>p1 move dazzlinggleam\n>p2 move knockoff\n>p1 move wish\n>p2 switch 2\n>p1 move dazzlinggleam\n>p2 move flamecharge\n>p1 move encore\n>p2 move steameruption\n>p1 switch 3\n>p2 move flamecharge\n>p1 move dragondance\n>p2 switch 5\n>p1 move stoneedge\n>p2 move beakblast\n>p1 move stoneedge\n>p2 move boomburst\n>p2 switch 4\n>p1 move outrage\n>p2 move dragonpulse\n>p1 switch 3\n>p1 move dazzlinggleam\n>p2 move recover\n>p1 move encore\n>p2 move recover\n>p1 move wish\n>p2 switch 5\n>p1 switch 4\n>p2 move steameruption\n>p1 switch 2\n>p1 move spikes\n>p2 move flamecharge\n>p1 move spikes\n>p2 move flamecharge\n>p1 switch 6\n>p1 move substitute\n>p2 move steameruption\n>p1 move protect\n>p2 move steameruption\n>p1 move substitute\n>p2 move steameruption\n>p1 move protect\n>p2 move flamecharge\n>p1 move substitute\n>p2 move steameruption\n>p1 move bodyslam\n>p2 move flamecharge\n>p1 move bodyslam\n>p2 move steameruption\n>p1 move protect\n>p2 move steameruption\n>p1 move bodyslam\n>p2 move steameruption\n>p2 switch 3\n>p1 move bodyslam\n>p2 move closecombat\n>p1 switch 4\n>p1 move dazzlinggleam\n>p2 switch 5\n>p1 move dazzlinggleam\n>p2 move recover\n>chat \u2606lalalalulullama|damn\n>chat \u2606lalalalulullama|back to back crits\n>chat \u2606lalalalulullama|unlucky\n>p2 switch 6\n>p1 move protect\n>p2 move gunkshot\n>p1 move dazzlinggleam\n>p2 move gunkshot\n>p1 move encore terastallize\n>p2 move overheat\n>p1 move wish\n>p2 switch 2\n>p1 move dazzlinggleam\n>p2 move earthquake\n>p2 switch 2\n>p1 move protect\n>p2 move closecombat\n>p1 switch 5\n>p2 move closecombat\n>p1 move encore\n>p2 switch 5\n>p1 move thunderwave\n>p2 move liquidation\n>p1 move lunge\n>p2 move liquidation\n>p1 move lunge\n>p2 move liquidation\n>p1 move roost\n>p2 move liquidation\n>p1 move lunge\n>p2 move liquidation\n>chat \u2606lalalalulullama|gg?\n>chat \u2606Manlifer|gg\n>p1 move lunge\n>p2 move liquidation\n>chat \u2606lalalalulullama|ok\n>p2 switch 5\n>chat \u2606lalalalulullama|i'm sorry\n>p1 move lunge\n>p2 move overheat\n>p1 switch 5\n>p1 move dazzlinggleam\n>p2 move overheat", "uploadtime": 1733795610, "views": 6, "formatid": "gen9randombattle", "rating": 1577, "private": 0, "password": null}