{"id": "gen9randombattle-2040569357", "format": "[Gen 9] Random Battle", "players": ["Skimp Shrimp", "pokeblade\u2606101"], "log": "|j|\u2606Skimp Shrimp\n|j|\u2606pokeblade\u2606101\n|t:|1705859152\n|gametype|singles\n|player|p1|Skimp Shrimp|170|2248\n|player|p2|pokeblade\u2606101|#rbtt7teamchiyu|2290\n|teamsize|p1|6\n|teamsize|p2|6\n|gen|9\n|tier|[Gen 9] Random Battle\n|rated|\n|rule|Species Clause: Limit one of each Pok\u00e9mon\n|rule|HP Percentage Mod: HP is shown in percentages\n|rule|Sleep Clause Mod: Limit one foe put to sleep\n|rule|Illusion Level Mod: Illusion disguises the Pok\u00e9mon's true level\n|\n|t:|1705859152\n|start\n|switch|p1a: Heatran|Heatran, L79, M|273/273\n|switch|p2a: Charizard|Charizard, L84, M|268/268\n|turn|1\n|j| foierzoig\n|\n|t:|1705859210\n|switch|p1a: Slowbro|Slowbro, L84, F|297/297\n|move|p2a: Charizard|Earthquake|p1a: Slowbro\n|-damage|p1a: Slowbro|243/297\n|\n|upkeep\n|turn|2\n|\n|t:|1705859223\n|switch|p2a: Duraludon|Duraludon, L82, M|249/249\n|move|p1a: Slowbro|Scald|p2a: Duraludon\n|-resisted|p2a: Duraludon\n|-damage|p2a: Duraludon|209/249\n|-status|p2a: Duraludon|brn\n|\n|-damage|p2a: Duraludon|194/249 brn|[from] brn\n|upkeep\n|turn|3\n|\n|t:|1705859245\n|switch|p1a: Heatran|Heatran, L79, M|273/273\n|move|p2a: Duraludon|Thunder Wave|p1a: Heatran\n|-status|p1a: Heatran|par\n|\n|-damage|p2a: Duraludon|179/249 brn|[from] brn\n|upkeep\n|turn|4\n|\n|t:|1705859252\n|switch|p2a: Dachsbun|Dachsbun, L90, F|249/249\n|move|p1a: Heatran|Magma Storm|p2a: Dachsbun\n|-ability|p2a: Dachsbun|Well-Baked Body|boost\n|-boost|p2a: Dachsbun|def|2\n|\n|upkeep\n|turn|5\n|\n|t:|1705859259\n|switch|p1a: Slowbro|Slowbro, L84, F|297/297\n|move|p2a: Dachsbun|Body Press|p1a: Slowbro\n|-resisted|p1a: Slowbro\n|-damage|p1a: Slowbro|236/297\n|-damage|p2a: Dachsbun|208/249|[from] item: Rocky Helmet|[of] p1a: Slowbro\n|\n|-heal|p2a: Dachsbun|223/249|[from] item: Leftovers\n|upkeep\n|turn|6\n|\n|t:|1705859296\n|move|p2a: Dachsbun|Protect|p2a: Dachsbun\n|-singleturn|p2a: Dachsbun|Protect\n|move|p1a: Slowbro|Scald|p2a: Dachsbun\n|-activate|p2a: Dachsbun|move: Protect\n|\n|-heal|p2a: Dachsbun|238/249|[from] item: Leftovers\n|upkeep\n|turn|7\n|\n|t:|1705859307\n|switch|p2a: Duraludon|Duraludon, L82, M|179/249 brn\n|move|p1a: Slowbro|Scald|p2a: Duraludon\n|-resisted|p2a: Duraludon\n|-damage|p2a: Duraludon|133/249 brn\n|\n|-damage|p2a: Duraludon|118/249 brn|[from] brn\n|upkeep\n|turn|8\n|\n|t:|1705859315\n|switch|p2a: Iron Valiant|Iron Valiant, L79|247/247\n|switch|p1a: Heatran|Heatran, L79, M|273/273 par\n|\n|upkeep\n|turn|9\n|\n|t:|1705859325\n|switch|p1a: Slowbro|Slowbro, L84, F|297/297\n|move|p2a: Iron Valiant|Swords Dance|p2a: Iron Valiant\n|-boost|p2a: Iron Valiant|atk|2\n|\n|upkeep\n|turn|10\n|\n|t:|1705859335\n|switch|p1a: Shiftry|Shiftry, L89, F|305/305\n|move|p2a: Iron Valiant|Knock Off|p1a: Shiftry\n|-resisted|p1a: Shiftry\n|-damage|p1a: Shiftry|184/305\n|-enditem|p1a: Shiftry|Life Orb|[from] move: Knock Off|[of] p2a: Iron Valiant\n|-damage|p2a: Iron Valiant|223/247|[from] item: Life Orb\n|\n|upkeep\n|turn|11\n|\n|t:|1705859368\n|move|p2a: Iron Valiant|Spirit Break|p1a: Shiftry\n|-supereffective|p1a: Shiftry\n|-damage|p1a: Shiftry|0 fnt\n|faint|p1a: Shiftry\n|-damage|p2a: Iron Valiant|199/247|[from] item: Life Orb\n|\n|upkeep\n|\n|t:|1705859373\n|switch|p1a: Iron Boulder|Iron Boulder, L77|265/265\n|turn|12\n|\n|t:|1705859383\n|-terastallize|p2a: Iron Valiant|Dark\n|move|p1a: Iron Boulder|Zen Headbutt|p2a: Iron Valiant\n|-immune|p2a: Iron Valiant\n|move|p2a: Iron Valiant|Spirit Break|p1a: Iron Boulder\n|-crit|p1a: Iron Boulder\n|-damage|p1a: Iron Boulder|0 fnt\n|faint|p1a: Iron Boulder\n|-end|p1a: Iron Boulder|Quark Drive|[silent]\n|-damage|p2a: Iron Valiant|175/247|[from] item: Life Orb\n|\n|upkeep\n|\n|t:|1705859406\n|switch|p1a: Iron Thorns|Iron Thorns, L83|302/302\n|-enditem|p1a: Iron Thorns|Booster Energy\n|-activate|p1a: Iron Thorns|ability: Quark Drive|[fromitem]\n|-start|p1a: Iron Thorns|quarkdriveatk\n|turn|13\n|\n|t:|1705859411\n|-terastallize|p1a: Iron Thorns|Ground\n|move|p2a: Iron Valiant|Close Combat|p1a: Iron Thorns\n|-damage|p1a: Iron Thorns|0 fnt\n|-unboost|p2a: Iron Valiant|def|1\n|-unboost|p2a: Iron Valiant|spd|1\n|faint|p1a: Iron Thorns\n|-end|p1a: Iron Thorns|Quark Drive|[silent]\n|-damage|p2a: Iron Valiant|151/247|[from] item: Life Orb\n|\n|upkeep\n|-message|Skimp Shrimp forfeited.\n|\n|win|pokeblade\u2606101\n|raw|Skimp Shrimp's rating: 2248 &rarr; <strong>2230</strong><br />(-18 for losing)\n|raw|pokeblade\u2606101's rating: 2290 &rarr; <strong>2308</strong><br />(+18 for winning)\n|l|\u2606Skimp Shrimp\n|player|p1|\n", "inputlog": ">version f3ccc5799558fed467d1e8d1f9e3718fa9c25af1\n>start {\"formatid\":\"gen9randombattle\",\"seed\":[5797,25231,61351,2263],\"rated\":\"Rated battle\"}\n>player p1 {\"name\":\"Skimp Shrimp\",\"avatar\":\"170\",\"rating\":2248,\"seed\":[43546,43644,41610,56030]}\n>player p2 {\"name\":\"pokeblade\u2606101\",\"avatar\":\"#rbtt7teamchiyu\",\"rating\":2290,\"seed\":[44643,33203,64206,62205]}\n>p1 switch 4\n>p2 move earthquake\n>p1 move scald\n>p2 switch 4\n>p1 switch 4\n>p2 move thunderwave\n>p1 move magmastorm\n>p2 switch 5\n>p1 switch 4\n>p2 move bodypress\n>p1 move scald\n>p2 move protect\n>p1 move scald\n>p2 switch 5\n>p1 switch 4\n>p2 switch 3\n>p1 switch 4\n>p2 move swordsdance\n>p1 switch 2\n>p2 move knockoff\n>p1 move leafstorm\n>p2 move spiritbreak\n>p1 switch 6\n>p1 move zenheadbutt\n>p2 move spiritbreak terastallize\n>p1 switch 3\n>p1 move dragondance terastallize\n>p2 move closecombat\n>forcelose p1", "uploadtime": 1705859433, "views": 258, "formatid": "gen9randombattle", "rating": 2230, "private": 0, "password": null}