{"id": "gen9randombattle-2259808311", "format": "[Gen 9] Random Battle", "players": ["YahBoyDeven", "Shushedfrfr"], "log": "|j|\u2606YahBoyDeven\n|j|\u2606Shushedfrfr\n|t:|1733768758\n|gametype|singles\n|player|p1|YahBoyDeven|102|1101\n|player|p2|Shushedfrfr|101|1072\n|teamsize|p1|6\n|teamsize|p2|6\n|gen|9\n|tier|[Gen 9] Random Battle\n|rated|\n|rule|Species Clause: Limit one of each Pok\u00e9mon\n|rule|HP Percentage Mod: HP is shown in percentages\n|rule|Sleep Clause Mod: Limit one foe put to sleep\n|rule|Illusion Level Mod: Illusion disguises the Pok\u00e9mon's true level\n|\n|t:|1733768758\n|start\n|switch|p1a: Sneasler|Sneasler, L74, M|240/240\n|switch|p2a: Rampardos|Rampardos, L90, M|321/321\n|turn|1\n|inactive|Battle timer is ON: inactive players will automatically lose when time's up. (requested by Shushedfrfr)\n|\n|t:|1733768788\n|move|p1a: Sneasler|Swords Dance|p1a: Sneasler\n|-boost|p1a: Sneasler|atk|2\n|move|p2a: Rampardos|Zen Headbutt|p1a: Sneasler\n|-supereffective|p1a: Sneasler\n|-damage|p1a: Sneasler|0 fnt\n|faint|p1a: Sneasler\n|\n|upkeep\n|\n|t:|1733768798\n|switch|p1a: Decidueye|Decidueye-Hisui, L87, M|295/295\n|turn|2\n|\n|t:|1733768816\n|switch|p2a: Froslass|Froslass, L87, F|263/263\n|move|p1a: Decidueye|Triple Arrows|p2a: Froslass\n|-supereffective|p2a: Froslass\n|-damage|p2a: Froslass|27/263\n|-unboost|p2a: Froslass|def|1\n|\n|upkeep\n|turn|3\n|\n|t:|1733768830\n|-terastallize|p1a: Decidueye|Steel\n|move|p2a: Froslass|Triple Axel|p1a: Decidueye\n|-resisted|p1a: Decidueye\n|-damage|p1a: Decidueye|285/295\n|-resisted|p1a: Decidueye\n|-damage|p1a: Decidueye|265/295\n|-resisted|p1a: Decidueye\n|-damage|p1a: Decidueye|235/295\n|-hitcount|p1a: Decidueye|3\n|move|p1a: Decidueye|Triple Arrows|p2a: Froslass\n|-supereffective|p2a: Froslass\n|-crit|p2a: Froslass\n|-damage|p2a: Froslass|0 fnt\n|faint|p2a: Froslass\n|\n|-heal|p1a: Decidueye|253/295|[from] item: Leftovers\n|upkeep\n|inactive|Shushedfrfr has 120 seconds left.\n|\n|t:|1733768851\n|switch|p2a: Dragonite|Dragonite, L74, M|257/257\n|turn|4\n|inactive|YahBoyDeven has 120 seconds left.\n|\n|t:|1733768883\n|switch|p1a: Tauros|Tauros, L82, M|257/257\n|move|p2a: Dragonite|Dragon Dance|p2a: Dragonite\n|-boost|p2a: Dragonite|atk|1\n|-boost|p2a: Dragonite|spe|1\n|\n|upkeep\n|turn|5\n|inactive|YahBoyDeven has 120 seconds left.\n|\n|t:|1733768894\n|move|p2a: Dragonite|Outrage|p1a: Tauros\n|-damage|p1a: Tauros|61/257\n|move|p1a: Tauros|Body Slam|p2a: Dragonite\n|-damage|p2a: Dragonite|173/257\n|\n|upkeep\n|turn|6\n|inactive|YahBoyDeven has 120 seconds left.\n|\n|t:|1733768905\n|move|p2a: Dragonite|Outrage|p1a: Tauros|[from]lockedmove\n|-damage|p1a: Tauros|0 fnt\n|faint|p1a: Tauros\n|-start|p2a: Dragonite|confusion|[fatigue]\n|\n|upkeep\n|inactive|YahBoyDeven has 120 seconds left.\n|\n|t:|1733768913\n|switch|p1a: Dipplin|Dipplin, L88, M|284/284\n|turn|7\n|\n|t:|1733768919\n|-activate|p2a: Dragonite|confusion\n|move|p2a: Dragonite|Outrage|p1a: Dipplin\n|-supereffective|p1a: Dipplin\n|-damage|p1a: Dipplin|78/284\n|move|p1a: Dipplin|Dragon Pulse|p2a: Dragonite\n|-supereffective|p2a: Dragonite\n|-damage|p2a: Dragonite|0 fnt\n|faint|p2a: Dragonite\n|\n|upkeep\n|\n|t:|1733768930\n|switch|p2a: Arbok|Arbok, L87, F|246/246\n|-ability|p2a: Arbok|Intimidate|boost\n|-unboost|p1a: Dipplin|atk|1\n|turn|8\n|\n|t:|1733768947\n|switch|p1a: Bellibolt|Bellibolt, L84, F|320/320\n|move|p2a: Arbok|Toxic Spikes|p1a: Bellibolt\n|-sidestart|p1: YahBoyDeven|move: Toxic Spikes\n|\n|upkeep\n|turn|9\n|\n|t:|1733768955\n|move|p2a: Arbok|Earthquake|p1a: Bellibolt\n|-supereffective|p1a: Bellibolt\n|-damage|p1a: Bellibolt|178/320\n|-start|p1a: Bellibolt|Charge|Earthquake|[from] ability: Electromorphosis\n|move|p1a: Bellibolt|Thunderbolt|p2a: Arbok\n|-crit|p2a: Arbok\n|-damage|p2a: Arbok|0 fnt\n|faint|p2a: Arbok\n|-end|p1a: Bellibolt|Charge|[silent]\n|\n|-heal|p1a: Bellibolt|198/320|[from] item: Leftovers\n|upkeep\n|\n|t:|1733768972\n|switch|p2a: Rampardos|Rampardos, L90, M|321/321\n|turn|10\n|\n|t:|1733768985\n|move|p2a: Rampardos|Rock Slide|p1a: Bellibolt\n|-damage|p1a: Bellibolt|0 fnt\n|faint|p1a: Bellibolt\n|\n|upkeep\n|\n|t:|1733768990\n|switch|p1a: Alomomola|Alomomola, L87, M|429/429\n|-status|p1a: Alomomola|psn\n|turn|11\n|\n|t:|1733769002\n|switch|p2a: Meloetta|Meloetta, L82|298/298\n|move|p1a: Alomomola|Wish|p1a: Alomomola\n|\n|-damage|p1a: Alomomola|376/429 psn|[from] psn\n|upkeep\n|turn|12\n|\n|t:|1733769020\n|move|p2a: Meloetta|Relic Song|p1a: Alomomola\n|-damage|p1a: Alomomola|204/429 psn\n|-formechange|p2a: Meloetta|Meloetta-Pirouette|[msg]\n|-damage|p2a: Meloetta|269/298|[from] item: Life Orb\n|move|p1a: Alomomola|Scald|p2a: Meloetta\n|-crit|p2a: Meloetta\n|-damage|p2a: Meloetta|190/298\n|\n|-heal|p1a: Alomomola|418/429 psn|[from] move: Wish|[wisher] Alomomola\n|-heal|p1a: Alomomola|429/429 psn|[from] item: Leftovers\n|-damage|p1a: Alomomola|376/429 psn|[from] psn\n|upkeep\n|turn|13\n|\n|t:|1733769035\n|move|p2a: Meloetta|Close Combat|p1a: Alomomola\n|-damage|p1a: Alomomola|181/429 psn\n|-unboost|p2a: Meloetta|def|1\n|-unboost|p2a: Meloetta|spd|1\n|-damage|p2a: Meloetta|161/298|[from] item: Life Orb\n|move|p1a: Alomomola|Wish|p1a: Alomomola\n|\n|-heal|p1a: Alomomola|207/429 psn|[from] item: Leftovers\n|-damage|p1a: Alomomola|154/429 psn|[from] psn\n|upkeep\n|turn|14\n|\n|t:|1733769048\n|move|p1a: Alomomola|Protect|p1a: Alomomola\n|-singleturn|p1a: Alomomola|Protect\n|move|p2a: Meloetta|Knock Off|p1a: Alomomola\n|-activate|p1a: Alomomola|move: Protect\n|\n|-heal|p1a: Alomomola|368/429 psn|[from] move: Wish|[wisher] Alomomola\n|-heal|p1a: Alomomola|394/429 psn|[from] item: Leftovers\n|-damage|p1a: Alomomola|341/429 psn|[from] psn\n|upkeep\n|turn|15\n|\n|t:|1733769059\n|move|p2a: Meloetta|Relic Song|p1a: Alomomola\n|-damage|p1a: Alomomola|215/429 psn\n|-formechange|p2a: Meloetta|Meloetta|[msg]\n|-damage|p2a: Meloetta|132/298|[from] item: Life Orb\n|move|p1a: Alomomola|Scald|p2a: Meloetta\n|-damage|p2a: Meloetta|75/298\n|\n|-heal|p1a: Alomomola|241/429 psn|[from] item: Leftovers\n|-damage|p1a: Alomomola|188/429 psn|[from] psn\n|upkeep\n|turn|16\n|inactive|Shushedfrfr has 120 seconds left.\n|\n|t:|1733769081\n|-terastallize|p2a: Meloetta|Fighting\n|move|p2a: Meloetta|Close Combat|p1a: Alomomola\n|-damage|p1a: Alomomola|48/429 psn\n|-unboost|p2a: Meloetta|def|1\n|-unboost|p2a: Meloetta|spd|1\n|-damage|p2a: Meloetta|46/298|[from] item: Life Orb\n|move|p1a: Alomomola|Scald|p2a: Meloetta\n|-damage|p2a: Meloetta|0 fnt\n|faint|p2a: Meloetta\n|\n|-heal|p1a: Alomomola|74/429 psn|[from] item: Leftovers\n|-damage|p1a: Alomomola|21/429 psn|[from] psn\n|upkeep\n|inactive|Shushedfrfr has 120 seconds left.\n|\n|t:|1733769098\n|switch|p2a: Rampardos|Rampardos, L90, M|321/321\n|turn|17\n|\n|t:|1733769112\n|move|p1a: Alomomola|Scald|p2a: Rampardos\n|-supereffective|p2a: Rampardos\n|-damage|p2a: Rampardos|177/321\n|move|p2a: Rampardos|Zen Headbutt|p1a: Alomomola\n|-damage|p1a: Alomomola|0 fnt\n|faint|p1a: Alomomola\n|\n|upkeep\n|\n|t:|1733769129\n|switch|p1a: Decidueye|Decidueye-Hisui, L87, M, tera:Steel|253/295\n|turn|18\n|inactive|Shushedfrfr has 120 seconds left.\n|\n|t:|1733769143\n|move|p2a: Rampardos|Fire Punch|p1a: Decidueye\n|-supereffective|p1a: Decidueye\n|-damage|p1a: Decidueye|0 fnt\n|faint|p1a: Decidueye\n|\n|upkeep\n|\n|t:|1733769151\n|switch|p1a: Dipplin|Dipplin, L88, M|78/284\n|-status|p1a: Dipplin|psn\n|turn|19\n|\n|t:|1733769157\n|move|p2a: Rampardos|Fire Punch|p1a: Dipplin\n|-damage|p1a: Dipplin|0 fnt\n|faint|p1a: Dipplin\n|\n|win|Shushedfrfr\n|raw|YahBoyDeven's rating: 1101 &rarr; <strong>1074</strong><br />(-27 for losing)\n|raw|Shushedfrfr's rating: 1072 &rarr; <strong>1104</strong><br />(+32 for winning)\n", "inputlog": ">version bfd83cad13791eb5a5a409923076391caf6fb4d4\n>start {\"formatid\":\"gen9randombattle\",\"seed\":[63413,34449,39346,51364],\"rated\":\"Rated battle\"}\n>player p1 {\"name\":\"YahBoyDeven\",\"avatar\":\"102\",\"rating\":1101,\"seed\":[9406,51540,40328,370]}\n>player p2 {\"name\":\"Shushedfrfr\",\"avatar\":\"101\",\"rating\":1072,\"seed\":[14804,11256,39462,916]}\n>p1 move swordsdance\n>p2 move zenheadbutt\n>p1 switch 3\n>p1 move triplearrows\n>p2 switch 4\n>p1 move triplearrows terastallize\n>p2 move tripleaxel\n>p2 switch 3\n>p1 switch 4\n>p2 move dragondance\n>p1 move bodyslam\n>p2 move outrage\n>p1 move zenheadbutt\n>p2 move outrage\n>p1 switch 5\n>p1 move dragonpulse\n>p2 move outrage\n>p2 switch 5\n>p1 switch 6\n>p2 move toxicspikes\n>p1 move thunderbolt\n>p2 move earthquake\n>p2 switch 4\n>p1 move muddywater\n>p2 move rockslide\n>p1 switch 2\n>p1 move wish\n>p2 switch 6\n>p1 move scald\n>p2 move relicsong\n>p1 move wish\n>p2 move closecombat\n>p1 move protect\n>p2 move knockoff\n>p1 move scald\n>p2 move relicsong\n>p1 move scald\n>p2 move closecombat terastallize\n>p2 switch 6\n>p1 move scald\n>p2 move zenheadbutt\n>p1 switch 4\n>p1 move triplearrows\n>p2 move firepunch\n>p1 switch 6\n>p1 move recover\n>p2 move firepunch", "uploadtime": 1733769161, "views": 1, "formatid": "gen9randombattle", "rating": 1074, "private": 0, "password": null}