{"id": "gen9randombattle-2212129244", "format": "[Gen 9] Random Battle", "players": ["R3lt gloriousplays", "ndubers brainrot"], "log": "|badge|p1|bronze|gen9randombattle|100-2\n|html|<div class=\"broadcast-red\"><strong>This battle is required to be public due to one or more player having a season medal.</strong><br />During the public phase, you can discuss the state of the ladder <a href=\"/seasondiscussion\">in a special chatroom.</a></div>\n|uhtml|medal-msg|<div class=\"broadcast-blue\">Curious what those medals under the avatar are? PS now has Ladder Seasons! For more information, check out the <a href=\"https://www.smogon.com/forums/threads/3740067/\">thread on Smogon.</a></div>\n|badge|p2|bronze|gen9randombattle|100-2\n|uhtml|medal-msg|<div class=\"broadcast-blue\">Curious what those medals under the avatar are? PS now has Ladder Seasons! For more information, check out the <a href=\"https://www.smogon.com/forums/threads/3740067/\">thread on Smogon.</a></div>\n|raw|<div class=\"broadcast-blue\"><strong>This battle is required to be public due to a player having a name starting with 'medal'.</div>\n|j|\u2606R3lt gloriousplays\n|j|\u2606ndubers brainrot\n|t:|1727615374\n|gametype|singles\n|player|p1|R3lt gloriousplays|ash-kalos|2339\n|player|p2|ndubers brainrot|dawn|2301\n|teamsize|p1|6\n|teamsize|p2|6\n|gen|9\n|tier|[Gen 9] Random Battle\n|rated|\n|rule|Species Clause: Limit one of each Pok\u00e9mon\n|rule|HP Percentage Mod: HP is shown in percentages\n|rule|Sleep Clause Mod: Limit one foe put to sleep\n|rule|Illusion Level Mod: Illusion disguises the Pok\u00e9mon's true level\n|\n|t:|1727615374\n|start\n|switch|p1a: Swampert|Swampert, L83, F|302/302\n|switch|p2a: Palafin|Palafin, L77, M|281/281\n|turn|1\n|\n|t:|1727615384\n|move|p2a: Palafin|Flip Turn|p1a: Swampert\n|-damage|p1a: Swampert|236/302\n|\n|t:|1727615387\n|detailschange|p2a: Palafin|Palafin-Hero, L77, M\n|switch|p2a: Decidueye|Decidueye, L88, M|281/281|[from] Flip Turn\n|move|p1a: Swampert|Knock Off|p2a: Decidueye\n|-supereffective|p2a: Decidueye\n|-damage|p2a: Decidueye|121/281\n|-enditem|p2a: Decidueye|Life Orb|[from] move: Knock Off|[of] p1a: Swampert\n|\n|-heal|p1a: Swampert|254/302|[from] item: Leftovers\n|upkeep\n|turn|2\n|\n|t:|1727615395\n|switch|p1a: Spiritomb|Spiritomb, L89, M|234/234\n|move|p2a: Decidueye|Poltergeist|p1a: Spiritomb\n|-activate|p1a: Spiritomb|move: Poltergeist|Leftovers\n|-damage|p1a: Spiritomb|123/234\n|\n|-heal|p1a: Spiritomb|137/234|[from] item: Leftovers\n|upkeep\n|turn|3\n|\n|t:|1727615402\n|switch|p2a: Chansey|Chansey, L85, F|564/564\n|move|p1a: Spiritomb|Sucker Punch||[still]\n|-fail|p1a: Spiritomb\n|\n|-heal|p1a: Spiritomb|151/234|[from] item: Leftovers\n|upkeep\n|turn|4\n|\n|t:|1727615416\n|switch|p1a: Swampert|Swampert, L83, F|254/302\n|move|p2a: Chansey|Thunder Wave|p1a: Swampert\n|-immune|p1a: Swampert\n|\n|-heal|p1a: Swampert|272/302|[from] item: Leftovers\n|upkeep\n|turn|5\n|\n|t:|1727615451\n|switch|p2a: Ogerpon|Ogerpon-Wellspring, L76, F|247/247\n|move|p1a: Swampert|Knock Off|p2a: Ogerpon\n|-damage|p2a: Ogerpon|192/247\n|\n|-heal|p1a: Swampert|290/302|[from] item: Leftovers\n|upkeep\n|turn|6\n|\n|t:|1727615459\n|switch|p1a: Appletun|Appletun, L92, F|352/352\n|move|p2a: Ogerpon|Knock Off|p1a: Appletun\n|-damage|p1a: Appletun|266/352\n|-enditem|p1a: Appletun|Leftovers|[from] move: Knock Off|[of] p2a: Ogerpon\n|\n|upkeep\n|turn|7\n|\n|t:|1727615476\n|switch|p2a: Chansey|Chansey, L85, F|564/564\n|move|p1a: Appletun|Draco Meteor|p2a: Chansey\n|-damage|p2a: Chansey|474/564\n|-unboost|p1a: Appletun|spa|2\n|\n|upkeep\n|turn|8\n|j| Truth N Ideals\n|\n|t:|1727615486\n|switch|p2a: Decidueye|Decidueye, L88, M|121/281\n|switch|p1a: Swampert|Swampert, L83, F|290/302\n|\n|-heal|p1a: Swampert|302/302|[from] item: Leftovers\n|upkeep\n|turn|9\n|\n|t:|1727615492\n|switch|p1a: Spiritomb|Spiritomb, L89, M|151/234\n|move|p2a: Decidueye|Leaf Blade|p1a: Spiritomb\n|-damage|p1a: Spiritomb|58/234\n|\n|-heal|p1a: Spiritomb|72/234|[from] item: Leftovers\n|upkeep\n|turn|10\n|l| Truth N Ideals\n|\n|t:|1727615503\n|move|p2a: Decidueye|Shadow Sneak|p1a: Spiritomb\n|-damage|p1a: Spiritomb|27/234\n|move|p1a: Spiritomb|Sucker Punch||[still]\n|-fail|p1a: Spiritomb\n|\n|-heal|p1a: Spiritomb|41/234|[from] item: Leftovers\n|upkeep\n|turn|11\n|\n|t:|1727615513\n|switch|p1a: Slaking|Slaking, L84, F|389/389\n|move|p2a: Decidueye|Shadow Sneak|p1a: Slaking\n|-immune|p1a: Slaking\n|\n|upkeep\n|turn|12\n|\n|t:|1727615545\n|move|p1a: Slaking|Knock Off|p2a: Decidueye\n|-supereffective|p2a: Decidueye\n|-damage|p2a: Decidueye|0 fnt\n|faint|p2a: Decidueye\n|\n|upkeep\n|\n|t:|1727615561\n|switch|p2a: Palafin|Palafin-Hero, L77, M|281/281\n|-activate|p2a: Palafin|ability: Zero to Hero\n|turn|13\n|\n|t:|1727615583\n|switch|p1a: Toxicroak|Toxicroak, L84, M|277/277\n|move|p2a: Palafin|Flip Turn|p1a: Toxicroak\n|-immune|p1a: Toxicroak|[from] ability: Dry Skin\n|\n|upkeep\n|turn|14\n|\n|t:|1727615606\n|switch|p2a: Meowstic|Meowstic, L89, M|277/277\n|move|p1a: Toxicroak|Gunk Shot|p2a: Meowstic\n|-damage|p2a: Meowstic|78/277\n|\n|upkeep\n|turn|15\n|\n|t:|1727615617\n|switch|p1a: Houndoom|Houndoom, L87, F|272/272\n|move|p2a: Meowstic|Reflect|p2a: Meowstic\n|-sidestart|p2: ndubers brainrot|Reflect\n|\n|upkeep\n|turn|16\n|\n|t:|1727615647\n|move|p2a: Meowstic|Light Screen|p2a: Meowstic\n|-sidestart|p2: ndubers brainrot|move: Light Screen\n|move|p1a: Houndoom|Nasty Plot|p1a: Houndoom\n|-boost|p1a: Houndoom|spa|2\n|\n|upkeep\n|turn|17\n|\n|t:|1727615655\n|move|p2a: Meowstic|Alluring Voice|p1a: Houndoom\n|-damage|p1a: Houndoom|214/272\n|move|p1a: Houndoom|Nasty Plot|p1a: Houndoom\n|-boost|p1a: Houndoom|spa|2\n|\n|upkeep\n|turn|18\n|\n|t:|1727615663\n|move|p2a: Meowstic|Alluring Voice|p1a: Houndoom\n|-damage|p1a: Houndoom|154/272\n|move|p1a: Houndoom|Dark Pulse|p2a: Meowstic\n|-supereffective|p2a: Meowstic\n|-damage|p2a: Meowstic|0 fnt\n|faint|p2a: Meowstic\n|\n|upkeep\n|\n|t:|1727615668\n|switch|p2a: Palafin|Palafin-Hero, L77, M|281/281\n|turn|19\n|\n|t:|1727615673\n|switch|p1a: Toxicroak|Toxicroak, L84, M|277/277\n|move|p2a: Palafin|Close Combat|p1a: Toxicroak\n|-resisted|p1a: Toxicroak\n|-damage|p1a: Toxicroak|183/277\n|-unboost|p2a: Palafin|def|1\n|-unboost|p2a: Palafin|spd|1\n|\n|upkeep\n|turn|20\n|\n|t:|1727615677\n|switch|p1a: Spiritomb|Spiritomb, L89, M|41/234\n|move|p2a: Palafin|Close Combat|p1a: Spiritomb\n|-immune|p1a: Spiritomb\n|\n|-heal|p1a: Spiritomb|55/234|[from] item: Leftovers\n|upkeep\n|turn|21\n|\n|t:|1727615682\n|switch|p2a: Ogerpon|Ogerpon-Wellspring, L76, F|192/247\n|move|p1a: Spiritomb|Pain Split|p2a: Ogerpon\n|-sethp|p2a: Ogerpon|123/247|[from] move: Pain Split|[silent]\n|-sethp|p1a: Spiritomb|123/234|[from] move: Pain Split\n|\n|-heal|p1a: Spiritomb|137/234|[from] item: Leftovers\n|upkeep\n|turn|22\n|j| Truth N Ideals\n|c|\u2606ndubers brainrot|ggwp\n|-message|ndubers brainrot forfeited.\n|\n|win|R3lt gloriousplays\n|raw|R3lt gloriousplays's rating: 2326 &rarr; <strong>2345</strong><br />(+19 for winning)\n|raw|ndubers brainrot's rating: 2301 &rarr; <strong>2282</strong><br />(-19 for losing)\n|l|\u2606ndubers brainrot\n|player|p2|\n", "inputlog": ">version 69ff0b2f47ddc97367302b06f7f2ae172fb214dd\n>start {\"formatid\":\"gen9randombattle\",\"seed\":[36484,8274,283,42259],\"rated\":\"Rated battle\"}\n>player p1 {\"name\":\"R3lt gloriousplays\",\"avatar\":\"ash-kalos\",\"rating\":2339,\"seed\":[5825,40154,2845,57025]}\n>player p2 {\"name\":\"ndubers brainrot\",\"avatar\":\"dawn\",\"rating\":2301,\"seed\":[14487,28542,23599,52686]}\n>p1 move knockoff\n>p2 move flipturn\n>p2 switch 3\n>p1 switch 2\n>p2 move poltergeist\n>p1 move suckerpunch\n>p2 switch 6\n>p1 switch 2\n>p2 move thunderwave\n>p1 move knockoff\n>p2 switch 2\n>p1 switch 3\n>p2 move knockoff\n>p1 move dracometeor\n>p2 switch 2\n>p1 switch 3\n>p2 switch 6\n>p1 switch 2\n>p2 move leafblade\n>p1 move suckerpunch\n>p2 move shadowsneak\n>p1 switch 5\n>p2 move shadowsneak\n>p1 move knockoff\n>p2 move leafblade\n>p2 switch 3\n>p1 switch 4\n>p2 move flipturn\n>p1 move gunkshot\n>p2 switch 5\n>p1 switch 6\n>p2 move reflect\n>p1 move nastyplot\n>p2 move lightscreen\n>p1 move nastyplot\n>p2 move alluringvoice\n>p1 move darkpulse\n>p2 move alluringvoice\n>p2 switch 5\n>p1 switch 6\n>p2 move closecombat\n>p1 switch 5\n>p2 move closecombat\n>p1 move painsplit\n>p2 switch 2\n>chat \u2606ndubers brainrot|ggwp\n>forcelose p2", "uploadtime": 1727615699, "views": 78, "formatid": "gen9randombattle", "rating": 2282, "private": 0, "password": null}