{"id": "gen9randombattle-2260770953", "format": "[Gen 9] Random Battle", "players": ["xinyazhili", "Zara home 001"], "log": "|j|\u2606xinyazhili\n|j|\u2606Zara home 001\n|t:|1733889561\n|gametype|singles\n|player|p1|xinyazhili|170|\n|player|p2|Zara home 001|266|\n|teamsize|p1|6\n|teamsize|p2|6\n|gen|9\n|tier|[Gen 9] Random Battle\n|rule|Species Clause: Limit one of each Pok\u00e9mon\n|rule|HP Percentage Mod: HP is shown in percentages\n|rule|Sleep Clause Mod: Limit one foe put to sleep\n|rule|Illusion Level Mod: Illusion disguises the Pok\u00e9mon's true level\n|\n|t:|1733889561\n|start\n|switch|p1a: Porygon2|Porygon2, L82|274/274\n|switch|p2a: Kricketune|Kricketune, L99, M|311/311\n|-ability|p1a: Porygon2|Download|boost\n|-boost|p1a: Porygon2|spa|1\n|turn|1\n|inactive|Battle timer is ON: inactive players will automatically lose when time's up. (requested by xinyazhili)\n|\n|t:|1733889572\n|move|p2a: Kricketune|Sticky Web|p1a: Porygon2\n|-sidestart|p1: xinyazhili|move: Sticky Web\n|move|p1a: Porygon2|Tri Attack|p2a: Kricketune\n|-crit|p2a: Kricketune\n|-damage|p2a: Kricketune|64/311\n|-status|p2a: Kricketune|brn\n|\n|-damage|p2a: Kricketune|45/311 brn|[from] brn\n|upkeep\n|turn|2\n|\n|t:|1733889574\n|move|p2a: Kricketune|Knock Off|p1a: Porygon2\n|-damage|p1a: Porygon2|245/274\n|-enditem|p1a: Porygon2|Eviolite|[from] move: Knock Off|[of] p2a: Kricketune\n|move|p1a: Porygon2|Tri Attack|p2a: Kricketune\n|-damage|p2a: Kricketune|0 fnt\n|faint|p2a: Kricketune\n|\n|upkeep\n|\n|t:|1733889586\n|switch|p2a: Tyranitar|Tyranitar, L79, M|288/288\n|-weather|Sandstorm|[from] ability: Sand Stream|[of] p2a: Tyranitar\n|turn|3\n|\n|t:|1733889593\n|move|p1a: Porygon2|Tri Attack|p2a: Tyranitar\n|-resisted|p2a: Tyranitar\n|-damage|p2a: Tyranitar|247/288\n|move|p2a: Tyranitar|Dragon Dance|p2a: Tyranitar\n|-boost|p2a: Tyranitar|atk|1\n|-boost|p2a: Tyranitar|spe|1\n|\n|-weather|Sandstorm|[upkeep]\n|-damage|p1a: Porygon2|228/274|[from] Sandstorm\n|-heal|p2a: Tyranitar|265/288|[from] item: Leftovers\n|upkeep\n|turn|4\n|\n|t:|1733889598\n|move|p2a: Tyranitar|Dragon Dance|p2a: Tyranitar\n|-boost|p2a: Tyranitar|atk|1\n|-boost|p2a: Tyranitar|spe|1\n|move|p1a: Porygon2|Ice Beam|p2a: Tyranitar\n|-damage|p2a: Tyranitar|201/288\n|\n|-weather|Sandstorm|[upkeep]\n|-damage|p1a: Porygon2|211/274|[from] Sandstorm\n|-heal|p2a: Tyranitar|219/288|[from] item: Leftovers\n|upkeep\n|turn|5\n|\n|t:|1733889601\n|move|p2a: Tyranitar|Dragon Dance|p2a: Tyranitar\n|-boost|p2a: Tyranitar|atk|1\n|-boost|p2a: Tyranitar|spe|1\n|move|p1a: Porygon2|Ice Beam|p2a: Tyranitar\n|-damage|p2a: Tyranitar|155/288\n|\n|-weather|Sandstorm|[upkeep]\n|-damage|p1a: Porygon2|194/274|[from] Sandstorm\n|-heal|p2a: Tyranitar|173/288|[from] item: Leftovers\n|upkeep\n|turn|6\n|\n|t:|1733889606\n|move|p2a: Tyranitar|Dragon Dance|p2a: Tyranitar\n|-boost|p2a: Tyranitar|atk|1\n|-boost|p2a: Tyranitar|spe|1\n|move|p1a: Porygon2|Ice Beam|p2a: Tyranitar\n|-crit|p2a: Tyranitar\n|-damage|p2a: Tyranitar|88/288\n|\n|-weather|Sandstorm|[upkeep]\n|-damage|p1a: Porygon2|177/274|[from] Sandstorm\n|-heal|p2a: Tyranitar|106/288|[from] item: Leftovers\n|upkeep\n|turn|7\n|\n|t:|1733889610\n|move|p2a: Tyranitar|Stone Edge|p1a: Porygon2\n|-damage|p1a: Porygon2|0 fnt\n|faint|p1a: Porygon2\n|\n|-weather|none\n|-heal|p2a: Tyranitar|124/288|[from] item: Leftovers\n|upkeep\n|\n|t:|1733889616\n|switch|p1a: Vileplume|Vileplume, L85, M|266/266\n|-activate|p1a: Vileplume|move: Sticky Web\n|-unboost|p1a: Vileplume|spe|1\n|turn|8\n|\n|t:|1733889623\n|move|p2a: Tyranitar|Stone Edge|p1a: Vileplume\n|-damage|p1a: Vileplume|0 fnt\n|faint|p1a: Vileplume\n|\n|-heal|p2a: Tyranitar|142/288|[from] item: Leftovers\n|upkeep\n|\n|t:|1733889631\n|switch|p1a: Dragonite|Dragonite, L74, M|257/257\n|turn|9\n|\n|t:|1733889640\n|-terastallize|p2a: Tyranitar|Ghost\n|-terastallize|p1a: Dragonite|Steel\n|move|p2a: Tyranitar|Knock Off|p1a: Dragonite\n|-crit|p1a: Dragonite\n|-damage|p1a: Dragonite|0 fnt\n|-enditem|p1a: Dragonite|Heavy-Duty Boots|[from] move: Knock Off|[of] p2a: Tyranitar\n|faint|p1a: Dragonite\n|\n|-heal|p2a: Tyranitar|160/288|[from] item: Leftovers\n|upkeep\n|\n|t:|1733889649\n|switch|p1a: Koraidon|Koraidon, L64|235/235\n|-activate|p1a: Koraidon|move: Sticky Web\n|-unboost|p1a: Koraidon|spe|1\n|-weather|SunnyDay|[from] ability: Orichalcum Pulse|[of] p1a: Koraidon\n|-activate|p1a: Koraidon|Orichalcum Pulse|[source]\n|turn|10\n|\n|t:|1733889657\n|move|p2a: Tyranitar|Earthquake|p1a: Koraidon\n|-damage|p1a: Koraidon|0 fnt\n|faint|p1a: Koraidon\n|\n|-weather|SunnyDay|[upkeep]\n|-heal|p2a: Tyranitar|178/288|[from] item: Leftovers\n|upkeep\n|\n|t:|1733889662\n|switch|p1a: Greedent|Greedent, L86, M|347/347\n|-activate|p1a: Greedent|move: Sticky Web\n|-unboost|p1a: Greedent|spe|1\n|turn|11\n|\n|t:|1733889666\n|move|p2a: Tyranitar|Knock Off|p1a: Greedent\n|-damage|p1a: Greedent|23/347\n|-enditem|p1a: Greedent|Sitrus Berry|[from] move: Knock Off|[of] p2a: Tyranitar\n|move|p1a: Greedent|Knock Off|p2a: Tyranitar\n|-supereffective|p2a: Tyranitar\n|-damage|p2a: Tyranitar|46/288\n|-enditem|p2a: Tyranitar|Leftovers|[from] move: Knock Off|[of] p1a: Greedent\n|\n|-weather|SunnyDay|[upkeep]\n|upkeep\n|turn|12\n|\n|t:|1733889669\n|move|p2a: Tyranitar|Knock Off|p1a: Greedent\n|-crit|p1a: Greedent\n|-damage|p1a: Greedent|0 fnt\n|faint|p1a: Greedent\n|\n|-weather|SunnyDay|[upkeep]\n|upkeep\n|\n|t:|1733889671\n|switch|p1a: Electivire|Electivire, L84, M|263/263\n|-activate|p1a: Electivire|move: Sticky Web\n|-unboost|p1a: Electivire|spe|1\n|turn|13\n|\n|t:|1733889674\n|move|p2a: Tyranitar|Earthquake|p1a: Electivire\n|-supereffective|p1a: Electivire\n|-damage|p1a: Electivire|0 fnt\n|faint|p1a: Electivire\n|\n|win|Zara home 001\n|l|\u2606xinyazhili\n|player|p1|\n", "inputlog": ">version bfd83cad13791eb5a5a409923076391caf6fb4d4\n>start {\"formatid\":\"gen9randombattle\",\"seed\":[47814,47261,57990,49475]}\n>player p1 {\"name\":\"xinyazhili\",\"avatar\":\"170\",\"rating\":0,\"seed\":[2473,24350,53718,19184]}\n>player p2 {\"name\":\"Zara home 001\",\"avatar\":\"266\",\"rating\":0,\"seed\":[64360,8752,24212,29436]}\n>p1 move triattack\n>p2 move stickyweb\n>p1 move triattack\n>p2 move knockoff\n>p2 switch 4\n>p1 move triattack\n>p2 move dragondance\n>p1 move icebeam\n>p2 move dragondance\n>p1 move icebeam\n>p2 move dragondance\n>p1 move icebeam\n>p2 move dragondance\n>p1 move icebeam\n>p2 move stoneedge\n>p1 switch 6\n>p1 move strengthsap\n>p2 move stoneedge\n>p1 switch 3\n>p1 move earthquake terastallize\n>p2 move knockoff terastallize\n>p1 switch 4\n>p1 move scaleshot\n>p2 move earthquake\n>p1 switch 2\n>p1 move knockoff\n>p2 move knockoff\n>p1 move knockoff\n>p2 move knockoff\n>p1 switch 5\n>p1 move icepunch\n>p2 move earthquake", "uploadtime": 1733889681, "views": 9, "formatid": "gen9randombattle", "rating": null, "private": 0, "password": null}