{"id": "gen9randombattle-2259952069", "format": "[Gen 9] Random Battle", "players": ["callanambulance206", "ae4t3e"], "log": "|j|\u2606callanambulance206\n|j|\u2606ae4t3e\n|t:|1733783583\n|gametype|singles\n|player|p1|callanambulance206|lucas|1050\n|player|p2|ae4t3e|backersf|1000\n|teamsize|p1|6\n|teamsize|p2|6\n|gen|9\n|tier|[Gen 9] Random Battle\n|rated|\n|rule|Species Clause: Limit one of each Pok\u00e9mon\n|rule|HP Percentage Mod: HP is shown in percentages\n|rule|Sleep Clause Mod: Limit one foe put to sleep\n|rule|Illusion Level Mod: Illusion disguises the Pok\u00e9mon's true level\n|\n|t:|1733783583\n|start\n|switch|p1a: Wyrdeer|Wyrdeer, L87, F|321/321\n|switch|p2a: Toxicroak|Toxicroak, L84, M|277/277\n|-ability|p1a: Wyrdeer|Intimidate|boost\n|-unboost|p2a: Toxicroak|atk|1\n|turn|1\n|\n|t:|1733783597\n|switch|p2a: Kingambit|Kingambit, L74, M|270/270\n|move|p1a: Wyrdeer|Psychic Noise|p2a: Kingambit\n|-immune|p2a: Kingambit\n|\n|upkeep\n|turn|2\n|\n|t:|1733783604\n|move|p1a: Wyrdeer|Earthquake|p2a: Kingambit\n|-supereffective|p2a: Kingambit\n|-damage|p2a: Kingambit|118/270\n|move|p2a: Kingambit|Kowtow Cleave|p1a: Wyrdeer\n|-supereffective|p1a: Wyrdeer\n|-damage|p1a: Wyrdeer|115/321\n|\n|-heal|p2a: Kingambit|134/270|[from] item: Leftovers\n|upkeep\n|turn|3\n|\n|t:|1733783607\n|move|p2a: Kingambit|Sucker Punch|p1a: Wyrdeer\n|-supereffective|p1a: Wyrdeer\n|-damage|p1a: Wyrdeer|0 fnt\n|faint|p1a: Wyrdeer\n|\n|-heal|p2a: Kingambit|150/270|[from] item: Leftovers\n|upkeep\n|\n|t:|1733783614\n|switch|p1a: Excadrill|Excadrill, L79, F|303/303\n|-ability|p1a: Excadrill|Mold Breaker\n|turn|4\n|\n|t:|1733783625\n|-end|p2a: Kingambit|fallenundefined|[silent]\n|switch|p2a: Squawkabilly|Squawkabilly-White, L89, M|291/291\n|move|p1a: Excadrill|Earthquake|p2a: Squawkabilly\n|-immune|p2a: Squawkabilly\n|\n|upkeep\n|turn|5\n|inactive|Battle timer is ON: inactive players will automatically lose when time's up. (requested by callanambulance206)\n|\n|t:|1733783636\n|move|p2a: Squawkabilly|Parting Shot|p1a: Excadrill\n|-unboost|p1a: Excadrill|atk|1\n|-unboost|p1a: Excadrill|spa|1\n|\n|t:|1733783640\n|switch|p2a: Toxicroak|Toxicroak, L84, M|277/277|[from] Parting Shot\n|move|p1a: Excadrill|Rapid Spin|p2a: Toxicroak\n|-damage|p2a: Toxicroak|243/277\n|-boost|p1a: Excadrill|spe|1\n|\n|upkeep\n|turn|6\n|\n|t:|1733783649\n|switch|p2a: Squawkabilly|Squawkabilly-White, L89, M|291/291\n|move|p1a: Excadrill|Earthquake|p2a: Squawkabilly\n|-immune|p2a: Squawkabilly\n|\n|upkeep\n|turn|7\n|\n|t:|1733783654\n|move|p1a: Excadrill|Earthquake|p2a: Squawkabilly\n|-immune|p2a: Squawkabilly\n|move|p2a: Squawkabilly|Parting Shot|p1a: Excadrill\n|-unboost|p1a: Excadrill|atk|1\n|-unboost|p1a: Excadrill|spa|1\n|\n|t:|1733783659\n|switch|p2a: Toxicroak|Toxicroak, L84, M|243/277|[from] Parting Shot\n|\n|upkeep\n|turn|8\n|\n|t:|1733783663\n|move|p1a: Excadrill|Earthquake|p2a: Toxicroak\n|-supereffective|p2a: Toxicroak\n|-damage|p2a: Toxicroak|91/277\n|move|p2a: Toxicroak|Close Combat|p1a: Excadrill\n|-supereffective|p1a: Excadrill\n|-damage|p1a: Excadrill|0 fnt\n|-unboost|p2a: Toxicroak|def|1\n|-unboost|p2a: Toxicroak|spd|1\n|faint|p1a: Excadrill\n|-damage|p2a: Toxicroak|64/277|[from] item: Life Orb\n|\n|upkeep\n|\n|t:|1733783673\n|switch|p1a: Porygon2|Porygon2, L82|274/274\n|-ability|p1a: Porygon2|Download|boost\n|-boost|p1a: Porygon2|spa|1\n|turn|9\n|\n|t:|1733783690\n|move|p2a: Toxicroak|Knock Off|p1a: Porygon2\n|-damage|p1a: Porygon2|208/274\n|-enditem|p1a: Porygon2|Eviolite|[from] move: Knock Off|[of] p2a: Toxicroak\n|-damage|p2a: Toxicroak|37/277|[from] item: Life Orb\n|move|p1a: Porygon2|Shadow Ball|p2a: Toxicroak\n|-damage|p2a: Toxicroak|0 fnt\n|faint|p2a: Toxicroak\n|\n|upkeep\n|\n|t:|1733783711\n|switch|p2a: Blissey|Blissey, L84, F|566/566\n|turn|10\n|\n|t:|1733783716\n|move|p1a: Porygon2|Thunder Wave|p2a: Blissey\n|-status|p2a: Blissey|par\n|move|p2a: Blissey|Thunder Wave|p1a: Porygon2\n|-status|p1a: Porygon2|par\n|\n|upkeep\n|turn|11\n|\n|t:|1733783719\n|switch|p1a: Hitmontop|Hitmontop, L88, M|231/231\n|-ability|p1a: Hitmontop|Intimidate|boost\n|-unboost|p2a: Blissey|atk|1\n|move|p2a: Blissey|Seismic Toss|p1a: Hitmontop\n|-damage|p1a: Hitmontop|147/231\n|\n|upkeep\n|turn|12\n|\n|t:|1733783726\n|-curestatus|p2a: Blissey|par|[from] ability: Natural Cure\n|switch|p2a: Arceus|Arceus-Fairy, L69|280/280\n|move|p1a: Hitmontop|Rapid Spin|p2a: Arceus\n|-damage|p2a: Arceus|244/280\n|-boost|p1a: Hitmontop|spe|1\n|\n|upkeep\n|turn|13\n|\n|t:|1733783733\n|switch|p1a: Toxapex|Toxapex, L82, M|216/216\n|move|p2a: Arceus|Judgment|p1a: Toxapex\n|-resisted|p1a: Toxapex\n|-damage|p1a: Toxapex|178/216\n|\n|upkeep\n|turn|14\n|\n|t:|1733783744\n|switch|p2a: Kingambit|Kingambit, L74, M|150/270\n|-activate|p2a: Kingambit|ability: Supreme Overlord\n|-start|p2a: Kingambit|fallen1|[silent]\n|move|p1a: Toxapex|Toxic|p2a: Kingambit\n|-immune|p2a: Kingambit\n|\n|-heal|p2a: Kingambit|166/270|[from] item: Leftovers\n|upkeep\n|turn|15\n|\n|t:|1733783758\n|switch|p1a: Hitmontop|Hitmontop, L88, M|147/231\n|-ability|p1a: Hitmontop|Intimidate|boost\n|-unboost|p2a: Kingambit|atk|1\n|move|p2a: Kingambit|Kowtow Cleave|p1a: Hitmontop\n|-resisted|p1a: Hitmontop\n|-damage|p1a: Hitmontop|116/231\n|\n|-heal|p2a: Kingambit|182/270|[from] item: Leftovers\n|upkeep\n|turn|16\n|\n|t:|1733783767\n|-end|p2a: Kingambit|fallen1|[silent]\n|switch|p2a: Squawkabilly|Squawkabilly-White, L89, M|291/291\n|move|p1a: Hitmontop|Rapid Spin|p2a: Squawkabilly\n|-damage|p2a: Squawkabilly|237/291\n|-boost|p1a: Hitmontop|spe|1\n|\n|upkeep\n|turn|17\n|\n|t:|1733783773\n|move|p1a: Hitmontop|Stone Edge|p2a: Squawkabilly\n|-supereffective|p2a: Squawkabilly\n|-damage|p2a: Squawkabilly|13/291\n|move|p2a: Squawkabilly|Brave Bird|p1a: Hitmontop\n|-supereffective|p1a: Hitmontop\n|-damage|p1a: Hitmontop|0 fnt\n|faint|p1a: Hitmontop\n|-damage|p2a: Squawkabilly|0 fnt|[from] Recoil\n|faint|p2a: Squawkabilly\n|\n|upkeep\n|\n|t:|1733783779\n|switch|p2a: Blissey|Blissey, L84, F|566/566\n|switch|p1a: Toxapex|Toxapex, L82, M|216/216\n|turn|18\n|\n|t:|1733783786\n|move|p2a: Blissey|Thunder Wave|p1a: Toxapex\n|-status|p1a: Toxapex|par\n|move|p1a: Toxapex|Haze|p1a: Toxapex\n|-clearallboost\n|\n|upkeep\n|turn|19\n|\n|t:|1733783791\n|switch|p2a: Kingambit|Kingambit, L74, M|182/270\n|-activate|p2a: Kingambit|ability: Supreme Overlord\n|-start|p2a: Kingambit|fallen2|[silent]\n|move|p1a: Toxapex|Toxic|p2a: Kingambit\n|-immune|p2a: Kingambit\n|\n|-heal|p2a: Kingambit|198/270|[from] item: Leftovers\n|upkeep\n|turn|20\n|\n|t:|1733783799\n|move|p2a: Kingambit|Kowtow Cleave|p1a: Toxapex\n|-damage|p1a: Toxapex|144/216 par\n|-damage|p2a: Kingambit|153/270|[from] item: Rocky Helmet|[of] p1a: Toxapex\n|move|p1a: Toxapex|Haze|p1a: Toxapex\n|-clearallboost\n|\n|-heal|p2a: Kingambit|169/270|[from] item: Leftovers\n|upkeep\n|turn|21\n|\n|t:|1733783806\n|move|p2a: Kingambit|Swords Dance|p2a: Kingambit\n|-boost|p2a: Kingambit|atk|2\n|move|p1a: Toxapex|Liquidation|p2a: Kingambit\n|-damage|p2a: Kingambit|112/270\n|\n|-heal|p2a: Kingambit|128/270|[from] item: Leftovers\n|upkeep\n|turn|22\n|\n|t:|1733783812\n|move|p2a: Kingambit|Kowtow Cleave|p1a: Toxapex\n|-damage|p1a: Toxapex|0 fnt\n|-damage|p2a: Kingambit|83/270|[from] item: Rocky Helmet|[of] p1a: Toxapex\n|faint|p1a: Toxapex\n|\n|-heal|p2a: Kingambit|99/270|[from] item: Leftovers\n|upkeep\n|\n|t:|1733783815\n|switch|p1a: Porygon2|Porygon2, L82|208/274 par\n|-ability|p1a: Porygon2|Download|boost\n|-boost|p1a: Porygon2|spa|1\n|turn|23\n|\n|t:|1733783820\n|move|p2a: Kingambit|Kowtow Cleave|p1a: Porygon2\n|-damage|p1a: Porygon2|0 fnt\n|faint|p1a: Porygon2\n|\n|-heal|p2a: Kingambit|115/270|[from] item: Leftovers\n|upkeep\n|\n|t:|1733783822\n|switch|p1a: Exeggutor|Exeggutor-Alola, L89, M|314/314\n|turn|24\n|\n|t:|1733783828\n|-terastallize|p1a: Exeggutor|Steel\n|move|p2a: Kingambit|Sucker Punch|p1a: Exeggutor\n|-damage|p1a: Exeggutor|124/314\n|-enditem|p1a: Exeggutor|Sitrus Berry|[eat]\n|-heal|p1a: Exeggutor|202/314|[from] item: Sitrus Berry\n|move|p1a: Exeggutor|Flamethrower|p2a: Kingambit\n|-supereffective|p2a: Kingambit\n|-damage|p2a: Kingambit|0 fnt\n|faint|p2a: Kingambit\n|-end|p2a: Kingambit|fallen2|[silent]\n|\n|-item|p1a: Exeggutor|Sitrus Berry|[from] ability: Harvest\n|upkeep\n|\n|t:|1733783836\n|switch|p2a: Arceus|Arceus-Fairy, L69|244/280\n|turn|25\n|\n|t:|1733783842\n|move|p2a: Arceus|Earth Power|p1a: Exeggutor\n|-supereffective|p1a: Exeggutor\n|-damage|p1a: Exeggutor|82/314\n|-enditem|p1a: Exeggutor|Sitrus Berry|[eat]\n|-heal|p1a: Exeggutor|160/314|[from] item: Sitrus Berry\n|move|p1a: Exeggutor|Calm Mind|p1a: Exeggutor\n|-boost|p1a: Exeggutor|spa|1\n|-boost|p1a: Exeggutor|spd|1\n|\n|upkeep\n|turn|26\n|\n|t:|1733783850\n|move|p2a: Arceus|Calm Mind|p2a: Arceus\n|-boost|p2a: Arceus|spa|1\n|-boost|p2a: Arceus|spd|1\n|move|p1a: Exeggutor|Giga Drain|p2a: Arceus\n|-damage|p2a: Arceus|141/280\n|-heal|p1a: Exeggutor|212/314|[from] drain|[of] p2a: Arceus\n|\n|upkeep\n|turn|27\n|\n|t:|1733783854\n|move|p2a: Arceus|Calm Mind|p2a: Arceus\n|-boost|p2a: Arceus|spa|1\n|-boost|p2a: Arceus|spd|1\n|move|p1a: Exeggutor|Giga Drain|p2a: Arceus\n|-damage|p2a: Arceus|63/280\n|-heal|p1a: Exeggutor|251/314|[from] drain|[of] p2a: Arceus\n|\n|upkeep\n|turn|28\n|\n|t:|1733783856\n|move|p2a: Arceus|Recover|p2a: Arceus\n|-heal|p2a: Arceus|203/280\n|move|p1a: Exeggutor|Giga Drain|p2a: Arceus\n|-damage|p2a: Arceus|131/280\n|-heal|p1a: Exeggutor|287/314|[from] drain|[of] p2a: Arceus\n|\n|upkeep\n|turn|29\n|\n|t:|1733783860\n|move|p2a: Arceus|Recover|p2a: Arceus\n|-heal|p2a: Arceus|271/280\n|move|p1a: Exeggutor|Giga Drain|p2a: Arceus\n|-damage|p2a: Arceus|190/280\n|-heal|p1a: Exeggutor|314/314|[from] drain|[of] p2a: Arceus\n|\n|upkeep\n|turn|30\n|\n|t:|1733783863\n|move|p2a: Arceus|Calm Mind|p2a: Arceus\n|-boost|p2a: Arceus|spa|1\n|-boost|p2a: Arceus|spd|1\n|move|p1a: Exeggutor|Giga Drain|p2a: Arceus\n|-damage|p2a: Arceus|126/280\n|\n|upkeep\n|turn|31\n|\n|t:|1733783867\n|move|p2a: Arceus|Recover|p2a: Arceus\n|-heal|p2a: Arceus|266/280\n|move|p1a: Exeggutor|Giga Drain|p2a: Arceus\n|-damage|p2a: Arceus|202/280\n|\n|-item|p1a: Exeggutor|Sitrus Berry|[from] ability: Harvest\n|upkeep\n|turn|32\n|\n|t:|1733783872\n|move|p2a: Arceus|Earth Power|p1a: Exeggutor\n|-supereffective|p1a: Exeggutor\n|-damage|p1a: Exeggutor|132/314\n|-enditem|p1a: Exeggutor|Sitrus Berry|[eat]\n|-heal|p1a: Exeggutor|210/314|[from] item: Sitrus Berry\n|move|p1a: Exeggutor|Flamethrower|p2a: Arceus\n|-damage|p2a: Arceus|151/280\n|\n|upkeep\n|turn|33\n|\n|t:|1733783879\n|move|p2a: Arceus|Earth Power|p1a: Exeggutor\n|-supereffective|p1a: Exeggutor\n|-damage|p1a: Exeggutor|24/314\n|move|p1a: Exeggutor|Giga Drain|p2a: Arceus\n|-damage|p2a: Arceus|85/280\n|-heal|p1a: Exeggutor|57/314|[from] drain|[of] p2a: Arceus\n|\n|-item|p1a: Exeggutor|Sitrus Berry|[from] ability: Harvest\n|upkeep\n|-enditem|p1a: Exeggutor|Sitrus Berry|[eat]\n|-heal|p1a: Exeggutor|135/314|[from] item: Sitrus Berry\n|turn|34\n|\n|t:|1733783883\n|move|p2a: Arceus|Earth Power|p1a: Exeggutor\n|-supereffective|p1a: Exeggutor\n|-damage|p1a: Exeggutor|0 fnt\n|faint|p1a: Exeggutor\n|\n|win|ae4t3e\n|raw|callanambulance206's rating: 1050 &rarr; <strong>1030</strong><br />(-20 for losing)\n|raw|ae4t3e's rating: 1000 &rarr; <strong>1046</strong><br />(+46 for winning)\n|l|\u2606callanambulance206\n|player|p1|\n", "inputlog": ">version bfd83cad13791eb5a5a409923076391caf6fb4d4\n>start {\"formatid\":\"gen9randombattle\",\"seed\":[13757,14719,65261,22122],\"rated\":\"Rated battle\"}\n>player p1 {\"name\":\"callanambulance206\",\"avatar\":\"lucas\",\"rating\":1050,\"seed\":[56561,24258,3564,61648]}\n>player p2 {\"name\":\"ae4t3e\",\"avatar\":\"backersf\",\"rating\":1000,\"seed\":[44135,15675,53049,26774]}\n>p1 move psychicnoise\n>p2 switch 3\n>p1 move earthquake\n>p2 move kowtowcleave\n>p1 move earthquake\n>p2 move suckerpunch\n>p1 switch 5\n>p1 move earthquake\n>p2 switch 4\n>p1 move rapidspin\n>p2 move partingshot\n>p2 switch 3\n>p1 move earthquake\n>p2 switch 3\n>p1 move earthquake\n>p2 move partingshot\n>p2 switch 3\n>p1 move earthquake\n>p2 move closecombat\n>p1 switch 2\n>p1 move shadowball\n>p2 move knockoff\n>p2 switch 2\n>p1 move thunderwave\n>p2 move thunderwave\n>p1 switch 3\n>p2 move seismictoss\n>p1 move rapidspin\n>p2 switch 5\n>p1 switch 6\n>p2 move judgment\n>p1 move toxic\n>p2 switch 4\n>p1 switch 6\n>p2 move kowtowcleave\n>p1 move rapidspin\n>p2 switch 3\n>p1 move stoneedge\n>p2 move bravebird\n>p1 switch 6\n>p2 switch 5\n>p1 move haze\n>p2 move thunderwave\n>p1 move toxic\n>p2 switch 3\n>p1 move haze\n>p2 move kowtowcleave\n>p1 move liquidation\n>p2 move swordsdance\n>p1 move liquidation\n>p2 move kowtowcleave\n>p1 switch 3\n>p1 move thunderwave\n>p2 move kowtowcleave\n>p1 switch 4\n>p1 move flamethrower terastallize\n>p2 move suckerpunch\n>p2 switch 4\n>p1 move calmmind\n>p2 move earthpower\n>p1 move gigadrain\n>p2 move calmmind\n>p1 move gigadrain\n>p2 move calmmind\n>p1 move gigadrain\n>p2 move recover\n>p1 move gigadrain\n>p2 move recover\n>p1 move gigadrain\n>p2 move calmmind\n>p1 move gigadrain\n>p2 move recover\n>p1 move flamethrower\n>p2 move earthpower\n>p1 move gigadrain\n>p2 move earthpower\n>p1 move gigadrain\n>p2 move earthpower", "uploadtime": 1733783971, "views": 1, "formatid": "gen9randombattle", "rating": 1030, "private": 0, "password": null}