{"id": "gen9randombattle-2260363112", "format": "[Gen 9] Random Battle", "players": ["Swole_kingdom", "JuanKamata"], "log": "|j|\u2606Swole_kingdom\n|j|\u2606JuanKamata\n|t:|1733844175\n|gametype|singles\n|player|p1|Swole_kingdom|pokemonranger|1103\n|player|p2|JuanKamata|lucas|1148\n|teamsize|p1|6\n|teamsize|p2|6\n|gen|9\n|tier|[Gen 9] Random Battle\n|rated|\n|rule|Species Clause: Limit one of each Pok\u00e9mon\n|rule|HP Percentage Mod: HP is shown in percentages\n|rule|Sleep Clause Mod: Limit one foe put to sleep\n|rule|Illusion Level Mod: Illusion disguises the Pok\u00e9mon's true level\n|\n|t:|1733844175\n|start\n|switch|p1a: Typhlosion|Typhlosion-Hisui, L83, M|257/257\n|switch|p2a: Dedenne|Dedenne, L88, M|261/261\n|turn|1\n|\n|t:|1733844187\n|move|p1a: Typhlosion|Eruption|p2a: Dedenne\n|-damage|p2a: Dedenne|36/261\n|-enditem|p2a: Dedenne|Sitrus Berry|[eat]\n|-heal|p2a: Dedenne|101/261|[from] item: Sitrus Berry\n|-heal|p2a: Dedenne|188/261|[from] ability: Cheek Pouch\n|move|p2a: Dedenne|Nuzzle|p1a: Typhlosion\n|-damage|p1a: Typhlosion|238/257\n|-status|p1a: Typhlosion|par\n|\n|upkeep\n|turn|2\n|inactive|Battle timer is ON: inactive players will automatically lose when time's up. (requested by Swole_kingdom)\n|\n|t:|1733844216\n|switch|p2a: Hypno|Hypno, L95, M|315/315\n|cant|p1a: Typhlosion|par\n|\n|upkeep\n|turn|3\n|\n|t:|1733844235\n|switch|p2a: Dedenne|Dedenne, L88, M|188/261\n|cant|p1a: Typhlosion|par\n|\n|upkeep\n|turn|4\n|\n|t:|1733844241\n|move|p2a: Dedenne|Thunderbolt|p1a: Typhlosion\n|-damage|p1a: Typhlosion|138/257 par\n|cant|p1a: Typhlosion|par\n|\n|upkeep\n|turn|5\n|\n|t:|1733844245\n|move|p2a: Dedenne|Thunderbolt|p1a: Typhlosion\n|-damage|p1a: Typhlosion|41/257 par\n|move|p1a: Typhlosion|Eruption|p2a: Dedenne\n|-damage|p2a: Dedenne|142/261\n|\n|upkeep\n|turn|6\n|\n|t:|1733844252\n|move|p2a: Dedenne|Thunderbolt|p1a: Typhlosion\n|-damage|p1a: Typhlosion|0 fnt\n|faint|p1a: Typhlosion\n|\n|upkeep\n|\n|t:|1733844259\n|switch|p1a: Gyarados|Gyarados, L79, F|280/280\n|-ability|p1a: Gyarados|Intimidate|boost\n|-unboost|p2a: Dedenne|atk|1\n|turn|7\n|\n|t:|1733844263\n|-terastallize|p1a: Gyarados|Ground\n|move|p2a: Dedenne|Thunderbolt|p1a: Gyarados\n|-immune|p1a: Gyarados\n|move|p1a: Gyarados|Dragon Dance|p1a: Gyarados\n|-boost|p1a: Gyarados|atk|1\n|-boost|p1a: Gyarados|spe|1\n|\n|upkeep\n|turn|8\n|\n|t:|1733844269\n|move|p1a: Gyarados|Dragon Dance|p1a: Gyarados\n|-boost|p1a: Gyarados|atk|1\n|-boost|p1a: Gyarados|spe|1\n|move|p2a: Dedenne|Super Fang|p1a: Gyarados\n|-damage|p1a: Gyarados|140/280\n|\n|upkeep\n|turn|9\n|\n|t:|1733844272\n|move|p1a: Gyarados|Earthquake|p2a: Dedenne\n|-supereffective|p2a: Dedenne\n|-damage|p2a: Dedenne|0 fnt\n|faint|p2a: Dedenne\n|\n|upkeep\n|\n|t:|1733844279\n|switch|p2a: Hitmontop|Hitmontop, L88, M|231/231\n|-ability|p2a: Hitmontop|Intimidate|boost\n|-unboost|p1a: Gyarados|atk|1\n|turn|10\n|\n|t:|1733844286\n|move|p1a: Gyarados|Waterfall|p2a: Hitmontop\n|-damage|p2a: Hitmontop|96/231\n|move|p2a: Hitmontop|Close Combat|p1a: Gyarados\n|-damage|p1a: Gyarados|0 fnt\n|-unboost|p2a: Hitmontop|def|1\n|-unboost|p2a: Hitmontop|spd|1\n|faint|p1a: Gyarados\n|\n|upkeep\n|\n|t:|1733844301\n|switch|p1a: Necrozma|Necrozma-Dusk-Mane, L69|248/248\n|turn|11\n|\n|t:|1733844307\n|move|p2a: Hitmontop|Earthquake|p1a: Necrozma\n|-supereffective|p1a: Necrozma\n|-damage|p1a: Necrozma|139/248\n|-enditem|p1a: Necrozma|Weakness Policy\n|-boost|p1a: Necrozma|atk|2|[from] item: Weakness Policy\n|-boost|p1a: Necrozma|spa|2|[from] item: Weakness Policy\n|move|p1a: Necrozma|Dragon Dance|p1a: Necrozma\n|-boost|p1a: Necrozma|atk|1\n|-boost|p1a: Necrozma|spe|1\n|\n|upkeep\n|turn|12\n|\n|t:|1733844314\n|move|p1a: Necrozma|Sunsteel Strike|p2a: Hitmontop\n|-damage|p2a: Hitmontop|0 fnt\n|faint|p2a: Hitmontop\n|\n|upkeep\n|\n|t:|1733844317\n|switch|p2a: Hypno|Hypno, L95, M|315/315\n|turn|13\n|\n|t:|1733844333\n|move|p1a: Necrozma|Sunsteel Strike|p2a: Hypno\n|-damage|p2a: Hypno|57/315\n|move|p2a: Hypno|Focus Blast|p1a: Necrozma\n|-damage|p1a: Necrozma|40/248\n|\n|-heal|p2a: Hypno|76/315|[from] item: Leftovers\n|upkeep\n|turn|14\n|\n|t:|1733844341\n|move|p2a: Hypno|Protect|p2a: Hypno\n|-singleturn|p2a: Hypno|Protect\n|move|p1a: Necrozma|Morning Sun|p1a: Necrozma\n|-heal|p1a: Necrozma|164/248\n|\n|-heal|p2a: Hypno|95/315|[from] item: Leftovers\n|upkeep\n|turn|15\n|\n|t:|1733844366\n|move|p1a: Necrozma|Sunsteel Strike|p2a: Hypno\n|-damage|p2a: Hypno|0 fnt\n|faint|p2a: Hypno\n|\n|upkeep\n|\n|t:|1733844376\n|switch|p2a: Passimian|Passimian, L83, M|302/302\n|turn|16\n|\n|t:|1733844391\n|move|p1a: Necrozma|Sunsteel Strike|p2a: Passimian\n|-damage|p2a: Passimian|22/302\n|move|p2a: Passimian|Close Combat|p1a: Necrozma\n|-crit|p1a: Necrozma\n|-damage|p1a: Necrozma|0 fnt\n|-unboost|p2a: Passimian|def|1\n|-unboost|p2a: Passimian|spd|1\n|faint|p1a: Necrozma\n|\n|upkeep\n|\n|t:|1733844396\n|switch|p1a: Calyrex|Calyrex-Shadow, L64|235/235\n|-ability|p1a: Calyrex|As One\n|-ability|p1a: Calyrex|Unnerve\n|turn|17\n|\n|t:|1733844406\n|switch|p2a: Bellossom|Bellossom, L84, M|263/263\n|move|p1a: Calyrex|Nasty Plot|p1a: Calyrex\n|-boost|p1a: Calyrex|spa|2\n|\n|upkeep\n|turn|18\n|\n|t:|1733844416\n|move|p1a: Calyrex|Psyshock|p2a: Bellossom\n|-damage|p2a: Bellossom|78/263\n|-damage|p1a: Calyrex|212/235|[from] item: Life Orb\n|move|p2a: Bellossom|Quiver Dance|p2a: Bellossom\n|-boost|p2a: Bellossom|spa|1\n|-boost|p2a: Bellossom|spd|1\n|-boost|p2a: Bellossom|spe|1\n|\n|-heal|p2a: Bellossom|94/263|[from] item: Leftovers\n|upkeep\n|turn|19\n|\n|t:|1733844420\n|move|p1a: Calyrex|Pollen Puff|p2a: Bellossom\n|-supereffective|p2a: Bellossom\n|-damage|p2a: Bellossom|0 fnt\n|faint|p2a: Bellossom\n|-ability|p1a: Calyrex|Grim Neigh|boost\n|-boost|p1a: Calyrex|spa|1\n|-damage|p1a: Calyrex|189/235|[from] item: Life Orb\n|\n|upkeep\n|\n|t:|1733844423\n|switch|p2a: Passimian|Passimian, L83, M|22/302\n|turn|20\n|\n|t:|1733844446\n|move|p1a: Calyrex|Pollen Puff|p2a: Passimian\n|-resisted|p2a: Passimian\n|-damage|p2a: Passimian|0 fnt\n|faint|p2a: Passimian\n|-ability|p1a: Calyrex|Grim Neigh|boost\n|-boost|p1a: Calyrex|spa|1\n|-damage|p1a: Calyrex|166/235|[from] item: Life Orb\n|\n|upkeep\n|\n|t:|1733844449\n|switch|p2a: Enamorus|Enamorus-Therian, L83, F|259/259\n|turn|21\n|\n|t:|1733844457\n|-terastallize|p2a: Enamorus|Fairy\n|move|p1a: Calyrex|Pollen Puff|p2a: Enamorus\n|-resisted|p2a: Enamorus\n|-damage|p2a: Enamorus|194/259\n|-damage|p1a: Calyrex|143/235|[from] item: Life Orb\n|move|p2a: Enamorus|Moonblast|p1a: Calyrex\n|-damage|p1a: Calyrex|0 fnt\n|faint|p1a: Calyrex\n|\n|upkeep\n|\n|t:|1733844459\n|switch|p1a: Brute Bonnet|Brute Bonnet, L81|312/312\n|turn|22\n|\n|t:|1733844470\n|move|p1a: Brute Bonnet|Seed Bomb|p2a: Enamorus\n|-damage|p2a: Enamorus|74/259\n|move|p2a: Enamorus|Moonblast|p1a: Brute Bonnet\n|-supereffective|p1a: Brute Bonnet\n|-damage|p1a: Brute Bonnet|0 fnt\n|faint|p1a: Brute Bonnet\n|-end|p1a: Brute Bonnet|Protosynthesis|[silent]\n|\n|upkeep\n|\n|t:|1733844484\n|switch|p1a: Hydrapple|Hydrapple, L83, M|312/312\n|turn|23\n|\n|t:|1733844488\n|move|p2a: Enamorus|Moonblast|p1a: Hydrapple\n|-supereffective|p1a: Hydrapple\n|-damage|p1a: Hydrapple|60/312\n|-unboost|p1a: Hydrapple|spa|1\n|move|p1a: Hydrapple|Leaf Storm|p2a: Enamorus\n|-damage|p2a: Enamorus|13/259\n|-unboost|p1a: Hydrapple|spa|2\n|\n|upkeep\n|turn|24\n|\n|t:|1733844494\n|move|p2a: Enamorus|Moonblast|p1a: Hydrapple\n|-supereffective|p1a: Hydrapple\n|-damage|p1a: Hydrapple|0 fnt\n|faint|p1a: Hydrapple\n|\n|win|JuanKamata\n|raw|Swole_kingdom's rating: 1103 &rarr; <strong>1081</strong><br />(-22 for losing)\n|raw|JuanKamata's rating: 1148 &rarr; <strong>1170</strong><br />(+22 for winning)\n", "inputlog": ">version bfd83cad13791eb5a5a409923076391caf6fb4d4\n>start {\"formatid\":\"gen9randombattle\",\"seed\":[42048,44507,21337,23244],\"rated\":\"Rated battle\"}\n>player p1 {\"name\":\"Swole_kingdom\",\"avatar\":\"pokemonranger\",\"rating\":1103,\"seed\":[18528,40794,48773,58012]}\n>player p2 {\"name\":\"JuanKamata\",\"avatar\":\"lucas\",\"rating\":1148,\"seed\":[6220,13692,58179,54214]}\n>p1 move eruption\n>p2 move nuzzle\n>p1 move eruption\n>p2 switch 6\n>p1 move eruption\n>p2 switch 6\n>p1 move eruption\n>p2 move thunderbolt\n>p1 move eruption\n>p2 move thunderbolt\n>p1 move eruption\n>p2 move thunderbolt\n>p1 switch 3\n>p1 move dragondance terastallize\n>p2 move thunderbolt\n>p1 move dragondance\n>p2 move superfang\n>p1 move earthquake\n>p2 move dazzlinggleam\n>p2 switch 4\n>p1 move waterfall\n>p2 move closecombat\n>p1 switch 2\n>p1 move dragondance\n>p2 move earthquake\n>p1 move sunsteelstrike\n>p2 move closecombat\n>p2 switch 6\n>p1 move sunsteelstrike\n>p2 move focusblast\n>p1 move morningsun\n>p2 move protect\n>p1 move sunsteelstrike\n>p2 move focusblast\n>p2 switch 2\n>p1 move sunsteelstrike\n>p2 move closecombat\n>p1 switch 6\n>p1 move nastyplot\n>p2 switch 5\n>p1 move psyshock\n>p2 move quiverdance\n>p1 move pollenpuff\n>p2 move strengthsap\n>p2 switch 5\n>p1 move pollenpuff\n>p2 move knockoff\n>p2 switch 3\n>p1 move pollenpuff\n>p2 move moonblast terastallize\n>p1 switch 4\n>p1 move seedbomb\n>p2 move moonblast\n>p1 switch 5\n>p1 move leafstorm\n>p2 move moonblast\n>p1 move earthpower\n>p2 move moonblast", "uploadtime": 1733844496, "views": 2, "formatid": "gen9randombattle", "rating": 1081, "private": 0, "password": null}