{"id": "gen9randombattle-2260903000", "format": "[Gen 9] Random Battle", "players": ["Trace_overkill", "TimBluesWin"], "log": "|j|\u2606Trace_overkill\n|j|\u2606TimBluesWin\n|t:|1733913943\n|gametype|singles\n|player|p1|Trace_overkill|benga|1907\n|player|p2|TimBluesWin|lucas|1969\n|teamsize|p1|6\n|teamsize|p2|6\n|gen|9\n|tier|[Gen 9] Random Battle\n|rated|\n|rule|Species Clause: Limit one of each Pok\u00e9mon\n|rule|HP Percentage Mod: HP is shown in percentages\n|rule|Sleep Clause Mod: Limit one foe put to sleep\n|rule|Illusion Level Mod: Illusion disguises the Pok\u00e9mon's true level\n|\n|t:|1733913943\n|start\n|switch|p1a: Wigglytuff|Wigglytuff, L96, F|424/424\n|switch|p2a: Palafin|Palafin, L77, F|281/281\n|turn|1\n|inactive|Battle timer is ON: inactive players will automatically lose when time's up. (requested by TimBluesWin)\n|\n|t:|1733913951\n|move|p2a: Palafin|Flip Turn|p1a: Wigglytuff\n|-damage|p1a: Wigglytuff|340/424\n|\n|t:|1733913977\n|detailschange|p2a: Palafin|Palafin-Hero, L77, F\n|switch|p2a: Golurk|Golurk, L87|297/297|[from] Flip Turn\n|move|p1a: Wigglytuff|Thunder Wave|p2a: Golurk\n|-immune|p2a: Golurk\n|\n|-heal|p1a: Wigglytuff|366/424|[from] item: Leftovers\n|upkeep\n|turn|2\n|inactive|TimBluesWin has 120 seconds left.\n|\n|t:|1733914006\n|move|p2a: Golurk|Dynamic Punch|p1a: Wigglytuff\n|-damage|p1a: Wigglytuff|205/424\n|-start|p1a: Wigglytuff|confusion\n|-damage|p2a: Golurk|268/297|[from] item: Life Orb\n|-activate|p1a: Wigglytuff|confusion\n|-damage|p1a: Wigglytuff|176/424|[from] confusion\n|\n|-heal|p1a: Wigglytuff|202/424|[from] item: Leftovers\n|upkeep\n|turn|3\n|\n|t:|1733914018\n|-activate|p1a: Wigglytuff|confusion\n|move|p1a: Wigglytuff|Protect|p1a: Wigglytuff\n|-singleturn|p1a: Wigglytuff|Protect\n|move|p2a: Golurk|Earthquake|p1a: Wigglytuff\n|-activate|p1a: Wigglytuff|move: Protect\n|\n|-heal|p1a: Wigglytuff|228/424|[from] item: Leftovers\n|upkeep\n|turn|4\n|\n|t:|1733914038\n|switch|p1a: Walking Wake|Walking Wake, L79|286/286\n|move|p2a: Golurk|Earthquake|p1a: Walking Wake\n|-damage|p1a: Walking Wake|101/286\n|-damage|p2a: Golurk|239/297|[from] item: Life Orb\n|\n|upkeep\n|turn|5\n|inactive|TimBluesWin has 120 seconds left.\n|\n|t:|1733914055\n|switch|p2a: Poliwrath|Poliwrath, L88, M|302/302\n|move|p1a: Walking Wake|Hydro Steam|p2a: Poliwrath\n|-immune|p2a: Poliwrath|[from] ability: Water Absorb\n|\n|upkeep\n|turn|6\n|inactive|Trace_overkill has 120 seconds left.\n|\n|t:|1733914078\n|-end|p1a: Walking Wake|Protosynthesis|[silent]\n|switch|p1a: Arceus|Arceus-Fairy, L69|280/280\n|move|p2a: Poliwrath|Drain Punch|p1a: Arceus\n|-resisted|p1a: Arceus\n|-damage|p1a: Arceus|238/280\n|\n|upkeep\n|turn|7\n|inactive|TimBluesWin has 90 seconds left.\n|\n|t:|1733914126\n|switch|p2a: Cobalion|Cobalion, L80|277/277\n|move|p1a: Arceus|Calm Mind|p1a: Arceus\n|-boost|p1a: Arceus|spa|1\n|-boost|p1a: Arceus|spd|1\n|\n|upkeep\n|turn|8\n|c|\u2606Trace_overkill|Are u trying to cheat or using Dmg calculator\n|c|\u2606TimBluesWin|Dmg calculator\n|inactive|Trace_overkill has 120 seconds left.\n|\n|t:|1733914142\n|switch|p1a: Quaquaval|Quaquaval, L79, M|264/264\n|move|p2a: Cobalion|Calm Mind|p2a: Cobalion\n|-boost|p2a: Cobalion|spa|1\n|-boost|p2a: Cobalion|spd|1\n|\n|upkeep\n|turn|9\n|\n|t:|1733914163\n|switch|p2a: Poliwrath|Poliwrath, L88, M|302/302\n|move|p1a: Quaquaval|Aqua Step|p2a: Poliwrath\n|-immune|p2a: Poliwrath|[from] ability: Water Absorb\n|\n|upkeep\n|turn|10\n|inactive|Trace_overkill has 120 seconds left.\n|\n|t:|1733914187\n|switch|p1a: Walking Wake|Walking Wake, L79|101/286\n|move|p2a: Poliwrath|Liquidation|p1a: Walking Wake\n|-resisted|p1a: Walking Wake\n|-damage|p1a: Walking Wake|75/286\n|\n|upkeep\n|turn|11\n|\n|t:|1733914196\n|move|p1a: Walking Wake|Draco Meteor|p2a: Poliwrath\n|-damage|p2a: Poliwrath|106/302\n|-unboost|p1a: Walking Wake|spa|2\n|-damage|p1a: Walking Wake|47/286|[from] item: Life Orb\n|move|p2a: Poliwrath|Drain Punch|p1a: Walking Wake\n|-damage|p1a: Walking Wake|0 fnt\n|-heal|p2a: Poliwrath|130/302|[from] drain|[of] p1a: Walking Wake\n|faint|p1a: Walking Wake\n|-end|p1a: Walking Wake|Protosynthesis|[silent]\n|\n|-heal|p2a: Poliwrath|148/302|[from] item: Leftovers\n|upkeep\n|c|\u2606Trace_overkill|Boring\n|\n|t:|1733914209\n|switch|p1a: Arceus|Arceus-Fairy, L69|238/280\n|turn|12\n|inactive|TimBluesWin has 60 seconds left.\n|\n|t:|1733914245\n|switch|p2a: Palafin|Palafin-Hero, L77, F|281/281\n|-activate|p2a: Palafin|ability: Zero to Hero\n|move|p1a: Arceus|Judgment|p2a: Palafin\n|-damage|p2a: Palafin|173/281\n|\n|upkeep\n|turn|13\n|c|\u2606Trace_overkill|Use the Dmg calculator in your brain your losing time\n|inactive|TimBluesWin has 60 seconds left.\n|\n|t:|1733914266\n|switch|p1a: Latias|Latias, L79, F|256/256\n|move|p2a: Palafin|Wave Crash|p1a: Latias\n|-resisted|p1a: Latias\n|-damage|p1a: Latias|128/256\n|-damage|p2a: Palafin|131/281|[from] Recoil\n|\n|upkeep\n|turn|14\n|inactive|TimBluesWin has 60 seconds left.\n|\n|t:|1733914276\n|switch|p2a: Grimmsnarl|Grimmsnarl, L83, M|293/293\n|move|p1a: Latias|Recover|p1a: Latias\n|-heal|p1a: Latias|256/256\n|\n|upkeep\n|turn|15\n|inactive|TimBluesWin has 60 seconds left.\n|\n|t:|1733914291\n|switch|p1a: Wigglytuff|Wigglytuff, L96, F|228/424\n|move|p2a: Grimmsnarl|Reflect|p2a: Grimmsnarl\n|-sidestart|p2: TimBluesWin|Reflect\n|\n|-heal|p1a: Wigglytuff|254/424|[from] item: Leftovers\n|upkeep\n|turn|16\n|inactive|TimBluesWin has 60 seconds left.\n|\n|t:|1733914302\n|switch|p2a: Golurk|Golurk, L87|239/297\n|move|p1a: Wigglytuff|Alluring Voice|p2a: Golurk\n|-damage|p2a: Golurk|140/297\n|\n|-heal|p1a: Wigglytuff|280/424|[from] item: Leftovers\n|upkeep\n|turn|17\n|inactive|TimBluesWin has 60 seconds left.\n|\n|t:|1733914310\n|move|p2a: Golurk|Dynamic Punch|p1a: Wigglytuff\n|-damage|p1a: Wigglytuff|115/424\n|-start|p1a: Wigglytuff|confusion\n|-damage|p2a: Golurk|111/297|[from] item: Life Orb\n|-activate|p1a: Wigglytuff|confusion\n|move|p1a: Wigglytuff|Wish|p1a: Wigglytuff\n|\n|-heal|p1a: Wigglytuff|141/424|[from] item: Leftovers\n|upkeep\n|turn|18\n|inactive|TimBluesWin has 60 seconds left.\n|\n|t:|1733914325\n|-activate|p1a: Wigglytuff|confusion\n|move|p1a: Wigglytuff|Protect|p1a: Wigglytuff\n|-singleturn|p1a: Wigglytuff|Protect\n|move|p2a: Golurk|Stealth Rock|p1a: Wigglytuff\n|-sidestart|p1: Trace_overkill|move: Stealth Rock\n|\n|-heal|p1a: Wigglytuff|353/424|[from] move: Wish|[wisher] Wigglytuff\n|-heal|p1a: Wigglytuff|379/424|[from] item: Leftovers\n|upkeep\n|turn|19\n|\n|t:|1733914333\n|move|p2a: Golurk|Earthquake|p1a: Wigglytuff\n|-damage|p1a: Wigglytuff|113/424\n|-damage|p2a: Golurk|82/297|[from] item: Life Orb\n|-end|p1a: Wigglytuff|confusion\n|move|p1a: Wigglytuff|Alluring Voice|p2a: Golurk\n|-damage|p2a: Golurk|0 fnt\n|faint|p2a: Golurk\n|\n|-heal|p1a: Wigglytuff|139/424|[from] item: Leftovers\n|upkeep\n|inactive|TimBluesWin has 60 seconds left.\n|\n|t:|1733914344\n|switch|p2a: Cobalion|Cobalion, L80|277/277\n|turn|20\n|\n|t:|1733914350\n|move|p2a: Cobalion|Flash Cannon|p1a: Wigglytuff\n|-supereffective|p1a: Wigglytuff\n|-damage|p1a: Wigglytuff|0 fnt\n|faint|p1a: Wigglytuff\n|\n|upkeep\n|\n|t:|1733914355\n|switch|p1a: Quaquaval|Quaquaval, L79, M|264/264\n|-damage|p1a: Quaquaval|248/264|[from] Stealth Rock\n|turn|21\n|\n|t:|1733914366\n|switch|p2a: Reuniclus|Reuniclus, L88, F|337/337\n|move|p1a: Quaquaval|Close Combat|p2a: Reuniclus\n|-resisted|p2a: Reuniclus\n|-crit|p2a: Reuniclus\n|-damage|p2a: Reuniclus|201/337\n|-unboost|p1a: Quaquaval|def|1\n|-unboost|p1a: Quaquaval|spd|1\n|-damage|p1a: Quaquaval|222/264|[from] item: Life Orb\n|\n|upkeep\n|turn|22\n|inactive|Trace_overkill has 120 seconds left.\n|inactive|TimBluesWin has 60 seconds left.\n|\n|t:|1733914418\n|switch|p1a: Latias|Latias, L79, F|256/256\n|-damage|p1a: Latias|224/256|[from] Stealth Rock\n|move|p2a: Reuniclus|Recover|p2a: Reuniclus\n|-heal|p2a: Reuniclus|337/337\n|\n|-sideend|p2: TimBluesWin|Reflect\n|upkeep\n|turn|23\n|inactive|Trace_overkill has 120 seconds left.\n|\n|t:|1733914436\n|switch|p1a: Arceus|Arceus-Fairy, L69|238/280\n|-damage|p1a: Arceus|203/280|[from] Stealth Rock\n|switch|p2a: Grimmsnarl|Grimmsnarl, L83, M|293/293\n|\n|upkeep\n|turn|24\n|inactive|Trace_overkill has 120 seconds left.\n|\n|t:|1733914445\n|move|p2a: Grimmsnarl|Thunder Wave|p1a: Arceus\n|-status|p1a: Arceus|par\n|move|p1a: Arceus|Calm Mind|p1a: Arceus\n|-boost|p1a: Arceus|spa|1\n|-boost|p1a: Arceus|spd|1\n|\n|upkeep\n|turn|25\n|inactive|TimBluesWin has 60 seconds left.\n|c|\u2606Trace_overkill|Good choice\n|\n|t:|1733914464\n|switch|p2a: Reuniclus|Reuniclus, L88, F|337/337\n|move|p1a: Arceus|Judgment|p2a: Reuniclus\n|-damage|p2a: Reuniclus|181/337\n|\n|upkeep\n|turn|26\n|\n|t:|1733914478\n|move|p2a: Reuniclus|Recover|p2a: Reuniclus\n|-heal|p2a: Reuniclus|337/337\n|move|p1a: Arceus|Judgment|p2a: Reuniclus\n|-damage|p2a: Reuniclus|177/337\n|\n|upkeep\n|turn|27\n|inactive|TimBluesWin has 60 seconds left.\n|\n|t:|1733914483\n|move|p1a: Arceus|Calm Mind|p1a: Arceus\n|-boost|p1a: Arceus|spa|1\n|-boost|p1a: Arceus|spd|1\n|move|p2a: Reuniclus|Recover|p2a: Reuniclus\n|-heal|p2a: Reuniclus|337/337\n|\n|upkeep\n|turn|28\n|\n|t:|1733914489\n|cant|p1a: Arceus|par\n|move|p2a: Reuniclus|Calm Mind|p2a: Reuniclus\n|-boost|p2a: Reuniclus|spa|1\n|-boost|p2a: Reuniclus|spd|1\n|\n|upkeep\n|turn|29\n|\n|t:|1733914494\n|move|p2a: Reuniclus|Calm Mind|p2a: Reuniclus\n|-boost|p2a: Reuniclus|spa|1\n|-boost|p2a: Reuniclus|spd|1\n|move|p1a: Arceus|Judgment|p2a: Reuniclus\n|-damage|p2a: Reuniclus|228/337\n|\n|upkeep\n|turn|30\n|\n|t:|1733914512\n|cant|p1a: Arceus|par\n|move|p2a: Reuniclus|Psyshock|p1a: Arceus\n|-damage|p1a: Arceus|0 fnt\n|faint|p1a: Arceus\n|\n|upkeep\n|\n|t:|1733914521\n|switch|p1a: Quaquaval|Quaquaval, L79, M|222/264\n|-damage|p1a: Quaquaval|206/264|[from] Stealth Rock\n|turn|31\n|inactive|TimBluesWin has 60 seconds left.\n|\n|t:|1733914550\n|-terastallize|p1a: Quaquaval|Water\n|move|p1a: Quaquaval|Aqua Step|p2a: Reuniclus\n|-damage|p2a: Reuniclus|67/337\n|-boost|p1a: Quaquaval|spe|1\n|-damage|p1a: Quaquaval|180/264|[from] item: Life Orb\n|move|p2a: Reuniclus|Recover|p2a: Reuniclus\n|-heal|p2a: Reuniclus|236/337\n|\n|upkeep\n|turn|32\n|inactive|TimBluesWin has 60 seconds left.\n|\n|t:|1733914577\n|move|p1a: Quaquaval|Swords Dance|p1a: Quaquaval\n|-boost|p1a: Quaquaval|atk|2\n|move|p2a: Reuniclus|Psyshock|p1a: Quaquaval\n|-damage|p1a: Quaquaval|0 fnt\n|faint|p1a: Quaquaval\n|\n|upkeep\n|\n|t:|1733914581\n|switch|p1a: Emboar|Emboar, L84, M|322/322\n|-damage|p1a: Emboar|282/322|[from] Stealth Rock\n|turn|33\n|\n|t:|1733914595\n|switch|p2a: Poliwrath|Poliwrath, L88, M|148/302\n|move|p1a: Emboar|Flare Blitz|p2a: Poliwrath\n|-resisted|p2a: Poliwrath\n|-damage|p2a: Poliwrath|72/302\n|-damage|p1a: Emboar|257/322|[from] Recoil\n|\n|-heal|p2a: Poliwrath|90/302|[from] item: Leftovers\n|upkeep\n|turn|34\n|c|\u2606Trace_overkill|Gg\n|\n|t:|1733914608\n|switch|p1a: Latias|Latias, L79, F|224/256\n|-damage|p1a: Latias|192/256|[from] Stealth Rock\n|move|p2a: Poliwrath|Liquidation|p1a: Latias\n|-resisted|p1a: Latias\n|-damage|p1a: Latias|137/256\n|\n|-heal|p2a: Poliwrath|108/302|[from] item: Leftovers\n|upkeep\n|turn|35\n|\n|t:|1733914617\n|switch|p1a: Emboar|Emboar, L84, M|257/322\n|-damage|p1a: Emboar|217/322|[from] Stealth Rock\n|switch|p2a: Grimmsnarl|Grimmsnarl, L83, M|293/293\n|\n|upkeep\n|turn|36\n|inactive|TimBluesWin has 60 seconds left.\n|\n|t:|1733914626\n|move|p2a: Grimmsnarl|Reflect|p2a: Grimmsnarl\n|-sidestart|p2: TimBluesWin|Reflect\n|move|p1a: Emboar|Flare Blitz|p2a: Grimmsnarl\n|-damage|p2a: Grimmsnarl|179/293\n|-damage|p1a: Emboar|179/322|[from] Recoil\n|\n|upkeep\n|turn|37\n|\n|t:|1733914635\n|switch|p2a: Palafin|Palafin-Hero, L77, F|131/281\n|move|p1a: Emboar|Flare Blitz|p2a: Palafin\n|-resisted|p2a: Palafin\n|-damage|p2a: Palafin|85/281\n|-status|p2a: Palafin|brn\n|-damage|p1a: Emboar|164/322|[from] Recoil\n|\n|-damage|p2a: Palafin|68/281 brn|[from] brn\n|upkeep\n|turn|38\n|\n|t:|1733914644\n|move|p2a: Palafin|Flip Turn|p1a: Emboar\n|-supereffective|p1a: Emboar\n|-damage|p1a: Emboar|7/322\n|\n|t:|1733914651\n|switch|p2a: Grimmsnarl|Grimmsnarl, L83, M|179/293|[from] Flip Turn\n|move|p1a: Emboar|Close Combat|p2a: Grimmsnarl\n|-damage|p2a: Grimmsnarl|83/293\n|-unboost|p1a: Emboar|def|1\n|-unboost|p1a: Emboar|spd|1\n|\n|upkeep\n|turn|39\n|\n|t:|1733914662\n|move|p1a: Emboar|Flare Blitz|p2a: Grimmsnarl\n|-damage|p2a: Grimmsnarl|0 fnt\n|faint|p2a: Grimmsnarl\n|-damage|p1a: Emboar|0 fnt|[from] Recoil\n|faint|p1a: Emboar\n|\n|upkeep\n|\n|t:|1733914672\n|switch|p1a: Latias|Latias, L79, F|137/256\n|switch|p2a: Reuniclus|Reuniclus, L88, F|236/337\n|-damage|p1a: Latias|105/256|[from] Stealth Rock\n|turn|40\n|\n|t:|1733914678\n|move|p1a: Latias|Recover|p1a: Latias\n|-heal|p1a: Latias|233/256\n|move|p2a: Reuniclus|Calm Mind|p2a: Reuniclus\n|-boost|p2a: Reuniclus|spa|1\n|-boost|p2a: Reuniclus|spd|1\n|\n|upkeep\n|turn|41\n|inactive|TimBluesWin has 90 seconds left.\n|\n|t:|1733914684\n|move|p1a: Latias|Calm Mind|p1a: Latias\n|-boost|p1a: Latias|spa|1\n|-boost|p1a: Latias|spd|1\n|move|p2a: Reuniclus|Calm Mind|p2a: Reuniclus\n|-boost|p2a: Reuniclus|spa|1\n|-boost|p2a: Reuniclus|spd|1\n|\n|upkeep\n|turn|42\n|\n|t:|1733914691\n|move|p1a: Latias|Calm Mind|p1a: Latias\n|-boost|p1a: Latias|spa|1\n|-boost|p1a: Latias|spd|1\n|move|p2a: Reuniclus|Psyshock|p1a: Latias\n|-resisted|p1a: Latias\n|-damage|p1a: Latias|72/256\n|\n|upkeep\n|turn|43\n|\n|t:|1733914707\n|move|p1a: Latias|Recover|p1a: Latias\n|-heal|p1a: Latias|200/256\n|move|p2a: Reuniclus|Psyshock|p1a: Latias\n|-resisted|p1a: Latias\n|-damage|p1a: Latias|39/256\n|\n|-sideend|p2: TimBluesWin|Reflect\n|upkeep\n|turn|44\n|\n|t:|1733914713\n|move|p1a: Latias|Psyshock|p2a: Reuniclus\n|-resisted|p2a: Reuniclus\n|-damage|p2a: Reuniclus|129/337\n|move|p2a: Reuniclus|Psyshock|p1a: Latias\n|-resisted|p1a: Latias\n|-damage|p1a: Latias|0 fnt\n|faint|p1a: Latias\n|\n|win|TimBluesWin\n|raw|Trace_overkill's rating: 1907 &rarr; <strong>1891</strong><br />(-16 for losing)\n|raw|TimBluesWin's rating: 1969 &rarr; <strong>1985</strong><br />(+16 for winning)\n|c|\u2606Trace_overkill|Wo\n|c|\u2606Trace_overkill|wp\n|l|\u2606Trace_overkill\n|player|p1|\n", "inputlog": ">version bfd83cad13791eb5a5a409923076391caf6fb4d4\n>start {\"formatid\":\"gen9randombattle\",\"seed\":[54695,10654,18573,16112],\"rated\":\"Rated battle\"}\n>player p1 {\"name\":\"Trace_overkill\",\"avatar\":\"benga\",\"rating\":1907,\"seed\":[42765,62474,41939,3669]}\n>player p2 {\"name\":\"TimBluesWin\",\"avatar\":\"lucas\",\"rating\":1969,\"seed\":[53831,29643,14754,26035]}\n>p1 move thunderwave\n>p2 move flipturn\n>p2 switch 5\n>p1 move wish\n>p2 move dynamicpunch\n>p1 move protect\n>p2 move earthquake\n>p1 switch 3\n>p2 move earthquake\n>p1 move hydrosteam\n>p2 switch 2\n>p1 switch 6\n>p2 move drainpunch\n>p1 move calmmind\n>p2 switch 4\n>chat \u2606Trace_overkill|Are u trying to cheat or using Dmg calculator \n>chat \u2606TimBluesWin|Dmg calculator\n>p1 switch 5\n>p2 move calmmind\n>p1 move aquastep\n>p2 switch 4\n>p1 switch 6\n>p2 move liquidation\n>p1 move dracometeor\n>p2 move drainpunch\n>chat \u2606Trace_overkill|Boring\n>p1 switch 5\n>p1 move judgment\n>p2 switch 5\n>chat \u2606Trace_overkill|Use the Dmg calculator in your brain your losing time\n>p1 switch 2\n>p2 move wavecrash\n>p1 move recover\n>p2 switch 3\n>p1 switch 3\n>p2 move reflect\n>p1 move alluringvoice\n>p2 switch 2\n>p1 move wish\n>p2 move dynamicpunch\n>p1 move protect\n>p2 move stealthrock\n>p1 move alluringvoice\n>p2 move earthquake\n>p2 switch 4\n>p1 move thunderwave\n>p2 move flashcannon\n>p1 switch 6\n>p1 move closecombat\n>p2 switch 6\n>p1 switch 3\n>p2 move recover\n>p1 switch 2\n>p2 switch 2\n>p1 move calmmind\n>p2 move thunderwave\n>chat \u2606Trace_overkill|Good choice\n>p1 move judgment\n>p2 switch 2\n>p1 move judgment\n>p2 move recover\n>p1 move calmmind\n>p2 move recover\n>p1 move judgment\n>p2 move calmmind\n>p1 move judgment\n>p2 move calmmind\n>p1 move judgment\n>p2 move psyshock\n>p1 switch 3\n>p1 move aquastep terastallize\n>p2 move recover\n>p1 move swordsdance\n>p2 move psyshock\n>p1 switch 4\n>p1 move flareblitz\n>p2 switch 5\n>chat \u2606Trace_overkill|Gg\n>p1 switch 2\n>p2 move liquidation\n>p1 switch 2\n>p2 switch 2\n>p1 move flareblitz\n>p2 move reflect\n>p1 move flareblitz\n>p2 switch 3\n>p1 move closecombat\n>p2 move flipturn\n>p2 switch 3\n>p1 move flareblitz\n>p2 move spiritbreak\n>p1 switch 2\n>p2 switch 5\n>p1 move recover\n>p2 move calmmind\n>p1 move calmmind\n>p2 move calmmind\n>p1 move calmmind\n>p2 move psyshock\n>p1 move recover\n>p2 move psyshock\n>p1 move psyshock\n>p2 move psyshock", "uploadtime": 1733914748, "views": 8, "formatid": "gen9randombattle", "rating": 1891, "private": 0, "password": null}