{"id": "gen9randombattle-2260579417", "format": "[Gen 9] Random Battle", "players": ["cramberrieondisc", "Danklord Swellow"], "log": "|j|\u2606cramberrieondisc\n|j|\u2606Danklord Swellow\n|t:|1733865612\n|gametype|singles\n|player|p1|cramberrieondisc|hoopster|1450\n|player|p2|Danklord Swellow|1|1407\n|teamsize|p1|6\n|teamsize|p2|6\n|gen|9\n|tier|[Gen 9] Random Battle\n|rated|\n|rule|Species Clause: Limit one of each Pok\u00e9mon\n|rule|HP Percentage Mod: HP is shown in percentages\n|rule|Sleep Clause Mod: Limit one foe put to sleep\n|rule|Illusion Level Mod: Illusion disguises the Pok\u00e9mon's true level\n|\n|t:|1733865612\n|start\n|switch|p1a: Tyranitar|Tyranitar, L79, M|288/288\n|switch|p2a: Klefki|Klefki, L84, F|233/233\n|-weather|Sandstorm|[from] ability: Sand Stream|[of] p1a: Tyranitar\n|turn|1\n|inactive|Battle timer is ON: inactive players will automatically lose when time's up. (requested by cramberrieondisc)\n|\n|t:|1733865640\n|move|p2a: Klefki|Thunder Wave|p1a: Tyranitar\n|-hint|Since gen 7, Dark is immune to Prankster moves.\n|-immune|p1a: Tyranitar\n|move|p1a: Tyranitar|Thunder Wave|p2a: Klefki\n|-status|p2a: Klefki|par\n|\n|-weather|Sandstorm|[upkeep]\n|upkeep\n|turn|2\n|\n|t:|1733865659\n|move|p2a: Klefki|Spikes|p1a: Tyranitar\n|-sidestart|p1: cramberrieondisc|Spikes\n|move|p1a: Tyranitar|Knock Off|p2a: Klefki\n|-resisted|p2a: Klefki\n|-damage|p2a: Klefki|174/233 par\n|-enditem|p2a: Klefki|Leftovers|[from] move: Knock Off|[of] p1a: Tyranitar\n|\n|-weather|Sandstorm|[upkeep]\n|upkeep\n|turn|3\n|\n|t:|1733865668\n|cant|p2a: Klefki|par\n|move|p1a: Tyranitar|Stone Edge|p2a: Klefki\n|-resisted|p2a: Klefki\n|-damage|p2a: Klefki|115/233 par\n|\n|-weather|Sandstorm|[upkeep]\n|upkeep\n|turn|4\n|\n|t:|1733865675\n|move|p2a: Klefki|Spikes|p1a: Tyranitar\n|-sidestart|p1: cramberrieondisc|Spikes\n|move|p1a: Tyranitar|Stone Edge|p2a: Klefki\n|-resisted|p2a: Klefki\n|-damage|p2a: Klefki|58/233 par\n|\n|-weather|Sandstorm|[upkeep]\n|upkeep\n|turn|5\n|\n|t:|1733865684\n|cant|p2a: Klefki|par\n|move|p1a: Tyranitar|Stone Edge|p2a: Klefki|[miss]\n|-miss|p1a: Tyranitar|p2a: Klefki\n|\n|-weather|none\n|upkeep\n|turn|6\n|\n|t:|1733865688\n|cant|p2a: Klefki|par\n|move|p1a: Tyranitar|Stone Edge|p2a: Klefki\n|-resisted|p2a: Klefki\n|-damage|p2a: Klefki|0 fnt\n|faint|p2a: Klefki\n|\n|upkeep\n|\n|t:|1733865709\n|switch|p2a: Granbull|Granbull, L88, M|302/302\n|-ability|p2a: Granbull|Intimidate|boost\n|-unboost|p1a: Tyranitar|atk|1\n|turn|7\n|\n|t:|1733865722\n|switch|p1a: Sinistcha|Sinistcha, L83|254/254\n|-damage|p1a: Sinistcha|212/254|[from] Spikes\n|move|p2a: Granbull|Encore||[still]\n|-fail|p2a: Granbull\n|\n|-heal|p1a: Sinistcha|227/254|[from] item: Leftovers\n|upkeep\n|turn|8\n|\n|t:|1733865732\n|switch|p2a: Chansey|Chansey, L85, F|564/564\n|move|p1a: Sinistcha|Calm Mind|p1a: Sinistcha\n|-boost|p1a: Sinistcha|spa|1\n|-boost|p1a: Sinistcha|spd|1\n|\n|-heal|p1a: Sinistcha|242/254|[from] item: Leftovers\n|upkeep\n|turn|9\n|\n|t:|1733865738\n|move|p1a: Sinistcha|Calm Mind|p1a: Sinistcha\n|-boost|p1a: Sinistcha|spa|1\n|-boost|p1a: Sinistcha|spd|1\n|move|p2a: Chansey|Thunder Wave|p1a: Sinistcha\n|-status|p1a: Sinistcha|par\n|\n|-heal|p1a: Sinistcha|254/254 par|[from] item: Leftovers\n|upkeep\n|turn|10\n|\n|t:|1733865763\n|move|p2a: Chansey|Stealth Rock|p1a: Sinistcha\n|-sidestart|p1: cramberrieondisc|move: Stealth Rock\n|move|p1a: Sinistcha|Matcha Gotcha|p2a: Chansey\n|-damage|p2a: Chansey|443/564\n|\n|upkeep\n|turn|11\n|\n|t:|1733865773\n|move|p2a: Chansey|Thunder Wave|p1a: Sinistcha\n|-fail|p1a: Sinistcha|par\n|move|p1a: Sinistcha|Calm Mind|p1a: Sinistcha\n|-boost|p1a: Sinistcha|spa|1\n|-boost|p1a: Sinistcha|spd|1\n|\n|upkeep\n|turn|12\n|\n|t:|1733865779\n|move|p2a: Chansey|Seismic Toss|p1a: Sinistcha\n|-immune|p1a: Sinistcha\n|cant|p1a: Sinistcha|par\n|\n|upkeep\n|turn|13\n|\n|t:|1733865785\n|move|p2a: Chansey|Seismic Toss|p1a: Sinistcha\n|-immune|p1a: Sinistcha\n|move|p1a: Sinistcha|Calm Mind|p1a: Sinistcha\n|-boost|p1a: Sinistcha|spa|1\n|-boost|p1a: Sinistcha|spd|1\n|\n|upkeep\n|turn|14\n|\n|t:|1733865789\n|move|p2a: Chansey|Soft-Boiled|p2a: Chansey\n|-heal|p2a: Chansey|564/564\n|move|p1a: Sinistcha|Matcha Gotcha|p2a: Chansey\n|-damage|p2a: Chansey|404/564\n|\n|upkeep\n|turn|15\n|inactive|cramberrieondisc has 120 seconds left.\n|c|\u2606cramberrieondisc|u been couldve switched then used encore on me but ok\n|\n|t:|1733865830\n|move|p2a: Chansey|Thunder Wave|p1a: Sinistcha\n|-fail|p1a: Sinistcha|par\n|move|p1a: Sinistcha|Matcha Gotcha|p2a: Chansey\n|-damage|p2a: Chansey|227/564\n|\n|upkeep\n|turn|16\n|\n|t:|1733865837\n|move|p2a: Chansey|Soft-Boiled|p2a: Chansey\n|-heal|p2a: Chansey|509/564\n|move|p1a: Sinistcha|Matcha Gotcha|p2a: Chansey\n|-damage|p2a: Chansey|329/564\n|\n|upkeep\n|turn|17\n|inactive|cramberrieondisc has 120 seconds left.\n|\n|t:|1733865849\n|move|p2a: Chansey|Soft-Boiled|p2a: Chansey\n|-heal|p2a: Chansey|564/564\n|cant|p1a: Sinistcha|par\n|\n|upkeep\n|turn|18\n|\n|t:|1733865868\n|move|p2a: Chansey|Thunder Wave|p1a: Sinistcha\n|-fail|p1a: Sinistcha|par\n|cant|p1a: Sinistcha|par\n|\n|upkeep\n|turn|19\n|\n|t:|1733865875\n|move|p2a: Chansey|Thunder Wave|p1a: Sinistcha\n|-fail|p1a: Sinistcha|par\n|move|p1a: Sinistcha|Matcha Gotcha|p2a: Chansey\n|-damage|p2a: Chansey|390/564\n|\n|upkeep\n|turn|20\n|\n|t:|1733865887\n|move|p2a: Chansey|Thunder Wave|p1a: Sinistcha|[miss]\n|-miss|p2a: Chansey|p1a: Sinistcha\n|move|p1a: Sinistcha|Calm Mind|p1a: Sinistcha\n|-boost|p1a: Sinistcha|spa|1\n|-boost|p1a: Sinistcha|spd|1\n|\n|upkeep\n|turn|21\n|\n|t:|1733865891\n|move|p2a: Chansey|Thunder Wave|p1a: Sinistcha|[miss]\n|-miss|p2a: Chansey|p1a: Sinistcha\n|move|p1a: Sinistcha|Matcha Gotcha|p2a: Chansey\n|-damage|p2a: Chansey|176/564\n|\n|upkeep\n|turn|22\n|\n|t:|1733865899\n|move|p2a: Chansey|Soft-Boiled|p2a: Chansey\n|-heal|p2a: Chansey|458/564\n|cant|p1a: Sinistcha|par\n|\n|upkeep\n|turn|23\n|\n|t:|1733865904\n|move|p2a: Chansey|Thunder Wave|p1a: Sinistcha\n|-fail|p1a: Sinistcha|par\n|move|p1a: Sinistcha|Calm Mind|p1a: Sinistcha\n|-boost|p1a: Sinistcha|spa|1\n|-boost|p1a: Sinistcha|spd|1\n|\n|upkeep\n|turn|24\n|\n|t:|1733865927\n|move|p2a: Chansey|Thunder Wave|p1a: Sinistcha\n|-fail|p1a: Sinistcha|par\n|move|p1a: Sinistcha|Matcha Gotcha|p2a: Chansey\n|-crit|p2a: Chansey\n|-damage|p2a: Chansey|119/564\n|\n|upkeep\n|turn|25\n|\n|t:|1733865934\n|move|p2a: Chansey|Soft-Boiled|p2a: Chansey\n|-heal|p2a: Chansey|401/564\n|cant|p1a: Sinistcha|par\n|\n|upkeep\n|turn|26\n|\n|t:|1733865941\n|move|p2a: Chansey|Thunder Wave|p1a: Sinistcha\n|-fail|p1a: Sinistcha|par\n|cant|p1a: Sinistcha|par\n|\n|upkeep\n|turn|27\n|\n|t:|1733865946\n|move|p2a: Chansey|Thunder Wave|p1a: Sinistcha\n|-fail|p1a: Sinistcha|par\n|move|p1a: Sinistcha|Matcha Gotcha|p2a: Chansey|[miss]\n|-miss|p1a: Sinistcha|p2a: Chansey\n|\n|upkeep\n|turn|28\n|\n|t:|1733865961\n|move|p2a: Chansey|Thunder Wave|p1a: Sinistcha\n|-fail|p1a: Sinistcha|par\n|cant|p1a: Sinistcha|par\n|\n|upkeep\n|turn|29\n|\n|t:|1733865970\n|move|p2a: Chansey|Stealth Rock||[still]\n|-fail|p2a: Chansey\n|move|p1a: Sinistcha|Matcha Gotcha|p2a: Chansey\n|-damage|p2a: Chansey|166/564\n|-status|p2a: Chansey|brn\n|\n|-damage|p2a: Chansey|131/564 brn|[from] brn\n|upkeep\n|turn|30\n|\n|t:|1733865978\n|move|p2a: Chansey|Soft-Boiled|p2a: Chansey\n|-heal|p2a: Chansey|413/564 brn\n|cant|p1a: Sinistcha|par\n|\n|-damage|p2a: Chansey|378/564 brn|[from] brn\n|upkeep\n|turn|31\n|\n|t:|1733865984\n|move|p2a: Chansey|Thunder Wave|p1a: Sinistcha\n|-fail|p1a: Sinistcha|par\n|cant|p1a: Sinistcha|par\n|\n|-damage|p2a: Chansey|343/564 brn|[from] brn\n|upkeep\n|turn|32\n|\n|t:|1733865989\n|move|p2a: Chansey|Thunder Wave|p1a: Sinistcha\n|-fail|p1a: Sinistcha|par\n|move|p1a: Sinistcha|Matcha Gotcha|p2a: Chansey\n|-damage|p2a: Chansey|124/564 brn\n|\n|-damage|p2a: Chansey|89/564 brn|[from] brn\n|upkeep\n|turn|33\n|\n|t:|1733865992\n|move|p2a: Chansey|Soft-Boiled|p2a: Chansey\n|-heal|p2a: Chansey|371/564 brn\n|cant|p1a: Sinistcha|par\n|\n|-damage|p2a: Chansey|336/564 brn|[from] brn\n|upkeep\n|turn|34\n|\n|t:|1733865999\n|move|p2a: Chansey|Thunder Wave|p1a: Sinistcha\n|-fail|p1a: Sinistcha|par\n|cant|p1a: Sinistcha|par\n|\n|-damage|p2a: Chansey|301/564 brn|[from] brn\n|upkeep\n|turn|35\n|c|\u2606cramberrieondisc|!dt heatproof\n|raw|<ul class=\"utilichart\"><li class=\"result\"><span class=\"col namecol\"><a href=\"https://dex.pokemonshowdown.com/abilities/heatproof\">Heatproof</a></span> <span class=\"col abilitydesccol\">Fire damage against this Pokemon is dealt with 1/2 offensive stat; 1/2 burn damage.</span> </li><li style=\"clear:both\"></li></ul>\n|raw|<font size=\"1\"><font color=\"#686868\">Gen:</font> 4&nbsp;|&ThickSpace;&#10003; Ignored by Mold Breaker</font>\n\n|\n|t:|1733866021\n|move|p2a: Chansey|Soft-Boiled|p2a: Chansey\n|-heal|p2a: Chansey|564/564 brn\n|move|p1a: Sinistcha|Matcha Gotcha|p2a: Chansey\n|-damage|p2a: Chansey|351/564 brn\n|\n|-damage|p2a: Chansey|316/564 brn|[from] brn\n|upkeep\n|turn|36\n|\n|t:|1733866030\n|move|p2a: Chansey|Thunder Wave|p1a: Sinistcha\n|-fail|p1a: Sinistcha|par\n|move|p1a: Sinistcha|Matcha Gotcha|p2a: Chansey|[miss]\n|-miss|p1a: Sinistcha|p2a: Chansey\n|\n|-damage|p2a: Chansey|281/564 brn|[from] brn\n|upkeep\n|turn|37\n|\n|t:|1733866053\n|move|p2a: Chansey|Seismic Toss|p1a: Sinistcha\n|-immune|p1a: Sinistcha\n|move|p1a: Sinistcha|Matcha Gotcha|p2a: Chansey\n|-damage|p2a: Chansey|62/564 brn\n|\n|-damage|p2a: Chansey|27/564 brn|[from] brn\n|upkeep\n|turn|38\n|\n|t:|1733866061\n|move|p2a: Chansey|Thunder Wave|p1a: Sinistcha\n|-fail|p1a: Sinistcha|par\n|move|p1a: Sinistcha|Calm Mind|p1a: Sinistcha\n|-boost|p1a: Sinistcha|spa|0\n|-boost|p1a: Sinistcha|spd|0\n|\n|-damage|p2a: Chansey|0 fnt|[from] brn\n|faint|p2a: Chansey\n|upkeep\n|\n|t:|1733866072\n|switch|p2a: Granbull|Granbull, L88, M|302/302\n|-ability|p2a: Granbull|Intimidate|boost\n|-unboost|p1a: Sinistcha|atk|1\n|turn|39\n|\n|t:|1733866082\n|move|p2a: Granbull|Encore|p1a: Sinistcha\n|-start|p1a: Sinistcha|Encore\n|cant|p1a: Sinistcha|par\n|\n|upkeep\n|turn|40\n|\n|t:|1733866088\n|switch|p2a: Vivillon|Vivillon-Polar, L84, F|272/272\n|move|p1a: Sinistcha|Calm Mind|p1a: Sinistcha\n|-boost|p1a: Sinistcha|spa|0\n|-boost|p1a: Sinistcha|spd|0\n|\n|upkeep\n|turn|41\n|\n|t:|1733866095\n|move|p2a: Vivillon|Quiver Dance|p2a: Vivillon\n|-boost|p2a: Vivillon|spa|1\n|-boost|p2a: Vivillon|spd|1\n|-boost|p2a: Vivillon|spe|1\n|move|p1a: Sinistcha|Calm Mind|p1a: Sinistcha\n|-boost|p1a: Sinistcha|spa|0\n|-boost|p1a: Sinistcha|spd|0\n|\n|-end|p1a: Sinistcha|Encore\n|upkeep\n|turn|42\n|\n|t:|1733866102\n|move|p2a: Vivillon|Quiver Dance|p2a: Vivillon\n|-boost|p2a: Vivillon|spa|1\n|-boost|p2a: Vivillon|spd|1\n|-boost|p2a: Vivillon|spe|1\n|move|p1a: Sinistcha|Shadow Ball|p2a: Vivillon\n|-damage|p2a: Vivillon|0 fnt\n|faint|p2a: Vivillon\n|\n|upkeep\n|c|\u2606cramberrieondisc|ok\n|\n|t:|1733866111\n|switch|p2a: Granbull|Granbull, L88, M|302/302\n|-ability|p2a: Granbull|Intimidate|boost\n|-unboost|p1a: Sinistcha|atk|1\n|turn|43\n|\n|t:|1733866114\n|move|p2a: Granbull|Encore|p1a: Sinistcha\n|-start|p1a: Sinistcha|Encore\n|move|p1a: Sinistcha|Shadow Ball|p2a: Granbull\n|-damage|p2a: Granbull|0 fnt\n|faint|p2a: Granbull\n|\n|upkeep\n|\n|t:|1733866122\n|switch|p2a: Komala|Komala, L89, M|260/260\n|-ability|p2a: Komala|Comatose\n|turn|44\n|\n|t:|1733866126\n|move|p2a: Komala|Knock Off|p1a: Sinistcha\n|-supereffective|p1a: Sinistcha\n|-damage|p1a: Sinistcha|88/254 par\n|-enditem|p1a: Sinistcha|Leftovers|[from] move: Knock Off|[of] p2a: Komala\n|move|p1a: Sinistcha|Shadow Ball|p2a: Komala\n|-immune|p2a: Komala\n|\n|upkeep\n|turn|45\n|\n|t:|1733866132\n|move|p2a: Komala|Knock Off|p1a: Sinistcha\n|-supereffective|p1a: Sinistcha\n|-damage|p1a: Sinistcha|0 fnt\n|faint|p1a: Sinistcha\n|\n|upkeep\n|\n|t:|1733866137\n|switch|p1a: Tyranitar|Tyranitar, L79, M|288/288\n|-damage|p1a: Tyranitar|240/288|[from] Spikes\n|-damage|p1a: Tyranitar|204/288|[from] Stealth Rock\n|-weather|Sandstorm|[from] ability: Sand Stream|[of] p1a: Tyranitar\n|turn|46\n|\n|t:|1733866147\n|move|p2a: Komala|Knock Off|p1a: Tyranitar\n|-resisted|p1a: Tyranitar\n|-damage|p1a: Tyranitar|168/288\n|-enditem|p1a: Tyranitar|Leftovers|[from] move: Knock Off|[of] p2a: Komala\n|move|p1a: Tyranitar|Thunder Wave|p2a: Komala\n|-immune|p2a: Komala|[from] ability: Comatose\n|\n|-weather|Sandstorm|[upkeep]\n|-damage|p2a: Komala|244/260|[from] Sandstorm\n|upkeep\n|turn|47\n|c|\u2606Danklord Swellow|lol\n|c|\u2606cramberrieondisc|forgot\n|\n|t:|1733866170\n|move|p2a: Komala|Body Slam|p1a: Tyranitar\n|-resisted|p1a: Tyranitar\n|-damage|p1a: Tyranitar|114/288\n|move|p1a: Tyranitar|Knock Off|p2a: Komala\n|-damage|p2a: Komala|105/260\n|-enditem|p2a: Komala|Assault Vest|[from] move: Knock Off|[of] p1a: Tyranitar\n|\n|-weather|Sandstorm|[upkeep]\n|-damage|p2a: Komala|89/260|[from] Sandstorm\n|upkeep\n|turn|48\n|\n|t:|1733866181\n|move|p2a: Komala|U-turn|p1a: Tyranitar\n|-supereffective|p1a: Tyranitar\n|-damage|p1a: Tyranitar|0 fnt\n|faint|p1a: Tyranitar\n|\n|t:|1733866184\n|switch|p2a: Kommo-o|Kommo-o, L78, M|245/245|[from] U-turn\n|\n|-weather|Sandstorm|[upkeep]\n|-damage|p2a: Kommo-o|230/245|[from] Sandstorm\n|upkeep\n|\n|t:|1733866188\n|switch|p1a: Mesprit|Mesprit, L85|275/275\n|-damage|p1a: Mesprit|241/275|[from] Stealth Rock\n|turn|49\n|\n|t:|1733866192\n|switch|p2a: Komala|Komala, L89, M|89/260\n|-ability|p2a: Komala|Comatose\n|-terastallize|p1a: Mesprit|Fairy\n|move|p1a: Mesprit|Dazzling Gleam|p2a: Komala\n|-damage|p2a: Komala|0 fnt\n|faint|p2a: Komala\n|\n|-weather|Sandstorm|[upkeep]\n|-damage|p1a: Mesprit|224/275|[from] Sandstorm\n|upkeep\n|\n|t:|1733866195\n|switch|p2a: Kommo-o|Kommo-o, L78, M|230/245\n|turn|50\n|\n|t:|1733866205\n|-terastallize|p2a: Kommo-o|Steel\n|move|p1a: Mesprit|Dazzling Gleam|p2a: Kommo-o\n|-resisted|p2a: Kommo-o\n|-damage|p2a: Kommo-o|169/245\n|move|p2a: Kommo-o|Swords Dance|p2a: Kommo-o\n|-boost|p2a: Kommo-o|atk|2\n|\n|-weather|none\n|upkeep\n|turn|51\n|\n|t:|1733866212\n|switch|p1a: Medicham|Medicham, L86, F|243/243\n|-damage|p1a: Medicham|203/243|[from] Spikes\n|-damage|p1a: Medicham|188/243|[from] Stealth Rock\n|move|p2a: Kommo-o|Iron Head|p1a: Medicham\n|-damage|p1a: Medicham|13/243\n|\n|upkeep\n|turn|52\n|\n|t:|1733866220\n|move|p1a: Medicham|Bullet Punch|p2a: Kommo-o\n|-resisted|p2a: Kommo-o\n|-damage|p2a: Kommo-o|144/245\n|move|p2a: Kommo-o|Scale Shot|p1a: Medicham\n|-crit|p1a: Medicham\n|-damage|p1a: Medicham|0 fnt\n|faint|p1a: Medicham\n|-hitcount|p1: Medicham|1\n|-unboost|p2a: Kommo-o|def|1\n|-boost|p2a: Kommo-o|spe|1\n|\n|upkeep\n|\n|t:|1733866226\n|switch|p1a: Mesprit|Mesprit, L85, tera:Fairy|224/275\n|-damage|p1a: Mesprit|190/275|[from] Stealth Rock\n|turn|53\n|\n|t:|1733866230\n|move|p2a: Kommo-o|Iron Head|p1a: Mesprit\n|-supereffective|p1a: Mesprit\n|-damage|p1a: Mesprit|0 fnt\n|faint|p1a: Mesprit\n|\n|upkeep\n|\n|t:|1733866234\n|switch|p1a: Zarude|Zarude-Dada, L78|292/292\n|-damage|p1a: Zarude|244/292|[from] Spikes\n|-damage|p1a: Zarude|208/292|[from] Stealth Rock\n|turn|54\n|-message|cramberrieondisc forfeited.\n|\n|win|Danklord Swellow\n|raw|cramberrieondisc's rating: 1450 &rarr; <strong>1428</strong><br />(-22 for losing)\n|raw|Danklord Swellow's rating: 1407 &rarr; <strong>1429</strong><br />(+22 for winning)\n|l|\u2606cramberrieondisc\n|player|p1|\n|c|\u2606Danklord Swellow|gg i played this badly\n", "inputlog": ">version bfd83cad13791eb5a5a409923076391caf6fb4d4\n>start {\"formatid\":\"gen9randombattle\",\"seed\":[59450,64748,55046,32184],\"rated\":\"Rated battle\"}\n>player p1 {\"name\":\"cramberrieondisc\",\"avatar\":\"hoopster\",\"rating\":1450,\"seed\":[49610,40186,62251,64691]}\n>player p2 {\"name\":\"Danklord Swellow\",\"avatar\":\"1\",\"rating\":1407,\"seed\":[10227,57318,38223,1253]}\n>p1 move thunderwave\n>p2 move thunderwave\n>p1 move knockoff\n>p2 move spikes\n>p1 move stoneedge\n>p2 move spikes\n>p1 move stoneedge\n>p2 move spikes\n>p1 move stoneedge\n>p2 move spikes\n>p1 move stoneedge\n>p2 move spikes\n>p2 switch 5\n>p1 switch 4\n>p2 move encore\n>p1 move calmmind\n>p2 switch 4\n>p1 move calmmind\n>p2 move thunderwave\n>p1 move matchagotcha\n>p2 move stealthrock\n>p1 move calmmind\n>p2 move thunderwave\n>p1 move matchagotcha\n>p2 move seismictoss\n>p1 move calmmind\n>p2 move seismictoss\n>p1 move matchagotcha\n>p2 move softboiled\n>chat \u2606cramberrieondisc|u been couldve switched then used encore on me but ok \n>p1 move matchagotcha\n>p2 move thunderwave\n>p1 move matchagotcha\n>p2 move softboiled\n>p1 move calmmind\n>p2 move softboiled\n>p1 move matchagotcha\n>p2 move thunderwave\n>p1 move matchagotcha\n>p2 move thunderwave\n>p1 move calmmind\n>p2 move thunderwave\n>p1 move matchagotcha\n>p2 move thunderwave\n>p1 move matchagotcha\n>p2 move softboiled\n>p1 move calmmind\n>p2 move thunderwave\n>p1 move matchagotcha\n>p2 move thunderwave\n>p1 move matchagotcha\n>p2 move softboiled\n>p1 move matchagotcha\n>p2 move thunderwave\n>p1 move matchagotcha\n>p2 move thunderwave\n>p1 move matchagotcha\n>p2 move thunderwave\n>p1 move matchagotcha\n>p2 move stealthrock\n>p1 move matchagotcha\n>p2 move softboiled\n>p1 move matchagotcha\n>p2 move thunderwave\n>p1 move matchagotcha\n>p2 move thunderwave\n>p1 move matchagotcha\n>p2 move softboiled\n>p1 move matchagotcha\n>p2 move thunderwave\n>chat \u2606cramberrieondisc|!dt heatproof\n>p1 move matchagotcha\n>p2 move softboiled\n>p1 move matchagotcha\n>p2 move thunderwave\n>p1 move matchagotcha\n>p2 move seismictoss\n>p1 move calmmind\n>p2 move thunderwave\n>p2 switch 4\n>p1 move matchagotcha\n>p2 move encore\n>p1 move calmmind\n>p2 switch 6\n>p1 move calmmind\n>p2 move quiverdance\n>p1 move shadowball\n>p2 move quiverdance\n>chat \u2606cramberrieondisc|ok\n>p2 switch 6\n>p1 move shadowball\n>p2 move encore\n>p2 switch 3\n>p1 move shadowball\n>p2 move knockoff\n>p1 move shadowball\n>p2 move knockoff\n>p1 switch 4\n>p1 move thunderwave\n>p2 move knockoff\n>chat \u2606Danklord Swellow|lol\n>chat \u2606cramberrieondisc|forgot\n>p1 move knockoff\n>p2 move bodyslam\n>p1 move dragontail\n>p2 move uturn\n>p2 switch 2\n>p1 switch 5\n>p1 move dazzlinggleam terastallize\n>p2 switch 2\n>p2 switch 2\n>p1 move dazzlinggleam\n>p2 move swordsdance terastallize\n>p1 switch 2\n>p2 move ironhead\n>p1 move bulletpunch\n>p2 move scaleshot\n>p1 switch 2\n>p1 move thunderbolt\n>p2 move ironhead\n>p1 switch 3\n>forcelose p1", "uploadtime": 1733866247, "views": 1, "formatid": "gen9randombattle", "rating": 1428, "private": 0, "password": null}