{"id": "gen9randombattle-2260623226", "format": "[Gen 9] Random Battle", "players": ["Wagner_bw", "H4ilMary"], "log": "|j|\u2606Wagner_bw\n|j|\u2606H4ilMary\n|t:|1733870514\n|gametype|singles\n|player|p1|Wagner_bw|2|1298\n|player|p2|H4ilMary|unknown|1297\n|teamsize|p1|6\n|teamsize|p2|6\n|gen|9\n|tier|[Gen 9] Random Battle\n|rated|\n|rule|Species Clause: Limit one of each Pok\u00e9mon\n|rule|HP Percentage Mod: HP is shown in percentages\n|rule|Sleep Clause Mod: Limit one foe put to sleep\n|rule|Illusion Level Mod: Illusion disguises the Pok\u00e9mon's true level\n|\n|t:|1733870514\n|start\n|switch|p1a: Kricketune|Kricketune, L99, F|311/311\n|switch|p2a: Clodsire|Clodsire, L81, F|343/343\n|turn|1\n|inactive|Battle timer is ON: inactive players will automatically lose when time's up. (requested by H4ilMary)\n|\n|t:|1733870538\n|move|p1a: Kricketune|Taunt|p2a: Clodsire\n|-start|p2a: Clodsire|move: Taunt\n|cant|p2a: Clodsire|move: Taunt|Stealth Rock\n|\n|upkeep\n|turn|2\n|\n|t:|1733870561\n|switch|p2a: Walking Wake|Walking Wake, L79|286/286\n|move|p1a: Kricketune|Sticky Web|p2a: Walking Wake\n|-sidestart|p2: H4ilMary|move: Sticky Web\n|\n|upkeep\n|turn|3\n|\n|t:|1733870570\n|move|p2a: Walking Wake|Sunny Day|p2a: Walking Wake\n|-weather|SunnyDay\n|-activate|p2a: Walking Wake|ability: Protosynthesis\n|-start|p2a: Walking Wake|protosynthesisspa\n|move|p1a: Kricketune|Knock Off|p2a: Walking Wake\n|-damage|p2a: Walking Wake|194/286\n|-enditem|p2a: Walking Wake|Life Orb|[from] move: Knock Off|[of] p1a: Kricketune\n|\n|-weather|SunnyDay|[upkeep]\n|upkeep\n|turn|4\n|\n|t:|1733870591\n|move|p2a: Walking Wake|Flamethrower|p1a: Kricketune\n|-supereffective|p1a: Kricketune\n|-enditem|p1a: Kricketune|Focus Sash\n|-damage|p1a: Kricketune|1/311\n|move|p1a: Kricketune|Pounce|p2a: Walking Wake\n|-damage|p2a: Walking Wake|92/286\n|-unboost|p2a: Walking Wake|spe|1\n|\n|-weather|SunnyDay|[upkeep]\n|upkeep\n|turn|5\n|\n|t:|1733870603\n|move|p1a: Kricketune|Pounce|p2a: Walking Wake\n|-damage|p2a: Walking Wake|0 fnt\n|faint|p2a: Walking Wake\n|-end|p2a: Walking Wake|Protosynthesis|[silent]\n|\n|-weather|SunnyDay|[upkeep]\n|upkeep\n|\n|t:|1733870607\n|switch|p2a: Regieleki|Regieleki, L79|256/256\n|-activate|p2a: Regieleki|move: Sticky Web\n|-unboost|p2a: Regieleki|spe|1\n|turn|6\n|\n|t:|1733870618\n|move|p2a: Regieleki|Rapid Spin|p1a: Kricketune\n|-damage|p1a: Kricketune|0 fnt\n|-boost|p2a: Regieleki|spe|1\n|-sideend|p2: H4ilMary|Sticky Web|[from] move: Rapid Spin|[of] p2a: Regieleki\n|faint|p1a: Kricketune\n|\n|-weather|SunnyDay|[upkeep]\n|upkeep\n|\n|t:|1733870634\n|switch|p1a: Exeggutor|Exeggutor, L89, M|312/312\n|turn|7\n|\n|t:|1733870658\n|move|p2a: Regieleki|Volt Switch|p1a: Exeggutor\n|-resisted|p1a: Exeggutor\n|-damage|p1a: Exeggutor|261/312\n|\n|t:|1733870665\n|switch|p2a: Clodsire|Clodsire, L81, F|343/343|[from] Volt Switch\n|move|p1a: Exeggutor|Sleep Powder|p2a: Clodsire|[miss]\n|-miss|p1a: Exeggutor|p2a: Clodsire\n|\n|-weather|none\n|upkeep\n|turn|8\n|\n|t:|1733870684\n|move|p1a: Exeggutor|Sleep Powder|p2a: Clodsire\n|-status|p2a: Clodsire|slp|[from] move: Sleep Powder\n|cant|p2a: Clodsire|slp\n|\n|upkeep\n|turn|9\n|\n|t:|1733870693\n|switch|p2a: Reuniclus|Reuniclus, L88, M|337/337\n|move|p1a: Exeggutor|Substitute|p1a: Exeggutor\n|-start|p1a: Exeggutor|Substitute\n|-damage|p1a: Exeggutor|183/312\n|\n|upkeep\n|turn|10\n|inactive|Wagner_bw has 120 seconds left.\n|\n|t:|1733870723\n|move|p1a: Exeggutor|Leech Seed|p2a: Reuniclus\n|-start|p2a: Reuniclus|move: Leech Seed\n|move|p2a: Reuniclus|Calm Mind|p2a: Reuniclus\n|-boost|p2a: Reuniclus|spa|1\n|-boost|p2a: Reuniclus|spd|1\n|\n|upkeep\n|turn|11\n|\n|t:|1733870746\n|switch|p1a: Serperior|Serperior, L79, F|248/248\n|move|p2a: Reuniclus|Calm Mind|p2a: Reuniclus\n|-boost|p2a: Reuniclus|spa|1\n|-boost|p2a: Reuniclus|spd|1\n|\n|upkeep\n|turn|12\n|\n|t:|1733870756\n|move|p1a: Serperior|Glare|p2a: Reuniclus\n|-status|p2a: Reuniclus|par\n|cant|p2a: Reuniclus|par\n|\n|upkeep\n|turn|13\n|\n|t:|1733870765\n|move|p1a: Serperior|Leaf Storm|p2a: Reuniclus\n|-damage|p2a: Reuniclus|269/337 par\n|-boost|p1a: Serperior|spa|2\n|-damage|p1a: Serperior|224/248|[from] item: Life Orb\n|move|p2a: Reuniclus|Psychic|p1a: Serperior\n|-damage|p1a: Serperior|0 fnt\n|faint|p1a: Serperior\n|\n|upkeep\n|\n|t:|1733870781\n|switch|p1a: Dudunsparce|Dudunsparce, L83, M|343/343\n|turn|14\n|\n|t:|1733870791\n|move|p1a: Dudunsparce|Calm Mind|p1a: Dudunsparce\n|-boost|p1a: Dudunsparce|spa|1\n|-boost|p1a: Dudunsparce|spd|1\n|cant|p2a: Reuniclus|par\n|\n|upkeep\n|turn|15\n|\n|t:|1733870799\n|move|p1a: Dudunsparce|Calm Mind|p1a: Dudunsparce\n|-boost|p1a: Dudunsparce|spa|1\n|-boost|p1a: Dudunsparce|spd|1\n|move|p2a: Reuniclus|Psychic|p1a: Dudunsparce\n|-damage|p1a: Dudunsparce|147/343\n|\n|-heal|p1a: Dudunsparce|168/343|[from] item: Leftovers\n|upkeep\n|turn|16\n|\n|t:|1733870812\n|move|p1a: Dudunsparce|Roost|p1a: Dudunsparce\n|-heal|p1a: Dudunsparce|340/343\n|-singleturn|p1a: Dudunsparce|move: Roost\n|move|p2a: Reuniclus|Psychic|p1a: Dudunsparce\n|-damage|p1a: Dudunsparce|161/343\n|\n|-heal|p1a: Dudunsparce|182/343|[from] item: Leftovers\n|upkeep\n|turn|17\n|\n|t:|1733870817\n|move|p1a: Dudunsparce|Calm Mind|p1a: Dudunsparce\n|-boost|p1a: Dudunsparce|spa|1\n|-boost|p1a: Dudunsparce|spd|1\n|move|p2a: Reuniclus|Psychic|p1a: Dudunsparce\n|-damage|p1a: Dudunsparce|26/343\n|\n|-heal|p1a: Dudunsparce|47/343|[from] item: Leftovers\n|upkeep\n|turn|18\n|\n|t:|1733870823\n|move|p1a: Dudunsparce|Roost|p1a: Dudunsparce\n|-heal|p1a: Dudunsparce|219/343\n|-singleturn|p1a: Dudunsparce|move: Roost\n|cant|p2a: Reuniclus|par\n|\n|-heal|p1a: Dudunsparce|240/343|[from] item: Leftovers\n|upkeep\n|turn|19\n|\n|t:|1733870840\n|switch|p2a: Meloetta|Meloetta, L82|298/298\n|move|p1a: Dudunsparce|Calm Mind|p1a: Dudunsparce\n|-boost|p1a: Dudunsparce|spa|1\n|-boost|p1a: Dudunsparce|spd|1\n|\n|-heal|p1a: Dudunsparce|261/343|[from] item: Leftovers\n|upkeep\n|turn|20\n|\n|t:|1733870854\n|-terastallize|p1a: Dudunsparce|Ghost\n|move|p2a: Meloetta|Focus Blast|p1a: Dudunsparce\n|-immune|p1a: Dudunsparce\n|move|p1a: Dudunsparce|Boomburst|p2a: Meloetta\n|-damage|p2a: Meloetta|0 fnt\n|faint|p2a: Meloetta\n|\n|-heal|p1a: Dudunsparce|282/343|[from] item: Leftovers\n|upkeep\n|\n|t:|1733870865\n|switch|p2a: Reuniclus|Reuniclus, L88, M|269/337 par\n|turn|21\n|\n|t:|1733870869\n|move|p1a: Dudunsparce|Shadow Ball|p2a: Reuniclus\n|-supereffective|p2a: Reuniclus\n|-damage|p2a: Reuniclus|0 fnt\n|faint|p2a: Reuniclus\n|\n|-heal|p1a: Dudunsparce|303/343|[from] item: Leftovers\n|upkeep\n|\n|t:|1733870873\n|switch|p2a: Palkia|Palkia, L75|259/259\n|-ability|p2a: Palkia|Pressure\n|turn|22\n|\n|t:|1733870882\n|move|p2a: Palkia|Spacial Rend|p1a: Dudunsparce\n|-damage|p1a: Dudunsparce|248/343\n|move|p1a: Dudunsparce|Boomburst|p2a: Palkia\n|-damage|p2a: Palkia|0 fnt\n|faint|p2a: Palkia\n|\n|-heal|p1a: Dudunsparce|269/343|[from] item: Leftovers\n|upkeep\n|\n|t:|1733870886\n|switch|p2a: Regieleki|Regieleki, L79|256/256\n|turn|23\n|-message|H4ilMary forfeited.\n|\n|win|Wagner_bw\n|raw|Wagner_bw's rating: 1298 &rarr; <strong>1323</strong><br />(+25 for winning)\n|raw|H4ilMary's rating: 1297 &rarr; <strong>1272</strong><br />(-25 for losing)\n|l|\u2606H4ilMary\n|player|p2|\n", "inputlog": ">version bfd83cad13791eb5a5a409923076391caf6fb4d4\n>start {\"formatid\":\"gen9randombattle\",\"seed\":[37625,6442,45036,8538],\"rated\":\"Rated battle\"}\n>player p1 {\"name\":\"Wagner_bw\",\"avatar\":\"2\",\"rating\":1298,\"seed\":[15397,16440,64517,44545]}\n>player p2 {\"name\":\"H4ilMary\",\"avatar\":\"unknown\",\"rating\":1297,\"seed\":[23017,57179,23066,64060]}\n>p1 move taunt\n>p2 move stealthrock\n>p1 move stickyweb\n>p2 switch 5\n>p1 move knockoff\n>p2 move sunnyday\n>p1 move pounce\n>p2 move flamethrower\n>p1 move pounce\n>p2 move flamethrower\n>p2 switch 4\n>p1 move taunt\n>p2 move rapidspin\n>p1 switch 5\n>p1 move sleeppowder\n>p2 move voltswitch\n>p2 switch 5\n>p1 move sleeppowder\n>p2 move stealthrock\n>p1 move substitute\n>p2 switch 6\n>p1 move leechseed\n>p2 move calmmind\n>p1 switch 6\n>p2 move calmmind\n>p1 move glare\n>p2 move shadowball\n>p1 move leafstorm\n>p2 move psychic\n>p1 switch 4\n>p1 move calmmind\n>p2 move psychic\n>p1 move calmmind\n>p2 move psychic\n>p1 move roost\n>p2 move psychic\n>p1 move calmmind\n>p2 move psychic\n>p1 move roost\n>p2 move psychic\n>p1 move calmmind\n>p2 switch 3\n>p1 move boomburst terastallize\n>p2 move focusblast\n>p2 switch 3\n>p1 move shadowball\n>p2 move shadowball\n>p2 switch 2\n>p1 move boomburst\n>p2 move spacialrend\n>p2 switch 5\n>forcelose p2", "uploadtime": 1733870897, "views": 4, "formatid": "gen9randombattle", "rating": 1272, "private": 0, "password": null}