{"id": "gen9randombattle-2162647243", "format": "[Gen 9] Random Battle", "players": ["paysa", "MichaelderBesteVGC"], "log": "|badge|p2|silver|gen9randombattle|30-2\n|uhtml|medal-msg|<div class=\"broadcast-blue\">Curious what those medals under the avatar are? PS now has Ladder Seasons! For more information, check out the <a href=\"https://www.smogon.com/forums/threads/3740067/\">thread on Smogon.</a></div>\n|j|\u2606paysa\n|j|\u2606MichaelderBesteVGC\n|t:|1721238206\n|gametype|singles\n|player|p1|paysa|265|2252\n|player|p2|MichaelderBesteVGC|#splxvclassiest|2448\n|teamsize|p1|6\n|teamsize|p2|6\n|gen|9\n|tier|[Gen 9] Random Battle\n|rated|\n|rule|Species Clause: Limit one of each Pok\u00e9mon\n|rule|HP Percentage Mod: HP is shown in percentages\n|rule|Sleep Clause Mod: Limit one foe put to sleep\n|rule|Illusion Level Mod: Illusion disguises the Pok\u00e9mon's true level\n|\n|t:|1721238206\n|start\n|switch|p1a: Basculegion|Basculegion, L81, M|327/327\n|switch|p2a: Calyrex|Calyrex-Ice, L72|263/263\n|-ability|p2a: Calyrex|As One\n|-ability|p2a: Calyrex|Unnerve\n|turn|1\n|inactive|Battle timer is ON: inactive players will automatically lose when time's up. (requested by paysa)\n|\n|t:|1721238227\n|move|p1a: Basculegion|Shadow Ball|p2a: Calyrex\n|-supereffective|p2a: Calyrex\n|-damage|p2a: Calyrex|111/263\n|move|p2a: Calyrex|Glacial Lance|p1a: Basculegion\n|-resisted|p1a: Basculegion\n|-damage|p1a: Basculegion|240/327\n|\n|upkeep\n|turn|2\n|\n|t:|1721238231\n|switch|p2a: Iron Jugulis|Iron Jugulis, L78|275/275\n|move|p1a: Basculegion|Flip Turn|p2a: Iron Jugulis\n|-damage|p2a: Iron Jugulis|175/275\n|\n|t:|1721238243\n|switch|p1a: Jolteon|Jolteon, L84, M|246/246|[from] Flip Turn\n|\n|upkeep\n|turn|3\n|\n|t:|1721238248\n|-end|p2a: Iron Jugulis|Quark Drive|[silent]\n|switch|p2a: Cresselia|Cresselia, L80, F|323/323\n|move|p1a: Jolteon|Thunderbolt|p2a: Cresselia\n|-damage|p2a: Cresselia|241/323\n|\n|-heal|p2a: Cresselia|261/323|[from] item: Leftovers\n|upkeep\n|turn|4\n|inactive|paysa has 120 seconds left.\n|\n|t:|1721238294\n|switch|p1a: Hitmonchan|Hitmonchan, L87, M|229/229\n|move|p2a: Cresselia|Calm Mind|p2a: Cresselia\n|-boost|p2a: Cresselia|spa|1\n|-boost|p2a: Cresselia|spd|1\n|\n|-heal|p2a: Cresselia|281/323|[from] item: Leftovers\n|upkeep\n|turn|5\n|\n|t:|1721238312\n|move|p2a: Cresselia|Psyshock|p1a: Hitmonchan\n|-supereffective|p1a: Hitmonchan\n|-damage|p1a: Hitmonchan|25/229\n|move|p1a: Hitmonchan|Knock Off|p2a: Cresselia\n|-supereffective|p2a: Cresselia\n|-damage|p2a: Cresselia|147/323\n|-enditem|p2a: Cresselia|Leftovers|[from] move: Knock Off|[of] p1a: Hitmonchan\n|\n|-heal|p1a: Hitmonchan|39/229|[from] item: Leftovers\n|upkeep\n|turn|6\n|\n|t:|1721238318\n|move|p2a: Cresselia|Moonlight|p2a: Cresselia\n|-heal|p2a: Cresselia|308/323\n|move|p1a: Hitmonchan|Bulk Up|p1a: Hitmonchan\n|-boost|p1a: Hitmonchan|atk|1\n|-boost|p1a: Hitmonchan|def|1\n|\n|-heal|p1a: Hitmonchan|53/229|[from] item: Leftovers\n|upkeep\n|turn|7\n|\n|t:|1721238332\n|move|p2a: Cresselia|Moonblast|p1a: Hitmonchan\n|-supereffective|p1a: Hitmonchan\n|-damage|p1a: Hitmonchan|0 fnt\n|faint|p1a: Hitmonchan\n|\n|upkeep\n|inactive|paysa has 90 seconds left.\n|\n|t:|1721238379\n|switch|p1a: Gyarados|Gyarados, L79, M|280/280\n|turn|8\n|\n|t:|1721238392\n|move|p2a: Cresselia|Psyshock|p1a: Gyarados\n|-damage|p1a: Gyarados|174/280\n|move|p1a: Gyarados|Dragon Dance|p1a: Gyarados\n|-boost|p1a: Gyarados|atk|1\n|-boost|p1a: Gyarados|spe|1\n|\n|upkeep\n|turn|9\n|\n|t:|1721238395\n|move|p1a: Gyarados|Waterfall|p2a: Cresselia\n|-damage|p2a: Cresselia|196/323\n|move|p2a: Cresselia|Psyshock|p1a: Gyarados\n|-damage|p1a: Gyarados|59/280\n|\n|upkeep\n|turn|10\n|\n|t:|1721238400\n|move|p1a: Gyarados|Waterfall|p2a: Cresselia\n|-damage|p2a: Cresselia|70/323\n|cant|p2a: Cresselia|flinch\n|\n|upkeep\n|turn|11\n|\n|t:|1721238415\n|switch|p2a: Inteleon|Inteleon, L81, M|246/246\n|move|p1a: Gyarados|Waterfall|p2a: Inteleon\n|-resisted|p2a: Inteleon\n|-damage|p2a: Inteleon|156/246\n|\n|upkeep\n|turn|12\n|\n|t:|1721238422\n|-terastallize|p1a: Gyarados|Ground\n|move|p1a: Gyarados|Earthquake|p2a: Inteleon\n|-damage|p2a: Inteleon|0 fnt\n|faint|p2a: Inteleon\n|-ability|p1a: Gyarados|Moxie|boost\n|-boost|p1a: Gyarados|atk|1\n|\n|upkeep\n|\n|t:|1721238440\n|switch|p2a: Chandelure|Chandelure, L83, M|235/235\n|turn|13\n|inactive|paysa has 120 seconds left.\n|\n|t:|1721238449\n|-terastallize|p2a: Chandelure|Grass\n|move|p1a: Gyarados|Waterfall|p2a: Chandelure\n|-resisted|p2a: Chandelure\n|-damage|p2a: Chandelure|139/235\n|move|p2a: Chandelure|Energy Ball|p1a: Gyarados\n|-supereffective|p1a: Gyarados\n|-damage|p1a: Gyarados|0 fnt\n|faint|p1a: Gyarados\n|\n|upkeep\n|inactive|paysa has 120 seconds left.\n|j| rbwn3n5r\n|\n|t:|1721238479\n|switch|p1a: Basculegion|Basculegion, L81, M|240/327\n|turn|14\n|\n|t:|1721238489\n|move|p2a: Chandelure|Energy Ball|p1a: Basculegion\n|-supereffective|p1a: Basculegion\n|-damage|p1a: Basculegion|36/327\n|move|p1a: Basculegion|Wave Crash|p2a: Chandelure\n|-resisted|p2a: Chandelure\n|-damage|p2a: Chandelure|52/235\n|-damage|p1a: Basculegion|7/327|[from] Recoil\n|\n|upkeep\n|turn|15\n|\n|t:|1721238495\n|move|p1a: Basculegion|Aqua Jet|p2a: Chandelure\n|-resisted|p2a: Chandelure\n|-damage|p2a: Chandelure|19/235\n|move|p2a: Chandelure|Energy Ball|p1a: Basculegion\n|-supereffective|p1a: Basculegion\n|-damage|p1a: Basculegion|0 fnt\n|faint|p1a: Basculegion\n|\n|upkeep\n|\n|t:|1721238499\n|switch|p1a: Jolteon|Jolteon, L84, M|246/246\n|turn|16\n|n| rbwn3n5r|rbwn3n5r\n|inactive|paysa has 120 seconds left.\n|inactive|MichaelderBesteVGC has 120 seconds left.\n|\n|t:|1721238535\n|move|p1a: Jolteon|Calm Mind|p1a: Jolteon\n|-boost|p1a: Jolteon|spa|1\n|-boost|p1a: Jolteon|spd|1\n|move|p2a: Chandelure|Fire Blast|p1a: Jolteon\n|-damage|p1a: Jolteon|153/246\n|\n|-heal|p1a: Jolteon|168/246|[from] item: Leftovers\n|upkeep\n|turn|17\n|\n|t:|1721238542\n|move|p1a: Jolteon|Thunderbolt|p2a: Chandelure\n|-resisted|p2a: Chandelure\n|-damage|p2a: Chandelure|0 fnt\n|faint|p2a: Chandelure\n|\n|-heal|p1a: Jolteon|183/246|[from] item: Leftovers\n|upkeep\n|inactive|MichaelderBesteVGC has 120 seconds left.\n|\n|t:|1721238577\n|switch|p2a: Calyrex|Calyrex-Ice, L72|111/263\n|-ability|p2a: Calyrex|As One\n|-ability|p2a: Calyrex|Unnerve\n|turn|18\n|\n|t:|1721238582\n|move|p1a: Jolteon|Thunderbolt|p2a: Calyrex\n|-damage|p2a: Calyrex|0 fnt\n|faint|p2a: Calyrex\n|\n|-heal|p1a: Jolteon|198/246|[from] item: Leftovers\n|upkeep\n|\n|t:|1721238585\n|switch|p2a: Drednaw|Drednaw, L80, F|275/275\n|turn|19\n|\n|t:|1721238588\n|move|p1a: Jolteon|Thunderbolt|p2a: Drednaw\n|-supereffective|p2a: Drednaw\n|-damage|p2a: Drednaw|0 fnt\n|faint|p2a: Drednaw\n|\n|-heal|p1a: Jolteon|213/246|[from] item: Leftovers\n|upkeep\n|c|\u2606paysa|gg\n|-message|MichaelderBesteVGC forfeited.\n|\n|win|paysa\n|raw|paysa's rating: 2252 &rarr; <strong>2282</strong><br />(+30 for winning)\n|raw|MichaelderBesteVGC's rating: 2448 &rarr; <strong>2418</strong><br />(-30 for losing)\n|l|\u2606MichaelderBesteVGC\n|player|p2|\n", "inputlog": ">version 6541fcea21d467a9da79bdf33e2760bc1c0cf786\n>start {\"formatid\":\"gen9randombattle\",\"seed\":[47352,17346,5579,39673],\"rated\":\"Rated battle\"}\n>player p1 {\"name\":\"paysa\",\"avatar\":\"265\",\"rating\":2252,\"seed\":[14050,62608,61442,30325]}\n>player p2 {\"name\":\"MichaelderBesteVGC\",\"avatar\":\"#splxvclassiest\",\"rating\":2448,\"seed\":[33367,32866,58766,61422]}\n>p1 move shadowball\n>p2 move glaciallance\n>p1 move flipturn\n>p2 switch 2\n>p1 switch 3\n>p1 move thunderbolt\n>p2 switch 3\n>p1 switch 6\n>p2 move calmmind\n>p1 move knockoff\n>p2 move psyshock\n>p1 move bulkup\n>p2 move moonlight\n>p1 move knockoff\n>p2 move moonblast\n>p1 switch 2\n>p1 move dragondance\n>p2 move psyshock\n>p1 move waterfall\n>p2 move psyshock\n>p1 move waterfall\n>p2 move moonlight\n>p1 move waterfall\n>p2 switch 5\n>p1 move earthquake terastallize\n>p2 move scald\n>p2 switch 4\n>p1 move waterfall\n>p2 move energyball terastallize\n>p1 switch 3\n>p1 move wavecrash\n>p2 move energyball\n>p1 move aquajet\n>p2 move energyball\n>p1 switch 6\n>p1 move calmmind\n>p2 move fireblast\n>p1 move thunderbolt\n>p2 move fireblast\n>p2 switch 2\n>p1 move thunderbolt\n>p2 move trickroom\n>p2 switch 6\n>p1 move thunderbolt\n>p2 move shellsmash\n>chat \u2606paysa|gg\n>forcelose p2", "uploadtime": 1721238593, "views": 162, "formatid": "gen9randombattle", "rating": 2282, "private": 0, "password": null}