{"id": "gen9randombattle-2260468902", "format": "[Gen 9] Random Battle", "players": ["TheWWalloper", "dejdejdjede"], "log": "|j|\u2606TheWWalloper\n|j|\u2606dejdejdjede\n|t:|1733854609\n|gametype|singles\n|player|p1|TheWWalloper|fisherman-gen4|1156\n|player|p2|dejdejdjede|2|1196\n|teamsize|p1|6\n|teamsize|p2|6\n|gen|9\n|tier|[Gen 9] Random Battle\n|rated|\n|rule|Species Clause: Limit one of each Pok\u00e9mon\n|rule|HP Percentage Mod: HP is shown in percentages\n|rule|Sleep Clause Mod: Limit one foe put to sleep\n|rule|Illusion Level Mod: Illusion disguises the Pok\u00e9mon's true level\n|\n|t:|1733854609\n|start\n|switch|p1a: Lapras|Lapras, L87, M|367/367\n|switch|p2a: Hitmontop|Hitmontop, L88, M|231/231\n|-ability|p2a: Hitmontop|Intimidate|boost\n|-unboost|p1a: Lapras|atk|1\n|turn|1\n|\n|t:|1733854624\n|move|p2a: Hitmontop|Close Combat|p1a: Lapras\n|-supereffective|p1a: Lapras\n|-damage|p1a: Lapras|79/367\n|-unboost|p2a: Hitmontop|def|1\n|-unboost|p2a: Hitmontop|spd|1\n|move|p1a: Lapras|Dragon Dance|p1a: Lapras\n|-boost|p1a: Lapras|atk|1\n|-boost|p1a: Lapras|spe|1\n|\n|upkeep\n|turn|2\n|\n|t:|1733854633\n|move|p1a: Lapras|Icicle Spear|p2a: Hitmontop\n|-damage|p2a: Hitmontop|198/231\n|-damage|p2a: Hitmontop|161/231\n|-damage|p2a: Hitmontop|127/231\n|-damage|p2a: Hitmontop|90/231\n|-damage|p2a: Hitmontop|54/231\n|-hitcount|p2a: Hitmontop|5\n|move|p2a: Hitmontop|Rapid Spin|p1a: Lapras\n|-damage|p1a: Lapras|36/367\n|-boost|p2a: Hitmontop|spe|1\n|\n|upkeep\n|turn|3\n|\n|t:|1733854639\n|move|p2a: Hitmontop|Rapid Spin|p1a: Lapras\n|-damage|p1a: Lapras|0 fnt\n|-boost|p2a: Hitmontop|spe|1\n|faint|p1a: Lapras\n|\n|upkeep\n|\n|t:|1733854653\n|switch|p1a: Infernape|Infernape, L82, F|259/259\n|turn|4\n|\n|t:|1733854658\n|move|p1a: Infernape|Mach Punch|p2a: Hitmontop\n|-damage|p2a: Hitmontop|0 fnt\n|faint|p2a: Hitmontop\n|-damage|p1a: Infernape|234/259|[from] item: Life Orb\n|\n|upkeep\n|\n|t:|1733854668\n|switch|p2a: Quagsire|Quagsire, L84, M|297/297\n|turn|5\n|\n|t:|1733854690\n|switch|p1a: Indeedee|Indeedee, L84, M|238/238\n|-fieldstart|move: Psychic Terrain|[from] ability: Psychic Surge|[of] p1a: Indeedee\n|move|p2a: Quagsire|Earthquake|p1a: Indeedee\n|-damage|p1a: Indeedee|109/238\n|\n|upkeep\n|turn|6\n|\n|t:|1733854698\n|switch|p2a: Urshifu|Urshifu, L74, M|270/270\n|move|p1a: Indeedee|Expanding Force|p2a: Urshifu\n|-immune|p2a: Urshifu\n|\n|upkeep\n|turn|7\n|\n|t:|1733854711\n|switch|p1a: Hitmontop|Hitmontop, L88, M|231/231\n|move|p2a: Urshifu|Close Combat|p1a: Hitmontop\n|-damage|p1a: Hitmontop|120/231\n|-unboost|p2a: Urshifu|def|1\n|-unboost|p2a: Urshifu|spd|1\n|\n|-heal|p1a: Hitmontop|134/231|[from] item: Leftovers\n|upkeep\n|turn|8\n|\n|t:|1733854720\n|switch|p2a: Electivire|Electivire, L84, M|263/263\n|move|p1a: Hitmontop|Close Combat|p2a: Electivire\n|-damage|p2a: Electivire|106/263\n|-unboost|p1a: Hitmontop|def|1\n|-unboost|p1a: Hitmontop|spd|1\n|\n|-heal|p1a: Hitmontop|148/231|[from] item: Leftovers\n|upkeep\n|turn|9\n|\n|t:|1733854726\n|move|p2a: Electivire|Supercell Slam|p1a: Hitmontop\n|-damage|p1a: Hitmontop|0 fnt\n|faint|p1a: Hitmontop\n|-damage|p2a: Electivire|80/263|[from] item: Life Orb\n|\n|-fieldend|move: Psychic Terrain\n|upkeep\n|\n|t:|1733854735\n|switch|p1a: Indeedee|Indeedee, L84, M|109/238\n|-fieldstart|move: Psychic Terrain|[from] ability: Psychic Surge|[of] p1a: Indeedee\n|turn|10\n|\n|t:|1733854748\n|switch|p2a: Kricketune|Kricketune, L99, M|312/312\n|move|p1a: Indeedee|Expanding Force|p2a: Kricketune\n|-damage|p2a: Kricketune|83/312\n|\n|upkeep\n|turn|11\n|\n|t:|1733854754\n|switch|p2a: Urshifu|Urshifu, L74, M|270/270\n|move|p1a: Indeedee|Expanding Force|p2a: Urshifu\n|-immune|p2a: Urshifu\n|\n|upkeep\n|turn|12\n|\n|t:|1733854764\n|switch|p1a: Moltres|Moltres-Galar, L79|271/271\n|move|p2a: Urshifu|U-turn|p1a: Moltres\n|-damage|p1a: Moltres|221/271\n|inactive|Battle timer is ON: inactive players will automatically lose when time's up. (requested by TheWWalloper)\n|\n|t:|1733854776\n|switch|p2a: Electivire|Electivire, L84, M|80/263|[from] U-turn\n|\n|upkeep\n|turn|13\n|\n|t:|1733854785\n|move|p2a: Electivire|Supercell Slam|p1a: Moltres\n|-supereffective|p1a: Moltres\n|-damage|p1a: Moltres|0 fnt\n|faint|p1a: Moltres\n|-damage|p2a: Electivire|54/263|[from] item: Life Orb\n|\n|upkeep\n|\n|t:|1733854800\n|switch|p1a: Indeedee|Indeedee, L84, M|109/238\n|turn|14\n|\n|t:|1733854809\n|switch|p2a: Kricketune|Kricketune, L99, M|83/312\n|move|p1a: Indeedee|Hyper Voice|p2a: Kricketune\n|-damage|p2a: Kricketune|0 fnt\n|faint|p2a: Kricketune\n|\n|-fieldend|move: Psychic Terrain\n|upkeep\n|\n|t:|1733854812\n|switch|p2a: Urshifu|Urshifu, L74, M|270/270\n|turn|15\n|\n|t:|1733854818\n|move|p1a: Indeedee|Hyper Voice|p2a: Urshifu\n|-damage|p2a: Urshifu|116/270\n|move|p2a: Urshifu|U-turn|p1a: Indeedee\n|-supereffective|p1a: Indeedee\n|-damage|p1a: Indeedee|0 fnt\n|faint|p1a: Indeedee\n|\n|t:|1733854832\n|switch|p2a: Quagsire|Quagsire, L84, M|297/297|[from] U-turn\n|\n|upkeep\n|\n|t:|1733854842\n|switch|p1a: Lurantis|Lurantis, L87, M|264/264\n|turn|16\n|\n|t:|1733854869\n|-terastallize|p2a: Quagsire|Poison\n|move|p1a: Lurantis|Leaf Storm|p2a: Quagsire\n|-resisted|p2a: Quagsire\n|-damage|p2a: Quagsire|223/297\n|-boost|p1a: Lurantis|spa|2\n|move|p2a: Quagsire|Toxic|p1a: Lurantis\n|-status|p1a: Lurantis|tox\n|\n|-heal|p2a: Quagsire|241/297|[from] item: Leftovers\n|-damage|p1a: Lurantis|248/264 tox|[from] psn\n|upkeep\n|turn|17\n|\n|t:|1733854877\n|move|p1a: Lurantis|Superpower|p2a: Quagsire\n|-resisted|p2a: Quagsire\n|-damage|p2a: Quagsire|189/297\n|-boost|p1a: Lurantis|atk|1\n|-boost|p1a: Lurantis|def|1\n|move|p2a: Quagsire|Spikes|p1a: Lurantis\n|-sidestart|p1: TheWWalloper|Spikes\n|\n|-heal|p1a: Lurantis|264/264 tox|[from] item: Leftovers\n|-heal|p2a: Quagsire|207/297|[from] item: Leftovers\n|-damage|p1a: Lurantis|232/264 tox|[from] psn\n|upkeep\n|turn|18\n|\n|t:|1733854883\n|move|p1a: Lurantis|Knock Off|p2a: Quagsire\n|-damage|p2a: Quagsire|123/297\n|-enditem|p2a: Quagsire|Leftovers|[from] move: Knock Off|[of] p1a: Lurantis\n|move|p2a: Quagsire|Spikes|p1a: Lurantis\n|-sidestart|p1: TheWWalloper|Spikes\n|\n|-heal|p1a: Lurantis|248/264 tox|[from] item: Leftovers\n|-damage|p1a: Lurantis|200/264 tox|[from] psn\n|upkeep\n|turn|19\n|\n|t:|1733854893\n|move|p1a: Lurantis|Superpower|p2a: Quagsire\n|-resisted|p2a: Quagsire\n|-crit|p2a: Quagsire\n|-damage|p2a: Quagsire|46/297\n|-boost|p1a: Lurantis|atk|1\n|-boost|p1a: Lurantis|def|1\n|move|p2a: Quagsire|Recover|p2a: Quagsire\n|-heal|p2a: Quagsire|195/297\n|\n|-heal|p1a: Lurantis|216/264 tox|[from] item: Leftovers\n|-damage|p1a: Lurantis|152/264 tox|[from] psn\n|upkeep\n|turn|20\n|\n|t:|1733854902\n|move|p1a: Lurantis|Leaf Storm|p2a: Quagsire\n|-resisted|p2a: Quagsire\n|-damage|p2a: Quagsire|120/297\n|-boost|p1a: Lurantis|spa|2\n|move|p2a: Quagsire|Recover|p2a: Quagsire\n|-heal|p2a: Quagsire|269/297\n|\n|-heal|p1a: Lurantis|168/264 tox|[from] item: Leftovers\n|-damage|p1a: Lurantis|88/264 tox|[from] psn\n|upkeep\n|turn|21\n|-message|TheWWalloper forfeited.\n|\n|win|dejdejdjede\n|raw|TheWWalloper's rating: 1156 &rarr; <strong>1134</strong><br />(-22 for losing)\n|raw|dejdejdjede's rating: 1196 &rarr; <strong>1218</strong><br />(+22 for winning)\n|l|\u2606TheWWalloper\n|player|p1|\n", "inputlog": ">version bfd83cad13791eb5a5a409923076391caf6fb4d4\n>start {\"formatid\":\"gen9randombattle\",\"seed\":[47588,48556,21651,32289],\"rated\":\"Rated battle\"}\n>player p1 {\"name\":\"TheWWalloper\",\"avatar\":\"fisherman-gen4\",\"rating\":1156,\"seed\":[39690,32876,14085,25113]}\n>player p2 {\"name\":\"dejdejdjede\",\"avatar\":\"2\",\"rating\":1196,\"seed\":[16020,18756,30244,25890]}\n>p1 move dragondance\n>p2 move closecombat\n>p1 move iciclespear\n>p2 move rapidspin\n>p1 move waterfall\n>p2 move rapidspin\n>p1 switch 5\n>p1 move machpunch\n>p2 move earthquake\n>p2 switch 6\n>p1 switch 6\n>p2 move earthquake\n>p1 move expandingforce\n>p2 switch 5\n>p1 switch 2\n>p2 move closecombat\n>p1 move closecombat\n>p2 switch 3\n>p1 move tripleaxel\n>p2 move supercellslam\n>p1 switch 2\n>p1 move expandingforce\n>p2 switch 2\n>p1 move expandingforce\n>p2 switch 3\n>p1 switch 4\n>p2 move uturn\n>p2 switch 2\n>p1 move fierywrath\n>p2 move supercellslam\n>p1 switch 4\n>p1 move hypervoice\n>p2 switch 3\n>p2 switch 2\n>p1 move hypervoice\n>p2 move uturn\n>p2 switch 5\n>p1 switch 3\n>p1 move leafstorm\n>p2 move toxic terastallize\n>p1 move superpower\n>p2 move spikes\n>p1 move knockoff\n>p2 move spikes\n>p1 move superpower\n>p2 move recover\n>p1 move leafstorm\n>p2 move recover\n>forcelose p1", "uploadtime": 1733854912, "views": 1, "formatid": "gen9randombattle", "rating": 1134, "private": 0, "password": null}