{"id": "gen9randombattle-2260572850", "format": "[Gen 9] Random Battle", "players": ["cripuru", "55zzz"], "log": "|j|\u2606cripuru\n|j|\u260655zzz\n|t:|1733864914\n|gametype|singles\n|player|p1|cripuru|clair|1238\n|player|p2|55zzz|170|1196\n|teamsize|p1|6\n|teamsize|p2|6\n|gen|9\n|tier|[Gen 9] Random Battle\n|rated|\n|rule|Species Clause: Limit one of each Pok\u00e9mon\n|rule|HP Percentage Mod: HP is shown in percentages\n|rule|Sleep Clause Mod: Limit one foe put to sleep\n|rule|Illusion Level Mod: Illusion disguises the Pok\u00e9mon's true level\n|\n|t:|1733864914\n|start\n|switch|p1a: Chien-Pao|Chien-Pao, L72|234/234\n|switch|p2a: Camerupt|Camerupt, L91, M|275/275\n|-ability|p1a: Chien-Pao|Sword of Ruin\n|turn|1\n|inactive|Battle timer is ON: inactive players will automatically lose when time's up. (requested by cripuru)\n|\n|t:|1733864933\n|switch|p1a: Hippowdon|Hippowdon, L82, F|311/311\n|-weather|Sandstorm|[from] ability: Sand Stream|[of] p1a: Hippowdon\n|-terastallize|p2a: Camerupt|Water\n|move|p2a: Camerupt|Earthquake|p1a: Hippowdon\n|-damage|p1a: Hippowdon|209/311\n|\n|-weather|Sandstorm|[upkeep]\n|-damage|p2a: Camerupt|258/275|[from] Sandstorm\n|-heal|p2a: Camerupt|275/275|[from] item: Leftovers\n|upkeep\n|turn|2\n|\n|t:|1733864944\n|move|p2a: Camerupt|Stealth Rock|p1a: Hippowdon\n|-sidestart|p1: cripuru|move: Stealth Rock\n|move|p1a: Hippowdon|Whirlwind|p2a: Camerupt\n|drag|p2a: Zarude|Zarude, L78|292/292\n|\n|-weather|Sandstorm|[upkeep]\n|-damage|p2a: Zarude|274/292|[from] Sandstorm\n|upkeep\n|turn|3\n|\n|t:|1733864954\n|move|p2a: Zarude|Power Whip|p1a: Hippowdon|[miss]\n|-miss|p2a: Zarude|p1a: Hippowdon\n|move|p1a: Hippowdon|Whirlwind|p2a: Zarude\n|drag|p2a: Camerupt|Camerupt, L91, M, tera:Water|275/275\n|\n|-weather|Sandstorm|[upkeep]\n|-damage|p2a: Camerupt|258/275|[from] Sandstorm\n|-heal|p2a: Camerupt|275/275|[from] item: Leftovers\n|upkeep\n|turn|4\n|\n|t:|1733864967\n|move|p2a: Camerupt|Overheat|p1a: Hippowdon\n|-damage|p1a: Hippowdon|20/311\n|-unboost|p2a: Camerupt|spa|2\n|move|p1a: Hippowdon|Earthquake|p2a: Camerupt\n|-damage|p2a: Camerupt|157/275\n|\n|-weather|Sandstorm|[upkeep]\n|-damage|p2a: Camerupt|140/275|[from] Sandstorm\n|-heal|p2a: Camerupt|157/275|[from] item: Leftovers\n|upkeep\n|turn|5\n|\n|t:|1733864980\n|move|p2a: Camerupt|Earthquake|p1a: Hippowdon\n|-damage|p1a: Hippowdon|0 fnt\n|faint|p1a: Hippowdon\n|\n|-weather|none\n|-heal|p2a: Camerupt|174/275|[from] item: Leftovers\n|upkeep\n|\n|t:|1733864985\n|switch|p1a: Sceptile|Sceptile, L87, M|264/264\n|-damage|p1a: Sceptile|231/264|[from] Stealth Rock\n|turn|6\n|\n|t:|1733865003\n|switch|p2a: Zarude|Zarude, L78|274/292\n|move|p1a: Sceptile|Giga Drain|p2a: Zarude\n|-resisted|p2a: Zarude\n|-damage|p2a: Zarude|212/292\n|-heal|p1a: Sceptile|262/264|[from] drain|[of] p2a: Zarude\n|-damage|p1a: Sceptile|236/264|[from] item: Life Orb\n|\n|upkeep\n|turn|7\n|\n|t:|1733865008\n|move|p1a: Sceptile|Focus Blast|p2a: Zarude\n|-supereffective|p2a: Zarude\n|-damage|p2a: Zarude|0 fnt\n|faint|p2a: Zarude\n|-damage|p1a: Sceptile|210/264|[from] item: Life Orb\n|\n|upkeep\n|\n|t:|1733865011\n|switch|p2a: Baxcalibur|Baxcalibur, L75, F|296/296\n|turn|8\n|\n|t:|1733865019\n|move|p1a: Sceptile|Focus Blast|p2a: Baxcalibur\n|-supereffective|p2a: Baxcalibur\n|-damage|p2a: Baxcalibur|26/296\n|-unboost|p2a: Baxcalibur|spd|1\n|-damage|p1a: Sceptile|184/264|[from] item: Life Orb\n|move|p2a: Baxcalibur|Icicle Crash|p1a: Sceptile\n|-supereffective|p1a: Sceptile\n|-damage|p1a: Sceptile|0 fnt\n|faint|p1a: Sceptile\n|\n|upkeep\n|\n|t:|1733865023\n|switch|p1a: Ambipom|Ambipom, L84, F|263/263\n|-damage|p1a: Ambipom|231/263|[from] Stealth Rock\n|turn|9\n|\n|t:|1733865029\n|move|p1a: Ambipom|Fake Out|p2a: Baxcalibur\n|-damage|p2a: Baxcalibur|0 fnt\n|faint|p2a: Baxcalibur\n|\n|upkeep\n|\n|t:|1733865034\n|switch|p2a: Basculegion|Basculegion-F, L83, F|335/335\n|turn|10\n|\n|t:|1733865042\n|move|p1a: Ambipom|Knock Off|p2a: Basculegion\n|-supereffective|p2a: Basculegion\n|-damage|p2a: Basculegion|163/335\n|-enditem|p2a: Basculegion|Assault Vest|[from] move: Knock Off|[of] p1a: Ambipom\n|move|p2a: Basculegion|Wave Crash|p1a: Ambipom\n|-damage|p1a: Ambipom|39/263\n|-damage|p2a: Basculegion|100/335|[from] Recoil\n|\n|upkeep\n|turn|11\n|\n|t:|1733865052\n|move|p1a: Ambipom|Knock Off|p2a: Basculegion\n|-supereffective|p2a: Basculegion\n|-damage|p2a: Basculegion|0 fnt\n|faint|p2a: Basculegion\n|\n|upkeep\n|\n|t:|1733865055\n|switch|p2a: Grafaiai|Grafaiai, L86, F|249/249\n|turn|12\n|\n|t:|1733865060\n|move|p1a: Ambipom|Double-Edge|p2a: Grafaiai\n|-damage|p2a: Grafaiai|53/249\n|-damage|p1a: Ambipom|0 fnt|[from] Recoil\n|faint|p1a: Ambipom\n|move|p2a: Grafaiai|Knock Off|p1: Ambipom|[notarget]\n|-fail|p2a: Grafaiai\n|\n|upkeep\n|\n|t:|1733865087\n|switch|p1a: Gothitelle|Gothitelle, L90, F|272/272\n|-damage|p1a: Gothitelle|238/272|[from] Stealth Rock\n|turn|13\n|\n|t:|1733865091\n|move|p2a: Grafaiai|Knock Off|p1a: Gothitelle\n|-supereffective|p1a: Gothitelle\n|-damage|p1a: Gothitelle|116/272\n|-enditem|p1a: Gothitelle|Leftovers|[from] move: Knock Off|[of] p2a: Grafaiai\n|move|p1a: Gothitelle|Psychic Noise|p2a: Grafaiai\n|-supereffective|p2a: Grafaiai\n|-damage|p2a: Grafaiai|0 fnt\n|faint|p2a: Grafaiai\n|\n|upkeep\n|\n|t:|1733865100\n|switch|p2a: Slowbro|Slowbro, L85, M|300/300\n|turn|14\n|\n|t:|1733865111\n|move|p1a: Gothitelle|Thunder Wave|p2a: Slowbro\n|-status|p2a: Slowbro|par\n|move|p2a: Slowbro|Scald|p1a: Gothitelle\n|-damage|p1a: Gothitelle|49/272\n|\n|upkeep\n|turn|15\n|\n|t:|1733865119\n|move|p1a: Gothitelle|Dark Pulse|p2a: Slowbro\n|-supereffective|p2a: Slowbro\n|-damage|p2a: Slowbro|170/300 par\n|move|p2a: Slowbro|Scald|p1a: Gothitelle\n|-damage|p1a: Gothitelle|0 fnt\n|faint|p1a: Gothitelle\n|\n|-heal|p2a: Slowbro|188/300 par|[from] item: Leftovers\n|upkeep\n|\n|t:|1733865124\n|switch|p1a: Slowking|Slowking-Galar, L85, M|300/300\n|-damage|p1a: Slowking|263/300|[from] Stealth Rock\n|turn|16\n|\n|t:|1733865135\n|move|p1a: Slowking|Sludge Bomb|p2a: Slowbro\n|-damage|p2a: Slowbro|68/300 par\n|move|p2a: Slowbro|Scald|p1a: Slowking\n|-damage|p1a: Slowking|188/300\n|\n|-heal|p1a: Slowking|206/300|[from] item: Leftovers\n|-heal|p2a: Slowbro|86/300 par|[from] item: Leftovers\n|upkeep\n|turn|17\n|\n|t:|1733865144\n|move|p1a: Slowking|Toxic Spikes|p2a: Slowbro\n|-sidestart|p2: 55zzz|move: Toxic Spikes\n|move|p2a: Slowbro|Slack Off|p2a: Slowbro\n|-heal|p2a: Slowbro|236/300 par\n|\n|-heal|p1a: Slowking|224/300|[from] item: Leftovers\n|-heal|p2a: Slowbro|254/300 par|[from] item: Leftovers\n|upkeep\n|turn|18\n|\n|t:|1733865157\n|move|p1a: Slowking|Toxic Spikes|p2a: Slowbro\n|-sidestart|p2: 55zzz|move: Toxic Spikes\n|move|p2a: Slowbro|Body Press|p1a: Slowking\n|-resisted|p1a: Slowking\n|-damage|p1a: Slowking|208/300\n|\n|-heal|p1a: Slowking|226/300|[from] item: Leftovers\n|-heal|p2a: Slowbro|272/300 par|[from] item: Leftovers\n|upkeep\n|turn|19\n|\n|t:|1733865164\n|move|p1a: Slowking|Sludge Bomb|p2a: Slowbro\n|-damage|p2a: Slowbro|149/300 par\n|move|p2a: Slowbro|Scald|p1a: Slowking\n|-damage|p1a: Slowking|150/300\n|\n|-heal|p1a: Slowking|168/300|[from] item: Leftovers\n|-heal|p2a: Slowbro|167/300 par|[from] item: Leftovers\n|upkeep\n|turn|20\n|\n|t:|1733865171\n|move|p1a: Slowking|Sludge Bomb|p2a: Slowbro\n|-damage|p2a: Slowbro|46/300 par\n|cant|p2a: Slowbro|par\n|\n|-heal|p1a: Slowking|186/300|[from] item: Leftovers\n|-heal|p2a: Slowbro|64/300 par|[from] item: Leftovers\n|upkeep\n|turn|21\n|\n|t:|1733865176\n|move|p1a: Slowking|Slack Off|p1a: Slowking\n|-heal|p1a: Slowking|300/300\n|move|p2a: Slowbro|Scald|p1a: Slowking\n|-damage|p1a: Slowking|230/300\n|-status|p1a: Slowking|brn\n|\n|-heal|p1a: Slowking|248/300 brn|[from] item: Leftovers\n|-heal|p2a: Slowbro|82/300 par|[from] item: Leftovers\n|-damage|p1a: Slowking|230/300 brn|[from] brn\n|upkeep\n|turn|22\n|\n|t:|1733865181\n|move|p1a: Slowking|Sludge Bomb|p2a: Slowbro\n|-damage|p2a: Slowbro|0 fnt\n|faint|p2a: Slowbro\n|\n|-heal|p1a: Slowking|248/300 brn|[from] item: Leftovers\n|-damage|p1a: Slowking|230/300 brn|[from] brn\n|upkeep\n|\n|t:|1733865183\n|switch|p2a: Camerupt|Camerupt, L91, M, tera:Water|174/275\n|-status|p2a: Camerupt|tox\n|turn|23\n|\n|t:|1733865192\n|move|p2a: Camerupt|Overheat|p1a: Slowking\n|-damage|p1a: Slowking|80/300 brn\n|-unboost|p2a: Camerupt|spa|2\n|move|p1a: Slowking|Slack Off|p1a: Slowking\n|-heal|p1a: Slowking|230/300 brn\n|\n|-heal|p2a: Camerupt|191/275 tox|[from] item: Leftovers\n|-heal|p1a: Slowking|248/300 brn|[from] item: Leftovers\n|-damage|p2a: Camerupt|174/275 tox|[from] psn\n|-damage|p1a: Slowking|230/300 brn|[from] brn\n|upkeep\n|turn|24\n|\n|t:|1733865198\n|move|p2a: Camerupt|Earthquake|p1a: Slowking\n|-supereffective|p1a: Slowking\n|-damage|p1a: Slowking|0 fnt\n|faint|p1a: Slowking\n|\n|-heal|p2a: Camerupt|191/275 tox|[from] item: Leftovers\n|-damage|p2a: Camerupt|157/275 tox|[from] psn\n|upkeep\n|\n|t:|1733865202\n|switch|p1a: Chien-Pao|Chien-Pao, L72|234/234\n|-damage|p1a: Chien-Pao|176/234|[from] Stealth Rock\n|-ability|p1a: Chien-Pao|Sword of Ruin\n|turn|25\n|\n|t:|1733865209\n|-terastallize|p1a: Chien-Pao|Fighting\n|move|p1a: Chien-Pao|Sacred Sword|p2a: Camerupt\n|-crit|p2a: Camerupt\n|-damage|p2a: Camerupt|0 fnt\n|faint|p2a: Camerupt\n|\n|win|cripuru\n|raw|cripuru's rating: 1238 &rarr; <strong>1260</strong><br />(+22 for winning)\n|raw|55zzz's rating: 1196 &rarr; <strong>1174</strong><br />(-22 for losing)\n|l|\u260655zzz\n|player|p2|\n|c|\u2606cripuru|gg\n", "inputlog": ">version bfd83cad13791eb5a5a409923076391caf6fb4d4\n>start {\"formatid\":\"gen9randombattle\",\"seed\":[24634,29010,8333,20549],\"rated\":\"Rated battle\"}\n>player p1 {\"name\":\"cripuru\",\"avatar\":\"clair\",\"rating\":1238,\"seed\":[12275,31398,44349,5321]}\n>player p2 {\"name\":\"55zzz\",\"avatar\":\"170\",\"rating\":1196,\"seed\":[10124,40155,58005,14393]}\n>p1 switch 3\n>p2 move earthquake terastallize\n>p1 move whirlwind\n>p2 move stealthrock\n>p1 move whirlwind\n>p2 move powerwhip\n>p1 move earthquake\n>p2 move overheat\n>p1 move slackoff\n>p2 move earthquake\n>p1 switch 2\n>p1 move gigadrain\n>p2 switch 2\n>p1 move focusblast\n>p2 move knockoff\n>p2 switch 3\n>p1 move focusblast\n>p2 move iciclecrash\n>p1 switch 4\n>p1 move fakeout\n>p2 move earthquake\n>p2 switch 4\n>p1 move knockoff\n>p2 move wavecrash\n>p1 move knockoff\n>p2 move shadowball\n>p2 switch 6\n>p1 move doubleedge\n>p2 move knockoff\n>p1 switch 6\n>p1 move psychicnoise\n>p2 move knockoff\n>p2 switch 5\n>p1 move thunderwave\n>p2 move scald\n>p1 move darkpulse\n>p2 move scald\n>p1 switch 5\n>p1 move sludgebomb\n>p2 move scald\n>p1 move toxicspikes\n>p2 move slackoff\n>p1 move toxicspikes\n>p2 move bodypress\n>p1 move sludgebomb\n>p2 move scald\n>p1 move sludgebomb\n>p2 move scald\n>p1 move slackoff\n>p2 move scald\n>p1 move sludgebomb\n>p2 move slackoff\n>p2 switch 2\n>p1 move slackoff\n>p2 move overheat\n>p1 move slackoff\n>p2 move earthquake\n>p1 switch 3\n>p1 move sacredsword terastallize\n>p2 move earthquake", "uploadtime": 1733865219, "views": 1, "formatid": "gen9randombattle", "rating": 1174, "private": 0, "password": null}