{"id": "gen9randombattle-2259980650", "format": "[Gen 9] Random Battle", "players": ["jontzun", "trying_toget_tough"], "log": "|j|\u2606jontzun\n|j|\u2606trying_toget_tough\n|t:|1733787043\n|gametype|singles\n|player|p1|jontzun|buck|1659\n|player|p2|trying_toget_tough|102|1703\n|teamsize|p1|6\n|teamsize|p2|6\n|gen|9\n|tier|[Gen 9] Random Battle\n|rated|\n|rule|Species Clause: Limit one of each Pok\u00e9mon\n|rule|HP Percentage Mod: HP is shown in percentages\n|rule|Sleep Clause Mod: Limit one foe put to sleep\n|rule|Illusion Level Mod: Illusion disguises the Pok\u00e9mon's true level\n|\n|t:|1733787043\n|start\n|switch|p1a: Mismagius|Mismagius, L86, F|243/243\n|switch|p2a: Incineroar|Incineroar, L82, F|290/290\n|-ability|p2a: Incineroar|Intimidate|boost\n|-unboost|p1a: Mismagius|atk|1\n|turn|1\n|\n|t:|1733787073\n|move|p1a: Mismagius|Substitute|p1a: Mismagius\n|-start|p1a: Mismagius|Substitute\n|-damage|p1a: Mismagius|183/243\n|move|p2a: Incineroar|Knock Off|p1a: Mismagius\n|-supereffective|p1a: Mismagius\n|-end|p1a: Mismagius|Substitute\n|\n|-heal|p1a: Mismagius|198/243|[from] item: Leftovers\n|upkeep\n|turn|2\n|\n|t:|1733787079\n|move|p1a: Mismagius|Substitute|p1a: Mismagius\n|-start|p1a: Mismagius|Substitute\n|-damage|p1a: Mismagius|138/243\n|move|p2a: Incineroar|Knock Off|p1a: Mismagius\n|-supereffective|p1a: Mismagius\n|-end|p1a: Mismagius|Substitute\n|\n|-heal|p1a: Mismagius|153/243|[from] item: Leftovers\n|upkeep\n|turn|3\n|inactive|Battle timer is ON: inactive players will automatically lose when time's up. (requested by trying_toget_tough)\n|\n|t:|1733787090\n|switch|p1a: Terrakion|Terrakion, L79|273/273\n|move|p2a: Incineroar|Knock Off|p1a: Terrakion\n|-resisted|p1a: Terrakion\n|-damage|p1a: Terrakion|211/273\n|-ability|p1a: Terrakion|Justified|boost\n|-boost|p1a: Terrakion|atk|1\n|-enditem|p1a: Terrakion|Life Orb|[from] move: Knock Off|[of] p2a: Incineroar\n|\n|upkeep\n|turn|4\n|\n|t:|1733787102\n|switch|p2a: Shaymin|Shaymin-Sky, L73|266/266\n|move|p1a: Terrakion|Swords Dance|p1a: Terrakion\n|-boost|p1a: Terrakion|atk|2\n|\n|upkeep\n|turn|5\n|\n|t:|1733787130\n|switch|p1a: Mismagius|Mismagius, L86, F|153/243\n|move|p2a: Shaymin|Seed Flare|p1a: Mismagius\n|-damage|p1a: Mismagius|62/243\n|-unboost|p1a: Mismagius|spd|2\n|\n|-heal|p1a: Mismagius|77/243|[from] item: Leftovers\n|upkeep\n|turn|6\n|\n|t:|1733787139\n|switch|p2a: Incineroar|Incineroar, L82, F|290/290\n|-ability|p2a: Incineroar|Intimidate|boost\n|-unboost|p1a: Mismagius|atk|1\n|move|p1a: Mismagius|Thunderbolt|p2a: Incineroar\n|-damage|p2a: Incineroar|222/290\n|\n|-heal|p1a: Mismagius|92/243|[from] item: Leftovers\n|upkeep\n|turn|7\n|\n|t:|1733787149\n|switch|p1a: Passimian|Passimian, L83, F|302/302\n|move|p2a: Incineroar|Close Combat|p1a: Passimian\n|-damage|p1a: Passimian|208/302\n|-unboost|p2a: Incineroar|def|1\n|-unboost|p2a: Incineroar|spd|1\n|\n|upkeep\n|turn|8\n|\n|t:|1733787156\n|switch|p2a: Shaymin|Shaymin-Sky, L73|266/266\n|move|p1a: Passimian|Rock Slide|p2a: Shaymin\n|-supereffective|p2a: Shaymin\n|-crit|p2a: Shaymin\n|-damage|p2a: Shaymin|0 fnt\n|faint|p2a: Shaymin\n|\n|upkeep\n|c|\u2606trying_toget_tough|ofc\n|\n|t:|1733787172\n|switch|p2a: Golduck|Golduck, L90, F|290/290\n|-ability|p2a: Golduck|Cloud Nine\n|turn|9\n|\n|t:|1733787189\n|switch|p1a: Meganium|Meganium, L90, M|290/290\n|move|p2a: Golduck|Hydro Pump|p1a: Meganium\n|-resisted|p1a: Meganium\n|-crit|p1a: Meganium\n|-damage|p1a: Meganium|181/290\n|-damage|p2a: Golduck|261/290|[from] item: Life Orb\n|\n|-heal|p1a: Meganium|199/290|[from] item: Leftovers\n|upkeep\n|turn|10\n|\n|t:|1733787195\n|switch|p2a: Incineroar|Incineroar, L82, F|222/290\n|-ability|p2a: Incineroar|Intimidate|boost\n|-unboost|p1a: Meganium|atk|1\n|move|p1a: Meganium|Synthesis|p1a: Meganium\n|-heal|p1a: Meganium|290/290\n|\n|upkeep\n|turn|11\n|\n|t:|1733787204\n|switch|p1a: Samurott|Samurott, L88, F|310/310\n|move|p2a: Incineroar|Flare Blitz|p1a: Samurott\n|-resisted|p1a: Samurott\n|-crit|p1a: Samurott\n|-damage|p1a: Samurott|206/310\n|-damage|p2a: Incineroar|188/290|[from] Recoil\n|\n|upkeep\n|turn|12\n|\n|t:|1733787214\n|switch|p2a: Zarude|Zarude-Dada, L78|292/292\n|switch|p1a: Terrakion|Terrakion, L79|211/273\n|\n|upkeep\n|turn|13\n|\n|t:|1733787243\n|move|p1a: Terrakion|Close Combat|p2a: Zarude\n|-supereffective|p2a: Zarude\n|-damage|p2a: Zarude|32/292\n|-unboost|p1a: Terrakion|def|1\n|-unboost|p1a: Terrakion|spd|1\n|move|p2a: Zarude|Power Whip|p1a: Terrakion\n|-supereffective|p1a: Terrakion\n|-damage|p1a: Terrakion|0 fnt\n|faint|p1a: Terrakion\n|\n|-heal|p2a: Zarude|50/292|[from] item: Leftovers\n|upkeep\n|\n|t:|1733787253\n|switch|p1a: Ribombee|Ribombee, L82, F|233/233\n|turn|14\n|inactive|trying_toget_tough has 120 seconds left.\n|\n|t:|1733787278\n|move|p1a: Ribombee|Quiver Dance|p1a: Ribombee\n|-boost|p1a: Ribombee|spa|1\n|-boost|p1a: Ribombee|spd|1\n|-boost|p1a: Ribombee|spe|1\n|move|p2a: Zarude|Knock Off|p1a: Ribombee\n|-resisted|p1a: Ribombee\n|-damage|p1a: Ribombee|165/233\n|-enditem|p1a: Ribombee|Heavy-Duty Boots|[from] move: Knock Off|[of] p2a: Zarude\n|\n|-heal|p2a: Zarude|68/292|[from] item: Leftovers\n|upkeep\n|turn|15\n|inactive|trying_toget_tough has 120 seconds left.\n|\n|t:|1733787290\n|switch|p2a: Golduck|Golduck, L90, F|261/290\n|-ability|p2a: Golduck|Cloud Nine\n|move|p1a: Ribombee|Quiver Dance|p1a: Ribombee\n|-boost|p1a: Ribombee|spa|1\n|-boost|p1a: Ribombee|spd|1\n|-boost|p1a: Ribombee|spe|1\n|\n|upkeep\n|turn|16\n|inactive|trying_toget_tough has 120 seconds left.\n|\n|t:|1733787296\n|move|p1a: Ribombee|Moonblast|p2a: Golduck\n|-damage|p2a: Golduck|74/290\n|move|p2a: Golduck|Hydro Pump|p1a: Ribombee\n|-damage|p1a: Ribombee|62/233\n|-damage|p2a: Golduck|45/290|[from] item: Life Orb\n|\n|upkeep\n|turn|17\n|\n|t:|1733787300\n|move|p1a: Ribombee|Moonblast|p2a: Golduck\n|-damage|p2a: Golduck|0 fnt\n|faint|p2a: Golduck\n|\n|upkeep\n|inactive|trying_toget_tough has 120 seconds left.\n|\n|t:|1733787334\n|switch|p2a: Incineroar|Incineroar, L82, F|188/290\n|-ability|p2a: Incineroar|Intimidate|boost\n|-unboost|p1a: Ribombee|atk|1\n|turn|18\n|\n|t:|1733787343\n|move|p1a: Ribombee|Moonblast|p2a: Incineroar\n|-crit|p2a: Incineroar\n|-damage|p2a: Incineroar|0 fnt\n|faint|p2a: Incineroar\n|\n|upkeep\n|\n|t:|1733787346\n|switch|p2a: Gengar|Gengar, L81, F|230/230\n|turn|19\n|\n|t:|1733787353\n|-terastallize|p1a: Ribombee|Ground\n|move|p1a: Ribombee|Tera Blast|p2a: Gengar|[anim] Tera Blast Ground\n|-supereffective|p2a: Gengar\n|-damage|p2a: Gengar|0 fnt\n|faint|p2a: Gengar\n|\n|upkeep\n|inactive|trying_toget_tough has 120 seconds left.\n|c|\u2606trying_toget_tough|gg\n|\n|t:|1733787367\n|switch|p2a: Zarude|Zarude-Dada, L78|68/292\n|turn|20\n|\n|t:|1733787371\n|move|p1a: Ribombee|Moonblast|p2a: Zarude\n|-supereffective|p2a: Zarude\n|-damage|p2a: Zarude|0 fnt\n|faint|p2a: Zarude\n|\n|upkeep\n|\n|t:|1733787373\n|switch|p2a: Duraludon|Duraludon, L82, M|249/249\n|turn|21\n|\n|t:|1733787378\n|move|p1a: Ribombee|Tera Blast|p2a: Duraludon|[anim] Tera Blast Ground\n|-supereffective|p2a: Duraludon\n|-damage|p2a: Duraludon|0 fnt\n|faint|p2a: Duraludon\n|\n|win|jontzun\n|raw|jontzun's rating: 1659 &rarr; <strong>1682</strong><br />(+23 for winning)\n|raw|trying_toget_tough's rating: 1703 &rarr; <strong>1680</strong><br />(-23 for losing)\n", "inputlog": ">version bfd83cad13791eb5a5a409923076391caf6fb4d4\n>start {\"formatid\":\"gen9randombattle\",\"seed\":[13707,30516,59903,35657],\"rated\":\"Rated battle\"}\n>player p1 {\"name\":\"jontzun\",\"avatar\":\"buck\",\"rating\":1659,\"seed\":[14371,32814,52582,19955]}\n>player p2 {\"name\":\"trying_toget_tough\",\"avatar\":\"102\",\"rating\":1703,\"seed\":[7848,58919,4671,22614]}\n>p1 move substitute\n>p2 move knockoff\n>p1 move substitute\n>p2 move knockoff\n>p1 switch 5\n>p2 move knockoff\n>p1 move swordsdance\n>p2 switch 4\n>p1 switch 5\n>p2 move seedflare\n>p1 move thunderbolt\n>p2 switch 4\n>p1 switch 3\n>p2 move closecombat\n>p1 move rockslide\n>p2 switch 4\n>chat \u2606trying_toget_tough|ofc\n>p2 switch 5\n>p1 switch 2\n>p2 move hydropump\n>p1 move synthesis\n>p2 switch 4\n>p1 switch 6\n>p2 move flareblitz\n>p1 switch 5\n>p2 switch 3\n>p1 move closecombat\n>p2 move powerwhip\n>p1 switch 4\n>p1 move quiverdance\n>p2 move knockoff\n>p1 move quiverdance\n>p2 switch 4\n>p1 move moonblast\n>p2 move hydropump\n>p1 move moonblast\n>p2 move hydropump\n>p2 switch 3\n>p1 move moonblast\n>p2 move flareblitz\n>p2 switch 6\n>p1 move terablast terastallize\n>p2 move sludgewave\n>chat \u2606trying_toget_tough|gg\n>p2 switch 4\n>p1 move moonblast\n>p2 move synthesis\n>p2 switch 2\n>p1 move terablast\n>p2 move dracometeor", "uploadtime": 1733787381, "views": 1, "formatid": "gen9randombattle", "rating": 1680, "private": 0, "password": null}