{"id": "gen9randombattle-2260498991", "format": "[Gen 9] Random Battle", "players": ["BigBossJnack", "madbattlechamp"], "log": "|j|\u2606BigBossJnack\n|j|\u2606madbattlechamp\n|t:|1733857479\n|gametype|singles\n|player|p1|BigBossJnack|169|1978\n|player|p2|madbattlechamp|266|1941\n|teamsize|p1|6\n|teamsize|p2|6\n|gen|9\n|tier|[Gen 9] Random Battle\n|rated|\n|rule|Species Clause: Limit one of each Pok\u00e9mon\n|rule|HP Percentage Mod: HP is shown in percentages\n|rule|Sleep Clause Mod: Limit one foe put to sleep\n|rule|Illusion Level Mod: Illusion disguises the Pok\u00e9mon's true level\n|\n|t:|1733857479\n|start\n|switch|p1a: Serperior|Serperior, L79, M|248/248\n|switch|p2a: Jolteon|Jolteon, L84, F|246/246\n|turn|1\n|\n|t:|1733857492\n|switch|p2a: Blissey|Blissey, L84, F|566/566\n|move|p1a: Serperior|Leaf Storm|p2a: Blissey\n|-damage|p2a: Blissey|469/566\n|-boost|p1a: Serperior|spa|2\n|-damage|p1a: Serperior|224/248|[from] item: Life Orb\n|\n|-heal|p2a: Blissey|504/566|[from] item: Leftovers\n|upkeep\n|turn|2\n|\n|t:|1733857500\n|switch|p1a: Mimikyu|Mimikyu, L79, F|216/216\n|move|p2a: Blissey|Seismic Toss|p1a: Mimikyu\n|-immune|p1a: Mimikyu\n|\n|-heal|p2a: Blissey|539/566|[from] item: Leftovers\n|upkeep\n|turn|3\n|\n|t:|1733857517\n|switch|p2a: Sceptile|Sceptile, L87, F|264/264\n|move|p1a: Mimikyu|Swords Dance|p1a: Mimikyu\n|-boost|p1a: Mimikyu|atk|2\n|\n|upkeep\n|turn|4\n|\n|t:|1733857522\n|move|p2a: Sceptile|Rock Slide|p1a: Mimikyu\n|-activate|p1a: Mimikyu|ability: Disguise\n|-damage|p1a: Mimikyu|216/216\n|detailschange|p1a: Mimikyu|Mimikyu-Busted, L79, F\n|-damage|p1a: Mimikyu|189/216|[from] pokemon: Mimikyu-Busted\n|-damage|p2a: Sceptile|238/264|[from] item: Life Orb\n|move|p1a: Mimikyu|Play Rough|p2a: Sceptile\n|-damage|p2a: Sceptile|0 fnt\n|faint|p2a: Sceptile\n|-damage|p1a: Mimikyu|168/216|[from] item: Life Orb\n|\n|upkeep\n|\n|t:|1733857540\n|switch|p2a: Slaking|Slaking, L84, M|389/389\n|turn|5\n|\n|t:|1733857546\n|move|p2a: Slaking|Knock Off|p1a: Mimikyu\n|-damage|p1a: Mimikyu|6/216\n|-enditem|p1a: Mimikyu|Life Orb|[from] move: Knock Off|[of] p2a: Slaking\n|move|p1a: Mimikyu|Play Rough|p2a: Slaking\n|-damage|p2a: Slaking|232/389\n|-unboost|p2a: Slaking|atk|1\n|\n|upkeep\n|turn|6\n|\n|t:|1733857554\n|switch|p2a: Polteageist|Polteageist-Antique, L79|224/224\n|move|p1a: Mimikyu|Play Rough|p2a: Polteageist\n|-damage|p2a: Polteageist|0 fnt\n|faint|p2a: Polteageist\n|\n|upkeep\n|\n|t:|1733857557\n|switch|p2a: Jolteon|Jolteon, L84, F|246/246\n|turn|7\n|\n|t:|1733857560\n|move|p1a: Mimikyu|Shadow Sneak|p2a: Jolteon\n|-damage|p2a: Jolteon|161/246\n|move|p2a: Jolteon|Thunderbolt|p1a: Mimikyu\n|-damage|p1a: Mimikyu|0 fnt\n|faint|p1a: Mimikyu\n|\n|-heal|p2a: Jolteon|176/246|[from] item: Leftovers\n|upkeep\n|\n|t:|1733857564\n|switch|p1a: Sandaconda|Sandaconda, L84, F|258/258\n|turn|8\n|\n|t:|1733857584\n|-terastallize|p2a: Jolteon|Ice\n|move|p2a: Jolteon|Tera Blast|p1a: Sandaconda|[anim] Tera Blast Ice\n|-supereffective|p1a: Sandaconda\n|-damage|p1a: Sandaconda|34/258\n|move|p1a: Sandaconda|Coil|p1a: Sandaconda\n|-boost|p1a: Sandaconda|atk|1\n|-boost|p1a: Sandaconda|def|1\n|-boost|p1a: Sandaconda|accuracy|1\n|\n|-heal|p2a: Jolteon|191/246|[from] item: Leftovers\n|-heal|p1a: Sandaconda|50/258|[from] item: Leftovers\n|upkeep\n|turn|9\n|\n|t:|1733857593\n|move|p2a: Jolteon|Tera Blast|p1a: Sandaconda|[anim] Tera Blast Ice\n|-supereffective|p1a: Sandaconda\n|-damage|p1a: Sandaconda|0 fnt\n|faint|p1a: Sandaconda\n|\n|-heal|p2a: Jolteon|206/246|[from] item: Leftovers\n|upkeep\n|\n|t:|1733857597\n|switch|p1a: Mienshao|Mienshao, L83, F|244/244\n|turn|10\n|\n|t:|1733857611\n|switch|p2a: Arceus|Arceus-Electric, L70|284/284\n|move|p1a: Mienshao|Fake Out|p2a: Arceus\n|-damage|p2a: Arceus|248/284\n|\n|upkeep\n|turn|11\n|\n|t:|1733857620\n|switch|p1a: Serperior|Serperior, L79, M|224/248\n|move|p2a: Arceus|Judgment|p1a: Serperior\n|-resisted|p1a: Serperior\n|-damage|p1a: Serperior|169/248\n|\n|upkeep\n|turn|12\n|\n|t:|1733857624\n|move|p1a: Serperior|Leaf Storm|p2a: Arceus\n|-damage|p2a: Arceus|126/284\n|-boost|p1a: Serperior|spa|2\n|-damage|p1a: Serperior|145/248|[from] item: Life Orb\n|move|p2a: Arceus|Ice Beam|p1a: Serperior\n|-supereffective|p1a: Serperior\n|-damage|p1a: Serperior|41/248\n|\n|upkeep\n|turn|13\n|\n|t:|1733857628\n|move|p1a: Serperior|Leaf Storm|p2a: Arceus\n|-damage|p2a: Arceus|0 fnt\n|-boost|p1a: Serperior|spa|2\n|faint|p2a: Arceus\n|-damage|p1a: Serperior|17/248|[from] item: Life Orb\n|\n|upkeep\n|\n|t:|1733857630\n|switch|p2a: Slaking|Slaking, L84, M|232/389\n|turn|14\n|\n|t:|1733857637\n|switch|p2a: Blissey|Blissey, L84, F|539/566\n|move|p1a: Serperior|Leaf Storm|p2a: Blissey\n|-damage|p2a: Blissey|284/566\n|-boost|p1a: Serperior|spa|2\n|-damage|p1a: Serperior|0 fnt|[from] item: Life Orb\n|faint|p1a: Serperior\n|\n|-heal|p2a: Blissey|319/566|[from] item: Leftovers\n|upkeep\n|\n|t:|1733857643\n|switch|p1a: Skarmory|Skarmory, L80, M|235/235\n|turn|15\n|\n|t:|1733857659\n|move|p1a: Skarmory|Body Press|p2a: Blissey\n|-supereffective|p2a: Blissey\n|-damage|p2a: Blissey|0 fnt\n|faint|p2a: Blissey\n|\n|upkeep\n|\n|t:|1733857663\n|switch|p2a: Jolteon|Jolteon, L84, F, tera:Ice|206/246\n|turn|16\n|\n|t:|1733857679\n|-terastallize|p1a: Skarmory|Dragon\n|move|p2a: Jolteon|Thunderbolt|p1a: Skarmory\n|-resisted|p1a: Skarmory\n|-damage|p1a: Skarmory|170/235\n|-status|p1a: Skarmory|par\n|move|p1a: Skarmory|Body Press|p2a: Jolteon\n|-supereffective|p2a: Jolteon\n|-damage|p2a: Jolteon|20/246\n|\n|-heal|p2a: Jolteon|35/246|[from] item: Leftovers\n|upkeep\n|turn|17\n|\n|t:|1733857690\n|move|p2a: Jolteon|Tera Blast|p1a: Skarmory|[anim] Tera Blast Ice\n|-supereffective|p1a: Skarmory\n|-damage|p1a: Skarmory|0 fnt\n|faint|p1a: Skarmory\n|\n|-heal|p2a: Jolteon|50/246|[from] item: Leftovers\n|upkeep\n|\n|t:|1733857691\n|switch|p1a: Mienshao|Mienshao, L83, F|244/244\n|turn|18\n|\n|t:|1733857697\n|move|p2a: Jolteon|Thunderbolt|p1a: Mienshao\n|-damage|p1a: Mienshao|151/244\n|move|p1a: Mienshao|Knock Off|p2a: Jolteon\n|-damage|p2a: Jolteon|0 fnt\n|-enditem|p2a: Jolteon|Leftovers|[from] move: Knock Off|[of] p1a: Mienshao\n|faint|p2a: Jolteon\n|\n|upkeep\n|\n|t:|1733857702\n|switch|p2a: Slaking|Slaking, L84, M|232/389\n|turn|19\n|\n|t:|1733857705\n|switch|p1a: Cyclizar|Cyclizar, L83, F|252/252\n|move|p2a: Slaking|Giga Impact|p1a: Cyclizar\n|-crit|p1a: Cyclizar\n|-damage|p1a: Cyclizar|0 fnt\n|-mustrecharge|p2a: Slaking\n|faint|p1a: Cyclizar\n|\n|upkeep\n|\n|t:|1733857707\n|switch|p1a: Mienshao|Mienshao, L83, F|232/244\n|turn|20\n|\n|t:|1733857710\n|move|p1a: Mienshao|Close Combat|p2a: Slaking\n|-supereffective|p2a: Slaking\n|-damage|p2a: Slaking|0 fnt\n|-unboost|p1a: Mienshao|def|1\n|-unboost|p1a: Mienshao|spd|1\n|faint|p2a: Slaking\n|\n|win|BigBossJnack\n|raw|BigBossJnack's rating: 1978 &rarr; <strong>1996</strong><br />(+18 for winning)\n|raw|madbattlechamp's rating: 1941 &rarr; <strong>1923</strong><br />(-18 for losing)\n|l|\u2606madbattlechamp\n|player|p2|\n", "inputlog": ">version bfd83cad13791eb5a5a409923076391caf6fb4d4\n>start {\"formatid\":\"gen9randombattle\",\"seed\":[17127,57690,9080,57714],\"rated\":\"Rated battle\"}\n>player p1 {\"name\":\"BigBossJnack\",\"avatar\":\"169\",\"rating\":1978,\"seed\":[52822,43371,14266,40102]}\n>player p2 {\"name\":\"madbattlechamp\",\"avatar\":\"266\",\"rating\":1941,\"seed\":[6005,53147,44121,17153]}\n>p1 move leafstorm\n>p2 switch 4\n>p1 switch 6\n>p2 move seismictoss\n>p1 move swordsdance\n>p2 switch 2\n>p1 move playrough\n>p2 move rockslide\n>p2 switch 3\n>p1 move playrough\n>p2 move knockoff\n>p1 move playrough\n>p2 switch 5\n>p2 switch 4\n>p1 move shadowsneak\n>p2 move thunderbolt\n>p1 switch 2\n>p1 move coil\n>p2 move terablast terastallize\n>p1 move earthquake\n>p2 move terablast\n>p1 switch 3\n>p1 move fakeout\n>p2 switch 6\n>p1 switch 6\n>p2 move judgment\n>p1 move leafstorm\n>p2 move icebeam\n>p1 move leafstorm\n>p2 move icebeam\n>p2 switch 5\n>p1 move leafstorm\n>p2 switch 2\n>p1 switch 4\n>p1 move bodypress\n>p2 move thunderwave\n>p2 switch 6\n>p1 move bodypress terastallize\n>p2 move thunderbolt\n>p1 move bodypress\n>p2 move terablast\n>p1 switch 6\n>p1 move knockoff\n>p2 move thunderbolt\n>p2 switch 2\n>p1 switch 5\n>p2 move gigaimpact\n>p1 switch 5\n>p1 move closecombat\n>p2 move recharge", "uploadtime": 1733857720, "views": 1, "formatid": "gen9randombattle", "rating": 1923, "private": 0, "password": null}