{"id": "gen9randombattle-2260778597", "format": "[Gen 9] Random Battle", "players": ["magemanne", "Surfninja02"], "log": "|j|\u2606magemanne\n|j|\u2606Surfninja02\n|t:|1733890698\n|gametype|singles\n|player|p1|magemanne|1|1449\n|player|p2|Surfninja02|lusamine-nihilego|1495\n|teamsize|p1|6\n|teamsize|p2|6\n|gen|9\n|tier|[Gen 9] Random Battle\n|rated|\n|rule|Species Clause: Limit one of each Pok\u00e9mon\n|rule|HP Percentage Mod: HP is shown in percentages\n|rule|Sleep Clause Mod: Limit one foe put to sleep\n|rule|Illusion Level Mod: Illusion disguises the Pok\u00e9mon's true level\n|\n|t:|1733890698\n|start\n|switch|p1a: Maushold|Maushold, L76|238/238\n|switch|p2a: Salamence|Salamence, L77, M|273/273\n|turn|1\n|inactive|Battle timer is ON: inactive players will automatically lose when time's up. (requested by Surfninja02)\n|\n|t:|1733890722\n|switch|p2a: Rhydon|Rhydon, L85, F|317/317\n|move|p1a: Maushold|Tidy Up|p1a: Maushold\n|-boost|p1a: Maushold|atk|1\n|-boost|p1a: Maushold|spe|1\n|\n|upkeep\n|turn|2\n|\n|t:|1733890735\n|move|p1a: Maushold|Population Bomb|p2a: Rhydon\n|-resisted|p2a: Rhydon\n|-damage|p2a: Rhydon|308/317\n|-resisted|p2a: Rhydon\n|-damage|p2a: Rhydon|299/317\n|-resisted|p2a: Rhydon\n|-damage|p2a: Rhydon|290/317\n|-resisted|p2a: Rhydon\n|-damage|p2a: Rhydon|281/317\n|-resisted|p2a: Rhydon\n|-damage|p2a: Rhydon|272/317\n|-resisted|p2a: Rhydon\n|-damage|p2a: Rhydon|263/317\n|-resisted|p2a: Rhydon\n|-damage|p2a: Rhydon|255/317\n|-resisted|p2a: Rhydon\n|-damage|p2a: Rhydon|246/317\n|-resisted|p2a: Rhydon\n|-damage|p2a: Rhydon|237/317\n|-resisted|p2a: Rhydon\n|-damage|p2a: Rhydon|228/317\n|-hitcount|p2a: Rhydon|10\n|move|p2a: Rhydon|Earthquake|p1a: Maushold\n|-damage|p1a: Maushold|51/238\n|\n|upkeep\n|turn|3\n|c|\u2606Surfninja02|nice one\n|\n|t:|1733890766\n|switch|p1a: Mismagius|Mismagius, L86, F|243/243\n|move|p2a: Rhydon|Stone Edge|p1a: Mismagius\n|-damage|p1a: Mismagius|78/243\n|\n|upkeep\n|turn|4\n|c|\u2606Surfninja02|nice one\n|\n|t:|1733890782\n|move|p1a: Mismagius|Trick|p2a: Rhydon\n|-activate|p1a: Mismagius|move: Trick|[of] p2a: Rhydon\n|-item|p2a: Rhydon|Choice Specs|[from] move: Trick\n|-item|p1a: Mismagius|Eviolite|[from] move: Trick\n|move|p2a: Rhydon|Stealth Rock|p1a: Mismagius\n|-sidestart|p1: magemanne|move: Stealth Rock\n|\n|upkeep\n|turn|5\n|\n|t:|1733890794\n|switch|p2a: Greedent|Greedent, L86, F|347/347\n|move|p1a: Mismagius|Shadow Ball|p2a: Greedent\n|-immune|p2a: Greedent\n|\n|upkeep\n|turn|6\n|c|\u2606Surfninja02|nice one\n|\n|t:|1733890800\n|move|p1a: Mismagius|Mystical Fire|p2a: Greedent\n|-damage|p2a: Greedent|286/347\n|-unboost|p2a: Greedent|spa|1\n|move|p2a: Greedent|Knock Off|p1a: Mismagius\n|-supereffective|p1a: Mismagius\n|-damage|p1a: Mismagius|0 fnt\n|-enditem|p1a: Mismagius|Eviolite|[from] move: Knock Off|[of] p2a: Greedent\n|faint|p1a: Mismagius\n|\n|upkeep\n|c|\u2606Surfninja02|nice one\n|\n|t:|1733890807\n|switch|p1a: Maushold|Maushold, L76|51/238\n|-damage|p1a: Maushold|22/238|[from] Stealth Rock\n|turn|7\n|\n|t:|1733890819\n|move|p1a: Maushold|Population Bomb|p2a: Greedent\n|-damage|p2a: Greedent|264/347\n|-damage|p2a: Greedent|245/347\n|-damage|p2a: Greedent|224/347\n|-damage|p2a: Greedent|200/347\n|-damage|p2a: Greedent|179/347\n|-damage|p2a: Greedent|157/347\n|-enditem|p2a: Greedent|Sitrus Berry|[eat]\n|-heal|p2a: Greedent|243/347|[from] item: Sitrus Berry\n|-heal|p2a: Greedent|347/347|[from] ability: Cheek Pouch\n|-damage|p2a: Greedent|325/347\n|-damage|p2a: Greedent|304/347\n|-damage|p2a: Greedent|285/347\n|-damage|p2a: Greedent|263/347\n|-hitcount|p2a: Greedent|10\n|move|p2a: Greedent|Knock Off|p1a: Maushold\n|-damage|p1a: Maushold|0 fnt\n|-enditem|p1a: Maushold|Wide Lens|[from] move: Knock Off|[of] p2a: Greedent\n|faint|p1a: Maushold\n|\n|upkeep\n|c|\u2606Surfninja02|nice one\n|\n|t:|1733890830\n|switch|p1a: Flapple|Flapple, L88, M|266/266\n|-damage|p1a: Flapple|233/266|[from] Stealth Rock\n|turn|8\n|inactive|Surfninja02 has 120 seconds left.\n|\n|t:|1733890863\n|move|p1a: Flapple|Grav Apple|p2a: Greedent\n|-damage|p2a: Greedent|61/347\n|-unboost|p2a: Greedent|def|1\n|move|p2a: Greedent|Double-Edge|p1a: Flapple\n|-damage|p1a: Flapple|100/266\n|-damage|p2a: Greedent|17/347|[from] Recoil\n|\n|upkeep\n|turn|9\n|\n|t:|1733890869\n|move|p1a: Flapple|Grav Apple|p2a: Greedent\n|-damage|p2a: Greedent|0 fnt\n|faint|p2a: Greedent\n|\n|upkeep\n|inactive|Surfninja02 has 120 seconds left.\n|\n|t:|1733890880\n|switch|p2a: Salamence|Salamence, L77, M|273/273\n|turn|10\n|\n|t:|1733890886\n|move|p2a: Salamence|Dual Wingbeat|p1a: Flapple\n|-supereffective|p1a: Flapple\n|-damage|p1a: Flapple|10/266\n|-supereffective|p1a: Flapple\n|-damage|p1a: Flapple|0 fnt\n|faint|p1a: Flapple\n|-ability|p2a: Salamence|Moxie|boost\n|-boost|p2a: Salamence|atk|1\n|-hitcount|p1: Flapple|2\n|\n|upkeep\n|c|\u2606Surfninja02|nice one\n|\n|t:|1733890891\n|switch|p1a: Lanturn|Lanturn, L89, F|367/367\n|turn|11\n|\n|t:|1733890898\n|move|p2a: Salamence|Dragon Dance|p2a: Salamence\n|-boost|p2a: Salamence|atk|1\n|-boost|p2a: Salamence|spe|1\n|move|p1a: Lanturn|Thunderbolt|p2a: Salamence\n|-damage|p2a: Salamence|177/273\n|\n|upkeep\n|turn|12\n|\n|t:|1733890907\n|move|p2a: Salamence|Dragon Dance|p2a: Salamence\n|-boost|p2a: Salamence|atk|1\n|-boost|p2a: Salamence|spe|1\n|move|p1a: Lanturn|Thunderbolt|p2a: Salamence\n|-damage|p2a: Salamence|68/273\n|\n|upkeep\n|turn|13\n|\n|t:|1733890916\n|move|p2a: Salamence|Earthquake|p1a: Lanturn\n|-supereffective|p1a: Lanturn\n|-damage|p1a: Lanturn|0 fnt\n|faint|p1a: Lanturn\n|-ability|p2a: Salamence|Moxie|boost\n|-boost|p2a: Salamence|atk|1\n|\n|upkeep\n|c|\u2606Surfninja02|nice one\n|\n|t:|1733890929\n|switch|p1a: Keldeo|Keldeo-Resolute, L79|273/273\n|-damage|p1a: Keldeo|256/273|[from] Stealth Rock\n|turn|14\n|\n|t:|1733890942\n|-terastallize|p1a: Keldeo|Steel\n|move|p2a: Salamence|Outrage|p1a: Keldeo\n|-resisted|p1a: Keldeo\n|-damage|p1a: Keldeo|52/273\n|move|p1a: Keldeo|Hydro Pump|p2a: Salamence\n|-resisted|p2a: Salamence\n|-damage|p2a: Salamence|0 fnt\n|faint|p2a: Salamence\n|\n|-heal|p1a: Keldeo|69/273|[from] item: Leftovers\n|upkeep\n|c|\u2606Surfninja02|nice read\n|\n|t:|1733890955\n|switch|p2a: Gyarados|Gyarados, L79, F|280/280\n|turn|15\n|\n|t:|1733890961\n|move|p1a: Keldeo|Hydro Pump|p2a: Gyarados\n|-resisted|p2a: Gyarados\n|-damage|p2a: Gyarados|215/280\n|move|p2a: Gyarados|Dragon Dance|p2a: Gyarados\n|-boost|p2a: Gyarados|atk|1\n|-boost|p2a: Gyarados|spe|1\n|\n|-heal|p1a: Keldeo|86/273|[from] item: Leftovers\n|upkeep\n|turn|16\n|c|\u2606Surfninja02|nice one\n|\n|t:|1733890967\n|move|p2a: Gyarados|Dragon Dance|p2a: Gyarados\n|-boost|p2a: Gyarados|atk|1\n|-boost|p2a: Gyarados|spe|1\n|move|p1a: Keldeo|Secret Sword|p2a: Gyarados\n|-resisted|p2a: Gyarados\n|-damage|p2a: Gyarados|152/280\n|\n|-heal|p1a: Keldeo|103/273|[from] item: Leftovers\n|upkeep\n|turn|17\n|c|\u2606Surfninja02|nice one\n|\n|t:|1733890976\n|move|p2a: Gyarados|Waterfall|p1a: Keldeo\n|-damage|p1a: Keldeo|0 fnt\n|faint|p1a: Keldeo\n|-ability|p2a: Gyarados|Moxie|boost\n|-boost|p2a: Gyarados|atk|1\n|\n|upkeep\n|c|\u2606Surfninja02|nice one\n|\n|t:|1733890979\n|switch|p1a: Typhlosion|Typhlosion, L84, F|267/267\n|-damage|p1a: Typhlosion|201/267|[from] Stealth Rock\n|turn|18\n|c|\u2606Surfninja02|gg\n|\n|t:|1733890985\n|-terastallize|p2a: Gyarados|Ground\n|move|p2a: Gyarados|Earthquake|p1a: Typhlosion\n|-supereffective|p1a: Typhlosion\n|-damage|p1a: Typhlosion|0 fnt\n|faint|p1a: Typhlosion\n|\n|win|Surfninja02\n|raw|magemanne's rating: 1449 &rarr; <strong>1432</strong><br />(-17 for losing)\n|raw|Surfninja02's rating: 1495 &rarr; <strong>1512</strong><br />(+17 for winning)\n|l|\u2606magemanne\n|player|p1|\n|c|\u2606Surfninja02|nice one\n|l|\u2606Surfninja02\n|player|p2|\n|j|\u2606Surfninja02\n|player|p2|Surfninja02|lusamine-nihilego|\n", "inputlog": ">version bfd83cad13791eb5a5a409923076391caf6fb4d4\n>start {\"formatid\":\"gen9randombattle\",\"seed\":[22167,29642,55380,41463],\"rated\":\"Rated battle\"}\n>player p1 {\"name\":\"magemanne\",\"avatar\":\"1\",\"rating\":1449,\"seed\":[55687,20975,38239,8354]}\n>player p2 {\"name\":\"Surfninja02\",\"avatar\":\"lusamine-nihilego\",\"rating\":1495,\"seed\":[45656,34731,44528,50588]}\n>p1 move tidyup\n>p2 switch 2\n>p1 move populationbomb\n>p2 move earthquake\n>chat \u2606Surfninja02|nice one\n>p1 switch 4\n>p2 move stoneedge\n>chat \u2606Surfninja02|nice one\n>p1 move trick\n>p2 move stealthrock\n>p1 move shadowball\n>p2 switch 5\n>chat \u2606Surfninja02|nice one\n>p1 move mysticalfire\n>p2 move knockoff\n>chat \u2606Surfninja02|nice one\n>p1 switch 4\n>p1 move populationbomb\n>p2 move knockoff\n>chat \u2606Surfninja02|nice one\n>p1 switch 6\n>p1 move gravapple\n>p2 move doubleedge\n>p1 move gravapple\n>p2 move doubleedge\n>p2 switch 2\n>p1 move gravapple\n>p2 move dualwingbeat\n>chat \u2606Surfninja02|nice one\n>p1 switch 5\n>p1 move thunderbolt\n>p2 move dragondance\n>p1 move thunderbolt\n>p2 move dragondance\n>p1 move thunderbolt\n>p2 move earthquake\n>chat \u2606Surfninja02|nice one\n>p1 switch 2\n>p1 move hydropump terastallize\n>p2 move outrage\n>chat \u2606Surfninja02|nice read\n>p2 switch 3\n>p1 move hydropump\n>p2 move dragondance\n>chat \u2606Surfninja02|nice one\n>p1 move secretsword\n>p2 move dragondance\n>chat \u2606Surfninja02|nice one\n>p1 move secretsword\n>p2 move waterfall\n>chat \u2606Surfninja02|nice one\n>p1 switch 3\n>chat \u2606Surfninja02|gg\n>p1 move fireblast\n>p2 move earthquake terastallize", "uploadtime": 1733891008, "views": 14, "formatid": "gen9randombattle", "rating": 1432, "private": 0, "password": null}