{"id": "gen9randombattle-2259943914", "format": "[Gen 9] Random Battle", "players": ["Emilpup", "mralexthunder"], "log": "|j|\u2606Emilpup\n|j|\u2606mralexthunder\n|t:|1733782656\n|gametype|singles\n|player|p1|Emilpup|leon-tower|1472\n|player|p2|mralexthunder|170|1483\n|teamsize|p1|6\n|teamsize|p2|6\n|gen|9\n|tier|[Gen 9] Random Battle\n|rated|\n|rule|Species Clause: Limit one of each Pok\u00e9mon\n|rule|HP Percentage Mod: HP is shown in percentages\n|rule|Sleep Clause Mod: Limit one foe put to sleep\n|rule|Illusion Level Mod: Illusion disguises the Pok\u00e9mon's true level\n|\n|t:|1733782656\n|start\n|switch|p1a: Spidops|Spidops, L96, F|271/271\n|switch|p2a: Alcremie|Alcremie, L90, F|263/263\n|turn|1\n|inactive|Battle timer is ON: inactive players will automatically lose when time's up. (requested by Emilpup)\n|\n|t:|1733782666\n|switch|p2a: Groudon|Groudon, L72|263/263\n|-weather|SunnyDay|[from] ability: Drought|[of] p2a: Groudon\n|move|p1a: Spidops|Sticky Web|p2a: Groudon\n|-sidestart|p2: mralexthunder|move: Sticky Web\n|\n|-weather|SunnyDay|[upkeep]\n|upkeep\n|turn|2\n|\n|t:|1733782679\n|move|p2a: Groudon|Heat Crash|p1a: Spidops\n|-supereffective|p1a: Spidops\n|-damage|p1a: Spidops|61/271\n|move|p1a: Spidops|Knock Off|p2a: Groudon\n|-damage|p2a: Groudon|202/263\n|-enditem|p2a: Groudon|Leftovers|[from] move: Knock Off|[of] p1a: Spidops\n|\n|-weather|SunnyDay|[upkeep]\n|upkeep\n|turn|3\n|\n|t:|1733782694\n|move|p2a: Groudon|Swords Dance|p2a: Groudon\n|-boost|p2a: Groudon|atk|2\n|move|p1a: Spidops|Circle Throw|p2a: Groudon\n|-damage|p2a: Groudon|162/263\n|drag|p2a: Landorus|Landorus, L75, M|257/257\n|\n|-weather|SunnyDay|[upkeep]\n|upkeep\n|turn|4\n|\n|t:|1733782700\n|switch|p1a: Clefable|Clefable, L83, M|293/293\n|move|p2a: Landorus|Psychic|p1a: Clefable\n|-damage|p1a: Clefable|196/293\n|\n|-weather|SunnyDay|[upkeep]\n|upkeep\n|turn|5\n|\n|t:|1733782714\n|switch|p2a: Blissey|Blissey, L84, F|566/566\n|-activate|p2a: Blissey|move: Sticky Web\n|-unboost|p2a: Blissey|spe|1\n|move|p1a: Clefable|Fire Blast|p2a: Blissey\n|-damage|p2a: Blissey|469/566\n|\n|-weather|none\n|-heal|p2a: Blissey|504/566|[from] item: Leftovers\n|upkeep\n|turn|6\n|\n|t:|1733782722\n|switch|p1a: Spidops|Spidops, L96, F|61/271\n|move|p2a: Blissey|Thunder Wave|p1a: Spidops\n|-status|p1a: Spidops|par\n|\n|-heal|p2a: Blissey|539/566|[from] item: Leftovers\n|upkeep\n|turn|7\n|\n|t:|1733782731\n|move|p2a: Blissey|Seismic Toss|p1a: Spidops\n|-damage|p1a: Spidops|0 fnt\n|faint|p1a: Spidops\n|\n|-heal|p2a: Blissey|566/566|[from] item: Leftovers\n|upkeep\n|\n|t:|1733782741\n|switch|p1a: Talonflame|Talonflame, L83, M|265/265\n|turn|8\n|inactive|mralexthunder has 120 seconds left.\n|\n|t:|1733782792\n|move|p1a: Talonflame|U-turn|p2a: Blissey\n|-crit|p2a: Blissey\n|-damage|p2a: Blissey|369/566\n|\n|t:|1733782803\n|switch|p1a: Clefable|Clefable, L83, M|196/293|[from] U-turn\n|move|p2a: Blissey|Thunder Wave|p1a: Clefable\n|-status|p1a: Clefable|par\n|\n|-heal|p2a: Blissey|404/566|[from] item: Leftovers\n|upkeep\n|turn|9\n|\n|t:|1733782808\n|move|p2a: Blissey|Seismic Toss|p1a: Clefable\n|-damage|p1a: Clefable|112/293 par\n|move|p1a: Clefable|Moonlight|p1a: Clefable\n|-heal|p1a: Clefable|258/293 par\n|\n|-heal|p2a: Blissey|439/566|[from] item: Leftovers\n|upkeep\n|turn|10\n|inactive|mralexthunder has 90 seconds left.\n|inactive|mralexthunder has 60 seconds left.\n|inactive|mralexthunder has 30 seconds left.\n|\n|t:|1733782900\n|move|p2a: Blissey|Seismic Toss|p1a: Clefable\n|-damage|p1a: Clefable|174/293 par\n|move|p1a: Clefable|Moonblast|p2a: Blissey\n|-damage|p2a: Blissey|344/566\n|\n|-heal|p2a: Blissey|379/566|[from] item: Leftovers\n|upkeep\n|turn|11\n|\n|t:|1733782906\n|move|p2a: Blissey|Seismic Toss|p1a: Clefable\n|-damage|p1a: Clefable|90/293 par\n|move|p1a: Clefable|Moonlight|p1a: Clefable\n|-heal|p1a: Clefable|236/293 par\n|\n|-heal|p2a: Blissey|414/566|[from] item: Leftovers\n|upkeep\n|turn|12\n|\n|t:|1733782911\n|move|p2a: Blissey|Seismic Toss|p1a: Clefable\n|-damage|p1a: Clefable|152/293 par\n|cant|p1a: Clefable|par\n|\n|-heal|p2a: Blissey|449/566|[from] item: Leftovers\n|upkeep\n|turn|13\n|\n|t:|1733782915\n|move|p2a: Blissey|Seismic Toss|p1a: Clefable\n|-damage|p1a: Clefable|68/293 par\n|cant|p1a: Clefable|par\n|\n|-heal|p2a: Blissey|484/566|[from] item: Leftovers\n|upkeep\n|turn|14\n|\n|t:|1733782919\n|switch|p1a: Lunala|Lunala, L70|308/308\n|move|p2a: Blissey|Seismic Toss|p1a: Lunala\n|-immune|p1a: Lunala\n|\n|-heal|p2a: Blissey|519/566|[from] item: Leftovers\n|upkeep\n|turn|15\n|\n|t:|1733782923\n|switch|p1a: Clefable|Clefable, L83, M|68/293 par\n|move|p2a: Blissey|Thunder Wave|p1a: Clefable\n|-fail|p1a: Clefable|par\n|\n|-heal|p2a: Blissey|554/566|[from] item: Leftovers\n|upkeep\n|turn|16\n|\n|t:|1733782927\n|move|p2a: Blissey|Seismic Toss|p1a: Clefable\n|-damage|p1a: Clefable|0 fnt\n|faint|p1a: Clefable\n|\n|-heal|p2a: Blissey|566/566|[from] item: Leftovers\n|upkeep\n|\n|t:|1733782934\n|switch|p1a: Veluza|Veluza, L85, M|292/292\n|turn|17\n|inactive|mralexthunder has 90 seconds left.\n|inactive|mralexthunder has 60 seconds left.\n|\n|t:|1733782980\n|move|p1a: Veluza|Fillet Away|p1a: Veluza\n|-boost|p1a: Veluza|atk|2\n|-boost|p1a: Veluza|spa|2\n|-boost|p1a: Veluza|spe|2\n|-damage|p1a: Veluza|146/292\n|-enditem|p1a: Veluza|Sitrus Berry|[eat]\n|-heal|p1a: Veluza|219/292|[from] item: Sitrus Berry\n|move|p2a: Blissey|Thunder Wave|p1a: Veluza\n|-status|p1a: Veluza|par\n|\n|upkeep\n|turn|18\n|inactive|mralexthunder has 60 seconds left.\n|\n|t:|1733783004\n|switch|p2a: Koraidon|Koraidon, L64|235/235\n|-activate|p2a: Koraidon|move: Sticky Web\n|-unboost|p2a: Koraidon|spe|1\n|-weather|SunnyDay|[from] ability: Orichalcum Pulse|[of] p2a: Koraidon\n|-activate|p2a: Koraidon|Orichalcum Pulse|[source]\n|move|p1a: Veluza|Psycho Cut|p2a: Koraidon\n|-supereffective|p2a: Koraidon\n|-damage|p2a: Koraidon|0 fnt\n|faint|p2a: Koraidon\n|\n|-weather|SunnyDay|[upkeep]\n|upkeep\n|\n|t:|1733783019\n|switch|p2a: Landorus|Landorus, L75, M|257/257\n|turn|19\n|c|\u2606Emilpup|your team is insane\n|\n|t:|1733783027\n|move|p2a: Landorus|Earth Power|p1a: Veluza\n|-damage|p1a: Veluza|47/292 par\n|move|p1a: Veluza|Psycho Cut|p2a: Landorus\n|-damage|p2a: Landorus|0 fnt\n|faint|p2a: Landorus\n|\n|-weather|SunnyDay|[upkeep]\n|upkeep\n|inactive|mralexthunder has 30 seconds left.\n|inactive|mralexthunder has 20 seconds left.\n|inactive|mralexthunder has 15 seconds left.\n|inactive|mralexthunder has 10 seconds left.\n|\n|t:|1733783075\n|switch|p2a: Groudon|Groudon, L72|162/263\n|-activate|p2a: Groudon|move: Sticky Web\n|-unboost|p2a: Groudon|spe|1\n|turn|20\n|inactive|mralexthunder has 20 seconds left this turn.\n|\n|t:|1733783095\n|-terastallize|p1a: Veluza|Water\n|move|p1a: Veluza|Aqua Cutter|p2a: Groudon\n|-supereffective|p2a: Groudon\n|-crit|p2a: Groudon\n|-damage|p2a: Groudon|0 fnt\n|faint|p2a: Groudon\n|\n|-weather|SunnyDay|[upkeep]\n|upkeep\n|inactive|mralexthunder has 25 seconds left this turn.\n|inactive|mralexthunder has 20 seconds left.\n|inactive|mralexthunder has 15 seconds left.\n|\n|t:|1733783105\n|switch|p2a: Cobalion|Cobalion, L80|277/277\n|-activate|p2a: Cobalion|move: Sticky Web\n|-unboost|p2a: Cobalion|spe|1\n|turn|21\n|inactive|mralexthunder has 25 seconds left this turn.\n|inactive|mralexthunder has 20 seconds left.\n|\n|t:|1733783111\n|move|p2a: Cobalion|Vacuum Wave|p1a: Veluza\n|-damage|p1a: Veluza|1/292 par\n|move|p1a: Veluza|Aqua Cutter|p2a: Cobalion\n|-damage|p2a: Cobalion|145/277\n|\n|-weather|SunnyDay|[upkeep]\n|-heal|p2a: Cobalion|162/277|[from] item: Leftovers\n|upkeep\n|turn|22\n|inactive|mralexthunder has 30 seconds left this turn.\n|\n|t:|1733783115\n|move|p2a: Cobalion|Vacuum Wave|p1a: Veluza\n|-damage|p1a: Veluza|0 fnt\n|faint|p1a: Veluza\n|\n|-weather|none\n|-heal|p2a: Cobalion|179/277|[from] item: Leftovers\n|upkeep\n|\n|t:|1733783122\n|switch|p1a: Talonflame|Talonflame, L83, M|265/265\n|turn|23\n|inactive|mralexthunder has 30 seconds left.\n|inactive|mralexthunder has 20 seconds left.\n|inactive|mralexthunder has 15 seconds left.\n|inactive|mralexthunder has 10 seconds left.\n|inactive|mralexthunder has 5 seconds left.\n|\n|t:|1733783166\n|move|p1a: Talonflame|Overheat|p2a: Cobalion\n|-supereffective|p2a: Cobalion\n|-damage|p2a: Cobalion|0 fnt\n|-unboost|p1a: Talonflame|spa|2\n|faint|p2a: Cobalion\n|\n|upkeep\n|inactive|mralexthunder has 10 seconds left this turn.\n|\n|t:|1733783170\n|switch|p2a: Alcremie|Alcremie, L90, F|263/263\n|-activate|p2a: Alcremie|move: Sticky Web\n|-unboost|p2a: Alcremie|spe|1\n|turn|24\n|inactive|mralexthunder has 20 seconds left this turn.\n|\n|t:|1733783175\n|move|p1a: Talonflame|Brave Bird|p2a: Alcremie\n|-damage|p2a: Alcremie|149/263\n|-damage|p1a: Talonflame|227/265|[from] Recoil\n|move|p2a: Alcremie|Psychic|p1a: Talonflame\n|-damage|p1a: Talonflame|124/265\n|\n|-heal|p2a: Alcremie|165/263|[from] item: Leftovers\n|upkeep\n|turn|25\n|inactive|mralexthunder has 30 seconds left this turn.\n|\n|t:|1733783178\n|move|p1a: Talonflame|Brave Bird|p2a: Alcremie\n|-damage|p2a: Alcremie|56/263\n|-damage|p1a: Talonflame|88/265|[from] Recoil\n|move|p2a: Alcremie|Recover|p2a: Alcremie\n|-heal|p2a: Alcremie|188/263\n|\n|-heal|p2a: Alcremie|204/263|[from] item: Leftovers\n|upkeep\n|turn|26\n|\n|t:|1733783181\n|move|p1a: Talonflame|Roost|p1a: Talonflame\n|-heal|p1a: Talonflame|221/265\n|-singleturn|p1a: Talonflame|move: Roost\n|move|p2a: Alcremie|Recover|p2a: Alcremie\n|-heal|p2a: Alcremie|263/263\n|\n|upkeep\n|turn|27\n|\n|t:|1733783186\n|move|p1a: Talonflame|Brave Bird|p2a: Alcremie\n|-damage|p2a: Alcremie|143/263\n|-damage|p1a: Talonflame|181/265|[from] Recoil\n|move|p2a: Alcremie|Psychic|p1a: Talonflame\n|-damage|p1a: Talonflame|83/265\n|\n|-heal|p2a: Alcremie|159/263|[from] item: Leftovers\n|upkeep\n|turn|28\n|\n|t:|1733783190\n|move|p1a: Talonflame|Roost|p1a: Talonflame\n|-heal|p1a: Talonflame|216/265\n|-singleturn|p1a: Talonflame|move: Roost\n|move|p2a: Alcremie|Psychic|p1a: Talonflame\n|-damage|p1a: Talonflame|123/265\n|\n|-heal|p2a: Alcremie|175/263|[from] item: Leftovers\n|upkeep\n|turn|29\n|\n|t:|1733783193\n|move|p1a: Talonflame|Roost|p1a: Talonflame\n|-heal|p1a: Talonflame|256/265\n|-singleturn|p1a: Talonflame|move: Roost\n|move|p2a: Alcremie|Psychic|p1a: Talonflame\n|-damage|p1a: Talonflame|159/265\n|\n|-heal|p2a: Alcremie|191/263|[from] item: Leftovers\n|upkeep\n|turn|30\n|\n|t:|1733783195\n|move|p1a: Talonflame|Brave Bird|p2a: Alcremie\n|-damage|p2a: Alcremie|77/263\n|-damage|p1a: Talonflame|121/265|[from] Recoil\n|move|p2a: Alcremie|Psychic|p1a: Talonflame\n|-damage|p1a: Talonflame|22/265\n|-unboost|p1a: Talonflame|spd|1\n|\n|-heal|p2a: Alcremie|93/263|[from] item: Leftovers\n|upkeep\n|turn|31\n|\n|t:|1733783198\n|move|p1a: Talonflame|Brave Bird|p2a: Alcremie\n|-damage|p2a: Alcremie|0 fnt\n|faint|p2a: Alcremie\n|-damage|p1a: Talonflame|0 fnt|[from] Recoil\n|faint|p1a: Talonflame\n|\n|upkeep\n|\n|t:|1733783206\n|switch|p1a: Lunala|Lunala, L70|308/308\n|switch|p2a: Blissey|Blissey, L84, F|566/566\n|-activate|p2a: Blissey|move: Sticky Web\n|-unboost|p2a: Blissey|spe|1\n|turn|32\n|\n|t:|1733783209\n|move|p1a: Lunala|Calm Mind|p1a: Lunala\n|-boost|p1a: Lunala|spa|1\n|-boost|p1a: Lunala|spd|1\n|move|p2a: Blissey|Thunder Wave|p1a: Lunala\n|-status|p1a: Lunala|par\n|\n|upkeep\n|turn|33\n|-message|mralexthunder forfeited.\n|\n|win|Emilpup\n|raw|Emilpup's rating: 1472 &rarr; <strong>1493</strong><br />(+21 for winning)\n|raw|mralexthunder's rating: 1483 &rarr; <strong>1462</strong><br />(-21 for losing)\n|l|\u2606mralexthunder\n|player|p2|\n", "inputlog": ">version bfd83cad13791eb5a5a409923076391caf6fb4d4\n>start {\"formatid\":\"gen9randombattle\",\"seed\":[37850,29295,52884,16927],\"rated\":\"Rated battle\"}\n>player p1 {\"name\":\"Emilpup\",\"avatar\":\"leon-tower\",\"rating\":1472,\"seed\":[40314,58484,7656,55441]}\n>player p2 {\"name\":\"mralexthunder\",\"avatar\":\"170\",\"rating\":1483,\"seed\":[28312,43271,64306,60286]}\n>p1 move stickyweb\n>p2 switch 2\n>p1 move knockoff\n>p2 move heatcrash\n>p1 move circlethrow\n>p2 move swordsdance\n>p1 switch 2\n>p2 move psychic\n>p1 move fireblast\n>p2 switch 4\n>p1 switch 2\n>p2 move thunderwave\n>p1 move knockoff\n>p2 move seismictoss\n>p1 switch 6\n>p1 move uturn\n>p2 move thunderwave\n>p1 switch 2\n>p1 move moonlight\n>p2 move seismictoss\n>p1 move moonblast\n>p2 move seismictoss\n>p1 move moonlight\n>p2 move seismictoss\n>p1 move calmmind\n>p2 move seismictoss\n>p1 move moonlight\n>p2 move seismictoss\n>p1 switch 3\n>p2 move seismictoss\n>p1 switch 3\n>p2 move thunderwave\n>p1 move moonlight\n>p2 move seismictoss\n>p1 switch 4\n>p1 move filletaway\n>p2 move thunderwave\n>p1 move psychocut\n>p2 switch 3\n>p2 switch 4\n>chat \u2606Emilpup|your team is insane\n>p1 move psychocut\n>p2 move earthpower\n>p2 switch 6\n>p1 move aquacutter terastallize\n>p2 move heatcrash\n>p2 switch 5\n>p1 move aquacutter\n>p2 move vacuumwave\n>p1 move aquacutter\n>p2 move vacuumwave\n>p1 switch 2\n>p1 move overheat\n>p2 move flashcannon\n>p2 switch 2\n>p1 move bravebird\n>p2 move psychic\n>p1 move bravebird\n>p2 move recover\n>p1 move roost\n>p2 move recover\n>p1 move bravebird\n>p2 move psychic\n>p1 move roost\n>p2 move psychic\n>p1 move roost\n>p2 move psychic\n>p1 move bravebird\n>p2 move psychic\n>p1 move bravebird\n>p2 move recover\n>p1 switch 3\n>p2 switch 3\n>p1 move calmmind\n>p2 move thunderwave\n>forcelose p2", "uploadtime": 1733783219, "views": 13, "formatid": "gen9randombattle", "rating": 1462, "private": 0, "password": null}