{"id": "gen9randombattle-2260463212", "format": "[Gen 9] Random Battle", "players": ["iamsparta", "World Carver"], "log": "|j|\u2606iamsparta\n|j|\u2606World Carver\n|t:|1733854053\n|gametype|singles\n|player|p1|iamsparta|skier|1534\n|player|p2|World Carver|psychicf-gen3rs|1516\n|teamsize|p1|6\n|teamsize|p2|6\n|gen|9\n|tier|[Gen 9] Random Battle\n|rated|\n|rule|Species Clause: Limit one of each Pok\u00e9mon\n|rule|HP Percentage Mod: HP is shown in percentages\n|rule|Sleep Clause Mod: Limit one foe put to sleep\n|rule|Illusion Level Mod: Illusion disguises the Pok\u00e9mon's true level\n|\n|t:|1733854053\n|start\n|switch|p1a: Noctowl|Noctowl, L95, F|344/344\n|switch|p2a: Regigigas|Regigigas, L84|322/322\n|-start|p2a: Regigigas|ability: Slow Start\n|turn|1\n|inactive|Battle timer is ON: inactive players will automatically lose when time's up. (requested by iamsparta)\n|inactive|iamsparta has 120 seconds left.\n|inactive|World Carver has 120 seconds left.\n|\n|t:|1733854110\n|switch|p1a: Spiritomb|Spiritomb, L89, M|234/234\n|-end|p2a: Regigigas|Slow Start|[silent]\n|switch|p2a: Goodra|Goodra, L85, F|292/292\n|\n|upkeep\n|turn|2\n|\n|t:|1733854130\n|move|p1a: Spiritomb|Will-O-Wisp|p2a: Goodra\n|-status|p2a: Goodra|brn\n|move|p2a: Goodra|Dragon Tail|p1a: Spiritomb\n|-damage|p1a: Spiritomb|209/234\n|drag|p1a: Golurk|Golurk, L87|297/297\n|\n|-damage|p2a: Goodra|274/292 brn|[from] brn\n|upkeep\n|turn|3\n|\n|t:|1733854143\n|switch|p2a: Regigigas|Regigigas, L84|322/322\n|-start|p2a: Regigigas|ability: Slow Start\n|move|p1a: Golurk|Poltergeist|p2a: Regigigas\n|-immune|p2a: Regigigas\n|\n|upkeep\n|turn|4\n|\n|t:|1733854151\n|switch|p1a: Spiritomb|Spiritomb, L89, M|209/234\n|move|p2a: Regigigas|Substitute|p2a: Regigigas\n|-start|p2a: Regigigas|Substitute\n|-damage|p2a: Regigigas|242/322\n|\n|-heal|p1a: Spiritomb|223/234|[from] item: Leftovers\n|-heal|p2a: Regigigas|262/322|[from] item: Leftovers\n|upkeep\n|turn|5\n|\n|t:|1733854160\n|move|p2a: Regigigas|Protect|p2a: Regigigas\n|-singleturn|p2a: Regigigas|Protect\n|move|p1a: Spiritomb|Foul Play|p2a: Regigigas\n|-activate|p2a: Regigigas|move: Protect\n|\n|-heal|p1a: Spiritomb|234/234|[from] item: Leftovers\n|-heal|p2a: Regigigas|282/322|[from] item: Leftovers\n|upkeep\n|turn|6\n|\n|t:|1733854165\n|move|p1a: Spiritomb|Foul Play|p2a: Regigigas\n|-damage|p2a: Regigigas|153/322\n|move|p2a: Regigigas|Knock Off|p1a: Spiritomb\n|-damage|p1a: Spiritomb|189/234\n|-enditem|p1a: Spiritomb|Leftovers|[from] move: Knock Off|[of] p2a: Regigigas\n|\n|-heal|p2a: Regigigas|173/322|[from] item: Leftovers\n|upkeep\n|turn|7\n|\n|t:|1733854172\n|move|p2a: Regigigas|Protect|p2a: Regigigas\n|-singleturn|p2a: Regigigas|Protect\n|move|p1a: Spiritomb|Foul Play|p2a: Regigigas\n|-activate|p2a: Regigigas|move: Protect\n|\n|-heal|p2a: Regigigas|193/322|[from] item: Leftovers\n|upkeep\n|turn|8\n|\n|t:|1733854180\n|-end|p2a: Regigigas|Slow Start|[silent]\n|switch|p2a: Grimmsnarl|Grimmsnarl, L83, M|293/293\n|move|p1a: Spiritomb|Foul Play|p2a: Grimmsnarl\n|-resisted|p2a: Grimmsnarl\n|-damage|p2a: Grimmsnarl|252/293\n|\n|-heal|p2a: Grimmsnarl|270/293|[from] item: Leftovers\n|upkeep\n|turn|9\n|\n|t:|1733854192\n|move|p2a: Grimmsnarl|Spirit Break|p1a: Spiritomb\n|-supereffective|p1a: Spiritomb\n|-damage|p1a: Spiritomb|31/234\n|-unboost|p1a: Spiritomb|spa|1\n|move|p1a: Spiritomb|Will-O-Wisp|p2a: Grimmsnarl\n|-status|p2a: Grimmsnarl|brn\n|\n|-heal|p2a: Grimmsnarl|288/293 brn|[from] item: Leftovers\n|-damage|p2a: Grimmsnarl|270/293 brn|[from] brn\n|upkeep\n|turn|10\n|\n|t:|1733854204\n|move|p2a: Grimmsnarl|Spirit Break|p1a: Spiritomb\n|-supereffective|p1a: Spiritomb\n|-damage|p1a: Spiritomb|0 fnt\n|faint|p1a: Spiritomb\n|\n|-heal|p2a: Grimmsnarl|288/293 brn|[from] item: Leftovers\n|-damage|p2a: Grimmsnarl|270/293 brn|[from] brn\n|upkeep\n|inactive|iamsparta has 120 seconds left.\n|\n|t:|1733854255\n|switch|p1a: Persian|Persian, L92, M|269/269\n|turn|11\n|\n|t:|1733854264\n|move|p2a: Grimmsnarl|Parting Shot|p1a: Persian\n|-unboost|p1a: Persian|atk|1\n|-unboost|p1a: Persian|spa|1\n|\n|t:|1733854271\n|switch|p2a: Bastiodon|Bastiodon, L89, F|252/252|[from] Parting Shot\n|move|p1a: Persian|Gunk Shot|p2a: Bastiodon\n|-immune|p2a: Bastiodon\n|\n|upkeep\n|turn|12\n|\n|t:|1733854280\n|switch|p1a: Golurk|Golurk, L87|297/297\n|move|p2a: Bastiodon|Iron Defense|p2a: Bastiodon\n|-boost|p2a: Bastiodon|def|2\n|\n|upkeep\n|turn|13\n|\n|t:|1733854298\n|-terastallize|p2a: Bastiodon|Fighting\n|move|p1a: Golurk|Dynamic Punch|p2a: Bastiodon\n|-damage|p2a: Bastiodon|211/252\n|-start|p2a: Bastiodon|confusion\n|-activate|p2a: Bastiodon|confusion\n|-damage|p2a: Bastiodon|206/252|[from] confusion\n|\n|upkeep\n|turn|14\n|\n|t:|1733854315\n|switch|p1a: Uxie|Uxie, L83|260/260\n|switch|p2a: Regieleki|Regieleki, L79|256/256\n|\n|upkeep\n|turn|15\n|\n|t:|1733854327\n|switch|p1a: Golurk|Golurk, L87|297/297\n|move|p2a: Regieleki|Volt Switch|p1a: Golurk\n|-immune|p1a: Golurk\n|\n|upkeep\n|turn|16\n|\n|t:|1733854340\n|switch|p2a: Bastiodon|Bastiodon, L89, F, tera:Fighting|206/252\n|move|p1a: Golurk|Dynamic Punch|p2a: Bastiodon\n|-damage|p2a: Bastiodon|128/252\n|-start|p2a: Bastiodon|confusion\n|\n|upkeep\n|turn|17\n|\n|t:|1733854345\n|move|p1a: Golurk|Dynamic Punch|p2a: Bastiodon\n|-damage|p2a: Bastiodon|56/252\n|-activate|p2a: Bastiodon|confusion\n|move|p2a: Bastiodon|Rest|p2a: Bastiodon\n|-status|p2a: Bastiodon|slp|[from] move: Rest\n|-heal|p2a: Bastiodon|252/252 slp|[silent]\n|-enditem|p2a: Bastiodon|Chesto Berry|[eat]\n|-curestatus|p2a: Bastiodon|slp|[msg]\n|\n|upkeep\n|turn|18\n|\n|t:|1733854354\n|move|p1a: Golurk|Dynamic Punch|p2a: Bastiodon\n|-damage|p2a: Bastiodon|170/252\n|-activate|p2a: Bastiodon|confusion\n|move|p2a: Bastiodon|Iron Defense|p2a: Bastiodon\n|-boost|p2a: Bastiodon|def|2\n|\n|upkeep\n|turn|19\n|inactive|iamsparta has 120 seconds left.\n|\n|t:|1733854361\n|move|p1a: Golurk|Dynamic Punch|p2a: Bastiodon\n|-damage|p2a: Bastiodon|132/252\n|-activate|p2a: Bastiodon|confusion\n|-damage|p2a: Bastiodon|127/252|[from] confusion\n|\n|upkeep\n|turn|20\n|inactive|iamsparta has 120 seconds left.\n|\n|t:|1733854375\n|switch|p1a: Noctowl|Noctowl, L95, F|344/344\n|-activate|p2a: Bastiodon|confusion\n|move|p2a: Bastiodon|Body Press|p1a: Noctowl\n|-damage|p1a: Noctowl|0 fnt\n|faint|p1a: Noctowl\n|\n|upkeep\n|inactive|iamsparta has 120 seconds left.\n|\n|t:|1733854382\n|switch|p1a: Uxie|Uxie, L83|260/260\n|turn|21\n|\n|t:|1733854392\n|switch|p2a: Goodra|Goodra, L85, F|274/292 brn\n|move|p1a: Uxie|Stealth Rock|p2a: Goodra\n|-sidestart|p2: World Carver|move: Stealth Rock\n|\n|-damage|p2a: Goodra|256/292 brn|[from] brn\n|upkeep\n|turn|22\n|\n|t:|1733854399\n|move|p1a: Uxie|U-turn|p2a: Goodra\n|-damage|p2a: Goodra|210/292 brn\n|\n|t:|1733854407\n|switch|p1a: Golurk|Golurk, L87|297/297|[from] U-turn\n|move|p2a: Goodra|Dragon Tail|p1a: Golurk\n|-damage|p1a: Golurk|262/297\n|drag|p1a: Uxie|Uxie, L83|260/260\n|\n|-damage|p2a: Goodra|192/292 brn|[from] brn\n|upkeep\n|turn|23\n|\n|t:|1733854427\n|move|p1a: Uxie|Knock Off|p2a: Goodra\n|-damage|p2a: Goodra|131/292 brn\n|-enditem|p2a: Goodra|Assault Vest|[from] move: Knock Off|[of] p1a: Uxie\n|move|p2a: Goodra|Draco Meteor|p1a: Uxie\n|-damage|p1a: Uxie|143/260\n|-unboost|p2a: Goodra|spa|2\n|\n|-heal|p1a: Uxie|159/260|[from] item: Leftovers\n|-damage|p2a: Goodra|113/292 brn|[from] brn\n|upkeep\n|turn|24\n|\n|t:|1733854435\n|move|p1a: Uxie|Psychic Noise|p2a: Goodra\n|-damage|p2a: Goodra|67/292 brn\n|-start|p2a: Goodra|move: Heal Block\n|move|p2a: Goodra|Dragon Tail|p1a: Uxie\n|-damage|p1a: Uxie|135/260\n|drag|p1a: Persian|Persian, L92, M|269/269\n|\n|-damage|p2a: Goodra|49/292 brn|[from] brn\n|upkeep\n|turn|25\n|\n|t:|1733854452\n|move|p1a: Persian|Double-Edge|p2a: Goodra\n|-damage|p2a: Goodra|0 fnt\n|faint|p2a: Goodra\n|-damage|p1a: Persian|253/269|[from] Recoil\n|\n|upkeep\n|\n|t:|1733854458\n|switch|p2a: Regigigas|Regigigas, L84|193/322\n|-damage|p2a: Regigigas|153/322|[from] Stealth Rock\n|-start|p2a: Regigigas|ability: Slow Start\n|turn|26\n|\n|t:|1733854465\n|move|p1a: Persian|Double-Edge|p2a: Regigigas\n|-damage|p2a: Regigigas|17/322\n|-damage|p1a: Persian|208/269|[from] Recoil\n|move|p2a: Regigigas|Substitute|p2a: Regigigas\n|-fail|p2a: Regigigas|move: Substitute|[weak]\n|\n|-heal|p2a: Regigigas|37/322|[from] item: Leftovers\n|upkeep\n|turn|27\n|-message|World Carver forfeited.\n|\n|win|iamsparta\n|raw|iamsparta's rating: 1534 &rarr; <strong>1553</strong><br />(+19 for winning)\n|raw|World Carver's rating: 1516 &rarr; <strong>1497</strong><br />(-19 for losing)\n|l|\u2606World Carver\n|player|p2|\n", "inputlog": ">version bfd83cad13791eb5a5a409923076391caf6fb4d4\n>start {\"formatid\":\"gen9randombattle\",\"seed\":[58878,31307,61137,8073],\"rated\":\"Rated battle\"}\n>player p1 {\"name\":\"iamsparta\",\"avatar\":\"skier\",\"rating\":1534,\"seed\":[2040,38155,59747,62412]}\n>player p2 {\"name\":\"World Carver\",\"avatar\":\"psychicf-gen3rs\",\"rating\":1516,\"seed\":[24531,28246,8326,50095]}\n>p1 switch 2\n>p2 switch 6\n>p1 move willowisp\n>p2 move dragontail\n>p1 move poltergeist\n>p2 switch 6\n>p1 switch 6\n>p2 move substitute\n>p1 move foulplay\n>p2 move protect\n>p1 move foulplay\n>p2 move knockoff\n>p1 move foulplay\n>p2 move protect\n>p1 move foulplay\n>p2 switch 3\n>p1 move willowisp\n>p2 move spiritbreak\n>p1 move painsplit\n>p2 move spiritbreak\n>p1 switch 4\n>p1 move gunkshot\n>p2 move partingshot\n>p2 switch 2\n>p1 switch 6\n>p2 move irondefense\n>p1 move dynamicpunch\n>p2 move irondefense terastallize\n>p1 switch 5\n>p2 switch 5\n>p1 switch 5\n>p2 move voltswitch\n>p1 move dynamicpunch\n>p2 switch 5\n>p1 move dynamicpunch\n>p2 move rest\n>p1 move dynamicpunch\n>p2 move irondefense\n>p1 move dynamicpunch\n>p2 move irondefense\n>p1 switch 2\n>p2 move bodypress\n>p1 switch 5\n>p1 move stealthrock\n>p2 switch 6\n>p1 move uturn\n>p2 move dragontail\n>p1 switch 2\n>p1 move knockoff\n>p2 move dracometeor\n>p1 move psychicnoise\n>p2 move dragontail\n>p1 move doubleedge\n>p2 move dragontail\n>p2 switch 3\n>p1 move doubleedge\n>p2 move substitute\n>forcelose p2", "uploadtime": 1733854471, "views": 1, "formatid": "gen9randombattle", "rating": 1497, "private": 0, "password": null}