{"id": "gen9randombattle-2240467817", "format": "[Gen 9] Random Battle", "players": ["vegemite360", "superbcookiez"], "log": "|badge|p2|bronze|gen9randombattle|100-3\n|uhtml|medal-msg|<div class=\"broadcast-blue\">Curious what those medals under the avatar are? PS now has Ladder Seasons! For more information, check out the <a href=\"https://www.smogon.com/forums/threads/3740067/\">thread on Smogon.</a></div>\n|j|\u2606vegemite360\n|j|\u2606superbcookiez\n|t:|1731149281\n|gametype|singles\n|player|p1|vegemite360|lance|2203\n|player|p2|superbcookiez|1|2319\n|teamsize|p1|6\n|teamsize|p2|6\n|gen|9\n|tier|[Gen 9] Random Battle\n|rated|\n|rule|Species Clause: Limit one of each Pok\u00e9mon\n|rule|HP Percentage Mod: HP is shown in percentages\n|rule|Sleep Clause Mod: Limit one foe put to sleep\n|rule|Illusion Level Mod: Illusion disguises the Pok\u00e9mon's true level\n|\n|t:|1731149281\n|start\n|switch|p1a: Excadrill|Excadrill, L80, M|307/307\n|switch|p2a: Umbreon|Umbreon, L84, M|297/297\n|-ability|p1a: Excadrill|Mold Breaker\n|turn|1\n|inactive|Battle timer is ON: inactive players will automatically lose when time's up. (requested by superbcookiez)\n|\n|t:|1731149294\n|switch|p1a: Quaquaval|Quaquaval, L79, F|264/264\n|move|p2a: Umbreon|Foul Play|p1a: Quaquaval\n|-resisted|p1a: Quaquaval\n|-damage|p1a: Quaquaval|195/264\n|\n|upkeep\n|turn|2\n|\n|t:|1731149320\n|switch|p2a: Toxtricity|Toxtricity, L82, M|257/257\n|move|p1a: Quaquaval|Close Combat|p2a: Toxtricity\n|-resisted|p2a: Toxtricity\n|-damage|p2a: Toxtricity|127/257\n|-unboost|p1a: Quaquaval|def|1\n|-unboost|p1a: Quaquaval|spd|1\n|\n|upkeep\n|turn|3\n|\n|t:|1731149328\n|move|p2a: Toxtricity|Boomburst|p1a: Quaquaval\n|-damage|p1a: Quaquaval|0 fnt\n|faint|p1a: Quaquaval\n|\n|upkeep\n|\n|t:|1731149332\n|switch|p1a: Giratina|Giratina-Origin, L72|335/335\n|turn|4\n|\n|t:|1731149340\n|switch|p2a: Floatzel|Floatzel, L85, F|283/283\n|move|p1a: Giratina|Dragon Tail|p2a: Floatzel\n|-damage|p2a: Floatzel|199/283\n|drag|p2a: Umbreon|Umbreon, L84, M|297/297\n|\n|upkeep\n|turn|5\n|\n|t:|1731149356\n|move|p2a: Umbreon|Toxic|p1a: Giratina\n|-status|p1a: Giratina|tox\n|move|p1a: Giratina|Dragon Tail|p2a: Umbreon\n|-damage|p2a: Umbreon|240/297\n|drag|p2a: Spectrier|Spectrier, L75|274/274\n|\n|-damage|p1a: Giratina|315/335 tox|[from] psn\n|upkeep\n|turn|6\n|\n|t:|1731149372\n|switch|p2a: Umbreon|Umbreon, L84, M|240/297\n|move|p1a: Giratina|Poltergeist|p2a: Umbreon\n|-activate|p2a: Umbreon|move: Poltergeist|Leftovers\n|-resisted|p2a: Umbreon\n|-damage|p2a: Umbreon|192/297\n|\n|-heal|p2a: Umbreon|210/297|[from] item: Leftovers\n|-damage|p1a: Giratina|275/335 tox|[from] psn\n|upkeep\n|turn|7\n|\n|t:|1731149388\n|switch|p1a: Bronzong|Bronzong, L88|261/261\n|move|p2a: Umbreon|Wish|p2a: Umbreon\n|\n|-heal|p2a: Umbreon|228/297|[from] item: Leftovers\n|upkeep\n|turn|8\n|\n|t:|1731149400\n|switch|p2a: Reshiram|Reshiram, L76|277/277\n|-ability|p2a: Reshiram|Turboblaze\n|move|p1a: Bronzong|Iron Defense|p1a: Bronzong\n|-boost|p1a: Bronzong|def|2\n|\n|upkeep\n|turn|9\n|\n|t:|1731149409\n|move|p2a: Reshiram|Blue Flare|p1a: Bronzong\n|-supereffective|p1a: Bronzong\n|-damage|p1a: Bronzong|25/261\n|-status|p1a: Bronzong|brn\n|move|p1a: Bronzong|Body Press|p2a: Reshiram\n|-damage|p2a: Reshiram|201/277\n|\n|-heal|p1a: Bronzong|41/261 brn|[from] item: Leftovers\n|-damage|p1a: Bronzong|25/261 brn|[from] brn\n|upkeep\n|turn|10\n|\n|t:|1731149417\n|move|p2a: Reshiram|Blue Flare|p1a: Bronzong\n|-supereffective|p1a: Bronzong\n|-damage|p1a: Bronzong|0 fnt\n|faint|p1a: Bronzong\n|\n|upkeep\n|\n|t:|1731149424\n|switch|p1a: Excadrill|Excadrill, L80, M|307/307\n|-ability|p1a: Excadrill|Mold Breaker\n|turn|11\n|\n|t:|1731149431\n|move|p1a: Excadrill|Earthquake|p2a: Reshiram\n|-supereffective|p2a: Reshiram\n|-damage|p2a: Reshiram|0 fnt\n|faint|p2a: Reshiram\n|\n|upkeep\n|\n|t:|1731149436\n|switch|p2a: Floatzel|Floatzel, L85, F|199/283\n|turn|12\n|\n|t:|1731149443\n|switch|p1a: Giratina|Giratina-Origin, L72|275/335 tox\n|move|p2a: Floatzel|Wave Crash|p1a: Giratina\n|-resisted|p1a: Giratina\n|-damage|p1a: Giratina|158/335 tox\n|-damage|p2a: Floatzel|160/283|[from] Recoil\n|\n|-damage|p1a: Giratina|138/335 tox|[from] psn\n|upkeep\n|turn|13\n|\n|t:|1731149451\n|switch|p2a: Umbreon|Umbreon, L84, M|228/297\n|move|p1a: Giratina|Draco Meteor|p2a: Umbreon\n|-damage|p2a: Umbreon|122/297\n|-unboost|p1a: Giratina|spa|2\n|\n|-heal|p2a: Umbreon|140/297|[from] item: Leftovers\n|-damage|p1a: Giratina|98/335 tox|[from] psn\n|upkeep\n|turn|14\n|\n|t:|1731149457\n|move|p2a: Umbreon|Wish|p2a: Umbreon\n|move|p1a: Giratina|Dragon Tail|p2a: Umbreon\n|-damage|p2a: Umbreon|83/297\n|drag|p2a: Floatzel|Floatzel, L85, F|160/283\n|\n|-damage|p1a: Giratina|38/335 tox|[from] psn\n|upkeep\n|turn|15\n|\n|t:|1731149464\n|move|p2a: Floatzel|Wave Crash|p1a: Giratina\n|-resisted|p1a: Giratina\n|-damage|p1a: Giratina|0 fnt\n|faint|p1a: Giratina\n|-damage|p2a: Floatzel|147/283|[from] Recoil\n|\n|-heal|p2a: Floatzel|283/283|[from] move: Wish|[wisher] Umbreon\n|upkeep\n|\n|t:|1731149470\n|switch|p1a: Excadrill|Excadrill, L80, M|307/307\n|-ability|p1a: Excadrill|Mold Breaker\n|turn|16\n|\n|t:|1731149476\n|-terastallize|p1a: Excadrill|Grass\n|move|p2a: Floatzel|Wave Crash|p1a: Excadrill\n|-resisted|p1a: Excadrill\n|-damage|p1a: Excadrill|160/307\n|-damage|p2a: Floatzel|234/283|[from] Recoil\n|move|p1a: Excadrill|Rapid Spin|p2a: Floatzel\n|-damage|p2a: Floatzel|172/283\n|-boost|p1a: Excadrill|spe|1\n|\n|upkeep\n|turn|17\n|\n|t:|1731149504\n|move|p1a: Excadrill|Earthquake|p2a: Floatzel\n|-damage|p2a: Floatzel|9/283\n|move|p2a: Floatzel|Wave Crash|p1a: Excadrill\n|-resisted|p1a: Excadrill\n|-damage|p1a: Excadrill|28/307\n|-damage|p2a: Floatzel|0 fnt|[from] Recoil\n|faint|p2a: Floatzel\n|\n|upkeep\n|inactive|superbcookiez has 120 seconds left.\n|\n|t:|1731149520\n|switch|p2a: Spectrier|Spectrier, L75|274/274\n|turn|18\n|\n|t:|1731149523\n|move|p1a: Excadrill|Iron Head|p2a: Spectrier\n|-damage|p2a: Spectrier|123/274\n|move|p2a: Spectrier|Draining Kiss|p1a: Excadrill\n|-damage|p1a: Excadrill|0 fnt\n|-heal|p2a: Spectrier|144/274|[from] drain|[of] p1a: Excadrill\n|faint|p1a: Excadrill\n|-ability|p2a: Spectrier|Grim Neigh|boost\n|-boost|p2a: Spectrier|spa|1\n|-damage|p2a: Spectrier|117/274|[from] item: Life Orb\n|\n|upkeep\n|\n|t:|1731149531\n|switch|p1a: Iron Thorns|Iron Thorns, L83|302/302\n|-enditem|p1a: Iron Thorns|Booster Energy\n|-activate|p1a: Iron Thorns|ability: Quark Drive|[fromitem]\n|-start|p1a: Iron Thorns|quarkdriveatk\n|turn|19\n|\n|t:|1731149537\n|move|p2a: Spectrier|Shadow Ball|p1a: Iron Thorns\n|-damage|p1a: Iron Thorns|111/302\n|-damage|p2a: Spectrier|90/274|[from] item: Life Orb\n|move|p1a: Iron Thorns|Dragon Dance|p1a: Iron Thorns\n|-boost|p1a: Iron Thorns|atk|1\n|-boost|p1a: Iron Thorns|spe|1\n|\n|upkeep\n|turn|20\n|\n|t:|1731149546\n|move|p1a: Iron Thorns|Earthquake|p2a: Spectrier\n|-damage|p2a: Spectrier|0 fnt\n|faint|p2a: Spectrier\n|\n|upkeep\n|\n|t:|1731149555\n|switch|p2a: Toxtricity|Toxtricity, L82, M|127/257\n|turn|21\n|\n|t:|1731149564\n|move|p2a: Toxtricity|Boomburst|p1a: Iron Thorns\n|-resisted|p1a: Iron Thorns\n|-damage|p1a: Iron Thorns|35/302\n|move|p1a: Iron Thorns|Earthquake|p2a: Toxtricity\n|-supereffective|p2a: Toxtricity\n|-damage|p2a: Toxtricity|0 fnt\n|faint|p2a: Toxtricity\n|\n|upkeep\n|\n|t:|1731149572\n|switch|p2a: Baxcalibur|Baxcalibur, L75, M|295/295\n|turn|22\n|\n|t:|1731149579\n|-terastallize|p2a: Baxcalibur|Ground\n|move|p1a: Iron Thorns|Stone Edge|p2a: Baxcalibur\n|-resisted|p2a: Baxcalibur\n|-damage|p2a: Baxcalibur|146/295\n|move|p2a: Baxcalibur|Scale Shot|p1a: Iron Thorns\n|-damage|p1a: Iron Thorns|8/302\n|-damage|p1a: Iron Thorns|0 fnt\n|faint|p1a: Iron Thorns\n|-end|p1a: Iron Thorns|Quark Drive|[silent]\n|-hitcount|p1: Iron Thorns|2\n|-unboost|p2a: Baxcalibur|def|1\n|-boost|p2a: Baxcalibur|spe|1\n|\n|upkeep\n|\n|t:|1731149584\n|switch|p1a: Chien-Pao|Chien-Pao, L72|234/234\n|-ability|p1a: Chien-Pao|Sword of Ruin\n|turn|23\n|\n|t:|1731149602\n|move|p2a: Baxcalibur|Earthquake|p1a: Chien-Pao\n|-damage|p1a: Chien-Pao|95/234\n|move|p1a: Chien-Pao|Swords Dance|p1a: Chien-Pao\n|-boost|p1a: Chien-Pao|atk|2\n|\n|upkeep\n|turn|24\n|\n|t:|1731149608\n|move|p1a: Chien-Pao|Ice Shard|p2a: Baxcalibur\n|-supereffective|p2a: Baxcalibur\n|-damage|p2a: Baxcalibur|0 fnt\n|faint|p2a: Baxcalibur\n|\n|upkeep\n|\n|t:|1731149611\n|switch|p2a: Umbreon|Umbreon, L84, M|83/297\n|turn|25\n|\n|t:|1731149617\n|move|p1a: Chien-Pao|Icicle Crash|p2a: Umbreon\n|-damage|p2a: Umbreon|0 fnt\n|faint|p2a: Umbreon\n|\n|win|vegemite360\n|raw|vegemite360's rating: 2203 &rarr; <strong>2229</strong><br />(+26 for winning)\n|raw|superbcookiez's rating: 2319 &rarr; <strong>2293</strong><br />(-26 for losing)\n|l|\u2606superbcookiez\n|player|p2|\n", "inputlog": ">version 6cf2ed9506aaf20327444a00a9388215acbf9fb2\n>start {\"formatid\":\"gen9randombattle\",\"seed\":[12532,42672,47884,47159],\"rated\":\"Rated battle\"}\n>player p1 {\"name\":\"vegemite360\",\"avatar\":\"lance\",\"rating\":2203,\"seed\":[39593,48316,28287,9156]}\n>player p2 {\"name\":\"superbcookiez\",\"avatar\":\"1\",\"rating\":2319,\"seed\":[64855,28460,20223,41204]}\n>p1 switch 5\n>p2 move foulplay\n>p1 move closecombat\n>p2 switch 6\n>p1 move closecombat\n>p2 move boomburst\n>p1 switch 3\n>p1 move dragontail\n>p2 switch 3\n>p1 move dragontail\n>p2 move toxic\n>p1 move poltergeist\n>p2 switch 5\n>p1 switch 2\n>p2 move wish\n>p1 move irondefense\n>p2 switch 2\n>p1 move bodypress\n>p2 move blueflare\n>p1 move bodypress\n>p2 move blueflare\n>p1 switch 5\n>p1 move earthquake\n>p2 move blueflare\n>p2 switch 6\n>p1 switch 2\n>p2 move wavecrash\n>p1 move dracometeor\n>p2 switch 2\n>p1 move dragontail\n>p2 move wish\n>p1 move dragontail\n>p2 move wavecrash\n>p1 switch 2\n>p1 move rapidspin terastallize\n>p2 move wavecrash\n>p1 move earthquake\n>p2 move wavecrash\n>p2 switch 5\n>p1 move ironhead\n>p2 move drainingkiss\n>p1 switch 4\n>p1 move dragondance\n>p2 move shadowball\n>p1 move earthquake\n>p2 move shadowball\n>p2 switch 3\n>p1 move earthquake\n>p2 move boomburst\n>p2 switch 4\n>p1 move stoneedge\n>p2 move scaleshot terastallize\n>p1 switch 6\n>p1 move swordsdance\n>p2 move earthquake\n>p1 move iceshard\n>p2 move earthquake\n>p2 switch 2\n>p1 move iciclecrash\n>p2 move foulplay", "uploadtime": 1731149623, "views": 33, "formatid": "gen9randombattle", "rating": 2229, "private": 0, "password": null}