{"id": "gen9randombattle-2260490353", "format": "[Gen 9] Random Battle", "players": ["fps60", "ZRMNoise"], "log": "|j|\u2606fps60\n|j|\u2606ZRMNoise\n|t:|1733856635\n|gametype|singles\n|player|p1|fps60|gentleman-gen4dp|1459\n|player|p2|ZRMNoise|170|1465\n|teamsize|p1|6\n|teamsize|p2|6\n|gen|9\n|tier|[Gen 9] Random Battle\n|rated|\n|rule|Species Clause: Limit one of each Pok\u00e9mon\n|rule|HP Percentage Mod: HP is shown in percentages\n|rule|Sleep Clause Mod: Limit one foe put to sleep\n|rule|Illusion Level Mod: Illusion disguises the Pok\u00e9mon's true level\n|\n|t:|1733856635\n|start\n|switch|p1a: Giratina|Giratina-Origin, L72|335/335\n|switch|p2a: Iron Bundle|Iron Bundle, L77|213/213\n|turn|1\n|\n|t:|1733856663\n|switch|p1a: Mamoswine|Mamoswine, L81, F|311/311\n|move|p2a: Iron Bundle|Freeze-Dry|p1a: Mamoswine\n|-damage|p1a: Mamoswine|257/311\n|\n|upkeep\n|turn|2\n|inactive|Battle timer is ON: inactive players will automatically lose when time's up. (requested by fps60)\n|\n|t:|1733856676\n|move|p2a: Iron Bundle|Flip Turn|p1a: Mamoswine\n|-supereffective|p1a: Mamoswine\n|-damage|p1a: Mamoswine|159/311\n|\n|t:|1733856692\n|-end|p2a: Iron Bundle|Quark Drive|[silent]\n|switch|p2a: Hitmontop|Hitmontop, L88, M|231/231|[from] Flip Turn\n|move|p1a: Mamoswine|Stealth Rock|p2a: Hitmontop\n|-sidestart|p2: ZRMNoise|move: Stealth Rock\n|\n|upkeep\n|turn|3\n|\n|t:|1733856703\n|move|p1a: Mamoswine|Icicle Crash|p2a: Hitmontop\n|-damage|p2a: Hitmontop|109/231\n|-damage|p1a: Mamoswine|128/311|[from] item: Life Orb\n|move|p2a: Hitmontop|Bulk Up|p2a: Hitmontop\n|-boost|p2a: Hitmontop|atk|1\n|-boost|p2a: Hitmontop|def|1\n|\n|-heal|p2a: Hitmontop|123/231|[from] item: Leftovers\n|upkeep\n|turn|4\n|\n|t:|1733856714\n|move|p1a: Mamoswine|Icicle Crash|p2a: Hitmontop\n|-damage|p2a: Hitmontop|44/231\n|-damage|p1a: Mamoswine|97/311|[from] item: Life Orb\n|move|p2a: Hitmontop|Close Combat|p1a: Mamoswine\n|-supereffective|p1a: Mamoswine\n|-damage|p1a: Mamoswine|0 fnt\n|-unboost|p2a: Hitmontop|def|1\n|-unboost|p2a: Hitmontop|spd|1\n|faint|p1a: Mamoswine\n|\n|-heal|p2a: Hitmontop|58/231|[from] item: Leftovers\n|upkeep\n|\n|t:|1733856723\n|switch|p1a: Giratina|Giratina-Origin, L72|335/335\n|turn|5\n|\n|t:|1733856735\n|move|p2a: Hitmontop|Triple Axel|p1a: Giratina\n|-supereffective|p1a: Giratina\n|-damage|p1a: Giratina|259/335\n|-supereffective|p1a: Giratina\n|-damage|p1a: Giratina|111/335\n|-supereffective|p1a: Giratina\n|-crit|p1a: Giratina\n|-damage|p1a: Giratina|0 fnt\n|faint|p1a: Giratina\n|-hitcount|p1: Giratina|3\n|\n|-heal|p2a: Hitmontop|72/231|[from] item: Leftovers\n|upkeep\n|\n|t:|1733856740\n|switch|p1a: Salamence|Salamence, L77, F|273/273\n|-ability|p1a: Salamence|Intimidate|boost\n|-unboost|p2a: Hitmontop|atk|1\n|turn|6\n|\n|t:|1733856759\n|-terastallize|p1a: Salamence|Steel\n|move|p1a: Salamence|Dragon Dance|p1a: Salamence\n|-boost|p1a: Salamence|atk|1\n|-boost|p1a: Salamence|spe|1\n|move|p2a: Hitmontop|Triple Axel|p1a: Salamence\n|-resisted|p1a: Salamence\n|-damage|p1a: Salamence|260/273\n|-resisted|p1a: Salamence\n|-damage|p1a: Salamence|233/273\n|-resisted|p1a: Salamence\n|-damage|p1a: Salamence|196/273\n|-hitcount|p1a: Salamence|3\n|\n|-heal|p2a: Hitmontop|86/231|[from] item: Leftovers\n|upkeep\n|turn|7\n|inactive|ZRMNoise has 120 seconds left.\n|\n|t:|1733856791\n|move|p1a: Salamence|Dual Wingbeat|p2a: Hitmontop|[miss]\n|-miss|p1a: Salamence|p2a: Hitmontop\n|move|p2a: Hitmontop|Close Combat|p1a: Salamence\n|-supereffective|p1a: Salamence\n|-damage|p1a: Salamence|0 fnt\n|-unboost|p2a: Hitmontop|def|1\n|-unboost|p2a: Hitmontop|spd|1\n|faint|p1a: Salamence\n|\n|-heal|p2a: Hitmontop|100/231|[from] item: Leftovers\n|upkeep\n|\n|t:|1733856797\n|switch|p1a: Porygon-Z|Porygon-Z, L83|277/277\n|turn|8\n|inactive|ZRMNoise has 120 seconds left.\n|\n|t:|1733856813\n|switch|p2a: Skeledirge|Skeledirge, L79, F|294/294\n|move|p1a: Porygon-Z|Shadow Ball|p2a: Skeledirge\n|-supereffective|p2a: Skeledirge\n|-damage|p2a: Skeledirge|70/294\n|-unboost|p2a: Skeledirge|spd|1\n|-damage|p1a: Porygon-Z|250/277|[from] item: Life Orb\n|\n|upkeep\n|turn|9\n|inactive|ZRMNoise has 120 seconds left.\n|inactive|ZRMNoise has 90 seconds left.\n|\n|t:|1733856855\n|-terastallize|p2a: Skeledirge|Fairy\n|move|p1a: Porygon-Z|Agility|p1a: Porygon-Z\n|-boost|p1a: Porygon-Z|spe|2\n|move|p2a: Skeledirge|Torch Song|p1a: Porygon-Z\n|-damage|p1a: Porygon-Z|159/277\n|-boost|p2a: Skeledirge|spa|1\n|\n|upkeep\n|turn|10\n|inactive|ZRMNoise has 90 seconds left.\n|\n|t:|1733856880\n|move|p1a: Porygon-Z|Nasty Plot|p1a: Porygon-Z\n|-boost|p1a: Porygon-Z|spa|2\n|move|p2a: Skeledirge|Torch Song|p1a: Porygon-Z\n|-damage|p1a: Porygon-Z|30/277\n|-boost|p2a: Skeledirge|spa|1\n|\n|upkeep\n|turn|11\n|\n|t:|1733856905\n|move|p1a: Porygon-Z|Shadow Ball|p2a: Skeledirge\n|-damage|p2a: Skeledirge|0 fnt\n|faint|p2a: Skeledirge\n|-damage|p1a: Porygon-Z|3/277|[from] item: Life Orb\n|\n|upkeep\n|inactive|ZRMNoise has 60 seconds left.\n|\n|t:|1733856916\n|switch|p2a: Iron Bundle|Iron Bundle, L77|213/213\n|turn|12\n|inactive|ZRMNoise has 60 seconds left.\n|\n|t:|1733856935\n|-end|p2a: Iron Bundle|Quark Drive|[silent]\n|switch|p2a: Hitmontop|Hitmontop, L88, M|100/231\n|-damage|p2a: Hitmontop|86/231|[from] Stealth Rock\n|move|p1a: Porygon-Z|Shadow Ball|p2a: Hitmontop\n|-damage|p2a: Hitmontop|0 fnt\n|faint|p2a: Hitmontop\n|-damage|p1a: Porygon-Z|0 fnt|[from] item: Life Orb\n|faint|p1a: Porygon-Z\n|\n|upkeep\n|inactive|ZRMNoise has 60 seconds left.\n|\n|t:|1733856953\n|switch|p1a: Iron Jugulis|Iron Jugulis, L78|275/275\n|switch|p2a: Iron Bundle|Iron Bundle, L77|213/213\n|turn|13\n|\n|t:|1733856962\n|move|p2a: Iron Bundle|Freeze-Dry|p1a: Iron Jugulis\n|-supereffective|p1a: Iron Jugulis\n|-damage|p1a: Iron Jugulis|101/275\n|move|p1a: Iron Jugulis|Meteor Beam||[still]\n|-prepare|p1a: Iron Jugulis|Meteor Beam\n|-boost|p1a: Iron Jugulis|spa|1\n|-enditem|p1a: Iron Jugulis|Power Herb\n|-anim|p1a: Iron Jugulis|Meteor Beam|p2a: Iron Bundle|[miss]\n|-miss|p1a: Iron Jugulis|p2a: Iron Bundle\n|\n|upkeep\n|turn|14\n|inactive|ZRMNoise has 60 seconds left.\n|\n|t:|1733856974\n|move|p2a: Iron Bundle|Encore|p1a: Iron Jugulis\n|-start|p1a: Iron Jugulis|Encore\n|move|p1a: Iron Jugulis|Meteor Beam||[still]\n|-prepare|p1a: Iron Jugulis|Meteor Beam\n|-boost|p1a: Iron Jugulis|spa|1\n|\n|upkeep\n|turn|15\n|inactive|ZRMNoise has 60 seconds left.\n|\n|t:|1733856980\n|move|p2a: Iron Bundle|Freeze-Dry|p1a: Iron Jugulis\n|-supereffective|p1a: Iron Jugulis\n|-damage|p1a: Iron Jugulis|0 fnt\n|faint|p1a: Iron Jugulis\n|-end|p1a: Iron Jugulis|Quark Drive|[silent]\n|\n|upkeep\n|\n|t:|1733856981\n|switch|p1a: Kingambit|Kingambit, L74, F|270/270\n|-activate|p1a: Kingambit|ability: Supreme Overlord\n|-start|p1a: Kingambit|fallen5|[silent]\n|turn|16\n|inactive|ZRMNoise has 60 seconds left.\n|\n|t:|1733857005\n|move|p2a: Iron Bundle|Flip Turn|p1a: Kingambit\n|-damage|p1a: Kingambit|231/270\n|\n|t:|1733857012\n|-end|p2a: Iron Bundle|Quark Drive|[silent]\n|switch|p2a: Amoonguss|Amoonguss, L82, F|321/321|[from] Flip Turn\n|-damage|p2a: Amoonguss|281/321|[from] Stealth Rock\n|move|p1a: Kingambit|Swords Dance|p1a: Kingambit\n|-boost|p1a: Kingambit|atk|2\n|\n|-heal|p1a: Kingambit|247/270|[from] item: Leftovers\n|upkeep\n|turn|17\n|inactive|ZRMNoise has 60 seconds left.\n|\n|t:|1733857027\n|move|p1a: Kingambit|Kowtow Cleave|p2a: Amoonguss\n|-damage|p2a: Amoonguss|0 fnt\n|-damage|p1a: Kingambit|202/270|[from] item: Rocky Helmet|[of] p2a: Amoonguss\n|faint|p2a: Amoonguss\n|\n|-heal|p1a: Kingambit|218/270|[from] item: Leftovers\n|upkeep\n|\n|t:|1733857046\n|switch|p2a: Iron Boulder|Iron Boulder, L77|265/265\n|-damage|p2a: Iron Boulder|232/265|[from] Stealth Rock\n|-enditem|p2a: Iron Boulder|Booster Energy\n|-activate|p2a: Iron Boulder|ability: Quark Drive|[fromitem]\n|-start|p2a: Iron Boulder|quarkdrivespe\n|turn|18\n|\n|t:|1733857053\n|move|p2a: Iron Boulder|Close Combat|p1a: Kingambit\n|-supereffective|p1a: Kingambit\n|-damage|p1a: Kingambit|0 fnt\n|-unboost|p2a: Iron Boulder|def|1\n|-unboost|p2a: Iron Boulder|spd|1\n|faint|p1a: Kingambit\n|-end|p1a: Kingambit|fallen5|[silent]\n|\n|win|ZRMNoise\n|raw|fps60's rating: 1459 &rarr; <strong>1439</strong><br />(-20 for losing)\n|raw|ZRMNoise's rating: 1465 &rarr; <strong>1485</strong><br />(+20 for winning)\n|l|\u2606fps60\n|player|p1|\n", "inputlog": ">version bfd83cad13791eb5a5a409923076391caf6fb4d4\n>start {\"formatid\":\"gen9randombattle\",\"seed\":[47095,21111,33933,3925],\"rated\":\"Rated battle\"}\n>player p1 {\"name\":\"fps60\",\"avatar\":\"gentleman-gen4dp\",\"rating\":1459,\"seed\":[33217,29463,1383,59036]}\n>player p2 {\"name\":\"ZRMNoise\",\"avatar\":\"170\",\"rating\":1465,\"seed\":[19421,28081,59217,50802]}\n>p1 switch 6\n>p2 move freezedry\n>p1 move stealthrock\n>p2 move flipturn\n>p2 switch 5\n>p1 move iciclecrash\n>p2 move bulkup\n>p1 move iciclecrash\n>p2 move closecombat\n>p1 switch 6\n>p1 move poltergeist\n>p2 move tripleaxel\n>p1 switch 2\n>p1 move dragondance terastallize\n>p2 move tripleaxel\n>p1 move dualwingbeat\n>p2 move closecombat\n>p1 switch 5\n>p1 move shadowball\n>p2 switch 4\n>p1 move agility\n>p2 move torchsong terastallize\n>p1 move nastyplot\n>p2 move torchsong\n>p1 move shadowball\n>p2 move torchsong\n>p2 switch 5\n>p1 move shadowball\n>p2 switch 4\n>p1 switch 4\n>p2 switch 4\n>p1 move meteorbeam\n>p2 move freezedry\n>p1 move darkpulse\n>p2 move encore\n>p1 move meteorbeam\n>p2 move freezedry\n>p1 switch 3\n>p1 move swordsdance\n>p2 move flipturn\n>p2 switch 6\n>p1 move kowtowcleave\n>p2 move spore\n>p2 switch 3\n>p1 move kowtowcleave\n>p2 move closecombat", "uploadtime": 1733857061, "views": 2, "formatid": "gen9randombattle", "rating": 1439, "private": 0, "password": null}