{"id": "gen9randombattle-2260631093", "format": "[Gen 9] Random Battle", "players": ["Princess Clover", "zbroification"], "log": "|j|\u2606Princess Clover\n|j|\u2606zbroification\n|t:|1733871449\n|gametype|singles\n|player|p1|Princess Clover|korrina-masters|1222\n|player|p2|zbroification|101|1230\n|teamsize|p1|6\n|teamsize|p2|6\n|gen|9\n|tier|[Gen 9] Random Battle\n|rated|\n|rule|Species Clause: Limit one of each Pok\u00e9mon\n|rule|HP Percentage Mod: HP is shown in percentages\n|rule|Sleep Clause Mod: Limit one foe put to sleep\n|rule|Illusion Level Mod: Illusion disguises the Pok\u00e9mon's true level\n|\n|t:|1733871449\n|start\n|switch|p1a: Oricorio|Oricorio, L84, M|263/263\n|switch|p2a: Pelipper|Pelipper, L86, F|243/243\n|-weather|RainDance|[from] ability: Drizzle|[of] p2a: Pelipper\n|turn|1\n|inactive|Battle timer is ON: inactive players will automatically lose when time's up. (requested by zbroification)\n|\n|t:|1733871470\n|move|p1a: Oricorio|Quiver Dance|p1a: Oricorio\n|-boost|p1a: Oricorio|spa|1\n|-boost|p1a: Oricorio|spd|1\n|-boost|p1a: Oricorio|spe|1\n|move|p2a: Pelipper|Knock Off|p1a: Oricorio\n|-damage|p1a: Oricorio|212/263\n|-enditem|p1a: Oricorio|Heavy-Duty Boots|[from] move: Knock Off|[of] p2a: Pelipper\n|\n|-weather|RainDance|[upkeep]\n|upkeep\n|turn|2\n|\n|t:|1733871478\n|move|p1a: Oricorio|Hurricane|p2a: Pelipper\n|-damage|p2a: Pelipper|36/243\n|move|p2a: Pelipper|Surf|p1a: Oricorio\n|-supereffective|p1a: Oricorio\n|-damage|p1a: Oricorio|0 fnt\n|faint|p1a: Oricorio\n|\n|-weather|RainDance|[upkeep]\n|upkeep\n|\n|t:|1733871493\n|switch|p1a: Rotom|Rotom-Heat, L83|219/219\n|turn|3\n|\n|t:|1733871502\n|-terastallize|p2a: Pelipper|Ground\n|move|p1a: Rotom|Thunderbolt|p2a: Pelipper\n|-immune|p2a: Pelipper\n|move|p2a: Pelipper|Surf|p1a: Rotom\n|-supereffective|p1a: Rotom\n|-damage|p1a: Rotom|0 fnt\n|faint|p1a: Rotom\n|\n|-weather|RainDance|[upkeep]\n|upkeep\n|\n|t:|1733871520\n|switch|p1a: Toxicroak|Toxicroak, L84, F|277/277\n|turn|4\n|\n|t:|1733871524\n|move|p1a: Toxicroak|Gunk Shot|p2a: Pelipper\n|-resisted|p2a: Pelipper\n|-damage|p2a: Pelipper|0 fnt\n|faint|p2a: Pelipper\n|-damage|p1a: Toxicroak|250/277|[from] item: Life Orb\n|\n|-weather|RainDance|[upkeep]\n|-heal|p1a: Toxicroak|277/277|[from] ability: Dry Skin\n|upkeep\n|\n|t:|1733871542\n|switch|p2a: Necrozma|Necrozma, L80|286/286\n|turn|5\n|inactive|Princess Clover has 120 seconds left.\n|inactive|Princess Clover has 90 seconds left.\n|\n|t:|1733871603\n|move|p1a: Toxicroak|Sucker Punch||[still]\n|-fail|p1a: Toxicroak\n|move|p2a: Necrozma|Calm Mind|p2a: Necrozma\n|-boost|p2a: Necrozma|spa|1\n|-boost|p2a: Necrozma|spd|1\n|\n|-weather|none\n|upkeep\n|turn|6\n|\n|t:|1733871614\n|move|p1a: Toxicroak|Gunk Shot|p2a: Necrozma\n|-damage|p2a: Necrozma|113/286\n|-status|p2a: Necrozma|psn\n|-damage|p1a: Toxicroak|250/277|[from] item: Life Orb\n|move|p2a: Necrozma|Photon Geyser|p1a: Toxicroak\n|-supereffective|p1a: Toxicroak\n|-damage|p1a: Toxicroak|0 fnt\n|faint|p1a: Toxicroak\n|\n|-heal|p2a: Necrozma|130/286 psn|[from] item: Leftovers\n|-damage|p2a: Necrozma|95/286 psn|[from] psn\n|upkeep\n|inactive|Princess Clover has 90 seconds left.\n|\n|t:|1733871652\n|switch|p1a: Spiritomb|Spiritomb, L89, M|234/234\n|turn|7\n|\n|t:|1733871665\n|move|p1a: Spiritomb|Shadow Sneak|p2a: Necrozma\n|-supereffective|p2a: Necrozma\n|-damage|p2a: Necrozma|35/286 psn\n|move|p2a: Necrozma|Moonlight|p2a: Necrozma\n|-heal|p2a: Necrozma|178/286 psn\n|\n|-heal|p2a: Necrozma|195/286 psn|[from] item: Leftovers\n|-damage|p2a: Necrozma|160/286 psn|[from] psn\n|upkeep\n|turn|8\n|\n|t:|1733871674\n|move|p2a: Necrozma|Moonlight|p2a: Necrozma\n|-heal|p2a: Necrozma|286/286 psn\n|move|p1a: Spiritomb|Poltergeist|p2a: Necrozma\n|-activate|p2a: Necrozma|move: Poltergeist|Leftovers\n|-supereffective|p2a: Necrozma\n|-damage|p2a: Necrozma|120/286 psn\n|\n|-heal|p2a: Necrozma|137/286 psn|[from] item: Leftovers\n|-damage|p2a: Necrozma|102/286 psn|[from] psn\n|upkeep\n|turn|9\n|\n|t:|1733871688\n|move|p2a: Necrozma|Moonlight|p2a: Necrozma\n|-heal|p2a: Necrozma|245/286 psn\n|move|p1a: Spiritomb|Poltergeist|p2a: Necrozma\n|-activate|p2a: Necrozma|move: Poltergeist|Leftovers\n|-supereffective|p2a: Necrozma\n|-damage|p2a: Necrozma|73/286 psn\n|\n|-heal|p2a: Necrozma|90/286 psn|[from] item: Leftovers\n|-damage|p2a: Necrozma|55/286 psn|[from] psn\n|upkeep\n|turn|10\n|\n|t:|1733871698\n|switch|p2a: Girafarig|Girafarig, L89, M|269/269\n|move|p1a: Spiritomb|Poltergeist|p2a: Girafarig\n|-immune|p2a: Girafarig\n|\n|upkeep\n|turn|11\n|inactive|Princess Clover has 90 seconds left.\n|\n|t:|1733871710\n|switch|p1a: Hoopa|Hoopa, L85|275/275\n|move|p2a: Girafarig|Thunderbolt|p1a: Hoopa\n|-damage|p1a: Hoopa|221/275\n|\n|upkeep\n|turn|12\n|\n|t:|1733871716\n|switch|p2a: Trevenant|Trevenant, L88, F|293/293\n|move|p1a: Hoopa|Nasty Plot|p1a: Hoopa\n|-boost|p1a: Hoopa|spa|2\n|\n|upkeep\n|turn|13\n|\n|t:|1733871724\n|move|p1a: Hoopa|Shadow Ball|p2a: Trevenant\n|-supereffective|p2a: Trevenant\n|-damage|p2a: Trevenant|0 fnt\n|faint|p2a: Trevenant\n|-damage|p1a: Hoopa|194/275|[from] item: Life Orb\n|\n|upkeep\n|\n|t:|1733871728\n|switch|p2a: Necrozma|Necrozma, L80|55/286 psn\n|turn|14\n|inactive|zbroification has 120 seconds left.\n|\n|t:|1733871766\n|move|p2a: Necrozma|Moonlight|p2a: Necrozma\n|-heal|p2a: Necrozma|198/286 psn\n|move|p1a: Hoopa|Shadow Ball|p2a: Necrozma\n|-supereffective|p2a: Necrozma\n|-damage|p2a: Necrozma|0 fnt\n|faint|p2a: Necrozma\n|-damage|p1a: Hoopa|167/275|[from] item: Life Orb\n|\n|upkeep\n|\n|t:|1733871772\n|switch|p2a: Granbull|Granbull, L88, M|302/302\n|-ability|p2a: Granbull|Intimidate|boost\n|-unboost|p1a: Hoopa|atk|1\n|turn|15\n|inactive|Princess Clover has 120 seconds left.\n|\n|t:|1733871779\n|move|p1a: Hoopa|Shadow Ball|p2a: Granbull\n|-damage|p2a: Granbull|0 fnt\n|faint|p2a: Granbull\n|-damage|p1a: Hoopa|140/275|[from] item: Life Orb\n|\n|upkeep\n|inactive|zbroification has 120 seconds left.\n|-message|zbroification forfeited.\n|\n|win|Princess Clover\n|raw|Princess Clover's rating: 1222 &rarr; <strong>1248</strong><br />(+26 for winning)\n|raw|zbroification's rating: 1230 &rarr; <strong>1204</strong><br />(-26 for losing)\n|l|\u2606zbroification\n|player|p2|\n", "inputlog": ">version bfd83cad13791eb5a5a409923076391caf6fb4d4\n>start {\"formatid\":\"gen9randombattle\",\"seed\":[12276,53698,1579,43959],\"rated\":\"Rated battle\"}\n>player p1 {\"name\":\"Princess Clover\",\"avatar\":\"korrina-masters\",\"rating\":1222,\"seed\":[23777,959,44210,39494]}\n>player p2 {\"name\":\"zbroification\",\"avatar\":\"101\",\"rating\":1230,\"seed\":[52123,38361,54385,5606]}\n>p1 move quiverdance\n>p2 move knockoff\n>p1 move hurricane\n>p2 move surf\n>p1 switch 3\n>p1 move thunderbolt\n>p2 move surf terastallize\n>p1 switch 5\n>p1 move gunkshot\n>p2 move knockoff\n>p2 switch 3\n>p1 move suckerpunch\n>p2 move calmmind\n>p1 move gunkshot\n>p2 move photongeyser\n>p1 switch 6\n>p1 move shadowsneak\n>p2 move moonlight\n>p1 move poltergeist\n>p2 move moonlight\n>p1 move poltergeist\n>p2 move moonlight\n>p1 move poltergeist\n>p2 switch 5\n>p1 switch 4\n>p2 move thunderbolt\n>p1 move nastyplot\n>p2 switch 6\n>p1 move shadowball\n>p2 move poltergeist\n>p2 switch 5\n>p1 move shadowball\n>p2 move moonlight\n>p2 switch 2\n>p1 move shadowball\n>p2 move thunderwave\n>forcelose p2", "uploadtime": 1733871796, "views": 1, "formatid": "gen9randombattle", "rating": 1204, "private": 0, "password": null}