{"id": "gen9randombattle-2260857656", "format": "[Gen 9] Random Battle", "players": ["manolovm01", "sagutxo"], "log": "|j|\u2606manolovm01\n|j|\u2606sagutxo\n|t:|1733905446\n|gametype|singles\n|player|p1|manolovm01|2|1175\n|player|p2|sagutxo|drayden|1220\n|teamsize|p1|6\n|teamsize|p2|6\n|gen|9\n|tier|[Gen 9] Random Battle\n|rated|\n|rule|Species Clause: Limit one of each Pok\u00e9mon\n|rule|HP Percentage Mod: HP is shown in percentages\n|rule|Sleep Clause Mod: Limit one foe put to sleep\n|rule|Illusion Level Mod: Illusion disguises the Pok\u00e9mon's true level\n|\n|t:|1733905446\n|start\n|switch|p1a: Gurdurr|Gurdurr, L85, M|283/283\n|switch|p2a: Archaludon|Archaludon, L78, F|268/268\n|turn|1\n|inactive|Battle timer is ON: inactive players will automatically lose when time's up. (requested by sagutxo)\n|inactive|manolovm01 has 120 seconds left.\n|\n|t:|1733905487\n|switch|p2a: Gardevoir|Gardevoir, L83, F|249/249\n|-ability|p2a: Gardevoir|Guts|[from] ability: Trace|[of] p1a: Gurdurr\n|move|p1a: Gurdurr|Drain Punch|p2a: Gardevoir\n|-resisted|p2a: Gardevoir\n|-damage|p2a: Gardevoir|222/249\n|\n|upkeep\n|turn|2\n|\n|t:|1733905511\n|switch|p1a: Muk|Muk-Alola, L82, F|306/306\n|move|p2a: Gardevoir|Trick|p1a: Muk\n|-activate|p2a: Gardevoir|move: Trick|[of] p1a: Muk\n|-item|p1a: Muk|Choice Scarf|[from] move: Trick\n|-item|p2a: Gardevoir|Assault Vest|[from] move: Trick\n|\n|upkeep\n|turn|3\n|\n|t:|1733905526\n|switch|p2a: Archaludon|Archaludon, L78, F|268/268\n|move|p1a: Muk|Poison Jab|p2a: Archaludon\n|-immune|p2a: Archaludon\n|\n|upkeep\n|turn|4\n|\n|t:|1733905546\n|switch|p1a: Gurdurr|Gurdurr, L85, M|283/283\n|move|p2a: Archaludon|Stealth Rock|p1a: Gurdurr\n|-sidestart|p1: manolovm01|move: Stealth Rock\n|\n|upkeep\n|turn|5\n|inactive|sagutxo has 120 seconds left.\n|\n|t:|1733905570\n|move|p2a: Archaludon|Draco Meteor|p1a: Gurdurr\n|-damage|p1a: Gurdurr|135/283\n|-unboost|p2a: Archaludon|spa|2\n|move|p1a: Gurdurr|Drain Punch|p2a: Archaludon\n|-supereffective|p2a: Archaludon\n|-damage|p2a: Archaludon|140/268\n|-heal|p1a: Gurdurr|199/283|[from] drain|[of] p2a: Archaludon\n|-ability|p2a: Archaludon|Stamina|boost\n|-boost|p2a: Archaludon|def|1\n|\n|-heal|p2a: Archaludon|156/268|[from] item: Leftovers\n|upkeep\n|turn|6\n|inactive|sagutxo has 120 seconds left.\n|\n|t:|1733905586\n|move|p2a: Archaludon|Body Press|p1a: Gurdurr\n|-damage|p1a: Gurdurr|137/283\n|move|p1a: Gurdurr|Drain Punch|p2a: Archaludon\n|-supereffective|p2a: Archaludon\n|-damage|p2a: Archaludon|70/268\n|-heal|p1a: Gurdurr|180/283|[from] drain|[of] p2a: Archaludon\n|-ability|p2a: Archaludon|Stamina|boost\n|-boost|p2a: Archaludon|def|1\n|\n|-heal|p2a: Archaludon|86/268|[from] item: Leftovers\n|upkeep\n|turn|7\n|inactive|sagutxo has 120 seconds left.\n|\n|t:|1733905605\n|move|p2a: Archaludon|Body Press|p1a: Gurdurr\n|-damage|p1a: Gurdurr|99/283\n|move|p1a: Gurdurr|Drain Punch|p2a: Archaludon\n|-supereffective|p2a: Archaludon\n|-damage|p2a: Archaludon|12/268\n|-heal|p1a: Gurdurr|136/283|[from] drain|[of] p2a: Archaludon\n|-ability|p2a: Archaludon|Stamina|boost\n|-boost|p2a: Archaludon|def|1\n|\n|-heal|p2a: Archaludon|28/268|[from] item: Leftovers\n|upkeep\n|turn|8\n|inactive|sagutxo has 120 seconds left.\n|\n|t:|1733905618\n|move|p1a: Gurdurr|Mach Punch|p2a: Archaludon\n|-supereffective|p2a: Archaludon\n|-damage|p2a: Archaludon|0 fnt\n|faint|p2a: Archaludon\n|\n|upkeep\n|inactive|sagutxo has 120 seconds left.\n|\n|t:|1733905627\n|switch|p2a: Gardevoir|Gardevoir, L83, F|222/249\n|-ability|p2a: Gardevoir|Guts|[from] ability: Trace|[of] p1a: Gurdurr\n|turn|9\n|\n|t:|1733905639\n|switch|p1a: Houndstone|Houndstone, L86, M|264/264\n|-damage|p1a: Houndstone|231/264|[from] Stealth Rock\n|move|p2a: Gardevoir|Moonblast|p1a: Houndstone\n|-damage|p1a: Houndstone|129/264\n|\n|-heal|p1a: Houndstone|145/264|[from] item: Leftovers\n|upkeep\n|turn|10\n|\n|t:|1733905653\n|switch|p2a: Bombirdier|Bombirdier, L85, M|258/258\n|move|p1a: Houndstone|Poltergeist|p2a: Bombirdier\n|-activate|p2a: Bombirdier|move: Poltergeist|Heavy-Duty Boots\n|-resisted|p2a: Bombirdier\n|-damage|p2a: Bombirdier|193/258\n|\n|-heal|p1a: Houndstone|161/264|[from] item: Leftovers\n|upkeep\n|turn|11\n|inactive|manolovm01 has 120 seconds left.\n|\n|t:|1733905685\n|switch|p1a: Pelipper|Pelipper, L86, F|243/243\n|-damage|p1a: Pelipper|183/243|[from] Stealth Rock\n|-weather|RainDance|[from] ability: Drizzle|[of] p1a: Pelipper\n|move|p2a: Bombirdier|Knock Off|p1a: Pelipper\n|-damage|p1a: Pelipper|87/243\n|-enditem|p1a: Pelipper|Choice Specs|[from] move: Knock Off|[of] p2a: Bombirdier\n|\n|-weather|RainDance|[upkeep]\n|upkeep\n|turn|12\n|\n|t:|1733905697\n|move|p2a: Bombirdier|Knock Off|p1a: Pelipper\n|-damage|p1a: Pelipper|23/243\n|move|p1a: Pelipper|Weather Ball|p2a: Bombirdier\n|-damage|p2a: Bombirdier|27/258\n|\n|-weather|RainDance|[upkeep]\n|upkeep\n|turn|13\n|\n|t:|1733905706\n|move|p2a: Bombirdier|Knock Off|p1a: Pelipper\n|-damage|p1a: Pelipper|0 fnt\n|faint|p1a: Pelipper\n|\n|-weather|RainDance|[upkeep]\n|upkeep\n|\n|t:|1733905717\n|switch|p1a: Mew|Mew, L82|298/298\n|-damage|p1a: Mew|261/298|[from] Stealth Rock\n|turn|14\n|\n|t:|1733905722\n|move|p1a: Mew|Aura Sphere|p2a: Bombirdier\n|-damage|p2a: Bombirdier|0 fnt\n|faint|p2a: Bombirdier\n|-damage|p1a: Mew|232/298|[from] item: Life Orb\n|\n|-weather|RainDance|[upkeep]\n|upkeep\n|\n|t:|1733905733\n|switch|p2a: Kyogre|Kyogre, L71|259/259\n|turn|15\n|\n|t:|1733905740\n|move|p2a: Kyogre|Water Spout|p1a: Mew\n|-damage|p1a: Mew|6/298\n|move|p1a: Mew|Nasty Plot|p1a: Mew\n|-boost|p1a: Mew|spa|2\n|\n|-weather|none\n|upkeep\n|turn|16\n|\n|t:|1733905749\n|switch|p1a: Shiftry|Shiftry, L89, M|305/305\n|-damage|p1a: Shiftry|267/305|[from] Stealth Rock\n|move|p2a: Kyogre|Water Spout|p1a: Shiftry\n|-resisted|p1a: Shiftry\n|-damage|p1a: Shiftry|167/305\n|\n|upkeep\n|turn|17\n|\n|t:|1733905763\n|switch|p2a: Breloom|Breloom, L82, F|233/233\n|move|p1a: Shiftry|Leaf Blade|p2a: Breloom\n|-resisted|p2a: Breloom\n|-damage|p2a: Breloom|160/233\n|-damage|p1a: Shiftry|137/305|[from] item: Life Orb\n|\n|upkeep\n|turn|18\n|\n|t:|1733905781\n|switch|p1a: Muk|Muk-Alola, L82, F|306/306\n|-damage|p1a: Muk|268/306|[from] Stealth Rock\n|move|p2a: Breloom|Spore|p1a: Muk\n|-status|p1a: Muk|slp|[from] move: Spore\n|\n|upkeep\n|turn|19\n|\n|t:|1733905794\n|move|p2a: Breloom|Mach Punch|p1a: Muk\n|-damage|p1a: Muk|147/306 slp\n|-damage|p2a: Breloom|137/233|[from] item: Life Orb\n|cant|p1a: Muk|slp\n|\n|upkeep\n|turn|20\n|\n|t:|1733905801\n|move|p2a: Breloom|Mach Punch|p1a: Muk\n|-damage|p1a: Muk|34/306 slp\n|-damage|p2a: Breloom|114/233|[from] item: Life Orb\n|-curestatus|p1a: Muk|slp|[msg]\n|move|p1a: Muk|Poison Jab|p2a: Breloom\n|-supereffective|p2a: Breloom\n|-damage|p2a: Breloom|0 fnt\n|faint|p2a: Breloom\n|\n|upkeep\n|\n|t:|1733905814\n|switch|p2a: Gardevoir|Gardevoir, L83, F|222/249\n|-ability|p2a: Gardevoir|Poison Touch|[from] ability: Trace|[of] p1a: Muk\n|turn|21\n|\n|t:|1733905819\n|move|p1a: Muk|Poison Jab|p2a: Gardevoir\n|-supereffective|p2a: Gardevoir\n|-damage|p2a: Gardevoir|24/249\n|move|p2a: Gardevoir|Moonblast|p1a: Muk\n|-damage|p1a: Muk|0 fnt\n|faint|p1a: Muk\n|\n|upkeep\n|\n|t:|1733905831\n|switch|p1a: Shiftry|Shiftry, L89, M|137/305\n|-damage|p1a: Shiftry|99/305|[from] Stealth Rock\n|turn|22\n|\n|t:|1733905838\n|switch|p2a: Terapagos|Terapagos, L76, M|262/262\n|-activate|p2a: Terapagos|ability: Tera Shift\n|detailschange|p2a: Terapagos|Terapagos-Terastal, L76, M\n|-heal|p2a: Terapagos|269/269|[silent]\n|move|p1a: Shiftry|Leaf Blade|p2a: Terapagos\n|-activate|p2a: Terapagos|ability: Tera Shell\n|-resisted|p2a: Terapagos\n|-damage|p2a: Terapagos|200/269\n|-damage|p1a: Shiftry|69/305|[from] item: Life Orb\n|\n|upkeep\n|turn|23\n|\n|t:|1733905856\n|move|p1a: Shiftry|Low Kick|p2a: Terapagos\n|-supereffective|p2a: Terapagos\n|-damage|p2a: Terapagos|117/269\n|-damage|p1a: Shiftry|39/305|[from] item: Life Orb\n|move|p2a: Terapagos|Calm Mind|p2a: Terapagos\n|-boost|p2a: Terapagos|spa|1\n|-boost|p2a: Terapagos|spd|1\n|\n|upkeep\n|turn|24\n|\n|t:|1733905866\n|-terastallize|p2a: Terapagos|Stellar\n|detailschange|p2a: Terapagos|Terapagos-Stellar, L76, M, tera:Stellar\n|-heal|p2a: Terapagos|216/368|[silent]\n|move|p1a: Shiftry|Low Kick|p2a: Terapagos\n|-supereffective|p2a: Terapagos\n|-damage|p2a: Terapagos|47/368\n|-damage|p1a: Shiftry|9/305|[from] item: Life Orb\n|move|p2a: Terapagos|Tera Starstorm|p1a: Shiftry\n|-damage|p1a: Shiftry|0 fnt\n|faint|p1a: Shiftry\n|\n|upkeep\n|\n|t:|1733905878\n|switch|p1a: Gurdurr|Gurdurr, L85, M|136/283\n|-damage|p1a: Gurdurr|119/283|[from] Stealth Rock\n|turn|25\n|\n|t:|1733905883\n|move|p1a: Gurdurr|Mach Punch|p2a: Terapagos\n|-supereffective|p2a: Terapagos\n|-damage|p2a: Terapagos|0 fnt\n|faint|p2a: Terapagos\n|\n|upkeep\n|\n|t:|1733905892\n|switch|p2a: Gardevoir|Gardevoir, L83, F|24/249\n|-ability|p2a: Gardevoir|Guts|[from] ability: Trace|[of] p1a: Gurdurr\n|turn|26\n|\n|t:|1733905906\n|-terastallize|p1a: Gurdurr|Steel\n|move|p2a: Gardevoir|Moonblast|p1a: Gurdurr\n|-resisted|p1a: Gurdurr\n|-damage|p1a: Gurdurr|59/283\n|move|p1a: Gurdurr|Drain Punch|p2a: Gardevoir\n|-resisted|p2a: Gardevoir\n|-damage|p2a: Gardevoir|0 fnt\n|-heal|p1a: Gurdurr|71/283|[from] drain|[of] p2a: Gardevoir\n|faint|p2a: Gardevoir\n|\n|upkeep\n|\n|t:|1733905919\n|switch|p2a: Kyogre|Kyogre, L71|259/259\n|-weather|RainDance|[from] ability: Drizzle|[of] p2a: Kyogre\n|turn|27\n|\n|t:|1733905927\n|move|p1a: Gurdurr|Mach Punch|p2a: Kyogre\n|-damage|p2a: Kyogre|201/259\n|move|p2a: Kyogre|Water Spout|p1a: Gurdurr\n|-damage|p1a: Gurdurr|0 fnt\n|faint|p1a: Gurdurr\n|\n|-weather|RainDance|[upkeep]\n|upkeep\n|\n|t:|1733905936\n|switch|p1a: Houndstone|Houndstone, L86, M|161/264\n|-damage|p1a: Houndstone|128/264|[from] Stealth Rock\n|turn|28\n|\n|t:|1733905941\n|move|p2a: Kyogre|Water Spout|p1a: Houndstone\n|-damage|p1a: Houndstone|0 fnt\n|faint|p1a: Houndstone\n|\n|-weather|RainDance|[upkeep]\n|upkeep\n|\n|t:|1733905947\n|switch|p1a: Mew|Mew, L82|6/298\n|-damage|p1a: Mew|0 fnt|[from] Stealth Rock\n|faint|p1a: Mew\n|\n|win|sagutxo\n|raw|manolovm01's rating: 1175 &rarr; <strong>1153</strong><br />(-22 for losing)\n|raw|sagutxo's rating: 1220 &rarr; <strong>1242</strong><br />(+22 for winning)\n", "inputlog": ">version bfd83cad13791eb5a5a409923076391caf6fb4d4\n>start {\"formatid\":\"gen9randombattle\",\"seed\":[25721,55534,38787,24550],\"rated\":\"Rated battle\"}\n>player p1 {\"name\":\"manolovm01\",\"avatar\":\"2\",\"rating\":1175,\"seed\":[49517,10692,57087,55474]}\n>player p2 {\"name\":\"sagutxo\",\"avatar\":\"drayden\",\"rating\":1220,\"seed\":[58804,57941,14142,10766]}\n>p1 move drainpunch\n>p2 switch 3\n>p1 switch 5\n>p2 move trick\n>p1 move poisonjab\n>p2 switch 3\n>p1 switch 5\n>p2 move stealthrock\n>p1 move drainpunch\n>p2 move dracometeor\n>p1 move drainpunch\n>p2 move bodypress\n>p1 move drainpunch\n>p2 move bodypress\n>p1 move machpunch\n>p2 move bodypress\n>p2 switch 3\n>p1 switch 3\n>p2 move moonblast\n>p1 move poltergeist\n>p2 switch 4\n>p1 switch 2\n>p2 move knockoff\n>p1 move weatherball\n>p2 move knockoff\n>p1 move uturn\n>p2 move knockoff\n>p1 switch 4\n>p1 move aurasphere\n>p2 move roost\n>p2 switch 5\n>p1 move nastyplot\n>p2 move waterspout\n>p1 switch 6\n>p2 move waterspout\n>p1 move leafblade\n>p2 switch 2\n>p1 switch 5\n>p2 move spore\n>p1 move poisonjab\n>p2 move machpunch\n>p1 move poisonjab\n>p2 move machpunch\n>p2 switch 4\n>p1 move poisonjab\n>p2 move moonblast\n>p1 switch 5\n>p1 move leafblade\n>p2 switch 6\n>p1 move lowkick\n>p2 move calmmind\n>p1 move lowkick\n>p2 move terastarstorm terastallize\n>p1 switch 3\n>p1 move machpunch\n>p2 move terastarstorm\n>p2 switch 6\n>p1 move drainpunch terastallize\n>p2 move moonblast\n>p2 switch 2\n>p1 move machpunch\n>p2 move waterspout\n>p1 switch 2\n>p1 move rest\n>p2 move waterspout\n>p1 switch 6", "uploadtime": 1733905953, "views": 1, "formatid": "gen9randombattle", "rating": 1153, "private": 0, "password": null}