{"id": "gen9randombattle-2260310222", "format": "[Gen 9] Random Battle", "players": ["ShwdwnShitServer", "wtflip"], "log": "|j|\u2606ShwdwnShitServer\n|j|\u2606wtflip\n|inactive|Battle timer is ON: inactive players will automatically lose when time's up.\n|t:|1733838327\n|gametype|singles\n|player|p1|ShwdwnShitServer|red|\n|player|p2|wtflip|169|\n|teamsize|p1|6\n|teamsize|p2|6\n|gen|9\n|tier|[Gen 9] Random Battle\n|rated|Tournament battle\n|rule|Species Clause: Limit one of each Pok\u00e9mon\n|rule|HP Percentage Mod: HP is shown in percentages\n|rule|Sleep Clause Mod: Limit one foe put to sleep\n|rule|Illusion Level Mod: Illusion disguises the Pok\u00e9mon's true level\n|\n|t:|1733838327\n|start\n|switch|p1a: Mew|Mew, L82|298/298\n|switch|p2a: Scream Tail|Scream Tail, L84|330/330\n|turn|1\n|j|*Lady Monita \u2600\n|inactive|ShwdwnShitServer also wants the timer to be on.\n|j| sjxhwng\n|\n|t:|1733838346\n|move|p2a: Scream Tail|Wish|p2a: Scream Tail\n|move|p1a: Mew|Hydro Pump|p2a: Scream Tail\n|-damage|p2a: Scream Tail|255/330\n|-damage|p1a: Mew|269/298|[from] item: Life Orb\n|\n|-heal|p2a: Scream Tail|275/330|[from] item: Leftovers\n|upkeep\n|turn|2\n|\n|t:|1733838360\n|-end|p2a: Scream Tail|Protosynthesis|[silent]\n|switch|p2a: Cacturne|Cacturne, L92, F|278/278\n|switch|p1a: Ursaring|Ursaring, L84, M|288/288\n|\n|-status|p1a: Ursaring|tox|[from] item: Toxic Orb\n|upkeep\n|turn|3\n|inactive|wtflip has 120 seconds left.\n|\n|t:|1733838390\n|move|p1a: Ursaring|Facade|p2a: Cacturne\n|-damage|p2a: Cacturne|58/278\n|move|p2a: Cacturne|Swords Dance|p2a: Cacturne\n|-boost|p2a: Cacturne|atk|2\n|\n|-damage|p1a: Ursaring|270/288 tox|[from] psn\n|upkeep\n|turn|4\n|inactive|wtflip has 120 seconds left.\n|\n|t:|1733838404\n|switch|p1a: Bombirdier|Bombirdier, L85, M|258/258\n|move|p2a: Cacturne|Sucker Punch||[still]\n|-fail|p2a: Cacturne\n|\n|upkeep\n|turn|5\n|\n|t:|1733838413\n|move|p2a: Cacturne|Sucker Punch|p1a: Bombirdier\n|-resisted|p1a: Bombirdier\n|-damage|p1a: Bombirdier|129/258\n|-damage|p2a: Cacturne|31/278|[from] item: Life Orb\n|move|p1a: Bombirdier|Brave Bird|p2a: Cacturne\n|-supereffective|p2a: Cacturne\n|-damage|p2a: Cacturne|0 fnt\n|faint|p2a: Cacturne\n|-damage|p1a: Bombirdier|119/258|[from] Recoil\n|\n|upkeep\n|inactive|wtflip has 120 seconds left.\n|\n|t:|1733838428\n|switch|p2a: Scream Tail|Scream Tail, L84|275/330\n|turn|6\n|\n|t:|1733838436\n|switch|p1a: Phione|Phione, L91|293/293\n|move|p2a: Scream Tail|Wish|p2a: Scream Tail\n|\n|-heal|p2a: Scream Tail|295/330|[from] item: Leftovers\n|upkeep\n|turn|7\n|\n|t:|1733838444\n|move|p2a: Scream Tail|Thunder Wave|p1a: Phione\n|-status|p1a: Phione|par\n|move|p1a: Phione|Scald|p2a: Scream Tail\n|-damage|p2a: Scream Tail|225/330\n|\n|-heal|p2a: Scream Tail|330/330|[from] move: Wish|[wisher] Scream Tail\n|upkeep\n|turn|8\n|inactive|wtflip has 120 seconds left.\n|\n|t:|1733838495\n|move|p2a: Scream Tail|Wish|p2a: Scream Tail\n|move|p1a: Phione|Take Heart|p1a: Phione\n|-boost|p1a: Phione|spa|1\n|-boost|p1a: Phione|spd|1\n|-curestatus|p1a: Phione|par|[msg]\n|\n|upkeep\n|turn|9\n|inactive|wtflip has 90 seconds left.\n|\n|t:|1733838516\n|-end|p2a: Scream Tail|Protosynthesis|[silent]\n|switch|p2a: Venusaur|Venusaur, L84, M|272/272\n|move|p1a: Phione|Scald|p2a: Venusaur\n|-resisted|p2a: Venusaur\n|-damage|p2a: Venusaur|212/272\n|\n|-heal|p2a: Venusaur|272/272|[from] move: Wish|[wisher] Scream Tail\n|upkeep\n|turn|10\n|\n|t:|1733838543\n|switch|p1a: Bombirdier|Bombirdier, L85, M|119/258\n|move|p2a: Venusaur|Sleep Powder|p1a: Bombirdier|[miss]\n|-miss|p2a: Venusaur|p1a: Bombirdier\n|\n|upkeep\n|turn|11\n|\n|t:|1733838551\n|switch|p2a: Scream Tail|Scream Tail, L84|330/330\n|move|p1a: Bombirdier|Brave Bird|p2a: Scream Tail\n|-damage|p2a: Scream Tail|209/330\n|-damage|p1a: Bombirdier|79/258|[from] Recoil\n|\n|-heal|p2a: Scream Tail|229/330|[from] item: Leftovers\n|upkeep\n|turn|12\n|\n|t:|1733838557\n|move|p2a: Scream Tail|Wish|p2a: Scream Tail\n|move|p1a: Bombirdier|Knock Off|p2a: Scream Tail\n|-crit|p2a: Scream Tail\n|-damage|p2a: Scream Tail|76/330\n|-enditem|p2a: Scream Tail|Leftovers|[from] move: Knock Off|[of] p1a: Bombirdier\n|\n|upkeep\n|turn|13\n|\n|t:|1733838564\n|switch|p1a: Phione|Phione, L91|293/293\n|move|p2a: Scream Tail|Dazzling Gleam|p1a: Phione\n|-damage|p1a: Phione|226/293\n|\n|-heal|p2a: Scream Tail|241/330|[from] move: Wish|[wisher] Scream Tail\n|-heal|p1a: Phione|244/293|[from] item: Leftovers\n|upkeep\n|turn|14\n|\n|t:|1733838568\n|-end|p2a: Scream Tail|Protosynthesis|[silent]\n|switch|p2a: Venusaur|Venusaur, L84, M|272/272\n|move|p1a: Phione|Scald|p2a: Venusaur\n|-resisted|p2a: Venusaur\n|-damage|p2a: Venusaur|233/272\n|\n|-heal|p1a: Phione|262/293|[from] item: Leftovers\n|-heal|p2a: Venusaur|250/272|[from] item: Leftovers\n|upkeep\n|turn|15\n|\n|t:|1733838575\n|switch|p1a: Bombirdier|Bombirdier, L85, M|79/258\n|move|p2a: Venusaur|Sludge Bomb|p1a: Bombirdier\n|-damage|p1a: Bombirdier|0 fnt\n|faint|p1a: Bombirdier\n|\n|-heal|p2a: Venusaur|267/272|[from] item: Leftovers\n|upkeep\n|\n|t:|1733838578\n|switch|p1a: Ursaring|Ursaring, L84, M|270/288 tox\n|turn|16\n|j| rammyzh\n|\n|t:|1733838586\n|move|p1a: Ursaring|Swords Dance|p1a: Ursaring\n|-boost|p1a: Ursaring|atk|2\n|move|p2a: Venusaur|Synthesis|p2a: Venusaur\n|-heal|p2a: Venusaur|272/272\n|\n|-damage|p1a: Ursaring|252/288 tox|[from] psn\n|upkeep\n|turn|17\n|c|\u2606wtflip|oh\n|\n|t:|1733838597\n|move|p1a: Ursaring|Facade|p2a: Venusaur\n|-damage|p2a: Venusaur|0 fnt\n|faint|p2a: Venusaur\n|\n|-damage|p1a: Ursaring|216/288 tox|[from] psn\n|upkeep\n|c| rammyzh|sigma\n|c|\u2606ShwdwnShitServer|big trouble\n|inactive|wtflip has 120 seconds left.\n|\n|t:|1733838618\n|switch|p2a: Scream Tail|Scream Tail, L84|241/330\n|turn|18\n|\n|t:|1733838631\n|-terastallize|p2a: Scream Tail|Steel\n|move|p2a: Scream Tail|Wish|p2a: Scream Tail\n|move|p1a: Ursaring|Facade|p2a: Scream Tail\n|-resisted|p2a: Scream Tail\n|-damage|p2a: Scream Tail|80/330\n|\n|-damage|p1a: Ursaring|162/288 tox|[from] psn\n|upkeep\n|turn|19\n|c|\u2606wtflip|what\n|\n|t:|1733838643\n|move|p2a: Scream Tail|Protect|p2a: Scream Tail\n|-singleturn|p2a: Scream Tail|Protect\n|move|p1a: Ursaring|Close Combat|p2a: Scream Tail\n|-activate|p2a: Scream Tail|move: Protect\n|\n|-heal|p2a: Scream Tail|245/330|[from] move: Wish|[wisher] Scream Tail\n|-damage|p1a: Ursaring|90/288 tox|[from] psn\n|upkeep\n|turn|20\n|\n|t:|1733838658\n|move|p2a: Scream Tail|Dazzling Gleam|p1a: Ursaring\n|-damage|p1a: Ursaring|23/288 tox\n|move|p1a: Ursaring|Close Combat|p2a: Scream Tail\n|-supereffective|p2a: Scream Tail\n|-damage|p2a: Scream Tail|0 fnt\n|-unboost|p1a: Ursaring|def|1\n|-unboost|p1a: Ursaring|spd|1\n|faint|p2a: Scream Tail\n|-end|p2a: Scream Tail|Protosynthesis|[silent]\n|\n|-damage|p1a: Ursaring|0 fnt|[from] psn\n|faint|p1a: Ursaring\n|upkeep\n|c|\u2606wtflip|i thought qf was faster\n|inactive|wtflip has 120 seconds left.\n|\n|t:|1733838682\n|switch|p2a: Quaquaval|Quaquaval, L79, F|264/264\n|switch|p1a: Mew|Mew, L82|269/298\n|turn|21\n|j| psmemes\n|c| psmemes|FORTNITE BOOGIE BOMB\n|c| rammyzh|only 211\n|c| rammyzh|feed\n|c| rammyzh|speed\n|inactive|ShwdwnShitServer has 120 seconds left.\n|c|\u2606wtflip|fortnite battle pass\n|\n|t:|1733838713\n|switch|p2a: Arceus|Arceus-Dark, L71|288/288\n|move|p1a: Mew|Psychic|p2a: Arceus\n|-immune|p2a: Arceus\n|\n|upkeep\n|turn|22\n|c| rammyzh|fortnite sigma pass\n|inactive|wtflip has 120 seconds left.\n|raw|<div class=\"broadcast-red\"><strong>Moderated chat was set to +!</strong><br />Only users of rank + and higher can talk.</div>\n|\n|t:|1733838758\n|switch|p1a: Tyranitar|Tyranitar, L79, M|288/288\n|-weather|Sandstorm|[from] ability: Sand Stream|[of] p1a: Tyranitar\n|move|p2a: Arceus|Calm Mind|p2a: Arceus\n|-boost|p2a: Arceus|spa|1\n|-boost|p2a: Arceus|spd|1\n|\n|-weather|Sandstorm|[upkeep]\n|-damage|p2a: Arceus|270/288|[from] Sandstorm\n|upkeep\n|turn|23\n|inactive|ShwdwnShitServer has 120 seconds left.\n|\n|t:|1733838785\n|move|p2a: Arceus|Sludge Bomb|p1a: Tyranitar\n|-resisted|p1a: Tyranitar\n|-damage|p1a: Tyranitar|264/288\n|move|p1a: Tyranitar|Dragon Dance|p1a: Tyranitar\n|-boost|p1a: Tyranitar|atk|1\n|-boost|p1a: Tyranitar|spe|1\n|\n|-weather|Sandstorm|[upkeep]\n|-damage|p2a: Arceus|252/288|[from] Sandstorm\n|-heal|p1a: Tyranitar|282/288|[from] item: Leftovers\n|upkeep\n|turn|24\n|\n|t:|1733838797\n|switch|p2a: Wugtrio|Wugtrio, L91, F|212/212\n|move|p1a: Tyranitar|Stone Edge|p2a: Wugtrio|[miss]\n|-miss|p1a: Tyranitar|p2a: Wugtrio\n|\n|-weather|Sandstorm|[upkeep]\n|-damage|p2a: Wugtrio|199/212|[from] Sandstorm\n|-heal|p1a: Tyranitar|288/288|[from] item: Leftovers\n|upkeep\n|turn|25\n|inactive|ShwdwnShitServer has 120 seconds left.\n|\n|t:|1733838815\n|switch|p1a: Phione|Phione, L91|262/293\n|move|p2a: Wugtrio|Liquidation|p1a: Phione\n|-resisted|p1a: Phione\n|-damage|p1a: Phione|182/293\n|\n|-weather|Sandstorm|[upkeep]\n|-damage|p2a: Wugtrio|186/212|[from] Sandstorm\n|-damage|p1a: Phione|164/293|[from] Sandstorm\n|-heal|p1a: Phione|182/293|[from] item: Leftovers\n|upkeep\n|turn|26\n|\n|t:|1733838823\n|switch|p2a: Arceus|Arceus-Dark, L71|252/288\n|move|p1a: Phione|Scald|p2a: Arceus\n|-damage|p2a: Arceus|171/288\n|\n|-weather|none\n|-heal|p1a: Phione|200/293|[from] item: Leftovers\n|upkeep\n|turn|27\n|\n|t:|1733838829\n|switch|p1a: Tyranitar|Tyranitar, L79, M|288/288\n|-weather|Sandstorm|[from] ability: Sand Stream|[of] p1a: Tyranitar\n|move|p2a: Arceus|Recover|p2a: Arceus\n|-heal|p2a: Arceus|288/288\n|\n|-weather|Sandstorm|[upkeep]\n|-damage|p2a: Arceus|270/288|[from] Sandstorm\n|upkeep\n|turn|28\n|\n|t:|1733838838\n|switch|p2a: Quaquaval|Quaquaval, L79, F|264/264\n|move|p1a: Tyranitar|Dragon Dance|p1a: Tyranitar\n|-boost|p1a: Tyranitar|atk|1\n|-boost|p1a: Tyranitar|spe|1\n|\n|-weather|Sandstorm|[upkeep]\n|-damage|p2a: Quaquaval|248/264|[from] Sandstorm\n|upkeep\n|turn|29\n|\n|t:|1733838850\n|switch|p1a: Espathra|Espathra, L80, F|283/283\n|move|p2a: Quaquaval|Close Combat|p1a: Espathra\n|-resisted|p1a: Espathra\n|-damage|p1a: Espathra|141/283\n|-unboost|p2a: Quaquaval|def|1\n|-unboost|p2a: Quaquaval|spd|1\n|\n|-weather|Sandstorm|[upkeep]\n|-damage|p1a: Espathra|124/283|[from] Sandstorm\n|-damage|p2a: Quaquaval|232/264|[from] Sandstorm\n|upkeep\n|turn|30\n|inactive|wtflip has 120 seconds left.\n|\n|t:|1733838867\n|switch|p2a: Wugtrio|Wugtrio, L91, F|186/212\n|move|p1a: Espathra|Dazzling Gleam|p2a: Wugtrio\n|-damage|p2a: Wugtrio|104/212\n|\n|-weather|Sandstorm|[upkeep]\n|-damage|p2a: Wugtrio|91/212|[from] Sandstorm\n|-damage|p1a: Espathra|107/283|[from] Sandstorm\n|-ability|p1a: Espathra|Speed Boost|boost\n|-boost|p1a: Espathra|spe|1\n|upkeep\n|turn|31\n|\n|t:|1733838876\n|move|p2a: Wugtrio|Aqua Jet|p1a: Espathra\n|-damage|p1a: Espathra|4/283\n|move|p1a: Espathra|Dazzling Gleam|p2a: Wugtrio\n|-damage|p2a: Wugtrio|2/212\n|\n|-weather|none\n|-ability|p1a: Espathra|Speed Boost|boost\n|-boost|p1a: Espathra|spe|1\n|upkeep\n|turn|32\n|\n|t:|1733838884\n|switch|p1a: Tyranitar|Tyranitar, L79, M|288/288\n|-weather|Sandstorm|[from] ability: Sand Stream|[of] p1a: Tyranitar\n|move|p2a: Wugtrio|Aqua Jet|p1a: Tyranitar\n|-supereffective|p1a: Tyranitar\n|-damage|p1a: Tyranitar|144/288\n|\n|-weather|Sandstorm|[upkeep]\n|-damage|p2a: Wugtrio|0 fnt|[from] Sandstorm\n|faint|p2a: Wugtrio\n|-heal|p1a: Tyranitar|162/288|[from] item: Leftovers\n|upkeep\n|\n|t:|1733838889\n|switch|p2a: Quaquaval|Quaquaval, L79, F|232/264\n|turn|33\n|\n|t:|1733838913\n|switch|p1a: Phione|Phione, L91|200/293\n|move|p2a: Quaquaval|U-turn|p1a: Phione\n|-damage|p1a: Phione|126/293\n|\n|t:|1733838918\n|switch|p2a: Arceus|Arceus-Dark, L71|270/288|[from] U-turn\n|\n|-weather|Sandstorm|[upkeep]\n|-damage|p2a: Arceus|252/288|[from] Sandstorm\n|-damage|p1a: Phione|108/293|[from] Sandstorm\n|-heal|p1a: Phione|126/293|[from] item: Leftovers\n|upkeep\n|turn|34\n|\n|t:|1733838923\n|move|p2a: Arceus|Calm Mind|p2a: Arceus\n|-boost|p2a: Arceus|spa|1\n|-boost|p2a: Arceus|spd|1\n|move|p1a: Phione|Scald|p2a: Arceus\n|-damage|p2a: Arceus|200/288\n|\n|-weather|Sandstorm|[upkeep]\n|-damage|p2a: Arceus|182/288|[from] Sandstorm\n|-damage|p1a: Phione|108/293|[from] Sandstorm\n|-heal|p1a: Phione|126/293|[from] item: Leftovers\n|upkeep\n|turn|35\n|\n|t:|1733838928\n|move|p2a: Arceus|Calm Mind|p2a: Arceus\n|-boost|p2a: Arceus|spa|1\n|-boost|p2a: Arceus|spd|1\n|move|p1a: Phione|Scald|p2a: Arceus\n|-damage|p2a: Arceus|143/288\n|\n|-weather|Sandstorm|[upkeep]\n|-damage|p2a: Arceus|125/288|[from] Sandstorm\n|-damage|p1a: Phione|108/293|[from] Sandstorm\n|-heal|p1a: Phione|126/293|[from] item: Leftovers\n|upkeep\n|turn|36\n|\n|t:|1733838930\n|move|p2a: Arceus|Recover|p2a: Arceus\n|-heal|p2a: Arceus|269/288\n|move|p1a: Phione|Scald|p2a: Arceus\n|-damage|p2a: Arceus|229/288\n|\n|-weather|none\n|-heal|p1a: Phione|144/293|[from] item: Leftovers\n|upkeep\n|turn|37\n|c|\u2606ShwdwnShitServer|30% for burn btw\n|\n|t:|1733838939\n|move|p2a: Arceus|Judgment|p1a: Phione\n|-damage|p1a: Phione|0 fnt\n|faint|p1a: Phione\n|\n|upkeep\n|c|\u2606wtflip|bro\n|c|\u2606wtflip|stfu\n|c|\u2606wtflip|??\n|c|\u2606wtflip|ur a r word\n|c|\u2606ShwdwnShitServer|hm\n|c|\u2606ShwdwnShitServer|time to get you banned I suppose\n|\n|t:|1733838963\n|switch|p1a: Tyranitar|Tyranitar, L79, M|162/288\n|-weather|Sandstorm|[from] ability: Sand Stream|[of] p1a: Tyranitar\n|turn|38\n|c|\u2606wtflip|bro acting like i wasnt in the trenches of gen 6 uu\n|inactive|ShwdwnShitServer has 120 seconds left.\n|inactive|wtflip has 120 seconds left.\n|\n|t:|1733839010\n|move|p2a: Arceus|Judgment|p1a: Tyranitar\n|-resisted|p1a: Tyranitar\n|-damage|p1a: Tyranitar|90/288\n|move|p1a: Tyranitar|Dragon Dance|p1a: Tyranitar\n|-boost|p1a: Tyranitar|atk|1\n|-boost|p1a: Tyranitar|spe|1\n|\n|-weather|Sandstorm|[upkeep]\n|-damage|p2a: Arceus|211/288|[from] Sandstorm\n|-heal|p1a: Tyranitar|108/288|[from] item: Leftovers\n|upkeep\n|turn|39\n|\n|t:|1733839019\n|move|p1a: Tyranitar|Stone Edge|p2a: Arceus|[miss]\n|-miss|p1a: Tyranitar|p2a: Arceus\n|move|p2a: Arceus|Judgment|p1a: Tyranitar\n|-resisted|p1a: Tyranitar\n|-damage|p1a: Tyranitar|39/288\n|\n|-weather|Sandstorm|[upkeep]\n|-damage|p2a: Arceus|193/288|[from] Sandstorm\n|-heal|p1a: Tyranitar|57/288|[from] item: Leftovers\n|upkeep\n|turn|40\n|\n|t:|1733839033\n|move|p1a: Tyranitar|Stone Edge|p2a: Arceus\n|-damage|p2a: Arceus|28/288\n|move|p2a: Arceus|Judgment|p1a: Tyranitar\n|-resisted|p1a: Tyranitar\n|-damage|p1a: Tyranitar|0 fnt\n|faint|p1a: Tyranitar\n|\n|-weather|Sandstorm|[upkeep]\n|-damage|p2a: Arceus|10/288|[from] Sandstorm\n|upkeep\n|j|~DaWoblefet\n|\n|t:|1733839038\n|switch|p1a: Espathra|Espathra, L80, F|4/283\n|turn|41\n|n|\u203dwtflip|wtflip\n|c|~DaWoblefet|/log wtflip was locked from talking by DaWoblefet. (battle harassment)\n|inactive|wtflip has 120 seconds left.\n|l|~DaWoblefet\n|c|\u2606ShwdwnShitServer|and you still lose despite the rng going into your favor\n|inactive|wtflip has 90 seconds left.\n|j|~DaWoblefet\n|inactive|wtflip has 60 seconds left.\n|inactive|wtflip has 30 seconds left.\n|inactive|wtflip has 20 seconds left.\n|inactive|wtflip has 15 seconds left.\n|inactive|wtflip has 10 seconds left.\n|inactive|wtflip has 5 seconds left.\n|-message|wtflip lost due to inactivity.\n|\n|win|ShwdwnShitServer\n|n|\u2606ShwdwnShitServer|shwdwnshitserver\n|n|\u203dwtflip|wtflip\n|n|*Lady Monita \u2600|ladymonita\n|n|~DaWoblefet|dawoblefet\n", "inputlog": ">version bfd83cad13791eb5a5a409923076391caf6fb4d4\n>start {\"formatid\":\"gen9randombattle\",\"seed\":[6929,2415,24374,34687],\"rated\":\"Tournament battle\"}\n>player p1 {\"name\":\"ShwdwnShitServer\",\"avatar\":\"red\",\"rating\":0,\"seed\":[20142,35165,36142,35631]}\n>player p2 {\"name\":\"wtflip\",\"avatar\":\"169\",\"rating\":0,\"seed\":[47627,28421,8189,12978]}\n>p1 move hydropump\n>p2 move wish\n>p1 switch 5\n>p2 switch 4\n>p1 move facade\n>p2 move swordsdance\n>p1 switch 4\n>p2 move suckerpunch\n>p1 move bravebird\n>p2 move suckerpunch\n>p2 switch 4\n>p1 switch 2\n>p2 move wish\n>p1 move scald\n>p2 move thunderwave\n>p1 move takeheart\n>p2 move wish\n>p1 move scald\n>p2 switch 2\n>p1 switch 2\n>p2 move sleeppowder\n>p1 move bravebird\n>p2 switch 2\n>p1 move knockoff\n>p2 move wish\n>p1 switch 2\n>p2 move dazzlinggleam\n>p1 move scald\n>p2 switch 2\n>p1 switch 2\n>p2 move sludgebomb\n>p1 switch 4\n>p1 move swordsdance\n>p2 move synthesis\n>chat \u2606wtflip|oh\n>p1 move facade\n>p2 move sludgebomb\n>chat  rammyzh|sigma\n>chat \u2606ShwdwnShitServer|big trouble\n>p2 switch 2\n>p1 move facade\n>p2 move wish terastallize\n>chat \u2606wtflip|what\n>p1 move closecombat\n>p2 move protect\n>p1 move closecombat\n>p2 move dazzlinggleam\n>chat \u2606wtflip|i thought qf was faster\n>p1 switch 5\n>p2 switch 5\n>chat  psmemes|FORTNITE BOOGIE BOMB\n>chat  rammyzh|only 211\n>chat  rammyzh|feed\n>chat  rammyzh|speed\n>chat \u2606wtflip|fortnite battle pass\n>p1 move psychic\n>p2 switch 6\n>chat  rammyzh|fortnite sigma pass\n>p1 switch 6\n>p2 move calmmind\n>p1 move dragondance\n>p2 move sludgebomb\n>p1 move stoneedge\n>p2 switch 3\n>p1 switch 2\n>p2 move liquidation\n>p1 move scald\n>p2 switch 3\n>p1 switch 2\n>p2 move recover\n>p1 move dragondance\n>p2 switch 6\n>p1 switch 3\n>p2 move closecombat\n>p1 move dazzlinggleam\n>p2 switch 3\n>p1 move dazzlinggleam\n>p2 move aquajet\n>p1 switch 3\n>p2 move aquajet\n>p2 switch 3\n>p1 switch 2\n>p2 move uturn\n>p2 switch 6\n>p1 move scald\n>p2 move calmmind\n>p1 move scald\n>p2 move calmmind\n>p1 move scald\n>p2 move recover\n>chat \u2606ShwdwnShitServer|30% for burn btw\n>p1 move scald\n>p2 move judgment\n>chat \u2606wtflip|bro\n>chat \u2606wtflip|stfu\n>chat \u2606wtflip|??\n>chat \u2606wtflip|ur a r word\n>chat \u2606ShwdwnShitServer|hm\n>chat \u2606ShwdwnShitServer|time to get you banned I suppose\n>p1 switch 2\n>chat \u2606wtflip|bro acting like i wasnt in the trenches of gen 6 uu\n>p1 move dragondance\n>p2 move judgment\n>p1 move stoneedge\n>p2 move judgment\n>p1 move stoneedge\n>p2 move judgment\n>p1 switch 3\n>chat \u2606ShwdwnShitServer|and you still lose despite the rng going into your favor\n>forcelose p2", "uploadtime": 1733839005, "views": 1, "formatid": "gen9randombattle", "rating": null, "private": 0, "password": null}