{"id": "gen9randombattle-2259983931", "format": "[Gen 9] Random Battle", "players": ["Vikespray", "bohabwestee"], "log": "|j|\u2606Vikespray\n|j|\u2606bohabwestee\n|t:|1733787447\n|gametype|singles\n|player|p1|Vikespray|169|1338\n|player|p2|bohabwestee|2|1352\n|teamsize|p1|6\n|teamsize|p2|6\n|gen|9\n|tier|[Gen 9] Random Battle\n|rated|\n|rule|Species Clause: Limit one of each Pok\u00e9mon\n|rule|HP Percentage Mod: HP is shown in percentages\n|rule|Sleep Clause Mod: Limit one foe put to sleep\n|rule|Illusion Level Mod: Illusion disguises the Pok\u00e9mon's true level\n|\n|t:|1733787447\n|start\n|switch|p1a: Iron Jugulis|Iron Jugulis, L78|275/275\n|switch|p2a: Venusaur|Venusaur, L84, M|272/272\n|turn|1\n|inactive|Battle timer is ON: inactive players will automatically lose when time's up. (requested by bohabwestee)\n|\n|t:|1733787463\n|move|p1a: Iron Jugulis|Meteor Beam||[still]\n|-prepare|p1a: Iron Jugulis|Meteor Beam\n|-boost|p1a: Iron Jugulis|spa|1\n|-enditem|p1a: Iron Jugulis|Power Herb\n|-anim|p1a: Iron Jugulis|Meteor Beam|p2a: Venusaur\n|-damage|p2a: Venusaur|157/272\n|move|p2a: Venusaur|Sleep Powder|p1a: Iron Jugulis|[miss]\n|-miss|p2a: Venusaur|p1a: Iron Jugulis\n|\n|-heal|p2a: Venusaur|174/272|[from] item: Leftovers\n|upkeep\n|turn|2\n|\n|t:|1733787477\n|switch|p2a: Tornadus|Tornadus-Therian, L79, M|254/254\n|move|p1a: Iron Jugulis|Hurricane|p2a: Tornadus\n|-damage|p2a: Tornadus|121/254\n|\n|upkeep\n|turn|3\n|inactive|Vikespray has 120 seconds left.\n|\n|t:|1733787512\n|-end|p1a: Iron Jugulis|Quark Drive|[silent]\n|switch|p1a: Espeon|Espeon, L84, F|246/246\n|move|p2a: Tornadus|U-turn|p1a: Espeon\n|-supereffective|p1a: Espeon\n|-damage|p1a: Espeon|116/246\n|\n|t:|1733787527\n|switch|p2a: Pachirisu|Pachirisu, L96, F|271/271|[from] U-turn\n|\n|upkeep\n|turn|4\n|inactive|Vikespray has 120 seconds left.\n|\n|t:|1733787552\n|move|p2a: Pachirisu|U-turn|p1a: Espeon\n|-supereffective|p1a: Espeon\n|-damage|p1a: Espeon|16/246\n|\n|t:|1733787557\n|switch|p2a: Tornadus|Tornadus-Therian, L79, M|205/254|[from] U-turn\n|move|p1a: Espeon|Morning Sun|p1a: Espeon\n|-heal|p1a: Espeon|139/246\n|\n|upkeep\n|turn|5\n|inactive|Vikespray has 120 seconds left.\n|\n|t:|1733787574\n|switch|p1a: Braviary|Braviary, L85, M|309/309\n|move|p2a: Tornadus|Knock Off|p1a: Braviary\n|-damage|p1a: Braviary|239/309\n|-enditem|p1a: Braviary|Heavy-Duty Boots|[from] move: Knock Off|[of] p2a: Tornadus\n|\n|upkeep\n|turn|6\n|\n|t:|1733787586\n|move|p2a: Tornadus|Heat Wave|p1a: Braviary\n|-damage|p1a: Braviary|171/309\n|move|p1a: Braviary|Bulk Up|p1a: Braviary\n|-boost|p1a: Braviary|atk|1\n|-boost|p1a: Braviary|def|1\n|\n|upkeep\n|turn|7\n|\n|t:|1733787598\n|move|p2a: Tornadus|U-turn|p1a: Braviary\n|-resisted|p1a: Braviary\n|-damage|p1a: Braviary|155/309\n|\n|t:|1733787599\n|switch|p2a: Thundurus|Thundurus, L80, M|258/258|[from] U-turn\n|move|p1a: Braviary|Roost|p1a: Braviary\n|-heal|p1a: Braviary|309/309\n|-singleturn|p1a: Braviary|move: Roost\n|\n|upkeep\n|turn|8\n|inactive|Vikespray has 120 seconds left.\n|\n|t:|1733787618\n|switch|p1a: Roaring Moon|Roaring Moon, L72|270/270\n|move|p2a: Thundurus|Thunderbolt|p1a: Roaring Moon\n|-resisted|p1a: Roaring Moon\n|-damage|p1a: Roaring Moon|216/270\n|\n|upkeep\n|turn|9\n|\n|t:|1733787626\n|move|p2a: Thundurus|U-turn|p1a: Roaring Moon\n|-supereffective|p1a: Roaring Moon\n|-damage|p1a: Roaring Moon|84/270\n|\n|t:|1733787630\n|switch|p2a: Regice|Regice, L88|284/284|[from] U-turn\n|move|p1a: Roaring Moon|Knock Off|p2a: Regice\n|-damage|p2a: Regice|149/284\n|-enditem|p2a: Regice|Heavy-Duty Boots|[from] move: Knock Off|[of] p1a: Roaring Moon\n|\n|upkeep\n|turn|10\n|inactive|Vikespray has 120 seconds left.\n|\n|t:|1733787646\n|-end|p1a: Roaring Moon|Protosynthesis|[silent]\n|switch|p1a: Golduck|Golduck, L90, F|290/290\n|-ability|p1a: Golduck|Cloud Nine\n|switch|p2a: Tornadus|Tornadus-Therian, L79, M|254/254\n|\n|upkeep\n|turn|11\n|\n|t:|1733787654\n|move|p2a: Tornadus|Knock Off|p1a: Golduck\n|-damage|p1a: Golduck|228/290\n|-enditem|p1a: Golduck|Life Orb|[from] move: Knock Off|[of] p2a: Tornadus\n|move|p1a: Golduck|Ice Beam|p2a: Tornadus\n|-supereffective|p2a: Tornadus\n|-damage|p2a: Tornadus|158/254\n|\n|upkeep\n|turn|12\n|\n|t:|1733787663\n|move|p2a: Tornadus|U-turn|p1a: Golduck\n|-damage|p1a: Golduck|178/290\n|\n|t:|1733787665\n|switch|p2a: Pachirisu|Pachirisu, L96, F|271/271|[from] U-turn\n|move|p1a: Golduck|Ice Beam|p2a: Pachirisu\n|-damage|p2a: Pachirisu|210/271\n|\n|upkeep\n|turn|13\n|\n|t:|1733787688\n|switch|p1a: Kyurem|Kyurem, L77|319/319\n|-ability|p1a: Kyurem|Pressure\n|move|p2a: Pachirisu|Discharge|p1a: Kyurem\n|-resisted|p1a: Kyurem\n|-damage|p1a: Kyurem|283/319\n|-status|p1a: Kyurem|par\n|\n|upkeep\n|turn|14\n|\n|t:|1733787698\n|move|p2a: Pachirisu|U-turn|p1a: Kyurem\n|-damage|p1a: Kyurem|238/319 par\n|\n|t:|1733787701\n|switch|p2a: Regice|Regice, L88|149/284|[from] U-turn\n|cant|p1a: Kyurem|par\n|\n|upkeep\n|turn|15\n|inactive|Vikespray has 120 seconds left.\n|\n|t:|1733787726\n|switch|p1a: Golduck|Golduck, L90, F|178/290\n|-ability|p1a: Golduck|Cloud Nine\n|move|p2a: Regice|Body Press|p1a: Golduck\n|-damage|p1a: Golduck|115/290\n|\n|upkeep\n|turn|16\n|inactive|Vikespray has 120 seconds left.\n|\n|t:|1733787747\n|move|p1a: Golduck|Hydro Pump|p2a: Regice\n|-damage|p2a: Regice|82/284\n|move|p2a: Regice|Thunder Wave|p1a: Golduck\n|-status|p1a: Golduck|par\n|\n|upkeep\n|turn|17\n|\n|t:|1733787758\n|-terastallize|p1a: Golduck|Water\n|move|p2a: Regice|Thunderbolt|p1a: Golduck\n|-supereffective|p1a: Golduck\n|-damage|p1a: Golduck|0 fnt\n|faint|p1a: Golduck\n|\n|upkeep\n|\n|t:|1733787767\n|switch|p1a: Braviary|Braviary, L85, M|309/309\n|turn|18\n|\n|t:|1733787773\n|move|p1a: Braviary|Close Combat|p2a: Regice\n|-supereffective|p2a: Regice\n|-damage|p2a: Regice|0 fnt\n|-unboost|p1a: Braviary|def|1\n|-unboost|p1a: Braviary|spd|1\n|faint|p2a: Regice\n|\n|upkeep\n|\n|t:|1733787793\n|switch|p2a: Pachirisu|Pachirisu, L96, F|210/271\n|turn|19\n|\n|t:|1733787798\n|switch|p1a: Kyurem|Kyurem, L77|238/319 par\n|-ability|p1a: Kyurem|Pressure\n|move|p2a: Pachirisu|Discharge|p1a: Kyurem\n|-resisted|p1a: Kyurem\n|-damage|p1a: Kyurem|205/319 par\n|\n|upkeep\n|turn|20\n|\n|t:|1733787810\n|move|p2a: Pachirisu|U-turn|p1a: Kyurem\n|-damage|p1a: Kyurem|163/319 par\n|\n|t:|1733787817\n|switch|p2a: Iron Boulder|Iron Boulder, L77|265/265|[from] U-turn\n|-enditem|p2a: Iron Boulder|Booster Energy\n|-activate|p2a: Iron Boulder|ability: Quark Drive|[fromitem]\n|-start|p2a: Iron Boulder|quarkdrivespe\n|move|p1a: Kyurem|Earth Power|p2a: Iron Boulder\n|-supereffective|p2a: Iron Boulder\n|-damage|p2a: Iron Boulder|75/265\n|\n|upkeep\n|turn|21\n|\n|t:|1733787835\n|switch|p1a: Espeon|Espeon, L84, F|139/246\n|move|p2a: Iron Boulder|Mighty Cleave|p1a: Espeon\n|-damage|p1a: Espeon|7/246\n|\n|upkeep\n|turn|22\n|\n|t:|1733787847\n|move|p2a: Iron Boulder|Mighty Cleave|p1a: Espeon\n|-damage|p1a: Espeon|0 fnt\n|faint|p1a: Espeon\n|\n|upkeep\n|\n|t:|1733787861\n|switch|p1a: Iron Jugulis|Iron Jugulis, L78|275/275\n|turn|23\n|\n|t:|1733787866\n|move|p2a: Iron Boulder|Mighty Cleave|p1a: Iron Jugulis\n|-supereffective|p1a: Iron Jugulis\n|-damage|p1a: Iron Jugulis|57/275\n|move|p1a: Iron Jugulis|Dark Pulse|p2a: Iron Boulder\n|-supereffective|p2a: Iron Boulder\n|-damage|p2a: Iron Boulder|0 fnt\n|faint|p2a: Iron Boulder\n|-end|p2a: Iron Boulder|Quark Drive|[silent]\n|\n|upkeep\n|\n|t:|1733787874\n|switch|p2a: Pachirisu|Pachirisu, L96, F|210/271\n|turn|24\n|\n|t:|1733787880\n|-end|p1a: Iron Jugulis|Quark Drive|[silent]\n|switch|p1a: Kyurem|Kyurem, L77|163/319 par\n|-ability|p1a: Kyurem|Pressure\n|move|p2a: Pachirisu|Discharge|p1a: Kyurem\n|-resisted|p1a: Kyurem\n|-damage|p1a: Kyurem|126/319 par\n|\n|upkeep\n|turn|25\n|\n|t:|1733787889\n|move|p2a: Pachirisu|U-turn|p1a: Kyurem\n|-damage|p1a: Kyurem|82/319 par\n|\n|t:|1733787892\n|switch|p2a: Tornadus|Tornadus-Therian, L79, M|242/254|[from] U-turn\n|move|p1a: Kyurem|Ice Beam|p2a: Tornadus\n|-supereffective|p2a: Tornadus\n|-damage|p2a: Tornadus|30/254\n|\n|upkeep\n|turn|26\n|\n|t:|1733787905\n|move|p2a: Tornadus|U-turn|p1a: Kyurem\n|-damage|p1a: Kyurem|30/319 par\n|\n|t:|1733787906\n|switch|p2a: Pachirisu|Pachirisu, L96, F|210/271|[from] U-turn\n|move|p1a: Kyurem|Ice Beam|p2a: Pachirisu\n|-damage|p2a: Pachirisu|87/271\n|\n|upkeep\n|turn|27\n|\n|t:|1733787914\n|switch|p1a: Roaring Moon|Roaring Moon, L72|84/270\n|move|p2a: Pachirisu|U-turn|p1a: Roaring Moon\n|-supereffective|p1a: Roaring Moon\n|-damage|p1a: Roaring Moon|0 fnt\n|faint|p1a: Roaring Moon\n|-end|p1a: Roaring Moon|Protosynthesis|[silent]\n|\n|t:|1733787919\n|switch|p2a: Tornadus|Tornadus-Therian, L79, M|114/254|[from] U-turn\n|\n|upkeep\n|-message|Vikespray forfeited.\n|\n|win|bohabwestee\n|raw|Vikespray's rating: 1338 &rarr; <strong>1319</strong><br />(-19 for losing)\n|raw|bohabwestee's rating: 1352 &rarr; <strong>1371</strong><br />(+19 for winning)\n|l|\u2606Vikespray\n|player|p1|\n", "inputlog": ">version bfd83cad13791eb5a5a409923076391caf6fb4d4\n>start {\"formatid\":\"gen9randombattle\",\"seed\":[43568,37713,37848,33989],\"rated\":\"Rated battle\"}\n>player p1 {\"name\":\"Vikespray\",\"avatar\":\"169\",\"rating\":1338,\"seed\":[23323,1331,45155,10679]}\n>player p2 {\"name\":\"bohabwestee\",\"avatar\":\"2\",\"rating\":1352,\"seed\":[30199,13267,29599,49156]}\n>p1 move meteorbeam\n>p2 move sleeppowder\n>p1 move hurricane\n>p2 switch 4\n>p1 switch 5\n>p2 move uturn\n>p2 switch 2\n>p1 move morningsun\n>p2 move uturn\n>p2 switch 2\n>p1 switch 3\n>p2 move knockoff\n>p1 move bulkup\n>p2 move heatwave\n>p1 move roost\n>p2 move uturn\n>p2 switch 3\n>p1 switch 6\n>p2 move thunderbolt\n>p1 move knockoff\n>p2 move uturn\n>p2 switch 5\n>p1 switch 2\n>p2 switch 3\n>p1 move icebeam\n>p2 move knockoff\n>p1 move icebeam\n>p2 move uturn\n>p2 switch 2\n>p1 switch 4\n>p2 move discharge\n>p1 move earthpower\n>p2 move uturn\n>p2 switch 3\n>p1 switch 4\n>p2 move bodypress\n>p1 move hydropump\n>p2 move thunderwave\n>p1 move hydropump terastallize\n>p2 move thunderbolt\n>p1 switch 6\n>p1 move closecombat\n>p2 move thunderwave\n>p2 switch 3\n>p1 switch 4\n>p2 move discharge\n>p1 move earthpower\n>p2 move uturn\n>p2 switch 6\n>p1 switch 3\n>p2 move mightycleave\n>p1 move shadowball\n>p2 move mightycleave\n>p1 switch 5\n>p1 move darkpulse\n>p2 move mightycleave\n>p2 switch 6\n>p1 switch 3\n>p2 move discharge\n>p1 move icebeam\n>p2 move uturn\n>p2 switch 2\n>p1 move icebeam\n>p2 move uturn\n>p2 switch 2\n>p1 switch 2\n>p2 move uturn\n>p2 switch 2\n>forcelose p1", "uploadtime": 1733787922, "views": 1, "formatid": "gen9randombattle", "rating": 1319, "private": 0, "password": null}