{"id": "gen9randombattle-2260526677", "format": "[Gen 9] Random Battle", "players": ["Mrhda", "sesebseesb"], "log": "|j|\u2606Mrhda\n|j|\u2606sesebseesb\n|t:|1733860188\n|gametype|singles\n|player|p1|Mrhda|265|1125\n|player|p2|sesebseesb|266|1156\n|teamsize|p1|6\n|teamsize|p2|6\n|gen|9\n|tier|[Gen 9] Random Battle\n|rated|\n|rule|Species Clause: Limit one of each Pok\u00e9mon\n|rule|HP Percentage Mod: HP is shown in percentages\n|rule|Sleep Clause Mod: Limit one foe put to sleep\n|rule|Illusion Level Mod: Illusion disguises the Pok\u00e9mon's true level\n|\n|t:|1733860188\n|start\n|switch|p1a: Swalot|Swalot, L90, F|326/326\n|switch|p2a: Orthworm|Orthworm, L88, F|266/266\n|turn|1\n|inactive|Battle timer is ON: inactive players will automatically lose when time's up. (requested by Mrhda)\n|\n|t:|1733860203\n|switch|p1a: Sinistcha|Sinistcha-Masterpiece, L83|254/254\n|move|p2a: Orthworm|Coil|p2a: Orthworm\n|-boost|p2a: Orthworm|atk|1\n|-boost|p2a: Orthworm|def|1\n|-boost|p2a: Orthworm|accuracy|1\n|\n|upkeep\n|turn|2\n|\n|t:|1733860212\n|move|p2a: Orthworm|Iron Tail|p1a: Sinistcha\n|-damage|p1a: Sinistcha|125/254\n|move|p1a: Sinistcha|Strength Sap|p2a: Orthworm\n|-unboost|p2a: Orthworm|atk|1\n|-heal|p1a: Sinistcha|254/254\n|\n|upkeep\n|turn|3\n|\n|t:|1733860216\n|move|p2a: Orthworm|Coil|p2a: Orthworm\n|-boost|p2a: Orthworm|atk|1\n|-boost|p2a: Orthworm|def|1\n|-boost|p2a: Orthworm|accuracy|1\n|move|p1a: Sinistcha|Strength Sap|p2a: Orthworm\n|-unboost|p2a: Orthworm|atk|1\n|\n|upkeep\n|turn|4\n|\n|t:|1733860221\n|move|p2a: Orthworm|Coil|p2a: Orthworm\n|-boost|p2a: Orthworm|atk|1\n|-boost|p2a: Orthworm|def|1\n|-boost|p2a: Orthworm|accuracy|1\n|move|p1a: Sinistcha|Strength Sap|p2a: Orthworm\n|-unboost|p2a: Orthworm|atk|1\n|\n|upkeep\n|turn|5\n|\n|t:|1733860224\n|move|p2a: Orthworm|Coil|p2a: Orthworm\n|-boost|p2a: Orthworm|atk|1\n|-boost|p2a: Orthworm|def|1\n|-boost|p2a: Orthworm|accuracy|1\n|move|p1a: Sinistcha|Strength Sap|p2a: Orthworm\n|-unboost|p2a: Orthworm|atk|1\n|\n|upkeep\n|turn|6\n|\n|t:|1733860228\n|move|p2a: Orthworm|Coil|p2a: Orthworm\n|-boost|p2a: Orthworm|atk|1\n|-boost|p2a: Orthworm|def|1\n|-boost|p2a: Orthworm|accuracy|1\n|move|p1a: Sinistcha|Strength Sap|p2a: Orthworm\n|-unboost|p2a: Orthworm|atk|1\n|\n|upkeep\n|turn|7\n|\n|t:|1733860230\n|move|p2a: Orthworm|Coil|p2a: Orthworm\n|-boost|p2a: Orthworm|atk|1\n|-boost|p2a: Orthworm|def|1\n|-boost|p2a: Orthworm|accuracy|1\n|move|p1a: Sinistcha|Strength Sap|p2a: Orthworm\n|-unboost|p2a: Orthworm|atk|1\n|\n|upkeep\n|turn|8\n|\n|t:|1733860232\n|move|p2a: Orthworm|Coil|p2a: Orthworm\n|-boost|p2a: Orthworm|atk|1\n|-boost|p2a: Orthworm|def|0\n|-boost|p2a: Orthworm|accuracy|0\n|move|p1a: Sinistcha|Strength Sap|p2a: Orthworm\n|-unboost|p2a: Orthworm|atk|1\n|\n|upkeep\n|turn|9\n|\n|t:|1733860234\n|move|p2a: Orthworm|Coil|p2a: Orthworm\n|-boost|p2a: Orthworm|atk|1\n|-boost|p2a: Orthworm|def|0\n|-boost|p2a: Orthworm|accuracy|0\n|move|p1a: Sinistcha|Strength Sap|p2a: Orthworm\n|-unboost|p2a: Orthworm|atk|1\n|\n|upkeep\n|turn|10\n|\n|t:|1733860236\n|move|p2a: Orthworm|Coil|p2a: Orthworm\n|-boost|p2a: Orthworm|atk|1\n|-boost|p2a: Orthworm|def|0\n|-boost|p2a: Orthworm|accuracy|0\n|move|p1a: Sinistcha|Strength Sap|p2a: Orthworm\n|-unboost|p2a: Orthworm|atk|1\n|\n|upkeep\n|turn|11\n|\n|t:|1733860240\n|move|p2a: Orthworm|Coil|p2a: Orthworm\n|-boost|p2a: Orthworm|atk|1\n|-boost|p2a: Orthworm|def|0\n|-boost|p2a: Orthworm|accuracy|0\n|move|p1a: Sinistcha|Matcha Gotcha|p2a: Orthworm\n|-resisted|p2a: Orthworm\n|-damage|p2a: Orthworm|200/266\n|\n|upkeep\n|turn|12\n|\n|t:|1733860244\n|move|p2a: Orthworm|Iron Tail|p1a: Sinistcha\n|-damage|p1a: Sinistcha|118/254\n|move|p1a: Sinistcha|Strength Sap|p2a: Orthworm\n|-unboost|p2a: Orthworm|atk|1\n|-heal|p1a: Sinistcha|254/254\n|\n|upkeep\n|turn|13\n|\n|t:|1733860247\n|move|p2a: Orthworm|Coil|p2a: Orthworm\n|-boost|p2a: Orthworm|atk|1\n|-boost|p2a: Orthworm|def|0\n|-boost|p2a: Orthworm|accuracy|0\n|move|p1a: Sinistcha|Strength Sap|p2a: Orthworm\n|-unboost|p2a: Orthworm|atk|1\n|\n|upkeep\n|turn|14\n|\n|t:|1733860249\n|move|p2a: Orthworm|Coil|p2a: Orthworm\n|-boost|p2a: Orthworm|atk|1\n|-boost|p2a: Orthworm|def|0\n|-boost|p2a: Orthworm|accuracy|0\n|move|p1a: Sinistcha|Matcha Gotcha|p2a: Orthworm\n|-resisted|p2a: Orthworm\n|-crit|p2a: Orthworm\n|-damage|p2a: Orthworm|97/266\n|\n|upkeep\n|turn|15\n|\n|t:|1733860258\n|move|p2a: Orthworm|Coil|p2a: Orthworm\n|-boost|p2a: Orthworm|atk|1\n|-boost|p2a: Orthworm|def|0\n|-boost|p2a: Orthworm|accuracy|0\n|move|p1a: Sinistcha|Matcha Gotcha|p2a: Orthworm\n|-resisted|p2a: Orthworm\n|-damage|p2a: Orthworm|34/266\n|\n|upkeep\n|turn|16\n|\n|t:|1733860263\n|move|p2a: Orthworm|Rest|p2a: Orthworm\n|-status|p2a: Orthworm|slp|[from] move: Rest\n|-heal|p2a: Orthworm|266/266 slp|[silent]\n|-enditem|p2a: Orthworm|Chesto Berry|[eat]\n|-curestatus|p2a: Orthworm|slp|[msg]\n|move|p1a: Sinistcha|Strength Sap|p2a: Orthworm\n|-unboost|p2a: Orthworm|atk|1\n|\n|upkeep\n|turn|17\n|\n|t:|1733860269\n|move|p2a: Orthworm|Coil|p2a: Orthworm\n|-boost|p2a: Orthworm|atk|1\n|-boost|p2a: Orthworm|def|0\n|-boost|p2a: Orthworm|accuracy|0\n|move|p1a: Sinistcha|Matcha Gotcha|p2a: Orthworm\n|-resisted|p2a: Orthworm\n|-damage|p2a: Orthworm|197/266\n|\n|upkeep\n|turn|18\n|\n|t:|1733860272\n|move|p2a: Orthworm|Iron Tail|p1a: Sinistcha\n|-damage|p1a: Sinistcha|76/254\n|-unboost|p1a: Sinistcha|def|1\n|move|p1a: Sinistcha|Strength Sap|p2a: Orthworm\n|-unboost|p2a: Orthworm|atk|1\n|-heal|p1a: Sinistcha|254/254\n|\n|upkeep\n|turn|19\n|\n|t:|1733860284\n|move|p2a: Orthworm|Coil|p2a: Orthworm\n|-boost|p2a: Orthworm|atk|1\n|-boost|p2a: Orthworm|def|0\n|-boost|p2a: Orthworm|accuracy|0\n|move|p1a: Sinistcha|Strength Sap|p2a: Orthworm\n|-unboost|p2a: Orthworm|atk|1\n|\n|upkeep\n|turn|20\n|\n|t:|1733860286\n|move|p2a: Orthworm|Iron Tail|p1a: Sinistcha\n|-damage|p1a: Sinistcha|29/254\n|move|p1a: Sinistcha|Matcha Gotcha|p2a: Orthworm\n|-resisted|p2a: Orthworm\n|-damage|p2a: Orthworm|128/266\n|-heal|p1a: Sinistcha|64/254|[from] drain|[of] p2a: Orthworm\n|\n|-heal|p1a: Sinistcha|79/254|[from] item: Leftovers\n|upkeep\n|turn|21\n|\n|t:|1733860288\n|move|p2a: Orthworm|Iron Tail|p1a: Sinistcha\n|-damage|p1a: Sinistcha|0 fnt\n|faint|p1a: Sinistcha\n|\n|upkeep\n|\n|t:|1733860299\n|switch|p1a: Fezandipiti|Fezandipiti, L82, M|278/278\n|turn|22\n|\n|t:|1733860309\n|move|p1a: Fezandipiti|Beat Up|p2a: Orthworm\n|-damage|p2a: Orthworm|126/266\n|-damage|p2a: Orthworm|124/266\n|-damage|p2a: Orthworm|122/266\n|-damage|p2a: Orthworm|120/266\n|-damage|p2a: Orthworm|118/266\n|-hitcount|p2a: Orthworm|5\n|move|p2a: Orthworm|Iron Tail|p1a: Fezandipiti\n|-supereffective|p1a: Fezandipiti\n|-damage|p1a: Fezandipiti|0 fnt\n|faint|p1a: Fezandipiti\n|\n|upkeep\n|-message|Mrhda forfeited.\n|\n|win|sesebseesb\n|raw|Mrhda's rating: 1125 &rarr; <strong>1102</strong><br />(-23 for losing)\n|raw|sesebseesb's rating: 1156 &rarr; <strong>1179</strong><br />(+23 for winning)\n|l|\u2606Mrhda\n|player|p1|\n", "inputlog": ">version bfd83cad13791eb5a5a409923076391caf6fb4d4\n>start {\"formatid\":\"gen9randombattle\",\"seed\":[33335,54737,7061,5002],\"rated\":\"Rated battle\"}\n>player p1 {\"name\":\"Mrhda\",\"avatar\":\"265\",\"rating\":1125,\"seed\":[30713,19739,33719,19112]}\n>player p2 {\"name\":\"sesebseesb\",\"avatar\":\"266\",\"rating\":1156,\"seed\":[33083,39832,518,62514]}\n>p1 switch 6\n>p2 move coil\n>p1 move strengthsap\n>p2 move irontail\n>p1 move strengthsap\n>p2 move coil\n>p1 move strengthsap\n>p2 move coil\n>p1 move strengthsap\n>p2 move coil\n>p1 move strengthsap\n>p2 move coil\n>p1 move strengthsap\n>p2 move coil\n>p1 move strengthsap\n>p2 move coil\n>p1 move strengthsap\n>p2 move coil\n>p1 move strengthsap\n>p2 move coil\n>p1 move matchagotcha\n>p2 move coil\n>p1 move strengthsap\n>p2 move irontail\n>p1 move strengthsap\n>p2 move coil\n>p1 move matchagotcha\n>p2 move coil\n>p1 move matchagotcha\n>p2 move coil\n>p1 move strengthsap\n>p2 move rest\n>p1 move matchagotcha\n>p2 move coil\n>p1 move strengthsap\n>p2 move irontail\n>p1 move strengthsap\n>p2 move coil\n>p1 move matchagotcha\n>p2 move irontail\n>p1 move strengthsap\n>p2 move irontail\n>p1 switch 2\n>p1 move beatup\n>p2 move irontail\n>forcelose p1", "uploadtime": 1733860316, "views": 1, "formatid": "gen9randombattle", "rating": 1102, "private": 0, "password": null}