{"id": "gen9randombattle-2260533017", "format": "[Gen 9] Random Battle", "players": ["antoxx09new", "Lardpap"], "log": "|j|\u203dantoxx09new\n|j|\u2606Lardpap\n|t:|1733860815\n|gametype|singles\n|player|p1|antoxx09new|2|1741\n|player|p2|Lardpap|169|1719\n|teamsize|p1|6\n|teamsize|p2|6\n|gen|9\n|tier|[Gen 9] Random Battle\n|rated|\n|rule|Species Clause: Limit one of each Pok\u00e9mon\n|rule|HP Percentage Mod: HP is shown in percentages\n|rule|Sleep Clause Mod: Limit one foe put to sleep\n|rule|Illusion Level Mod: Illusion disguises the Pok\u00e9mon's true level\n|\n|t:|1733860815\n|start\n|switch|p1a: Hypno|Hypno, L95, F|315/315\n|switch|p2a: Wyrdeer|Wyrdeer, L87, F|321/321\n|-ability|p2a: Wyrdeer|Intimidate|boost\n|-unboost|p1a: Hypno|atk|1\n|turn|1\n|inactive|Battle timer is ON: inactive players will automatically lose when time's up. (requested by Lardpap)\n|\n|t:|1733860824\n|move|p1a: Hypno|Toxic|p2a: Wyrdeer\n|-status|p2a: Wyrdeer|tox\n|move|p2a: Wyrdeer|Thunder Wave|p1a: Hypno\n|-status|p1a: Hypno|par\n|\n|-damage|p2a: Wyrdeer|301/321 tox|[from] psn\n|upkeep\n|turn|2\n|\n|t:|1733860838\n|switch|p2a: Archaludon|Archaludon, L78, F|268/268\n|move|p1a: Hypno|Protect||[still]\n|-fail|p1a: Hypno\n|\n|upkeep\n|turn|3\n|\n|t:|1733860847\n|move|p2a: Archaludon|Thunderbolt|p1a: Hypno\n|-damage|p1a: Hypno|264/315 par\n|cant|p1a: Hypno|par\n|\n|-heal|p1a: Hypno|283/315 par|[from] item: Leftovers\n|upkeep\n|turn|4\n|\n|t:|1733860854\n|switch|p2a: Wyrdeer|Wyrdeer, L87, F|301/321 tox\n|-ability|p2a: Wyrdeer|Intimidate|boost\n|-unboost|p1a: Hypno|atk|1\n|move|p1a: Hypno|Focus Blast|p2a: Wyrdeer\n|-damage|p2a: Wyrdeer|209/321 tox\n|\n|-heal|p2a: Wyrdeer|229/321 tox|[from] item: Leftovers\n|-heal|p1a: Hypno|302/315 par|[from] item: Leftovers\n|-damage|p2a: Wyrdeer|209/321 tox|[from] psn\n|upkeep\n|turn|5\n|\n|t:|1733860867\n|move|p2a: Wyrdeer|Earthquake|p1a: Hypno\n|-damage|p1a: Hypno|213/315 par\n|move|p1a: Hypno|Psychic Noise|p2a: Wyrdeer\n|-resisted|p2a: Wyrdeer\n|-damage|p2a: Wyrdeer|167/321 tox\n|-start|p2a: Wyrdeer|move: Heal Block\n|\n|-heal|p1a: Hypno|232/315 par|[from] item: Leftovers\n|-damage|p2a: Wyrdeer|127/321 tox|[from] psn\n|upkeep\n|turn|6\n|\n|t:|1733860873\n|cant|p1a: Hypno|par\n|move|p2a: Wyrdeer|Earthquake|p1a: Hypno\n|-damage|p1a: Hypno|151/315 par\n|\n|-heal|p1a: Hypno|170/315 par|[from] item: Leftovers\n|-damage|p2a: Wyrdeer|67/321 tox|[from] psn\n|-end|p2a: Wyrdeer|move: Heal Block\n|upkeep\n|turn|7\n|\n|t:|1733860878\n|move|p2a: Wyrdeer|Earthquake|p1a: Hypno\n|-damage|p1a: Hypno|87/315 par\n|move|p1a: Hypno|Focus Blast|p2a: Wyrdeer|[miss]\n|-miss|p1a: Hypno|p2a: Wyrdeer\n|\n|-heal|p2a: Wyrdeer|87/321 tox|[from] item: Leftovers\n|-heal|p1a: Hypno|106/315 par|[from] item: Leftovers\n|-damage|p2a: Wyrdeer|7/321 tox|[from] psn\n|upkeep\n|turn|8\n|\n|t:|1733860882\n|move|p1a: Hypno|Protect|p1a: Hypno\n|-singleturn|p1a: Hypno|Protect\n|move|p2a: Wyrdeer|Earthquake|p1a: Hypno\n|-activate|p1a: Hypno|move: Protect\n|\n|-heal|p2a: Wyrdeer|27/321 tox|[from] item: Leftovers\n|-heal|p1a: Hypno|125/315 par|[from] item: Leftovers\n|-damage|p2a: Wyrdeer|0 fnt|[from] psn\n|faint|p2a: Wyrdeer\n|upkeep\n|\n|t:|1733860893\n|switch|p2a: Maushold|Maushold-Four, L76|238/238\n|turn|9\n|\n|t:|1733860897\n|move|p2a: Maushold|Population Bomb|p1a: Hypno\n|-damage|p1a: Hypno|103/315 par\n|-damage|p1a: Hypno|81/315 par\n|-damage|p1a: Hypno|57/315 par\n|-crit|p1a: Hypno\n|-damage|p1a: Hypno|23/315 par\n|-damage|p1a: Hypno|0 fnt\n|faint|p1a: Hypno\n|-hitcount|p1: Hypno|5\n|\n|upkeep\n|\n|t:|1733860907\n|switch|p1a: Carbink|Carbink, L90|236/236\n|turn|10\n|\n|t:|1733860911\n|move|p2a: Maushold|Tidy Up|p2a: Maushold\n|-boost|p2a: Maushold|atk|1\n|-boost|p2a: Maushold|spe|1\n|move|p1a: Carbink|Iron Defense|p1a: Carbink\n|-boost|p1a: Carbink|def|2\n|\n|upkeep\n|turn|11\n|\n|t:|1733860926\n|move|p2a: Maushold|Tidy Up|p2a: Maushold\n|-boost|p2a: Maushold|atk|1\n|-boost|p2a: Maushold|spe|1\n|move|p1a: Carbink|Iron Defense|p1a: Carbink\n|-boost|p1a: Carbink|def|2\n|\n|upkeep\n|turn|12\n|\n|t:|1733860933\n|move|p2a: Maushold|Population Bomb|p1a: Carbink\n|-resisted|p1a: Carbink\n|-crit|p1a: Carbink\n|-damage|p1a: Carbink|215/236\n|-resisted|p1a: Carbink\n|-damage|p1a: Carbink|210/236\n|-resisted|p1a: Carbink\n|-damage|p1a: Carbink|205/236\n|-resisted|p1a: Carbink\n|-damage|p1a: Carbink|200/236\n|-resisted|p1a: Carbink\n|-damage|p1a: Carbink|195/236\n|-resisted|p1a: Carbink\n|-damage|p1a: Carbink|190/236\n|-resisted|p1a: Carbink\n|-damage|p1a: Carbink|186/236\n|-resisted|p1a: Carbink\n|-damage|p1a: Carbink|181/236\n|-resisted|p1a: Carbink\n|-damage|p1a: Carbink|176/236\n|-resisted|p1a: Carbink\n|-damage|p1a: Carbink|172/236\n|-hitcount|p1a: Carbink|10\n|move|p1a: Carbink|Iron Defense|p1a: Carbink\n|-boost|p1a: Carbink|def|2\n|\n|-heal|p1a: Carbink|186/236|[from] item: Leftovers\n|upkeep\n|turn|13\n|\n|t:|1733860960\n|switch|p2a: Eternatus|Eternatus, L69|308/308\n|-ability|p2a: Eternatus|Pressure\n|move|p1a: Carbink|Rock Polish|p1a: Carbink\n|-boost|p1a: Carbink|spe|2\n|\n|-heal|p1a: Carbink|200/236|[from] item: Leftovers\n|upkeep\n|turn|14\n|\n|t:|1733860970\n|-terastallize|p1a: Carbink|Fighting\n|move|p1a: Carbink|Body Press|p2a: Eternatus\n|-resisted|p2a: Eternatus\n|-damage|p2a: Eternatus|6/308\n|-damage|p1a: Carbink|161/236|[from] item: Rocky Helmet|[of] p2a: Eternatus\n|move|p2a: Eternatus|Flamethrower|p1a: Carbink\n|-damage|p1a: Carbink|124/236\n|\n|-heal|p1a: Carbink|138/236|[from] item: Leftovers\n|upkeep\n|turn|15\n|\n|t:|1733860981\n|move|p1a: Carbink|Moonblast|p2a: Eternatus\n|-damage|p2a: Eternatus|0 fnt\n|faint|p2a: Eternatus\n|\n|-heal|p1a: Carbink|152/236|[from] item: Leftovers\n|upkeep\n|\n|t:|1733860986\n|switch|p2a: Archaludon|Archaludon, L78, F|268/268\n|turn|16\n|\n|t:|1733860990\n|-terastallize|p2a: Archaludon|Fighting\n|move|p1a: Carbink|Body Press|p2a: Archaludon\n|-damage|p2a: Archaludon|0 fnt\n|faint|p2a: Archaludon\n|\n|-heal|p1a: Carbink|166/236|[from] item: Leftovers\n|upkeep\n|\n|t:|1733860996\n|switch|p2a: Krookodile|Krookodile, L80, M|283/283\n|-ability|p2a: Krookodile|Intimidate|boost\n|-unboost|p1a: Carbink|atk|1\n|turn|17\n|\n|t:|1733860999\n|move|p1a: Carbink|Body Press|p2a: Krookodile\n|-supereffective|p2a: Krookodile\n|-damage|p2a: Krookodile|0 fnt\n|faint|p2a: Krookodile\n|\n|-heal|p1a: Carbink|180/236|[from] item: Leftovers\n|upkeep\n|\n|t:|1733861002\n|switch|p2a: Inteleon|Inteleon, L81, M|246/246\n|turn|18\n|\n|t:|1733861005\n|move|p1a: Carbink|Body Press|p2a: Inteleon\n|-damage|p2a: Inteleon|0 fnt\n|faint|p2a: Inteleon\n|\n|-heal|p1a: Carbink|194/236|[from] item: Leftovers\n|upkeep\n|\n|t:|1733861008\n|switch|p2a: Maushold|Maushold-Four, L76|238/238\n|turn|19\n|\n|t:|1733861011\n|move|p1a: Carbink|Moonblast|p2a: Maushold\n|-damage|p2a: Maushold|154/238\n|move|p2a: Maushold|Encore|p1a: Carbink\n|-start|p1a: Carbink|Encore\n|\n|-heal|p1a: Carbink|208/236|[from] item: Leftovers\n|upkeep\n|turn|20\n|\n|t:|1733861017\n|move|p1a: Carbink|Moonblast|p2a: Maushold\n|-damage|p2a: Maushold|69/238\n|move|p2a: Maushold|Tidy Up|p2a: Maushold\n|-boost|p2a: Maushold|atk|1\n|-boost|p2a: Maushold|spe|1\n|\n|-heal|p1a: Carbink|222/236|[from] item: Leftovers\n|upkeep\n|turn|21\n|\n|t:|1733861021\n|move|p2a: Maushold|Bite|p1a: Carbink\n|-resisted|p1a: Carbink\n|-damage|p1a: Carbink|217/236\n|move|p1a: Carbink|Moonblast|p2a: Maushold\n|-damage|p2a: Maushold|0 fnt\n|faint|p2a: Maushold\n|\n|win|antoxx09new\n|raw|antoxx09new's rating: 1741 &rarr; <strong>1760</strong><br />(+19 for winning)\n|raw|Lardpap's rating: 1719 &rarr; <strong>1700</strong><br />(-19 for losing)\n|l|\u2606Lardpap\n|player|p2|\n", "inputlog": ">version bfd83cad13791eb5a5a409923076391caf6fb4d4\n>start {\"formatid\":\"gen9randombattle\",\"seed\":[5812,31799,14515,22011],\"rated\":\"Rated battle\"}\n>player p1 {\"name\":\"antoxx09new\",\"avatar\":\"2\",\"rating\":1741,\"seed\":[28813,38466,50037,54784]}\n>player p2 {\"name\":\"Lardpap\",\"avatar\":\"169\",\"rating\":1719,\"seed\":[1078,10584,6916,30765]}\n>p1 move toxic\n>p2 move thunderwave\n>p1 move protect\n>p2 switch 4\n>p1 move focusblast\n>p2 move thunderbolt\n>p1 move focusblast\n>p2 switch 4\n>p1 move psychicnoise\n>p2 move earthquake\n>p1 move protect\n>p2 move earthquake\n>p1 move focusblast\n>p2 move earthquake\n>p1 move protect\n>p2 move earthquake\n>p2 switch 2\n>p1 move toxic\n>p2 move populationbomb\n>p1 switch 5\n>p1 move irondefense\n>p2 move tidyup\n>p1 move irondefense\n>p2 move tidyup\n>p1 move irondefense\n>p2 move populationbomb\n>p1 move rockpolish\n>p2 switch 5\n>p1 move bodypress terastallize\n>p2 move flamethrower\n>p1 move moonblast\n>p2 move flamethrower\n>p2 switch 4\n>p1 move bodypress\n>p2 move flashcannon terastallize\n>p2 switch 3\n>p1 move bodypress\n>p2 move earthquake\n>p2 switch 6\n>p1 move bodypress\n>p2 move hydropump\n>p2 switch 5\n>p1 move moonblast\n>p2 move encore\n>p1 move moonblast\n>p2 move tidyup\n>p1 move moonblast\n>p2 move bite", "uploadtime": 1733861029, "views": 12, "formatid": "gen9randombattle", "rating": 1700, "private": 0, "password": null}