{"id": "gen9randombattle-2110609664", "format": "[Gen 9] Random Battle", "players": ["MichaelderBeste2", "TheLastOne"], "log": "|badge|p1|bronze|gen9randombattle|100-1\n|uhtml|medal-msg|<div class=\"broadcast-blue\">Curious what those medals under the avatar are? PS now has Ladder Seasons! For more information, check out the <a href=\"https://www.smogon.com/forums/threads/3740067/\">thread on Smogon.</a></div>\n|uhtml|medal-msg|<div class=\"broadcast-blue\">Curious what those medals under the avatar are? PS now has Ladder Seasons! For more information, check out the <a href=\"https://www.smogon.com/forums/threads/3740067/\">thread on Smogon.</a></div>\n|j|\u2606MichaelderBeste2\n|j|\u2606TheLastOne\n|t:|1713974438\n|gametype|singles\n|player|p1|MichaelderBeste2|#rbtt7teamdarkrai|2371\n|player|p2|TheLastOne|buck|2304\n|teamsize|p1|6\n|teamsize|p2|6\n|gen|9\n|tier|[Gen 9] Random Battle\n|rated|\n|rule|Species Clause: Limit one of each Pok\u00e9mon\n|rule|HP Percentage Mod: HP is shown in percentages\n|rule|Sleep Clause Mod: Limit one foe put to sleep\n|rule|Illusion Level Mod: Illusion disguises the Pok\u00e9mon's true level\n|\n|t:|1713974438\n|start\n|switch|p1a: Zarude|Zarude-Dada, L78|292/292\n|switch|p2a: Hitmonlee|Hitmonlee, L84, M|221/221\n|turn|1\n|inactive|Battle timer is ON: inactive players will automatically lose when time's up. (requested by TheLastOne)\n|\n|t:|1713974444\n|move|p1a: Zarude|Power Whip|p2a: Hitmonlee\n|-damage|p2a: Hitmonlee|28/221\n|move|p2a: Hitmonlee|Close Combat|p1a: Zarude\n|-supereffective|p1a: Zarude\n|-damage|p1a: Zarude|20/292\n|-unboost|p2a: Hitmonlee|def|1\n|-unboost|p2a: Hitmonlee|spd|1\n|-enditem|p2a: Hitmonlee|White Herb\n|-clearnegativeboost|p2a: Hitmonlee|[silent]\n|\n|upkeep\n|turn|2\n|j|+Aqua\n|\n|t:|1713974456\n|switch|p1a: Lurantis|Lurantis, L88, M|266/266\n|move|p2a: Hitmonlee|Knock Off|p1a: Lurantis\n|-damage|p1a: Lurantis|191/266\n|-enditem|p1a: Lurantis|Leftovers|[from] move: Knock Off|[of] p2a: Hitmonlee\n|\n|upkeep\n|turn|3\n|\n|t:|1713974466\n|move|p2a: Hitmonlee|Close Combat|p1a: Lurantis\n|-damage|p1a: Lurantis|55/266\n|-unboost|p2a: Hitmonlee|def|1\n|-unboost|p2a: Hitmonlee|spd|1\n|move|p1a: Lurantis|Superpower|p2a: Hitmonlee\n|-damage|p2a: Hitmonlee|0 fnt\n|-boost|p1a: Lurantis|atk|1\n|-boost|p1a: Lurantis|def|1\n|faint|p2a: Hitmonlee\n|\n|upkeep\n|\n|t:|1713974472\n|switch|p2a: Mismagius|Mismagius, L86, F|243/243\n|turn|4\n|\n|t:|1713974476\n|move|p2a: Mismagius|Shadow Ball|p1a: Lurantis\n|-damage|p1a: Lurantis|0 fnt\n|faint|p1a: Lurantis\n|\n|upkeep\n|\n|t:|1713974478\n|switch|p1a: Bombirdier|Bombirdier, L85, F|258/258\n|turn|5\n|\n|t:|1713974480\n|switch|p2a: Mandibuzz|Mandibuzz, L84, F|322/322\n|move|p1a: Bombirdier|Stealth Rock|p2a: Mandibuzz\n|-sidestart|p2: TheLastOne|move: Stealth Rock\n|\n|upkeep\n|turn|6\n|j| Referrals\n|\n|t:|1713974489\n|switch|p1a: Volcanion|Volcanion, L79|256/256\n|move|p2a: Mandibuzz|Brave Bird|p1a: Volcanion\n|-damage|p1a: Volcanion|175/256\n|-damage|p2a: Mandibuzz|295/322|[from] Recoil\n|\n|upkeep\n|turn|7\n|\n|t:|1713974491\n|move|p2a: Mandibuzz|Toxic|p1a: Volcanion\n|-status|p1a: Volcanion|tox\n|move|p1a: Volcanion|Steam Eruption|p2a: Mandibuzz\n|-damage|p2a: Mandibuzz|178/322\n|\n|-damage|p1a: Volcanion|159/256 tox|[from] psn\n|upkeep\n|turn|8\n|\n|t:|1713974493\n|move|p2a: Mandibuzz|Roost|p2a: Mandibuzz\n|-heal|p2a: Mandibuzz|322/322\n|-singleturn|p2a: Mandibuzz|move: Roost\n|move|p1a: Volcanion|Steam Eruption|p2a: Mandibuzz\n|-damage|p2a: Mandibuzz|210/322\n|\n|-damage|p1a: Volcanion|127/256 tox|[from] psn\n|upkeep\n|turn|9\n|\n|t:|1713974496\n|switch|p2a: Alomomola|Alomomola, L87, F|429/429\n|-damage|p2a: Alomomola|376/429|[from] Stealth Rock\n|move|p1a: Volcanion|Steam Eruption|p2a: Alomomola\n|-resisted|p2a: Alomomola\n|-damage|p2a: Alomomola|280/429\n|\n|-heal|p2a: Alomomola|306/429|[from] item: Leftovers\n|-damage|p1a: Volcanion|79/256 tox|[from] psn\n|upkeep\n|turn|10\n|j| CutePokesOnly\n|j| poop stain 2\n|\n|t:|1713974505\n|move|p2a: Alomomola|Wish|p2a: Alomomola\n|move|p1a: Volcanion|Steam Eruption|p2a: Alomomola\n|-resisted|p2a: Alomomola\n|-damage|p2a: Alomomola|202/429\n|\n|-heal|p2a: Alomomola|228/429|[from] item: Leftovers\n|-damage|p1a: Volcanion|15/256 tox|[from] psn\n|upkeep\n|turn|11\n|\n|t:|1713974511\n|switch|p1a: Chimecho|Chimecho, L94, M|293/293\n|move|p2a: Alomomola|Protect||[still]\n|-fail|p2a: Alomomola\n|\n|-heal|p2a: Alomomola|429/429|[from] move: Wish|[wisher] Alomomola\n|upkeep\n|turn|12\n|\n|t:|1713974525\n|move|p1a: Chimecho|Calm Mind|p1a: Chimecho\n|-boost|p1a: Chimecho|spa|1\n|-boost|p1a: Chimecho|spd|1\n|move|p2a: Alomomola|Flip Turn|p1a: Chimecho\n|-damage|p1a: Chimecho|235/293\n|\n|t:|1713974530\n|switch|p2a: Hypno|Hypno, L95, M|315/315|[from] Flip Turn\n|-damage|p2a: Hypno|276/315|[from] Stealth Rock\n|\n|-heal|p2a: Hypno|295/315|[from] item: Leftovers\n|-heal|p1a: Chimecho|253/293|[from] item: Leftovers\n|upkeep\n|turn|13\n|\n|t:|1713974536\n|move|p2a: Hypno|Encore|p1a: Chimecho\n|-start|p1a: Chimecho|Encore\n|move|p1a: Chimecho|Calm Mind|p1a: Chimecho\n|-boost|p1a: Chimecho|spa|1\n|-boost|p1a: Chimecho|spd|1\n|\n|-heal|p2a: Hypno|314/315|[from] item: Leftovers\n|-heal|p1a: Chimecho|271/293|[from] item: Leftovers\n|upkeep\n|turn|14\n|\n|t:|1713974542\n|move|p2a: Hypno|Knock Off|p1a: Chimecho\n|-supereffective|p1a: Chimecho\n|-damage|p1a: Chimecho|133/293\n|-enditem|p1a: Chimecho|Leftovers|[from] move: Knock Off|[of] p2a: Hypno\n|move|p1a: Chimecho|Calm Mind|p1a: Chimecho\n|-boost|p1a: Chimecho|spa|1\n|-boost|p1a: Chimecho|spd|1\n|\n|-heal|p2a: Hypno|315/315|[from] item: Leftovers\n|upkeep\n|turn|15\n|\n|t:|1713974546\n|switch|p1a: Bombirdier|Bombirdier, L85, F|258/258\n|move|p2a: Hypno|Thunder Wave|p1a: Bombirdier|[miss]\n|-miss|p2a: Hypno|p1a: Bombirdier\n|\n|upkeep\n|turn|16\n|\n|t:|1713974553\n|move|p1a: Bombirdier|Brave Bird|p2a: Hypno\n|-damage|p2a: Hypno|174/315\n|-damage|p1a: Bombirdier|211/258|[from] Recoil\n|move|p2a: Hypno|Thunder Wave|p1a: Bombirdier\n|-status|p1a: Bombirdier|par\n|\n|-heal|p2a: Hypno|193/315|[from] item: Leftovers\n|upkeep\n|turn|17\n|\n|t:|1713974557\n|switch|p2a: Mandibuzz|Mandibuzz, L84, F|210/322\n|move|p1a: Bombirdier|Knock Off|p2a: Mandibuzz\n|-resisted|p2a: Mandibuzz\n|-damage|p2a: Mandibuzz|165/322\n|-enditem|p2a: Mandibuzz|Heavy-Duty Boots|[from] move: Knock Off|[of] p1a: Bombirdier\n|\n|upkeep\n|turn|18\n|\n|t:|1713974566\n|switch|p1a: Floatzel|Floatzel, L85, F|283/283\n|move|p2a: Mandibuzz|Roost|p2a: Mandibuzz\n|-heal|p2a: Mandibuzz|322/322\n|-singleturn|p2a: Mandibuzz|move: Roost\n|\n|upkeep\n|turn|19\n|\n|t:|1713974571\n|-terastallize|p1a: Floatzel|Water\n|move|p1a: Floatzel|Flip Turn|p2a: Mandibuzz\n|-damage|p2a: Mandibuzz|194/322\n|\n|t:|1713974575\n|switch|p1a: Volcanion|Volcanion, L79|15/256 tox|[from] Flip Turn\n|move|p2a: Mandibuzz|Toxic|p1a: Volcanion\n|-fail|p1a: Volcanion|tox\n|\n|-damage|p1a: Volcanion|0 fnt|[from] psn\n|faint|p1a: Volcanion\n|upkeep\n|\n|t:|1713974576\n|switch|p1a: Floatzel|Floatzel, L85, F, tera:Water|283/283\n|turn|20\n|\n|t:|1713974580\n|move|p1a: Floatzel|Wave Crash|p2a: Mandibuzz\n|-damage|p2a: Mandibuzz|0 fnt\n|faint|p2a: Mandibuzz\n|-damage|p1a: Floatzel|219/283|[from] Recoil\n|\n|upkeep\n|\n|t:|1713974586\n|switch|p2a: Alomomola|Alomomola, L87, F|429/429\n|-damage|p2a: Alomomola|376/429|[from] Stealth Rock\n|turn|21\n|\n|t:|1713974599\n|switch|p1a: Bombirdier|Bombirdier, L85, F|211/258 par\n|move|p2a: Alomomola|Flip Turn|p1a: Bombirdier\n|-damage|p1a: Bombirdier|157/258 par\n|\n|t:|1713974603\n|switch|p2a: Urshifu|Urshifu-Rapid-Strike, L75, M|274/274|[from] Flip Turn\n|-damage|p2a: Urshifu|257/274|[from] Stealth Rock\n|\n|upkeep\n|turn|22\n|\n|t:|1713974607\n|switch|p1a: Chimecho|Chimecho, L94, M|133/293\n|move|p2a: Urshifu|Surging Strikes|p1a: Chimecho\n|-crit|p1a: Chimecho\n|-damage|p1a: Chimecho|93/293\n|-crit|p1a: Chimecho\n|-damage|p1a: Chimecho|56/293\n|-crit|p1a: Chimecho\n|-damage|p1a: Chimecho|19/293\n|-hitcount|p1a: Chimecho|3\n|\n|upkeep\n|turn|23\n|\n|t:|1713974609\n|move|p2a: Urshifu|Surging Strikes|p1a: Chimecho\n|-crit|p1a: Chimecho\n|-damage|p1a: Chimecho|0 fnt\n|faint|p1a: Chimecho\n|-hitcount|p1: Chimecho|1\n|\n|upkeep\n|\n|t:|1713974612\n|switch|p1a: Zarude|Zarude-Dada, L78|20/292\n|turn|24\n|\n|t:|1713974615\n|move|p1a: Zarude|Power Whip|p2a: Urshifu\n|-supereffective|p2a: Urshifu\n|-damage|p2a: Urshifu|0 fnt\n|faint|p2a: Urshifu\n|\n|upkeep\n|\n|t:|1713974624\n|switch|p2a: Hypno|Hypno, L95, M|193/315\n|-damage|p2a: Hypno|154/315|[from] Stealth Rock\n|turn|25\n|\n|t:|1713974627\n|switch|p1a: Bombirdier|Bombirdier, L85, F|157/258 par\n|-terastallize|p2a: Hypno|Steel\n|move|p2a: Hypno|Knock Off|p1a: Bombirdier\n|-resisted|p1a: Bombirdier\n|-damage|p1a: Bombirdier|119/258 par\n|-enditem|p1a: Bombirdier|Heavy-Duty Boots|[from] move: Knock Off|[of] p2a: Hypno\n|\n|-heal|p2a: Hypno|173/315|[from] item: Leftovers\n|upkeep\n|turn|26\n|\n|t:|1713974645\n|switch|p2a: Alomomola|Alomomola, L87, F|429/429\n|-damage|p2a: Alomomola|376/429|[from] Stealth Rock\n|cant|p1a: Bombirdier|par\n|\n|-heal|p2a: Alomomola|402/429|[from] item: Leftovers\n|upkeep\n|turn|27\n|\n|t:|1713974648\n|move|p2a: Alomomola|Wish|p2a: Alomomola\n|move|p1a: Bombirdier|Roost|p1a: Bombirdier\n|-heal|p1a: Bombirdier|248/258 par\n|-singleturn|p1a: Bombirdier|move: Roost\n|\n|-heal|p2a: Alomomola|428/429|[from] item: Leftovers\n|upkeep\n|turn|28\n|\n|t:|1713974654\n|move|p2a: Alomomola|Scald|p1a: Bombirdier\n|-crit|p1a: Bombirdier\n|-damage|p1a: Bombirdier|167/258 par\n|move|p1a: Bombirdier|Knock Off|p2a: Alomomola\n|-damage|p2a: Alomomola|322/429\n|-enditem|p2a: Alomomola|Leftovers|[from] move: Knock Off|[of] p1a: Bombirdier\n|\n|-heal|p2a: Alomomola|429/429|[from] move: Wish|[wisher] Alomomola\n|upkeep\n|turn|29\n|\n|t:|1713974662\n|move|p2a: Alomomola|Scald|p1a: Bombirdier\n|-damage|p1a: Bombirdier|116/258 par\n|move|p1a: Bombirdier|Knock Off|p2a: Alomomola\n|-damage|p2a: Alomomola|351/429\n|\n|upkeep\n|turn|30\n|\n|t:|1713974667\n|move|p2a: Alomomola|Scald|p1a: Bombirdier\n|-damage|p1a: Bombirdier|61/258 par\n|move|p1a: Bombirdier|Roost|p1a: Bombirdier\n|-heal|p1a: Bombirdier|190/258 par\n|-singleturn|p1a: Bombirdier|move: Roost\n|\n|upkeep\n|turn|31\n|\n|t:|1713974675\n|move|p2a: Alomomola|Scald|p1a: Bombirdier\n|-damage|p1a: Bombirdier|138/258 par\n|cant|p1a: Bombirdier|par\n|\n|upkeep\n|turn|32\n|\n|t:|1713974680\n|move|p2a: Alomomola|Scald|p1a: Bombirdier\n|-damage|p1a: Bombirdier|83/258 par\n|move|p1a: Bombirdier|Roost|p1a: Bombirdier\n|-heal|p1a: Bombirdier|212/258 par\n|-singleturn|p1a: Bombirdier|move: Roost\n|\n|upkeep\n|turn|33\n|\n|t:|1713974689\n|move|p2a: Alomomola|Scald|p1a: Bombirdier\n|-damage|p1a: Bombirdier|160/258 par\n|move|p1a: Bombirdier|Knock Off|p2a: Alomomola\n|-damage|p2a: Alomomola|279/429\n|\n|upkeep\n|turn|34\n|\n|t:|1713974694\n|move|p2a: Alomomola|Wish|p2a: Alomomola\n|move|p1a: Bombirdier|Knock Off|p2a: Alomomola\n|-damage|p2a: Alomomola|197/429\n|\n|upkeep\n|turn|35\n|\n|t:|1713974698\n|move|p2a: Alomomola|Scald|p1a: Bombirdier\n|-damage|p1a: Bombirdier|108/258 par\n|move|p1a: Bombirdier|Knock Off|p2a: Alomomola\n|-damage|p2a: Alomomola|115/429\n|\n|-heal|p2a: Alomomola|329/429|[from] move: Wish|[wisher] Alomomola\n|upkeep\n|turn|36\n|\n|t:|1713974704\n|move|p2a: Alomomola|Wish|p2a: Alomomola\n|move|p1a: Bombirdier|Roost|p1a: Bombirdier\n|-heal|p1a: Bombirdier|237/258 par\n|-singleturn|p1a: Bombirdier|move: Roost\n|\n|upkeep\n|turn|37\n|\n|t:|1713974716\n|move|p2a: Alomomola|Flip Turn|p1a: Bombirdier\n|-damage|p1a: Bombirdier|183/258 par\n|\n|t:|1713974720\n|switch|p2a: Hypno|Hypno, L95, M, tera:Steel|173/315|[from] Flip Turn\n|-damage|p2a: Hypno|154/315|[from] Stealth Rock\n|move|p1a: Bombirdier|Knock Off|p2a: Hypno\n|-damage|p2a: Hypno|45/315\n|-enditem|p2a: Hypno|Leftovers|[from] move: Knock Off|[of] p1a: Bombirdier\n|\n|-heal|p2a: Hypno|259/315|[from] move: Wish|[wisher] Alomomola\n|upkeep\n|turn|38\n|\n|t:|1713974733\n|switch|p2a: Alomomola|Alomomola, L87, F|429/429\n|-damage|p2a: Alomomola|376/429|[from] Stealth Rock\n|move|p1a: Bombirdier|Knock Off|p2a: Alomomola\n|-damage|p2a: Alomomola|301/429\n|\n|upkeep\n|turn|39\n|\n|t:|1713974739\n|move|p2a: Alomomola|Wish|p2a: Alomomola\n|move|p1a: Bombirdier|Knock Off|p2a: Alomomola\n|-damage|p2a: Alomomola|226/429\n|\n|upkeep\n|turn|40\n|\n|t:|1713974749\n|move|p2a: Alomomola|Scald|p1a: Bombirdier\n|-damage|p1a: Bombirdier|128/258 par\n|move|p1a: Bombirdier|Roost|p1a: Bombirdier\n|-heal|p1a: Bombirdier|257/258 par\n|-singleturn|p1a: Bombirdier|move: Roost\n|\n|-heal|p2a: Alomomola|429/429|[from] move: Wish|[wisher] Alomomola\n|upkeep\n|turn|41\n|\n|t:|1713974762\n|move|p2a: Alomomola|Wish|p2a: Alomomola\n|move|p1a: Bombirdier|Knock Off|p2a: Alomomola\n|-damage|p2a: Alomomola|353/429\n|\n|upkeep\n|turn|42\n|\n|t:|1713974768\n|switch|p1a: Floatzel|Floatzel, L85, F, tera:Water|219/283\n|move|p2a: Alomomola|Flip Turn|p1a: Floatzel\n|-resisted|p1a: Floatzel\n|-damage|p1a: Floatzel|180/283\n|\n|t:|1713974772\n|switch|p2a: Hypno|Hypno, L95, M, tera:Steel|259/315|[from] Flip Turn\n|-damage|p2a: Hypno|240/315|[from] Stealth Rock\n|\n|-heal|p2a: Hypno|315/315|[from] move: Wish|[wisher] Alomomola\n|upkeep\n|turn|43\n|\n|t:|1713974789\n|move|p1a: Floatzel|Flip Turn|p2a: Hypno\n|-damage|p2a: Hypno|173/315\n|\n|t:|1713974791\n|switch|p1a: Bombirdier|Bombirdier, L85, F|257/258 par|[from] Flip Turn\n|move|p2a: Hypno|Knock Off|p1a: Bombirdier\n|-resisted|p1a: Bombirdier\n|-damage|p1a: Bombirdier|233/258 par\n|\n|upkeep\n|turn|44\n|\n|t:|1713974797\n|switch|p2a: Alomomola|Alomomola, L87, F|429/429\n|-damage|p2a: Alomomola|376/429|[from] Stealth Rock\n|switch|p1a: Zarude|Zarude-Dada, L78|20/292\n|\n|upkeep\n|turn|45\n|\n|t:|1713974801\n|move|p2a: Alomomola|Protect|p2a: Alomomola\n|-singleturn|p2a: Alomomola|Protect\n|move|p1a: Zarude|Power Whip|p2a: Alomomola\n|-activate|p2a: Alomomola|move: Protect\n|\n|upkeep\n|turn|46\n|\n|t:|1713974806\n|switch|p2a: Hypno|Hypno, L95, M, tera:Steel|173/315\n|-damage|p2a: Hypno|154/315|[from] Stealth Rock\n|move|p1a: Zarude|Power Whip|p2a: Hypno\n|-resisted|p2a: Hypno\n|-damage|p2a: Hypno|80/315\n|\n|upkeep\n|turn|47\n|\n|t:|1713974814\n|switch|p1a: Bombirdier|Bombirdier, L85, F|233/258 par\n|move|p2a: Hypno|Knock Off|p1a: Bombirdier\n|-resisted|p1a: Bombirdier\n|-damage|p1a: Bombirdier|210/258 par\n|\n|upkeep\n|turn|48\n|\n|t:|1713974818\n|switch|p2a: Alomomola|Alomomola, L87, F|429/429\n|-damage|p2a: Alomomola|376/429|[from] Stealth Rock\n|move|p1a: Bombirdier|Knock Off|p2a: Alomomola\n|-damage|p2a: Alomomola|301/429\n|\n|upkeep\n|turn|49\n|\n|t:|1713974827\n|move|p2a: Alomomola|Wish|p2a: Alomomola\n|move|p1a: Bombirdier|Knock Off|p2a: Alomomola\n|-damage|p2a: Alomomola|228/429\n|\n|upkeep\n|turn|50\n|\n|t:|1713974833\n|move|p2a: Alomomola|Flip Turn|p1a: Bombirdier\n|-damage|p1a: Bombirdier|153/258 par\n|\n|t:|1713974836\n|switch|p2a: Hypno|Hypno, L95, M, tera:Steel|80/315|[from] Flip Turn\n|-damage|p2a: Hypno|61/315|[from] Stealth Rock\n|move|p1a: Bombirdier|Knock Off|p2a: Hypno\n|-damage|p2a: Hypno|0 fnt\n|faint|p2a: Hypno\n|\n|upkeep\n|\n|t:|1713974854\n|switch|p2a: Alomomola|Alomomola, L87, F|371/429\n|-damage|p2a: Alomomola|318/429|[from] Stealth Rock\n|turn|51\n|\n|t:|1713974869\n|move|p2a: Alomomola|Scald|p1a: Bombirdier\n|-damage|p1a: Bombirdier|102/258 par\n|move|p1a: Bombirdier|Roost|p1a: Bombirdier\n|-heal|p1a: Bombirdier|231/258 par\n|-singleturn|p1a: Bombirdier|move: Roost\n|\n|upkeep\n|turn|52\n|\n|t:|1713974876\n|move|p2a: Alomomola|Scald|p1a: Bombirdier\n|-damage|p1a: Bombirdier|176/258 par\n|move|p1a: Bombirdier|Knock Off|p2a: Alomomola\n|-damage|p2a: Alomomola|245/429\n|\n|upkeep\n|turn|53\n|\n|t:|1713974884\n|move|p2a: Alomomola|Wish|p2a: Alomomola\n|cant|p1a: Bombirdier|par\n|\n|upkeep\n|turn|54\n|\n|t:|1713974889\n|move|p2a: Alomomola|Scald|p1a: Bombirdier\n|-damage|p1a: Bombirdier|128/258 par\n|move|p1a: Bombirdier|Roost|p1a: Bombirdier\n|-heal|p1a: Bombirdier|257/258 par\n|-singleturn|p1a: Bombirdier|move: Roost\n|\n|-heal|p2a: Alomomola|429/429|[from] move: Wish|[wisher] Alomomola\n|upkeep\n|turn|55\n|\n|t:|1713974895\n|move|p2a: Alomomola|Scald|p1a: Bombirdier\n|-damage|p1a: Bombirdier|209/258 par\n|move|p1a: Bombirdier|Knock Off|p2a: Alomomola\n|-damage|p2a: Alomomola|356/429\n|\n|upkeep\n|turn|56\n|\n|t:|1713974900\n|move|p2a: Alomomola|Scald|p1a: Bombirdier\n|-damage|p1a: Bombirdier|158/258 par\n|move|p1a: Bombirdier|Knock Off|p2a: Alomomola\n|-damage|p2a: Alomomola|284/429\n|\n|upkeep\n|turn|57\n|\n|t:|1713974905\n|move|p2a: Alomomola|Wish|p2a: Alomomola\n|move|p1a: Bombirdier|Knock Off|p2a: Alomomola\n|-damage|p2a: Alomomola|209/429\n|\n|upkeep\n|turn|58\n|\n|t:|1713974908\n|move|p2a: Alomomola|Scald|p1a: Bombirdier\n|-damage|p1a: Bombirdier|103/258 par\n|cant|p1a: Bombirdier|par\n|\n|-heal|p2a: Alomomola|423/429|[from] move: Wish|[wisher] Alomomola\n|upkeep\n|turn|59\n|\n|t:|1713974921\n|move|p2a: Alomomola|Flip Turn|p1a: Bombirdier\n|-damage|p1a: Bombirdier|45/258 par\n|\n|t:|1713974923\n|switch|p2a: Mismagius|Mismagius, L86, F|243/243|[from] Flip Turn\n|-damage|p2a: Mismagius|213/243|[from] Stealth Rock\n|cant|p1a: Bombirdier|par\n|\n|-heal|p2a: Mismagius|228/243|[from] item: Leftovers\n|upkeep\n|turn|60\n|\n|t:|1713974930\n|move|p2a: Mismagius|Substitute|p2a: Mismagius\n|-start|p2a: Mismagius|Substitute\n|-damage|p2a: Mismagius|168/243\n|move|p1a: Bombirdier|Knock Off|p2a: Mismagius\n|-supereffective|p2a: Mismagius\n|-end|p2a: Mismagius|Substitute\n|\n|-heal|p2a: Mismagius|183/243|[from] item: Leftovers\n|upkeep\n|turn|61\n|\n|t:|1713974935\n|move|p2a: Mismagius|Substitute|p2a: Mismagius\n|-start|p2a: Mismagius|Substitute\n|-damage|p2a: Mismagius|123/243\n|move|p1a: Bombirdier|Knock Off|p2a: Mismagius\n|-supereffective|p2a: Mismagius\n|-end|p2a: Mismagius|Substitute\n|\n|-heal|p2a: Mismagius|138/243|[from] item: Leftovers\n|upkeep\n|turn|62\n|\n|t:|1713974939\n|move|p2a: Mismagius|Substitute|p2a: Mismagius\n|-start|p2a: Mismagius|Substitute\n|-damage|p2a: Mismagius|78/243\n|move|p1a: Bombirdier|Knock Off|p2a: Mismagius\n|-supereffective|p2a: Mismagius\n|-end|p2a: Mismagius|Substitute\n|\n|-heal|p2a: Mismagius|93/243|[from] item: Leftovers\n|upkeep\n|turn|63\n|\n|t:|1713974944\n|move|p2a: Mismagius|Substitute|p2a: Mismagius\n|-start|p2a: Mismagius|Substitute\n|-damage|p2a: Mismagius|33/243\n|cant|p1a: Bombirdier|par\n|\n|-heal|p2a: Mismagius|48/243|[from] item: Leftovers\n|upkeep\n|turn|64\n|\n|t:|1713974952\n|move|p2a: Mismagius|Tera Blast|p1a: Bombirdier\n|-damage|p1a: Bombirdier|0 fnt\n|faint|p1a: Bombirdier\n|\n|-heal|p2a: Mismagius|63/243|[from] item: Leftovers\n|upkeep\n|\n|t:|1713974956\n|switch|p1a: Floatzel|Floatzel, L85, F, tera:Water|180/283\n|turn|65\n|\n|t:|1713974963\n|move|p1a: Floatzel|Wave Crash|p2a: Mismagius\n|-end|p2a: Mismagius|Substitute\n|-damage|p1a: Floatzel|160/283|[from] Recoil|[of] p2a: Mismagius\n|move|p2a: Mismagius|Shadow Ball|p1a: Floatzel\n|-damage|p1a: Floatzel|19/283\n|\n|-heal|p2a: Mismagius|78/243|[from] item: Leftovers\n|upkeep\n|turn|66\n|\n|t:|1713974974\n|move|p1a: Floatzel|Wave Crash|p2a: Mismagius\n|-damage|p2a: Mismagius|0 fnt\n|faint|p2a: Mismagius\n|-damage|p1a: Floatzel|0 fnt|[from] Recoil\n|faint|p1a: Floatzel\n|\n|upkeep\n|\n|t:|1713974977\n|switch|p1a: Zarude|Zarude-Dada, L78|20/292\n|switch|p2a: Alomomola|Alomomola, L87, F|429/429\n|-damage|p2a: Alomomola|376/429|[from] Stealth Rock\n|turn|67\n|\n|t:|1713974981\n|move|p2a: Alomomola|Protect|p2a: Alomomola\n|-singleturn|p2a: Alomomola|Protect\n|move|p1a: Zarude|Power Whip|p2a: Alomomola\n|-activate|p2a: Alomomola|move: Protect\n|\n|upkeep\n|turn|68\n|\n|t:|1713974987\n|move|p1a: Zarude|Power Whip|p2a: Alomomola\n|-supereffective|p2a: Alomomola\n|-damage|p2a: Alomomola|92/429\n|move|p2a: Alomomola|Scald|p1a: Zarude\n|-resisted|p1a: Zarude\n|-damage|p1a: Zarude|0 fnt\n|faint|p1a: Zarude\n|\n|win|TheLastOne\n|raw|MichaelderBeste2's rating: 2371 &rarr; <strong>2347</strong><br />(-24 for losing)\n|raw|TheLastOne's rating: 2304 &rarr; <strong>2328</strong><br />(+24 for winning)\n", "inputlog": ">version 56c3b69fcd3b113ffc796eb8c36c032ea017d75b\n>start {\"formatid\":\"gen9randombattle\",\"seed\":[13594,45312,60651,25869],\"rated\":\"Rated battle\"}\n>player p1 {\"name\":\"MichaelderBeste2\",\"avatar\":\"#rbtt7teamdarkrai\",\"rating\":2371,\"seed\":[42061,44052,32013,39668]}\n>player p2 {\"name\":\"TheLastOne\",\"avatar\":\"buck\",\"rating\":2304,\"seed\":[23109,26565,19310,36125]}\n>p1 move powerwhip\n>p2 move closecombat\n>p1 switch 3\n>p2 move knockoff\n>p1 move superpower\n>p2 move closecombat\n>p2 switch 6\n>p1 move leafstorm\n>p2 move shadowball\n>p1 switch 6\n>p1 move stealthrock\n>p2 switch 4\n>p1 switch 4\n>p2 move bravebird\n>p1 move steameruption\n>p2 move toxic\n>p1 move steameruption\n>p2 move roost\n>p1 move steameruption\n>p2 switch 5\n>p1 move steameruption\n>p2 move wish\n>p1 switch 2\n>p2 move protect\n>p1 move calmmind\n>p2 move flipturn\n>p2 switch 3\n>p1 move calmmind\n>p2 move encore\n>p1 move calmmind\n>p2 move knockoff\n>p1 switch 4\n>p2 move thunderwave\n>p1 move bravebird\n>p2 move thunderwave\n>p1 move knockoff\n>p2 switch 5\n>p1 switch 5\n>p2 move roost\n>p1 move flipturn terastallize\n>p2 move toxic\n>p1 switch 2\n>p1 switch 2\n>p1 move wavecrash\n>p2 move roost\n>p2 switch 3\n>p1 switch 5\n>p2 move flipturn\n>p2 switch 2\n>p1 switch 4\n>p2 move surgingstrikes\n>p1 move psyshock\n>p2 move surgingstrikes\n>p1 switch 3\n>p1 move powerwhip\n>p2 move surgingstrikes\n>p2 switch 5\n>p1 switch 4\n>p2 move knockoff terastallize\n>p1 move knockoff\n>p2 switch 2\n>p1 move roost\n>p2 move wish\n>p1 move knockoff\n>p2 move scald\n>p1 move knockoff\n>p2 move scald\n>p1 move roost\n>p2 move scald\n>p1 move knockoff\n>p2 move scald\n>p1 move roost\n>p2 move scald\n>p1 move knockoff\n>p2 move scald\n>p1 move knockoff\n>p2 move wish\n>p1 move knockoff\n>p2 move scald\n>p1 move roost\n>p2 move wish\n>p1 move knockoff\n>p2 move flipturn\n>p2 switch 2\n>p1 move knockoff\n>p2 switch 2\n>p1 move knockoff\n>p2 move wish\n>p1 move roost\n>p2 move scald\n>p1 move knockoff\n>p2 move wish\n>p1 switch 5\n>p2 move flipturn\n>p2 switch 2\n>p1 move flipturn\n>p2 move knockoff\n>p1 switch 5\n>p1 switch 4\n>p2 switch 2\n>p1 move powerwhip\n>p2 move protect\n>p1 move powerwhip\n>p2 switch 2\n>p1 switch 4\n>p2 move knockoff\n>p1 move knockoff\n>p2 switch 2\n>p1 move knockoff\n>p2 move wish\n>p1 move knockoff\n>p2 move flipturn\n>p2 switch 2\n>p2 switch 2\n>p1 move roost\n>p2 move scald\n>p1 move knockoff\n>p2 move scald\n>p1 move bravebird\n>p2 move wish\n>p1 move roost\n>p2 move scald\n>p1 move knockoff\n>p2 move scald\n>p1 move knockoff\n>p2 move scald\n>p1 move knockoff\n>p2 move wish\n>p1 move bravebird\n>p2 move scald\n>p1 move roost\n>p2 move flipturn\n>p2 switch 4\n>p1 move knockoff\n>p2 move substitute\n>p1 move knockoff\n>p2 move substitute\n>p1 move knockoff\n>p2 move substitute\n>p1 move knockoff\n>p2 move substitute\n>p1 move knockoff\n>p2 move terablast\n>p1 switch 5\n>p1 move wavecrash\n>p2 move shadowball\n>p1 move wavecrash\n>p2 move shadowball\n>p1 switch 4\n>p2 switch 4\n>p1 move powerwhip\n>p2 move protect\n>p1 move powerwhip\n>p2 move scald", "uploadtime": 1713974993, "views": 251, "formatid": "gen9randombattle", "rating": 2328, "private": 0, "password": null}