{"id": "gen9randombattle-2104287005", "format": "[Gen 9] Random Battle", "players": ["now you lose", "stinkypokeeee"], "log": "|badge|p1|silver|gen9randombattle|30-1\n|uhtml|medal-msg|<div class=\"broadcast-blue\">Curious what those medals under the avatar are? PS now has Ladder Seasons! For more information, check out the <a href=\"https://www.smogon.com/forums/threads/3740067/\">thread on Smogon.</a></div>\n|badge|p2|bronze|gen9randombattle|100-1\n|uhtml|medal-msg|<div class=\"broadcast-blue\">Curious what those medals under the avatar are? PS now has Ladder Seasons! For more information, check out the <a href=\"https://www.smogon.com/forums/threads/3740067/\">thread on Smogon.</a></div>\n|j|\u2606now you lose\n|j|\u2606stinkypokeeee\n|t:|1713224381\n|gametype|singles\n|player|p1|now you lose|chili|2387\n|player|p2|stinkypokeeee|marshal|2374\n|teamsize|p1|6\n|teamsize|p2|6\n|gen|9\n|tier|[Gen 9] Random Battle\n|rated|\n|rule|Species Clause: Limit one of each Pok\u00e9mon\n|rule|HP Percentage Mod: HP is shown in percentages\n|rule|Sleep Clause Mod: Limit one foe put to sleep\n|rule|Illusion Level Mod: Illusion disguises the Pok\u00e9mon's true level\n|\n|t:|1713224381\n|start\n|switch|p1a: Malamar|Malamar, L82, F|275/275\n|switch|p2a: Flapple|Flapple, L88, M|266/266\n|turn|1\n|inactive|Battle timer is ON: inactive players will automatically lose when time's up. (requested by stinkypokeeee)\n|\n|t:|1713224395\n|move|p2a: Flapple|Outrage|p1a: Malamar\n|-crit|p1a: Malamar\n|-damage|p1a: Malamar|0 fnt\n|faint|p1a: Malamar\n|\n|upkeep\n|\n|t:|1713224404\n|switch|p1a: Victreebel|Victreebel, L90, F|290/290\n|turn|2\n|j| 8cjdjndhc\n|\n|t:|1713224407\n|move|p1a: Victreebel|Sludge Wave|p2a: Flapple\n|-supereffective|p2a: Flapple\n|-damage|p2a: Flapple|0 fnt\n|faint|p2a: Flapple\n|-damage|p1a: Victreebel|261/290|[from] item: Life Orb\n|\n|upkeep\n|\n|t:|1713224418\n|switch|p2a: Heatran|Heatran, L79, M|273/273\n|-item|p2a: Heatran|Air Balloon\n|turn|3\n|\n|t:|1713224422\n|switch|p1a: Pelipper|Pelipper, L86, F|243/243\n|-weather|RainDance|[from] ability: Drizzle|[of] p1a: Pelipper\n|move|p2a: Heatran|Stealth Rock|p1a: Pelipper\n|-sidestart|p1: now you lose|move: Stealth Rock\n|\n|-weather|RainDance|[upkeep]\n|upkeep\n|turn|4\n|\n|t:|1713224433\n|switch|p2a: Shiftry|Shiftry, L89, F|305/305\n|move|p1a: Pelipper|Surf|p2a: Shiftry\n|-resisted|p2a: Shiftry\n|-damage|p2a: Shiftry|212/305\n|\n|-weather|RainDance|[upkeep]\n|upkeep\n|turn|5\n|\n|t:|1713224446\n|move|p2a: Shiftry|Swords Dance|p2a: Shiftry\n|-boost|p2a: Shiftry|atk|2\n|move|p1a: Pelipper|Hurricane|p2a: Shiftry\n|-ability|p2a: Shiftry|Wind Rider|boost\n|-boost|p2a: Shiftry|atk|1\n|\n|-weather|RainDance|[upkeep]\n|upkeep\n|turn|6\n|\n|t:|1713224468\n|move|p2a: Shiftry|Knock Off|p1a: Pelipper\n|-damage|p1a: Pelipper|0 fnt\n|-enditem|p1a: Pelipper|Heavy-Duty Boots|[from] move: Knock Off|[of] p2a: Shiftry\n|faint|p1a: Pelipper\n|-damage|p2a: Shiftry|182/305|[from] item: Life Orb\n|\n|-weather|RainDance|[upkeep]\n|upkeep\n|\n|t:|1713224474\n|switch|p1a: Muk|Muk-Alola, L82, M|306/306\n|-damage|p1a: Muk|268/306|[from] Stealth Rock\n|turn|7\n|\n|t:|1713224494\n|move|p2a: Shiftry|Knock Off|p1a: Muk\n|-resisted|p1a: Muk\n|-damage|p1a: Muk|54/306\n|-enditem|p1a: Muk|Assault Vest|[from] move: Knock Off|[of] p2a: Shiftry\n|-damage|p2a: Shiftry|152/305|[from] item: Life Orb\n|move|p1a: Muk|Drain Punch|p2a: Shiftry\n|-supereffective|p2a: Shiftry\n|-damage|p2a: Shiftry|24/305\n|-heal|p1a: Muk|118/306|[from] drain|[of] p2a: Shiftry\n|-status|p2a: Shiftry|psn|[from] ability: Poison Touch|[of] p1a: Muk\n|\n|-weather|none\n|-damage|p2a: Shiftry|0 fnt|[from] psn\n|faint|p2a: Shiftry\n|upkeep\n|\n|t:|1713224506\n|switch|p2a: Dusknoir|Dusknoir, L88, M|222/222\n|turn|8\n|\n|t:|1713224510\n|move|p2a: Dusknoir|Earthquake|p1a: Muk\n|-supereffective|p1a: Muk\n|-damage|p1a: Muk|0 fnt\n|faint|p1a: Muk\n|\n|upkeep\n|\n|t:|1713224513\n|switch|p1a: Hitmontop|Hitmontop, L88, M|231/231\n|-damage|p1a: Hitmontop|217/231|[from] Stealth Rock\n|turn|9\n|\n|t:|1713224519\n|move|p1a: Hitmontop|Bulk Up|p1a: Hitmontop\n|-boost|p1a: Hitmontop|atk|1\n|-boost|p1a: Hitmontop|def|1\n|move|p2a: Dusknoir|Earthquake|p1a: Hitmontop\n|-damage|p1a: Hitmontop|143/231\n|\n|-heal|p1a: Hitmontop|157/231|[from] item: Leftovers\n|upkeep\n|turn|10\n|\n|t:|1713224525\n|move|p1a: Hitmontop|Bulk Up|p1a: Hitmontop\n|-boost|p1a: Hitmontop|atk|1\n|-boost|p1a: Hitmontop|def|1\n|move|p2a: Dusknoir|Earthquake|p1a: Hitmontop\n|-damage|p1a: Hitmontop|103/231\n|\n|-heal|p1a: Hitmontop|117/231|[from] item: Leftovers\n|upkeep\n|turn|11\n|\n|t:|1713224531\n|move|p1a: Hitmontop|Triple Axel|p2a: Dusknoir\n|-damage|p2a: Dusknoir|191/222\n|-damage|p2a: Dusknoir|124/222\n|-damage|p2a: Dusknoir|32/222\n|-hitcount|p2a: Dusknoir|3\n|move|p2a: Dusknoir|Earthquake|p1a: Hitmontop\n|-damage|p1a: Hitmontop|60/231\n|\n|-heal|p1a: Hitmontop|74/231|[from] item: Leftovers\n|upkeep\n|turn|12\n|\n|t:|1713224535\n|move|p1a: Hitmontop|Triple Axel|p2a: Dusknoir\n|-damage|p2a: Dusknoir|2/222\n|-damage|p2a: Dusknoir|0 fnt\n|faint|p2a: Dusknoir\n|-hitcount|p2: Dusknoir|2\n|\n|-heal|p1a: Hitmontop|88/231|[from] item: Leftovers\n|upkeep\n|\n|t:|1713224539\n|switch|p2a: Swanna|Swanna, L88, M|275/275\n|turn|13\n|\n|t:|1713224552\n|-terastallize|p1a: Hitmontop|Ice\n|move|p2a: Swanna|Hydro Pump|p1a: Hitmontop\n|-damage|p1a: Hitmontop|0 fnt\n|faint|p1a: Hitmontop\n|\n|upkeep\n|\n|t:|1713224557\n|switch|p1a: Necrozma|Necrozma-Dusk-Mane, L68|245/245\n|-damage|p1a: Necrozma|230/245|[from] Stealth Rock\n|turn|14\n|\n|t:|1713224567\n|move|p2a: Swanna|Hydro Pump|p1a: Necrozma\n|-damage|p1a: Necrozma|97/245\n|move|p1a: Necrozma|Dragon Dance|p1a: Necrozma\n|-boost|p1a: Necrozma|atk|1\n|-boost|p1a: Necrozma|spe|1\n|\n|upkeep\n|turn|15\n|\n|t:|1713224573\n|move|p2a: Swanna|Hydro Pump|p1a: Necrozma\n|-damage|p1a: Necrozma|0 fnt\n|faint|p1a: Necrozma\n|\n|upkeep\n|-message|now you lose forfeited.\n|\n|win|stinkypokeeee\n|raw|now you lose's rating: 2387 &rarr; <strong>2366</strong><br />(-21 for losing)\n|raw|stinkypokeeee's rating: 2374 &rarr; <strong>2395</strong><br />(+21 for winning)\n|l|\u2606now you lose\n|player|p1|\n", "inputlog": ">version 94cb14e6e593f9434fd234bef139544825d280b8\n>start {\"formatid\":\"gen9randombattle\",\"seed\":[1328,9770,57711,37086],\"rated\":\"Rated battle\"}\n>player p1 {\"name\":\"now you lose\",\"avatar\":\"chili\",\"rating\":2387,\"seed\":[61776,35548,2310,54172]}\n>player p2 {\"name\":\"stinkypokeeee\",\"avatar\":\"marshal\",\"rating\":2374,\"seed\":[55326,54902,50364,37385]}\n>p1 move superpower\n>p2 move outrage\n>p1 switch 3\n>p1 move sludgewave\n>p2 move outrage\n>p2 switch 4\n>p1 switch 6\n>p2 move stealthrock\n>p1 move surf\n>p2 switch 2\n>p1 move hurricane\n>p2 move swordsdance\n>p1 move knockoff\n>p2 move knockoff\n>p1 switch 5\n>p1 move drainpunch\n>p2 move knockoff\n>p2 switch 6\n>p1 move knockoff\n>p2 move earthquake\n>p1 switch 4\n>p1 move bulkup\n>p2 move earthquake\n>p1 move bulkup\n>p2 move earthquake\n>p1 move tripleaxel\n>p2 move earthquake\n>p1 move tripleaxel\n>p2 move earthquake\n>p2 switch 5\n>p1 move rapidspin terastallize\n>p2 move hydropump\n>p1 switch 2\n>p1 move dragondance\n>p2 move hydropump\n>p1 move photongeyser\n>p2 move hydropump\n>forcelose p1", "uploadtime": 1713224744, "views": 248, "formatid": "gen9randombattle", "rating": 2366, "private": 0, "password": null}