{"id": "gen9randombattle-2260826948", "format": "[Gen 9] Random Battle", "players": ["FantasyWind", "jjhgv"], "log": "|j|\u203dFantasyWind\n|j|\u2606jjhgv\n|t:|1733899277\n|gametype|singles\n|player|p1|FantasyWind|hilda|1540\n|player|p2|jjhgv|lillie-masters2|1605\n|teamsize|p1|6\n|teamsize|p2|6\n|gen|9\n|tier|[Gen 9] Random Battle\n|rated|\n|rule|Species Clause: Limit one of each Pok\u00e9mon\n|rule|HP Percentage Mod: HP is shown in percentages\n|rule|Sleep Clause Mod: Limit one foe put to sleep\n|rule|Illusion Level Mod: Illusion disguises the Pok\u00e9mon's true level\n|\n|t:|1733899277\n|start\n|switch|p1a: Arceus|Arceus-Water, L71|288/288\n|switch|p2a: Lucario|Lucario, L84, M|255/255\n|turn|1\n|inactive|Battle timer is ON: inactive players will automatically lose when time's up. (requested by FantasyWind)\n|\n|t:|1733899294\n|switch|p2a: Lanturn|Lanturn, L89, F|367/367\n|move|p1a: Arceus|Judgment|p2a: Lanturn\n|-resisted|p2a: Lanturn\n|-damage|p2a: Lanturn|313/367\n|\n|upkeep\n|turn|2\n|\n|t:|1733899300\n|switch|p1a: Cacturne|Cacturne, L92, F|278/278\n|move|p2a: Lanturn|Scald|p1a: Cacturne\n|-immune|p1a: Cacturne|[from] ability: Water Absorb\n|\n|upkeep\n|turn|3\n|\n|t:|1733899307\n|move|p2a: Lanturn|Thunder Wave|p1a: Cacturne\n|-status|p1a: Cacturne|par\n|move|p1a: Cacturne|Knock Off|p2a: Lanturn\n|-damage|p2a: Lanturn|89/367\n|-enditem|p2a: Lanturn|Heavy-Duty Boots|[from] move: Knock Off|[of] p1a: Cacturne\n|-damage|p1a: Cacturne|251/278 par|[from] item: Life Orb\n|\n|upkeep\n|turn|4\n|\n|t:|1733899314\n|switch|p2a: Whimsicott|Whimsicott, L85, M|241/241\n|move|p1a: Cacturne|Toxic Spikes|p2a: Whimsicott\n|-sidestart|p2: jjhgv|move: Toxic Spikes\n|\n|upkeep\n|turn|5\n|\n|t:|1733899318\n|move|p2a: Whimsicott|Moonblast|p1a: Cacturne\n|-supereffective|p1a: Cacturne\n|-damage|p1a: Cacturne|45/278 par\n|-unboost|p1a: Cacturne|spa|1\n|move|p1a: Cacturne|Toxic Spikes|p2a: Whimsicott\n|-sidestart|p2: jjhgv|move: Toxic Spikes\n|\n|upkeep\n|turn|6\n|\n|t:|1733899357\n|move|p1a: Cacturne|Sucker Punch|p2a: Whimsicott\n|-resisted|p2a: Whimsicott\n|-damage|p2a: Whimsicott|170/241\n|-damage|p1a: Cacturne|18/278 par|[from] item: Life Orb\n|move|p2a: Whimsicott|Moonblast|p1a: Cacturne\n|-supereffective|p1a: Cacturne\n|-damage|p1a: Cacturne|0 fnt\n|faint|p1a: Cacturne\n|\n|upkeep\n|inactive|FantasyWind has 120 seconds left.\n|\n|t:|1733899378\n|switch|p1a: Moltres|Moltres, L81|278/278\n|turn|7\n|inactive|FantasyWind has 120 seconds left.\n|\n|t:|1733899387\n|move|p2a: Whimsicott|U-turn|p1a: Moltres\n|-resisted|p1a: Moltres\n|-damage|p1a: Moltres|269/278\n|-status|p2a: Whimsicott|brn|[from] ability: Flame Body|[of] p1a: Moltres\n|\n|t:|1733899394\n|switch|p2a: Sandy Shocks|Sandy Shocks, L80|267/267|[from] U-turn\n|move|p1a: Moltres|Fire Blast|p2a: Sandy Shocks\n|-damage|p2a: Sandy Shocks|134/267\n|\n|upkeep\n|turn|8\n|\n|t:|1733899408\n|-terastallize|p1a: Moltres|Ground\n|move|p2a: Sandy Shocks|Thunderbolt|p1a: Moltres\n|-immune|p1a: Moltres\n|move|p1a: Moltres|Scorching Sands|p2a: Sandy Shocks\n|-supereffective|p2a: Sandy Shocks\n|-damage|p2a: Sandy Shocks|0 fnt\n|faint|p2a: Sandy Shocks\n|-end|p2a: Sandy Shocks|Protosynthesis|[silent]\n|\n|upkeep\n|\n|t:|1733899422\n|switch|p2a: Lurantis|Lurantis, L87, M|264/264\n|-status|p2a: Lurantis|tox\n|turn|9\n|\n|t:|1733899428\n|-terastallize|p2a: Lurantis|Water\n|move|p1a: Moltres|Fire Blast|p2a: Lurantis|[miss]\n|-miss|p1a: Moltres|p2a: Lurantis\n|move|p2a: Lurantis|Leaf Storm|p1a: Moltres\n|-supereffective|p1a: Moltres\n|-damage|p1a: Moltres|0 fnt\n|-boost|p2a: Lurantis|spa|2\n|faint|p1a: Moltres\n|\n|-damage|p2a: Lurantis|248/264 tox|[from] psn\n|upkeep\n|\n|t:|1733899447\n|switch|p1a: Iron Thorns|Iron Thorns, L83|302/302\n|-enditem|p1a: Iron Thorns|Booster Energy\n|-activate|p1a: Iron Thorns|ability: Quark Drive|[fromitem]\n|-start|p1a: Iron Thorns|quarkdriveatk\n|turn|10\n|\n|t:|1733899465\n|move|p1a: Iron Thorns|Wild Charge|p2a: Lurantis\n|-supereffective|p2a: Lurantis\n|-damage|p2a: Lurantis|0 fnt\n|faint|p2a: Lurantis\n|-damage|p1a: Iron Thorns|240/302|[from] Recoil\n|\n|upkeep\n|\n|t:|1733899469\n|switch|p2a: Whimsicott|Whimsicott, L85, M|170/241 brn\n|turn|11\n|\n|t:|1733899473\n|move|p2a: Whimsicott|Moonblast|p1a: Iron Thorns\n|-damage|p1a: Iron Thorns|155/302\n|move|p1a: Iron Thorns|Ice Punch|p2a: Whimsicott\n|-supereffective|p2a: Whimsicott\n|-damage|p2a: Whimsicott|0 fnt\n|faint|p2a: Whimsicott\n|\n|upkeep\n|-message|jjhgv forfeited.\n|\n|win|FantasyWind\n|raw|FantasyWind's rating: 1540 &rarr; <strong>1564</strong><br />(+24 for winning)\n|raw|jjhgv's rating: 1605 &rarr; <strong>1581</strong><br />(-24 for losing)\n|l|\u2606jjhgv\n|player|p2|\n", "inputlog": ">version bfd83cad13791eb5a5a409923076391caf6fb4d4\n>start {\"formatid\":\"gen9randombattle\",\"seed\":[11682,10541,58098,48766],\"rated\":\"Rated battle\"}\n>player p1 {\"name\":\"FantasyWind\",\"avatar\":\"hilda\",\"rating\":1540,\"seed\":[25577,31117,57428,55991]}\n>player p2 {\"name\":\"jjhgv\",\"avatar\":\"lillie-masters2\",\"rating\":1605,\"seed\":[30891,535,4344,26060]}\n>p1 move judgment\n>p2 switch 4\n>p1 switch 2\n>p2 move scald\n>p1 move knockoff\n>p2 move thunderwave\n>p1 move toxicspikes\n>p2 switch 2\n>p1 move toxicspikes\n>p2 move moonblast\n>p1 move suckerpunch\n>p2 move moonblast\n>p1 switch 3\n>p1 move fireblast\n>p2 move uturn\n>p2 switch 3\n>p1 move scorchingsands terastallize\n>p2 move thunderbolt\n>p2 switch 5\n>p1 move fireblast\n>p2 move leafstorm terastallize\n>p1 switch 5\n>p1 move wildcharge\n>p2 move leafstorm\n>p2 switch 3\n>p1 move icepunch\n>p2 move moonblast\n>forcelose p2", "uploadtime": 1733899479, "views": 2, "formatid": "gen9randombattle", "rating": 1564, "private": 0, "password": null}