{"id": "gen9randombattle-2260849266", "format": "[Gen 9] Random Battle", "players": ["Typhaeon", "Pokerknight22"], "log": "|j|\u2606Typhaeon\n|j|\u2606Pokerknight22\n|t:|1733903760\n|gametype|singles\n|player|p1|Typhaeon|101|1509\n|player|p2|Pokerknight22|170|1546\n|teamsize|p1|6\n|teamsize|p2|6\n|gen|9\n|tier|[Gen 9] Random Battle\n|rated|\n|rule|Species Clause: Limit one of each Pok\u00e9mon\n|rule|HP Percentage Mod: HP is shown in percentages\n|rule|Sleep Clause Mod: Limit one foe put to sleep\n|rule|Illusion Level Mod: Illusion disguises the Pok\u00e9mon's true level\n|\n|t:|1733903760\n|start\n|switch|p1a: Revavroom|Revavroom, L79, F|256/256\n|switch|p2a: Froslass|Froslass, L87, F|263/263\n|turn|1\n|inactive|Battle timer is ON: inactive players will automatically lose when time's up. (requested by Typhaeon)\n|inactive|Pokerknight22 has 120 seconds left.\n|\n|t:|1733903793\n|switch|p2a: Gurdurr|Gurdurr, L85, M|283/283\n|move|p1a: Revavroom|Shift Gear|p1a: Revavroom\n|-boost|p1a: Revavroom|spe|2\n|-boost|p1a: Revavroom|atk|1\n|\n|upkeep\n|turn|2\n|\n|t:|1733903804\n|move|p1a: Revavroom|Iron Head|p2a: Gurdurr\n|-crit|p2a: Gurdurr\n|-damage|p2a: Gurdurr|100/283\n|-damage|p1a: Revavroom|231/256|[from] item: Life Orb\n|cant|p2a: Gurdurr|flinch\n|\n|upkeep\n|turn|3\n|\n|t:|1733903808\n|move|p1a: Revavroom|Iron Head|p2a: Gurdurr\n|-damage|p2a: Gurdurr|0 fnt\n|faint|p2a: Gurdurr\n|-damage|p1a: Revavroom|206/256|[from] item: Life Orb\n|\n|upkeep\n|\n|t:|1733903816\n|switch|p2a: Blaziken|Blaziken, L76, M|247/247\n|turn|4\n|\n|t:|1733903825\n|move|p1a: Revavroom|High Horsepower|p2a: Blaziken\n|-supereffective|p2a: Blaziken\n|-damage|p2a: Blaziken|0 fnt\n|faint|p2a: Blaziken\n|-damage|p1a: Revavroom|181/256|[from] item: Life Orb\n|\n|upkeep\n|\n|t:|1733903839\n|switch|p2a: Tatsugiri|Tatsugiri-Stretchy, L87, F|260/260\n|turn|5\n|\n|t:|1733903861\n|move|p1a: Revavroom|Gunk Shot|p2a: Tatsugiri|[miss]\n|-miss|p1a: Revavroom|p2a: Tatsugiri\n|move|p2a: Tatsugiri|Hydro Pump|p1a: Revavroom\n|-damage|p1a: Revavroom|0 fnt\n|faint|p1a: Revavroom\n|\n|upkeep\n|\n|t:|1733903866\n|switch|p1a: Sinistcha|Sinistcha, L83|254/254\n|turn|6\n|\n|t:|1733903878\n|move|p2a: Tatsugiri|Nasty Plot|p2a: Tatsugiri\n|-boost|p2a: Tatsugiri|spa|2\n|move|p1a: Sinistcha|Calm Mind|p1a: Sinistcha\n|-boost|p1a: Sinistcha|spa|1\n|-boost|p1a: Sinistcha|spd|1\n|\n|upkeep\n|turn|7\n|\n|t:|1733903894\n|move|p2a: Tatsugiri|Nasty Plot|p2a: Tatsugiri\n|-boost|p2a: Tatsugiri|spa|2\n|move|p1a: Sinistcha|Shadow Ball|p2a: Tatsugiri\n|-damage|p2a: Tatsugiri|115/260\n|\n|upkeep\n|turn|8\n|\n|t:|1733903898\n|move|p2a: Tatsugiri|Draco Meteor|p1a: Sinistcha\n|-crit|p1a: Sinistcha\n|-damage|p1a: Sinistcha|0 fnt\n|-unboost|p2a: Tatsugiri|spa|2\n|faint|p1a: Sinistcha\n|\n|upkeep\n|\n|t:|1733903908\n|switch|p1a: Cramorant|Cramorant, L86, M|261/261\n|turn|9\n|\n|t:|1733903913\n|move|p1a: Cramorant|Brave Bird|p2a: Tatsugiri\n|-damage|p2a: Tatsugiri|0 fnt\n|faint|p2a: Tatsugiri\n|-damage|p1a: Cramorant|223/261|[from] Recoil\n|\n|upkeep\n|\n|t:|1733903916\n|switch|p2a: Arceus|Arceus-Electric, L70|284/284\n|turn|10\n|\n|t:|1733903936\n|switch|p1a: Chi-Yu|Chi-Yu, L77|211/211\n|-ability|p1a: Chi-Yu|Beads of Ruin\n|move|p2a: Arceus|Calm Mind|p2a: Arceus\n|-boost|p2a: Arceus|spa|1\n|-boost|p2a: Arceus|spd|1\n|\n|upkeep\n|turn|11\n|\n|t:|1733903942\n|move|p1a: Chi-Yu|Psychic|p2a: Arceus\n|-damage|p2a: Arceus|223/284\n|move|p2a: Arceus|Calm Mind|p2a: Arceus\n|-boost|p2a: Arceus|spa|1\n|-boost|p2a: Arceus|spd|1\n|\n|upkeep\n|turn|12\n|\n|t:|1733903945\n|move|p1a: Chi-Yu|Psychic|p2a: Arceus\n|-damage|p2a: Arceus|183/284\n|-unboost|p2a: Arceus|spd|1\n|move|p2a: Arceus|Calm Mind|p2a: Arceus\n|-boost|p2a: Arceus|spa|1\n|-boost|p2a: Arceus|spd|1\n|\n|upkeep\n|turn|13\n|\n|t:|1733903949\n|move|p1a: Chi-Yu|Psychic|p2a: Arceus\n|-crit|p2a: Arceus\n|-damage|p2a: Arceus|42/284\n|move|p2a: Arceus|Calm Mind|p2a: Arceus\n|-boost|p2a: Arceus|spa|1\n|-boost|p2a: Arceus|spd|1\n|\n|upkeep\n|turn|14\n|\n|t:|1733903958\n|move|p1a: Chi-Yu|Psychic|p2a: Arceus\n|-damage|p2a: Arceus|7/284\n|move|p2a: Arceus|Recover|p2a: Arceus\n|-heal|p2a: Arceus|149/284\n|\n|upkeep\n|turn|15\n|\n|t:|1733903961\n|move|p1a: Chi-Yu|Psychic|p2a: Arceus\n|-damage|p2a: Arceus|116/284\n|move|p2a: Arceus|Recover|p2a: Arceus\n|-heal|p2a: Arceus|258/284\n|\n|upkeep\n|turn|16\n|\n|t:|1733903966\n|switch|p1a: Crawdaunt|Crawdaunt, L84, F|243/243\n|move|p2a: Arceus|Calm Mind|p2a: Arceus\n|-boost|p2a: Arceus|spa|1\n|-boost|p2a: Arceus|spd|1\n|\n|upkeep\n|turn|17\n|\n|t:|1733903974\n|-terastallize|p1a: Crawdaunt|Fighting\n|move|p2a: Arceus|Judgment|p1a: Crawdaunt\n|-damage|p1a: Crawdaunt|0 fnt\n|faint|p1a: Crawdaunt\n|\n|upkeep\n|-message|Typhaeon forfeited.\n|\n|win|Pokerknight22\n|raw|Typhaeon's rating: 1509 &rarr; <strong>1491</strong><br />(-18 for losing)\n|raw|Pokerknight22's rating: 1546 &rarr; <strong>1564</strong><br />(+18 for winning)\n|l|\u2606Typhaeon\n|player|p1|\n", "inputlog": ">version bfd83cad13791eb5a5a409923076391caf6fb4d4\n>start {\"formatid\":\"gen9randombattle\",\"seed\":[28957,27488,7014,7440],\"rated\":\"Rated battle\"}\n>player p1 {\"name\":\"Typhaeon\",\"avatar\":\"101\",\"rating\":1509,\"seed\":[29369,15690,49792,29920]}\n>player p2 {\"name\":\"Pokerknight22\",\"avatar\":\"170\",\"rating\":1546,\"seed\":[19934,58853,12139,44193]}\n>p1 move shiftgear\n>p2 switch 4\n>p1 move ironhead\n>p2 move bulkup\n>p1 move ironhead\n>p2 move drainpunch\n>p2 switch 3\n>p1 move highhorsepower\n>p2 move swordsdance\n>p2 switch 5\n>p1 move gunkshot\n>p2 move hydropump\n>p1 switch 6\n>p1 move calmmind\n>p2 move nastyplot\n>p1 move shadowball\n>p2 move nastyplot\n>p1 move shadowball\n>p2 move dracometeor\n>p1 switch 5\n>p1 move bravebird\n>p2 move rapidspin\n>p2 switch 2\n>p1 switch 2\n>p2 move calmmind\n>p1 move psychic\n>p2 move calmmind\n>p1 move psychic\n>p2 move calmmind\n>p1 move psychic\n>p2 move calmmind\n>p1 move psychic\n>p2 move recover\n>p1 move psychic\n>p2 move recover\n>p1 switch 4\n>p2 move calmmind\n>p1 move closecombat terastallize\n>p2 move judgment\n>forcelose p1", "uploadtime": 1733903982, "views": 1, "formatid": "gen9randombattle", "rating": 1491, "private": 0, "password": null}