{"id": "gen9randombattle-2259781650", "format": "[Gen 9] Random Battle", "players": ["RealDumply", "Lobstter"], "log": "|j|\u2606RealDumply\n|j|\u2606Lobstter\n|t:|1733766126\n|gametype|singles\n|player|p1|RealDumply|170|\n|player|p2|Lobstter|lillie|\n|teamsize|p1|6\n|teamsize|p2|6\n|gen|9\n|tier|[Gen 9] Random Battle\n|rule|Species Clause: Limit one of each Pok\u00e9mon\n|rule|HP Percentage Mod: HP is shown in percentages\n|rule|Sleep Clause Mod: Limit one foe put to sleep\n|rule|Illusion Level Mod: Illusion disguises the Pok\u00e9mon's true level\n|\n|t:|1733766126\n|start\n|switch|p1a: Kyurem|Kyurem, L77|319/319\n|switch|p2a: Rhyperior|Rhyperior, L82, M|323/323\n|-ability|p1a: Kyurem|Pressure\n|turn|1\n|\n|t:|1733766142\n|move|p1a: Kyurem|Earth Power|p2a: Rhyperior\n|-supereffective|p2a: Rhyperior\n|-damage|p2a: Rhyperior|176/323\n|-unboost|p2a: Rhyperior|spd|1\n|move|p2a: Rhyperior|Stone Edge|p1a: Kyurem|[miss]\n|-miss|p2a: Rhyperior|p1a: Kyurem\n|\n|upkeep\n|turn|2\n|\n|t:|1733766158\n|switch|p2a: Flygon|Flygon, L82, M|265/265\n|move|p1a: Kyurem|Earth Power|p2a: Flygon\n|-immune|p2a: Flygon|[from] ability: Levitate\n|\n|upkeep\n|turn|3\n|\n|t:|1733766173\n|switch|p1a: Kingdra|Kingdra, L84, M|263/263\n|move|p2a: Flygon|Outrage|p1a: Kingdra\n|-supereffective|p1a: Kingdra\n|-damage|p1a: Kingdra|39/263\n|\n|upkeep\n|turn|4\n|\n|t:|1733766181\n|move|p2a: Flygon|Outrage|p1a: Kingdra|[from]lockedmove\n|-supereffective|p1a: Kingdra\n|-damage|p1a: Kingdra|0 fnt\n|faint|p1a: Kingdra\n|-start|p2a: Flygon|confusion|[fatigue]\n|-enditem|p2a: Flygon|Lum Berry|[eat]\n|-end|p2a: Flygon|confusion\n|\n|upkeep\n|\n|t:|1733766193\n|switch|p1a: Kyurem|Kyurem, L77|319/319\n|-ability|p1a: Kyurem|Pressure\n|turn|5\n|\n|t:|1733766206\n|-terastallize|p2a: Flygon|Steel\n|move|p2a: Flygon|Stone Edge|p1a: Kyurem\n|-supereffective|p1a: Kyurem\n|-damage|p1a: Kyurem|183/319\n|move|p1a: Kyurem|Ice Beam|p2a: Flygon\n|-resisted|p2a: Flygon\n|-damage|p2a: Flygon|186/265\n|\n|upkeep\n|turn|6\n|\n|t:|1733766232\n|move|p2a: Flygon|Dragon Dance|p2a: Flygon\n|-boost|p2a: Flygon|atk|1\n|-boost|p2a: Flygon|spe|1\n|move|p1a: Kyurem|Ice Beam|p2a: Flygon\n|-resisted|p2a: Flygon\n|-crit|p2a: Flygon\n|-damage|p2a: Flygon|71/265\n|\n|upkeep\n|turn|7\n|\n|t:|1733766240\n|move|p2a: Flygon|Outrage|p1a: Kyurem\n|-supereffective|p1a: Kyurem\n|-damage|p1a: Kyurem|0 fnt\n|faint|p1a: Kyurem\n|\n|upkeep\n|\n|t:|1733766259\n|switch|p1a: Vigoroth|Vigoroth, L85, M|275/275\n|turn|8\n|\n|t:|1733766269\n|move|p2a: Flygon|Outrage|p1a: Vigoroth|[from]lockedmove\n|-damage|p1a: Vigoroth|134/275\n|move|p1a: Vigoroth|Knock Off|p2a: Flygon\n|-damage|p2a: Flygon|28/265\n|\n|upkeep\n|turn|9\n|\n|t:|1733766279\n|move|p2a: Flygon|Outrage|p1a: Vigoroth|[from]lockedmove\n|-damage|p1a: Vigoroth|0 fnt\n|faint|p1a: Vigoroth\n|-start|p2a: Flygon|confusion|[fatigue]\n|\n|upkeep\n|\n|t:|1733766288\n|switch|p1a: Scyther|Scyther, L82, M|249/249\n|turn|10\n|\n|t:|1733766293\n|-activate|p2a: Flygon|confusion\n|-damage|p2a: Flygon|0 fnt|[from] confusion\n|faint|p2a: Flygon\n|move|p1a: Scyther|Dual Wingbeat|p2: Flygon|[notarget]\n|-fail|p1a: Scyther\n|\n|upkeep\n|\n|t:|1733766299\n|switch|p2a: Rhyperior|Rhyperior, L82, M|176/323\n|turn|11\n|\n|t:|1733766308\n|-terastallize|p1a: Scyther|Fighting\n|move|p1a: Scyther|Close Combat|p2a: Rhyperior\n|-supereffective|p2a: Rhyperior\n|-damage|p2a: Rhyperior|32/323\n|-unboost|p1a: Scyther|def|1\n|-unboost|p1a: Scyther|spd|1\n|move|p2a: Rhyperior|Stone Edge|p1a: Scyther\n|-resisted|p1a: Scyther\n|-damage|p1a: Scyther|147/249\n|\n|upkeep\n|turn|12\n|\n|t:|1733766328\n|move|p1a: Scyther|Close Combat|p2a: Rhyperior\n|-supereffective|p2a: Rhyperior\n|-damage|p2a: Rhyperior|0 fnt\n|-unboost|p1a: Scyther|def|1\n|-unboost|p1a: Scyther|spd|1\n|faint|p2a: Rhyperior\n|\n|upkeep\n|\n|t:|1733766342\n|switch|p2a: Alcremie|Alcremie-Caramel-Swirl, L90, F|263/263\n|turn|13\n|\n|t:|1733766352\n|move|p1a: Scyther|Swords Dance|p1a: Scyther\n|-boost|p1a: Scyther|atk|2\n|move|p2a: Alcremie|Calm Mind|p2a: Alcremie\n|-boost|p2a: Alcremie|spa|1\n|-boost|p2a: Alcremie|spd|1\n|\n|upkeep\n|turn|14\n|\n|t:|1733766363\n|move|p1a: Scyther|Bug Bite|p2a: Alcremie\n|-resisted|p2a: Alcremie\n|-damage|p2a: Alcremie|166/263\n|move|p2a: Alcremie|Alluring Voice|p1a: Scyther\n|-supereffective|p1a: Scyther\n|-damage|p1a: Scyther|0 fnt\n|faint|p1a: Scyther\n|\n|-heal|p2a: Alcremie|182/263|[from] item: Leftovers\n|upkeep\n|\n|t:|1733766375\n|switch|p1a: Landorus|Landorus-Therian, L76, M|260/260\n|-ability|p1a: Landorus|Intimidate|boost\n|-unboost|p2a: Alcremie|atk|1\n|turn|15\n|\n|t:|1733766386\n|move|p1a: Landorus|Earthquake|p2a: Alcremie\n|-damage|p2a: Alcremie|58/263\n|move|p2a: Alcremie|Alluring Voice|p1a: Landorus\n|-damage|p1a: Landorus|77/260\n|\n|-heal|p1a: Landorus|93/260|[from] item: Leftovers\n|-heal|p2a: Alcremie|74/263|[from] item: Leftovers\n|upkeep\n|turn|16\n|\n|t:|1733766396\n|move|p1a: Landorus|Earthquake|p2a: Alcremie\n|-damage|p2a: Alcremie|0 fnt\n|faint|p2a: Alcremie\n|\n|-heal|p1a: Landorus|109/260|[from] item: Leftovers\n|upkeep\n|\n|t:|1733766410\n|switch|p2a: Smeargle|Smeargle, L95, F|258/258\n|turn|17\n|\n|t:|1733766426\n|move|p2a: Smeargle|Spore|p1a: Landorus\n|-status|p1a: Landorus|slp|[from] move: Spore\n|cant|p1a: Landorus|slp\n|\n|-heal|p1a: Landorus|125/260 slp|[from] item: Leftovers\n|upkeep\n|turn|18\n|\n|t:|1733766435\n|move|p2a: Smeargle|Shell Smash|p2a: Smeargle\n|-unboost|p2a: Smeargle|def|1\n|-unboost|p2a: Smeargle|spd|1\n|-boost|p2a: Smeargle|atk|2\n|-boost|p2a: Smeargle|spa|2\n|-boost|p2a: Smeargle|spe|2\n|cant|p1a: Landorus|slp\n|\n|-heal|p1a: Landorus|141/260 slp|[from] item: Leftovers\n|upkeep\n|turn|19\n|\n|t:|1733766447\n|move|p2a: Smeargle|Shell Smash|p2a: Smeargle\n|-unboost|p2a: Smeargle|def|1\n|-unboost|p2a: Smeargle|spd|1\n|-boost|p2a: Smeargle|atk|2\n|-boost|p2a: Smeargle|spa|2\n|-boost|p2a: Smeargle|spe|2\n|cant|p1a: Landorus|slp\n|\n|-heal|p1a: Landorus|157/260 slp|[from] item: Leftovers\n|upkeep\n|turn|20\n|\n|t:|1733766460\n|move|p2a: Smeargle|Population Bomb|p1a: Landorus\n|-damage|p1a: Landorus|108/260 slp\n|-damage|p1a: Landorus|60/260 slp\n|-damage|p1a: Landorus|11/260 slp\n|-damage|p1a: Landorus|0 fnt\n|faint|p1a: Landorus\n|-hitcount|p1: Landorus|4\n|\n|upkeep\n|\n|t:|1733766468\n|switch|p1a: Mienshao|Mienshao, L83, F|244/244\n|turn|21\n|\n|t:|1733766475\n|move|p2a: Smeargle|Spore|p1a: Mienshao\n|-status|p1a: Mienshao|slp|[from] move: Spore\n|cant|p1a: Mienshao|slp\n|\n|upkeep\n|turn|22\n|\n|t:|1733766482\n|move|p2a: Smeargle|Shell Smash|p2a: Smeargle\n|-unboost|p2a: Smeargle|def|1\n|-unboost|p2a: Smeargle|spd|1\n|-boost|p2a: Smeargle|atk|2\n|-boost|p2a: Smeargle|spa|2\n|-boost|p2a: Smeargle|spe|2\n|-curestatus|p1a: Mienshao|slp|[msg]\n|move|p1a: Mienshao|Close Combat|p2a: Smeargle\n|-supereffective|p2a: Smeargle\n|-damage|p2a: Smeargle|0 fnt\n|-unboost|p1a: Mienshao|def|1\n|-unboost|p1a: Mienshao|spd|1\n|faint|p2a: Smeargle\n|-damage|p1a: Mienshao|220/244|[from] item: Life Orb\n|\n|upkeep\n|\n|t:|1733766497\n|switch|p2a: Hypno|Hypno, L95, M|315/315\n|turn|23\n|\n|t:|1733766504\n|move|p2a: Hypno|Protect|p2a: Hypno\n|-singleturn|p2a: Hypno|Protect\n|move|p1a: Mienshao|Knock Off|p2a: Hypno\n|-activate|p2a: Hypno|move: Protect\n|\n|upkeep\n|turn|24\n|\n|t:|1733766512\n|move|p1a: Mienshao|Knock Off|p2a: Hypno\n|-supereffective|p2a: Hypno\n|-damage|p2a: Hypno|107/315\n|-enditem|p2a: Hypno|Leftovers|[from] move: Knock Off|[of] p1a: Mienshao\n|-damage|p1a: Mienshao|196/244|[from] item: Life Orb\n|move|p2a: Hypno|Focus Blast|p1a: Mienshao|[miss]\n|-miss|p2a: Hypno|p1a: Mienshao\n|\n|upkeep\n|turn|25\n|\n|t:|1733766523\n|move|p2a: Hypno|Protect|p2a: Hypno\n|-singleturn|p2a: Hypno|Protect\n|move|p1a: Mienshao|Swords Dance|p1a: Mienshao\n|-boost|p1a: Mienshao|atk|2\n|\n|upkeep\n|turn|26\n|\n|t:|1733766536\n|move|p1a: Mienshao|Knock Off|p2a: Hypno\n|-supereffective|p2a: Hypno\n|-damage|p2a: Hypno|0 fnt\n|faint|p2a: Hypno\n|-damage|p1a: Mienshao|172/244|[from] item: Life Orb\n|\n|upkeep\n|\n|t:|1733766542\n|switch|p2a: Milotic|Milotic, L83, M|293/293\n|turn|27\n|\n|t:|1733766549\n|move|p1a: Mienshao|Close Combat|p2a: Milotic\n|-damage|p2a: Milotic|0 fnt\n|-unboost|p1a: Mienshao|def|1\n|-unboost|p1a: Mienshao|spd|1\n|faint|p2a: Milotic\n|-damage|p1a: Mienshao|148/244|[from] item: Life Orb\n|\n|win|RealDumply\n", "inputlog": ">version bfd83cad13791eb5a5a409923076391caf6fb4d4\n>start {\"formatid\":\"gen9randombattle\",\"seed\":[64069,15052,22930,1676]}\n>player p1 {\"name\":\"RealDumply\",\"avatar\":\"170\",\"rating\":0,\"seed\":[38822,57790,52263,52720]}\n>player p2 {\"name\":\"Lobstter\",\"avatar\":\"lillie\",\"rating\":0,\"seed\":[40009,32087,38868,54593]}\n>p1 move earthpower\n>p2 move stoneedge\n>p1 move earthpower\n>p2 switch 2\n>p1 switch 2\n>p2 move outrage\n>p1 move dracometeor\n>p2 move outrage\n>p1 switch 2\n>p1 move icebeam\n>p2 move stoneedge terastallize\n>p1 move icebeam\n>p2 move dragondance\n>p1 move icebeam\n>p2 move outrage\n>p1 switch 4\n>p1 move knockoff\n>p2 move outrage\n>p1 move knockoff\n>p2 move outrage\n>p1 switch 3\n>p1 move dualwingbeat\n>p2 move stoneedge\n>p2 switch 2\n>p1 move closecombat terastallize\n>p2 move stoneedge\n>p1 move closecombat\n>p2 move icepunch\n>p2 switch 3\n>p1 move swordsdance\n>p2 move calmmind\n>p1 move bugbite\n>p2 move alluringvoice\n>p1 switch 6\n>p1 move earthquake\n>p2 move alluringvoice\n>p1 move earthquake\n>p2 move recover\n>p2 switch 4\n>p1 move stealthrock\n>p2 move spore\n>p1 move stealthrock\n>p2 move shellsmash\n>p1 move stealthrock\n>p2 move shellsmash\n>p1 move earthquake\n>p2 move populationbomb\n>p1 switch 5\n>p1 move closecombat\n>p2 move spore\n>p1 move closecombat\n>p2 move shellsmash\n>p2 switch 5\n>p1 move knockoff\n>p2 move protect\n>p1 move knockoff\n>p2 move focusblast\n>p1 move swordsdance\n>p2 move protect\n>p1 move knockoff\n>p2 move psychicnoise\n>p2 switch 6\n>p1 move closecombat\n>p2 move scald", "uploadtime": 1733766557, "views": 3, "formatid": "gen9randombattle", "rating": null, "private": 0, "password": null}