{"id": "gen9randombattle-2260310319", "format": "[Gen 9] Random Battle", "players": ["42242424r", "MyCatIsChonkyX2"], "log": "|j|\u260642242424r\n|j|\u203dMyCatIsChonkyX2\n|t:|1733838340\n|gametype|singles\n|player|p1|42242424r|170|1162\n|player|p2|MyCatIsChonkyX2|steven|1201\n|teamsize|p1|6\n|teamsize|p2|6\n|gen|9\n|tier|[Gen 9] Random Battle\n|rated|\n|rule|Species Clause: Limit one of each Pok\u00e9mon\n|rule|HP Percentage Mod: HP is shown in percentages\n|rule|Sleep Clause Mod: Limit one foe put to sleep\n|rule|Illusion Level Mod: Illusion disguises the Pok\u00e9mon's true level\n|\n|t:|1733838340\n|start\n|switch|p1a: Duraludon|Duraludon, L82, F|249/249\n|switch|p2a: Sableye|Sableye, L89, M|234/234\n|turn|1\n|\n|t:|1733838357\n|move|p2a: Sableye|Thunder Wave|p1a: Duraludon\n|-status|p1a: Duraludon|par\n|move|p1a: Duraludon|Stealth Rock|p2a: Sableye\n|-sidestart|p2: MyCatIsChonkyX2|move: Stealth Rock\n|\n|upkeep\n|turn|2\n|\n|t:|1733838375\n|move|p2a: Sableye|Knock Off|p1a: Duraludon\n|-damage|p1a: Duraludon|192/249 par\n|-enditem|p1a: Duraludon|Eviolite|[from] move: Knock Off|[of] p2a: Sableye\n|cant|p1a: Duraludon|par\n|\n|upkeep\n|turn|3\n|\n|t:|1733838382\n|move|p2a: Sableye|Encore|p1a: Duraludon\n|-start|p1a: Duraludon|Encore\n|cant|p1a: Duraludon|par\n|\n|upkeep\n|turn|4\n|\n|t:|1733838392\n|switch|p1a: Zangoose|Zangoose, L85, M|263/263\n|move|p2a: Sableye|Knock Off|p1a: Zangoose\n|-damage|p1a: Zangoose|136/263\n|-enditem|p1a: Zangoose|Toxic Orb|[from] move: Knock Off|[of] p2a: Sableye\n|\n|upkeep\n|turn|5\n|\n|t:|1733838401\n|move|p2a: Sableye|Thunder Wave|p1a: Zangoose\n|-status|p1a: Zangoose|par\n|move|p1a: Zangoose|Knock Off|p2a: Sableye\n|-damage|p2a: Sableye|155/234\n|-enditem|p2a: Sableye|Leftovers|[from] move: Knock Off|[of] p1a: Zangoose\n|\n|upkeep\n|turn|6\n|\n|t:|1733838412\n|move|p2a: Sableye|Knock Off|p1a: Zangoose\n|-damage|p1a: Zangoose|48/263 par\n|move|p1a: Zangoose|Swords Dance|p1a: Zangoose\n|-boost|p1a: Zangoose|atk|2\n|\n|upkeep\n|turn|7\n|\n|t:|1733838417\n|move|p2a: Sableye|Encore|p1a: Zangoose\n|-start|p1a: Zangoose|Encore\n|cant|p1a: Zangoose|par\n|\n|upkeep\n|turn|8\n|\n|t:|1733838421\n|move|p2a: Sableye|Knock Off|p1a: Zangoose\n|-damage|p1a: Zangoose|0 fnt\n|faint|p1a: Zangoose\n|\n|upkeep\n|\n|t:|1733838438\n|switch|p1a: Feraligatr|Feraligatr, L79, F|264/264\n|turn|9\n|\n|t:|1733838443\n|move|p2a: Sableye|Thunder Wave|p1a: Feraligatr\n|-status|p1a: Feraligatr|par\n|move|p1a: Feraligatr|Dragon Dance|p1a: Feraligatr\n|-boost|p1a: Feraligatr|atk|1\n|-boost|p1a: Feraligatr|spe|1\n|\n|upkeep\n|turn|10\n|\n|t:|1733838473\n|move|p2a: Sableye|Encore|p1a: Feraligatr\n|-start|p1a: Feraligatr|Encore\n|move|p1a: Feraligatr|Dragon Dance|p1a: Feraligatr\n|-boost|p1a: Feraligatr|atk|1\n|-boost|p1a: Feraligatr|spe|1\n|\n|upkeep\n|turn|11\n|\n|t:|1733838484\n|move|p1a: Feraligatr|Dragon Dance|p1a: Feraligatr\n|-boost|p1a: Feraligatr|atk|1\n|-boost|p1a: Feraligatr|spe|1\n|move|p2a: Sableye|Knock Off|p1a: Feraligatr\n|-damage|p1a: Feraligatr|177/264 par\n|-enditem|p1a: Feraligatr|Life Orb|[from] move: Knock Off|[of] p2a: Sableye\n|\n|upkeep\n|turn|12\n|\n|t:|1733838492\n|move|p1a: Feraligatr|Dragon Dance|p1a: Feraligatr\n|-boost|p1a: Feraligatr|atk|1\n|-boost|p1a: Feraligatr|spe|1\n|move|p2a: Sableye|Knock Off|p1a: Feraligatr\n|-damage|p1a: Feraligatr|110/264 par\n|\n|-end|p1a: Feraligatr|Encore\n|upkeep\n|turn|13\n|\n|t:|1733838499\n|move|p2a: Sableye|Encore|p1a: Feraligatr\n|-start|p1a: Feraligatr|Encore\n|cant|p1a: Feraligatr|par\n|\n|upkeep\n|turn|14\n|\n|t:|1733838512\n|move|p1a: Feraligatr|Dragon Dance|p1a: Feraligatr\n|-boost|p1a: Feraligatr|atk|1\n|-boost|p1a: Feraligatr|spe|1\n|move|p2a: Sableye|Knock Off|p1a: Feraligatr\n|-damage|p1a: Feraligatr|46/264 par\n|\n|upkeep\n|turn|15\n|\n|t:|1733838518\n|move|p1a: Feraligatr|Dragon Dance|p1a: Feraligatr\n|-boost|p1a: Feraligatr|atk|1\n|-boost|p1a: Feraligatr|spe|1\n|move|p2a: Sableye|Knock Off|p1a: Feraligatr\n|-damage|p1a: Feraligatr|0 fnt\n|faint|p1a: Feraligatr\n|\n|upkeep\n|\n|t:|1733838529\n|switch|p1a: Tinkaton|Tinkaton, L82, F|274/274\n|-ability|p1a: Tinkaton|Mold Breaker\n|turn|16\n|\n|t:|1733838544\n|move|p2a: Sableye|Thunder Wave|p1a: Tinkaton\n|-status|p1a: Tinkaton|par\n|move|p1a: Tinkaton|Encore|p2a: Sableye\n|-start|p2a: Sableye|Encore\n|\n|upkeep\n|turn|17\n|\n|t:|1733838552\n|switch|p2a: Furret|Furret, L94, F|312/312\n|-damage|p2a: Furret|273/312|[from] Stealth Rock\n|-item|p1a: Tinkaton|Leftovers|[from] ability: Frisk|[of] p2a: Furret\n|move|p1a: Tinkaton|Play Rough|p2a: Furret\n|-damage|p2a: Furret|185/312\n|\n|upkeep\n|turn|18\n|\n|t:|1733838561\n|move|p2a: Furret|Double-Edge|p1a: Tinkaton\n|-resisted|p1a: Tinkaton\n|-damage|p1a: Tinkaton|169/274 par\n|-damage|p2a: Furret|150/312|[from] Recoil\n|move|p1a: Tinkaton|Encore|p2a: Furret\n|-start|p2a: Furret|Encore\n|\n|-heal|p1a: Tinkaton|186/274 par|[from] item: Leftovers\n|upkeep\n|turn|19\n|\n|t:|1733838570\n|move|p2a: Furret|Double-Edge|p1a: Tinkaton\n|-resisted|p1a: Tinkaton\n|-damage|p1a: Tinkaton|75/274 par\n|-damage|p2a: Furret|113/312|[from] Recoil\n|move|p1a: Tinkaton|Knock Off|p2a: Furret\n|-damage|p2a: Furret|49/312\n|-enditem|p2a: Furret|Choice Band|[from] move: Knock Off|[of] p1a: Tinkaton\n|\n|-heal|p1a: Tinkaton|92/274 par|[from] item: Leftovers\n|upkeep\n|turn|20\n|\n|t:|1733838585\n|move|p2a: Furret|Double-Edge|p1a: Tinkaton\n|-resisted|p1a: Tinkaton\n|-damage|p1a: Tinkaton|14/274 par\n|-damage|p2a: Furret|23/312|[from] Recoil\n|cant|p1a: Tinkaton|par\n|\n|-heal|p1a: Tinkaton|31/274 par|[from] item: Leftovers\n|upkeep\n|turn|21\n|\n|t:|1733838599\n|move|p2a: Furret|Double-Edge|p1a: Tinkaton\n|-resisted|p1a: Tinkaton\n|-damage|p1a: Tinkaton|0 fnt\n|faint|p1a: Tinkaton\n|-damage|p2a: Furret|13/312|[from] Recoil\n|\n|-end|p2a: Furret|Encore\n|upkeep\n|\n|t:|1733838608\n|switch|p1a: Duraludon|Duraludon, L82, F|192/249 par\n|turn|22\n|\n|t:|1733838617\n|move|p2a: Furret|U-turn|p1a: Duraludon\n|-resisted|p1a: Duraludon\n|-damage|p1a: Duraludon|171/249 par\n|\n|t:|1733838622\n|switch|p2a: Sableye|Sableye, L89, M|155/234|[from] U-turn\n|-damage|p2a: Sableye|126/234|[from] Stealth Rock\n|move|p1a: Duraludon|Flash Cannon|p2a: Sableye\n|-damage|p2a: Sableye|9/234\n|-unboost|p2a: Sableye|spd|1\n|\n|upkeep\n|turn|23\n|\n|t:|1733838636\n|move|p2a: Sableye|Knock Off|p1a: Duraludon\n|-damage|p1a: Duraludon|117/249 par\n|move|p1a: Duraludon|Flash Cannon|p2a: Sableye\n|-damage|p2a: Sableye|0 fnt\n|faint|p2a: Sableye\n|\n|upkeep\n|\n|t:|1733838643\n|switch|p2a: Furret|Furret, L94, F|13/312\n|-damage|p2a: Furret|0 fnt|[from] Stealth Rock\n|faint|p2a: Furret\n|\n|t:|1733838647\n|switch|p2a: Iron Boulder|Iron Boulder, L77|265/265\n|-damage|p2a: Iron Boulder|232/265|[from] Stealth Rock\n|-enditem|p2a: Iron Boulder|Booster Energy\n|-activate|p2a: Iron Boulder|ability: Quark Drive|[fromitem]\n|-start|p2a: Iron Boulder|quarkdrivespe\n|turn|24\n|\n|t:|1733838669\n|move|p2a: Iron Boulder|Close Combat|p1a: Duraludon\n|-supereffective|p1a: Duraludon\n|-damage|p1a: Duraludon|0 fnt\n|-unboost|p2a: Iron Boulder|def|1\n|-unboost|p2a: Iron Boulder|spd|1\n|faint|p1a: Duraludon\n|\n|upkeep\n|\n|t:|1733838677\n|switch|p1a: Slowking|Slowking-Galar, L85, F|300/300\n|turn|25\n|\n|t:|1733838687\n|move|p2a: Iron Boulder|Mighty Cleave|p1a: Slowking\n|-damage|p1a: Slowking|194/300\n|move|p1a: Slowking|Future Sight|p2a: Iron Boulder\n|-start|p1a: Slowking|move: Future Sight\n|\n|upkeep\n|turn|26\n|\n|t:|1733838691\n|move|p2a: Iron Boulder|Mighty Cleave|p1a: Slowking\n|-damage|p1a: Slowking|97/300\n|move|p1a: Slowking|Sludge Bomb|p2a: Iron Boulder\n|-resisted|p2a: Iron Boulder\n|-damage|p2a: Iron Boulder|155/265\n|\n|upkeep\n|turn|27\n|\n|t:|1733838702\n|move|p2a: Iron Boulder|Mighty Cleave|p1a: Slowking\n|-damage|p1a: Slowking|0 fnt\n|faint|p1a: Slowking\n|\n|-end|p2a: Iron Boulder|move: Future Sight\n|-resisted|p2a: Iron Boulder\n|-damage|p2a: Iron Boulder|45/265\n|upkeep\n|\n|t:|1733838709\n|switch|p1a: Rayquaza|Rayquaza, L72|270/270\n|-ability|p1a: Rayquaza|Air Lock\n|turn|28\n|\n|t:|1733838723\n|move|p2a: Iron Boulder|Mighty Cleave|p1a: Rayquaza\n|-supereffective|p1a: Rayquaza\n|-damage|p1a: Rayquaza|42/270\n|move|p1a: Rayquaza|Swords Dance|p1a: Rayquaza\n|-boost|p1a: Rayquaza|atk|2\n|\n|upkeep\n|turn|29\n|\n|t:|1733838737\n|move|p2a: Iron Boulder|Mighty Cleave|p1a: Rayquaza\n|-supereffective|p1a: Rayquaza\n|-damage|p1a: Rayquaza|0 fnt\n|faint|p1a: Rayquaza\n|\n|win|MyCatIsChonkyX2\n|raw|42242424r's rating: 1162 &rarr; <strong>1140</strong><br />(-22 for losing)\n|raw|MyCatIsChonkyX2's rating: 1201 &rarr; <strong>1223</strong><br />(+22 for winning)\n|l|\u260642242424r\n|player|p1|\n", "inputlog": ">version bfd83cad13791eb5a5a409923076391caf6fb4d4\n>start {\"formatid\":\"gen9randombattle\",\"seed\":[12157,3435,24722,41639],\"rated\":\"Rated battle\"}\n>player p1 {\"name\":\"42242424r\",\"avatar\":\"170\",\"rating\":1162,\"seed\":[8625,62636,43519,45609]}\n>player p2 {\"name\":\"MyCatIsChonkyX2\",\"avatar\":\"steven\",\"rating\":1201,\"seed\":[12371,15743,55659,61543]}\n>p1 move stealthrock\n>p2 move thunderwave\n>p1 move flashcannon\n>p2 move knockoff\n>p1 move flashcannon\n>p2 move encore\n>p1 switch 3\n>p2 move knockoff\n>p1 move knockoff\n>p2 move thunderwave\n>p1 move swordsdance\n>p2 move knockoff\n>p1 move knockoff\n>p2 move encore\n>p1 move swordsdance\n>p2 move knockoff\n>p1 switch 2\n>p1 move dragondance\n>p2 move thunderwave\n>p1 move crunch\n>p2 move encore\n>p1 move dragondance\n>p2 move knockoff\n>p1 move dragondance\n>p2 move knockoff\n>p1 move crunch\n>p2 move encore\n>p1 move dragondance\n>p2 move knockoff\n>p1 move dragondance\n>p2 move knockoff\n>p1 switch 5\n>p1 move encore\n>p2 move thunderwave\n>p1 move playrough\n>p2 switch 5\n>p1 move encore\n>p2 move doubleedge\n>p1 move knockoff\n>p2 move doubleedge\n>p1 move playrough\n>p2 move doubleedge\n>p1 move playrough\n>p2 move doubleedge\n>p1 switch 3\n>p1 move flashcannon\n>p2 move uturn\n>p2 switch 5\n>p1 move flashcannon\n>p2 move knockoff\n>p2 switch 5\n>p2 switch 6\n>p1 move dracometeor\n>p2 move closecombat\n>p1 switch 6\n>p1 move futuresight\n>p2 move mightycleave\n>p1 move sludgebomb\n>p2 move mightycleave\n>p1 move psychicnoise\n>p2 move mightycleave\n>p1 switch 4\n>p1 move swordsdance\n>p2 move mightycleave\n>p1 move scaleshot\n>p2 move mightycleave", "uploadtime": 1733838744, "views": 1, "formatid": "gen9randombattle", "rating": 1140, "private": 0, "password": null}