{"id": "gen9randombattle-2260860579", "format": "[Gen 9] Random Battle", "players": ["Frankral", "ibamakoto"], "log": "|j|\u2606Frankral\n|j|\u2606ibamakoto\n|t:|1733906015\n|gametype|singles\n|player|p1|Frankral|lucas|1324\n|player|p2|ibamakoto|erika|1320\n|teamsize|p1|6\n|teamsize|p2|6\n|gen|9\n|tier|[Gen 9] Random Battle\n|rated|\n|rule|Species Clause: Limit one of each Pok\u00e9mon\n|rule|HP Percentage Mod: HP is shown in percentages\n|rule|Sleep Clause Mod: Limit one foe put to sleep\n|rule|Illusion Level Mod: Illusion disguises the Pok\u00e9mon's true level\n|\n|t:|1733906015\n|start\n|switch|p1a: Iron Boulder|Iron Boulder, L77|265/265\n|switch|p2a: Frosmoth|Frosmoth, L82, F|249/249\n|turn|1\n|inactive|Battle timer is ON: inactive players will automatically lose when time's up. (requested by Frankral)\n|inactive|ibamakoto has 120 seconds left.\n|\n|t:|1733906075\n|switch|p2a: Illumise|Illumise, L91, F|266/266\n|move|p1a: Iron Boulder|Swords Dance|p1a: Iron Boulder\n|-boost|p1a: Iron Boulder|atk|2\n|\n|upkeep\n|turn|2\n|\n|t:|1733906082\n|move|p2a: Illumise|Encore|p1a: Iron Boulder\n|-start|p1a: Iron Boulder|Encore\n|move|p1a: Iron Boulder|Swords Dance|p1a: Iron Boulder\n|-boost|p1a: Iron Boulder|atk|2\n|\n|upkeep\n|turn|3\n|\n|t:|1733906090\n|move|p1a: Iron Boulder|Swords Dance|p1a: Iron Boulder\n|-boost|p1a: Iron Boulder|atk|2\n|move|p2a: Illumise|Bug Buzz|p1a: Iron Boulder\n|-supereffective|p1a: Iron Boulder\n|-damage|p1a: Iron Boulder|97/265\n|\n|upkeep\n|turn|4\n|\n|t:|1733906100\n|-end|p1a: Iron Boulder|Quark Drive|[silent]\n|switch|p1a: Garganacl|Garganacl, L80, F|291/291\n|move|p2a: Illumise|Bug Buzz|p1a: Garganacl\n|-damage|p1a: Garganacl|194/291\n|\n|-heal|p1a: Garganacl|212/291|[from] item: Leftovers\n|upkeep\n|turn|5\n|\n|t:|1733906115\n|move|p2a: Illumise|Bug Buzz|p1a: Garganacl\n|-damage|p1a: Garganacl|116/291\n|move|p1a: Garganacl|Salt Cure|p2a: Illumise\n|-supereffective|p2a: Illumise\n|-damage|p2a: Illumise|186/266\n|-start|p2a: Illumise|Salt Cure\n|\n|-heal|p1a: Garganacl|134/291|[from] item: Leftovers\n|-damage|p2a: Illumise|153/266|[from] Salt Cure\n|upkeep\n|turn|6\n|\n|t:|1733906132\n|move|p2a: Illumise|Roost|p2a: Illumise\n|-heal|p2a: Illumise|266/266\n|-singleturn|p2a: Illumise|move: Roost\n|move|p1a: Garganacl|Recover|p1a: Garganacl\n|-heal|p1a: Garganacl|280/291\n|\n|-heal|p1a: Garganacl|291/291|[from] item: Leftovers\n|-damage|p2a: Illumise|233/266|[from] Salt Cure\n|upkeep\n|turn|7\n|\n|t:|1733906146\n|move|p2a: Illumise|Encore|p1a: Garganacl\n|-start|p1a: Garganacl|Encore\n|move|p1a: Garganacl|Recover||[still]\n|-fail|p1a: Garganacl|heal\n|\n|-damage|p2a: Illumise|200/266|[from] Salt Cure\n|upkeep\n|turn|8\n|\n|t:|1733906157\n|switch|p2a: Tinkaton|Tinkaton, L82, F|274/274\n|-ability|p2a: Tinkaton|Mold Breaker\n|switch|p1a: Revavroom|Revavroom, L79, F|256/256\n|\n|upkeep\n|turn|9\n|\n|t:|1733906187\n|move|p2a: Tinkaton|Stealth Rock|p1a: Revavroom\n|-sidestart|p1: Frankral|move: Stealth Rock\n|move|p1a: Revavroom|Shift Gear|p1a: Revavroom\n|-boost|p1a: Revavroom|spe|2\n|-boost|p1a: Revavroom|atk|1\n|\n|upkeep\n|turn|10\n|\n|t:|1733906197\n|move|p1a: Revavroom|High Horsepower|p2a: Tinkaton\n|-supereffective|p2a: Tinkaton\n|-crit|p2a: Tinkaton\n|-damage|p2a: Tinkaton|0 fnt\n|faint|p2a: Tinkaton\n|-damage|p1a: Revavroom|231/256|[from] item: Life Orb\n|\n|upkeep\n|inactive|ibamakoto has 120 seconds left.\n|\n|t:|1733906218\n|switch|p2a: Tauros|Tauros, L82, M|257/257\n|turn|11\n|\n|t:|1733906225\n|move|p1a: Revavroom|Gunk Shot|p2a: Tauros|[miss]\n|-miss|p1a: Revavroom|p2a: Tauros\n|move|p2a: Tauros|Earthquake|p1a: Revavroom\n|-supereffective|p1a: Revavroom\n|-damage|p1a: Revavroom|0 fnt\n|faint|p1a: Revavroom\n|-damage|p2a: Tauros|232/257|[from] item: Life Orb\n|\n|upkeep\n|\n|t:|1733906237\n|switch|p1a: Vaporeon|Vaporeon, L86, M|219/219\n|-damage|p1a: Vaporeon|192/219|[from] Stealth Rock\n|turn|12\n|\n|t:|1733906247\n|move|p2a: Tauros|Body Slam|p1a: Vaporeon\n|-immune|p1a: Vaporeon\n|move|p1a: Vaporeon|Will-O-Wisp|p2a: Tauros|[miss]\n|-miss|p1a: Vaporeon|p2a: Tauros\n|\n|upkeep\n|turn|13\n|inactive|ibamakoto has 120 seconds left.\n|\n|t:|1733906278\n|switch|p2a: Politoed|Politoed, L88, M|302/302\n|-weather|RainDance|[from] ability: Drizzle|[of] p2a: Politoed\n|move|p1a: Vaporeon|Will-O-Wisp|p2a: Politoed\n|-status|p2a: Politoed|brn\n|\n|-weather|RainDance|[upkeep]\n|-damage|p2a: Politoed|284/302 brn|[from] brn\n|upkeep\n|turn|14\n|inactive|ibamakoto has 120 seconds left.\n|\n|t:|1733906290\n|switch|p1a: Vaporeon|Vaporeon, L86, M|364/364\n|-damage|p1a: Vaporeon|319/364|[from] Stealth Rock\n|move|p2a: Politoed|Weather Ball|p1a: Vaporeon\n|-heal|p1a: Vaporeon|364/364|[from] ability: Water Absorb|[of] p2a: Politoed\n|\n|-weather|RainDance|[upkeep]\n|-damage|p2a: Politoed|266/302 brn|[from] brn\n|upkeep\n|turn|15\n|inactive|ibamakoto has 120 seconds left.\n|\n|t:|1733906301\n|switch|p2a: Frosmoth|Frosmoth, L82, F|249/249\n|move|p1a: Vaporeon|Scald|p2a: Frosmoth\n|-crit|p2a: Frosmoth\n|-damage|p2a: Frosmoth|139/249\n|\n|-weather|RainDance|[upkeep]\n|upkeep\n|turn|16\n|\n|t:|1733906310\n|move|p1a: Vaporeon|Scald|p2a: Frosmoth\n|-damage|p2a: Frosmoth|70/249\n|move|p2a: Frosmoth|Quiver Dance|p2a: Frosmoth\n|-boost|p2a: Frosmoth|spa|1\n|-boost|p2a: Frosmoth|spd|1\n|-boost|p2a: Frosmoth|spe|1\n|\n|-weather|RainDance|[upkeep]\n|upkeep\n|turn|17\n|\n|t:|1733906318\n|move|p2a: Frosmoth|Quiver Dance|p2a: Frosmoth\n|-boost|p2a: Frosmoth|spa|1\n|-boost|p2a: Frosmoth|spd|1\n|-boost|p2a: Frosmoth|spe|1\n|move|p1a: Vaporeon|Scald|p2a: Frosmoth\n|-damage|p2a: Frosmoth|34/249\n|-status|p2a: Frosmoth|brn\n|\n|-weather|none\n|-damage|p2a: Frosmoth|19/249 brn|[from] brn\n|upkeep\n|turn|18\n|\n|t:|1733906330\n|move|p2a: Frosmoth|Bug Buzz|p1a: Vaporeon\n|-damage|p1a: Vaporeon|148/364\n|move|p1a: Vaporeon|Wish|p1a: Vaporeon\n|\n|-heal|p1a: Vaporeon|170/364|[from] item: Leftovers\n|-damage|p2a: Frosmoth|4/249 brn|[from] brn\n|upkeep\n|turn|19\n|\n|t:|1733906345\n|switch|p1a: Granbull|Granbull, L88, M|302/302\n|-damage|p1a: Granbull|265/302|[from] Stealth Rock\n|-ability|p1a: Granbull|Intimidate|boost\n|-unboost|p2a: Frosmoth|atk|1\n|move|p2a: Frosmoth|Bug Buzz|p1a: Granbull\n|-resisted|p1a: Granbull\n|-damage|p1a: Granbull|134/302\n|\n|-heal|p1a: Granbull|302/302|[from] move: Wish|[wisher] Vaporeon\n|-damage|p2a: Frosmoth|0 fnt|[from] brn\n|faint|p2a: Frosmoth\n|upkeep\n|inactive|ibamakoto has 120 seconds left.\n|\n|t:|1733906375\n|switch|p2a: Porygon2|Porygon2, L82|274/274\n|-ability|p2a: Porygon2|Download|boost\n|-boost|p2a: Porygon2|spa|1\n|turn|20\n|inactive|ibamakoto has 120 seconds left.\n|\n|t:|1733906384\n|move|p2a: Porygon2|Discharge|p1a: Granbull\n|-damage|p1a: Granbull|189/302\n|move|p1a: Granbull|Thunder Wave|p2a: Porygon2\n|-status|p2a: Porygon2|par\n|\n|-heal|p1a: Granbull|207/302|[from] item: Leftovers\n|upkeep\n|turn|21\n|\n|t:|1733906392\n|move|p2a: Porygon2|Discharge|p1a: Granbull\n|-damage|p1a: Granbull|109/302\n|move|p1a: Granbull|Roar|p2a: Porygon2\n|drag|p2a: Illumise|Illumise, L91, F|200/266\n|\n|-heal|p1a: Granbull|127/302|[from] item: Leftovers\n|upkeep\n|turn|22\n|\n|t:|1733906402\n|move|p2a: Illumise|Encore|p1a: Granbull\n|-start|p1a: Granbull|Encore\n|move|p1a: Granbull|Roar|p2a: Illumise\n|drag|p2a: Porygon2|Porygon2, L82|274/274 par\n|-ability|p2a: Porygon2|Download|boost\n|-boost|p2a: Porygon2|spa|1\n|\n|-heal|p1a: Granbull|145/302|[from] item: Leftovers\n|upkeep\n|turn|23\n|\n|t:|1733906411\n|move|p2a: Porygon2|Discharge|p1a: Granbull\n|-damage|p1a: Granbull|31/302\n|move|p1a: Granbull|Roar|p2a: Porygon2\n|drag|p2a: Illumise|Illumise, L91, F|200/266\n|\n|-heal|p1a: Granbull|49/302|[from] item: Leftovers\n|upkeep\n|turn|24\n|\n|t:|1733906420\n|move|p2a: Illumise|Roost|p2a: Illumise\n|-heal|p2a: Illumise|266/266\n|-singleturn|p2a: Illumise|move: Roost\n|move|p1a: Granbull|Roar|p2a: Illumise\n|drag|p2a: Politoed|Politoed, L88, M|266/302 brn\n|-weather|RainDance|[from] ability: Drizzle|[of] p2a: Politoed\n|\n|-weather|RainDance|[upkeep]\n|-heal|p1a: Granbull|67/302|[from] item: Leftovers\n|-damage|p2a: Politoed|248/302 brn|[from] brn\n|-end|p1a: Granbull|Encore\n|upkeep\n|turn|25\n|\n|t:|1733906442\n|switch|p2a: Porygon2|Porygon2, L82|274/274 par\n|-ability|p2a: Porygon2|Download|boost\n|-boost|p2a: Porygon2|spa|1\n|move|p1a: Granbull|Play Rough|p2a: Porygon2\n|-damage|p2a: Porygon2|183/274 par\n|\n|-weather|RainDance|[upkeep]\n|-heal|p1a: Granbull|85/302|[from] item: Leftovers\n|upkeep\n|turn|26\n|\n|t:|1733906452\n|move|p1a: Granbull|Play Rough|p2a: Porygon2\n|-damage|p2a: Porygon2|105/274 par\n|move|p2a: Porygon2|Discharge|p1a: Granbull\n|-damage|p1a: Granbull|0 fnt\n|faint|p1a: Granbull\n|\n|-weather|RainDance|[upkeep]\n|upkeep\n|\n|t:|1733906458\n|switch|p1a: Vaporeon|Vaporeon, L86, M|170/364\n|-damage|p1a: Vaporeon|125/364|[from] Stealth Rock\n|turn|27\n|\n|t:|1733906464\n|-terastallize|p1a: Vaporeon|Ground\n|move|p1a: Vaporeon|Wish|p1a: Vaporeon\n|move|p2a: Porygon2|Recover|p2a: Porygon2\n|-heal|p2a: Porygon2|242/274 par\n|\n|-weather|RainDance|[upkeep]\n|-heal|p1a: Vaporeon|147/364|[from] item: Leftovers\n|upkeep\n|turn|28\n|\n|t:|1733906479\n|move|p1a: Vaporeon|Scald|p2a: Porygon2\n|-damage|p2a: Porygon2|143/274 par\n|move|p2a: Porygon2|Ice Beam|p1a: Vaporeon\n|-supereffective|p1a: Vaporeon\n|-damage|p1a: Vaporeon|0 fnt\n|faint|p1a: Vaporeon\n|\n|-weather|none\n|upkeep\n|\n|t:|1733906492\n|switch|p1a: Garganacl|Garganacl, L80, F|192/219\n|-damage|p1a: Garganacl|165/219|[from] Stealth Rock\n|turn|29\n|l|\u2606ibamakoto\n|inactive|ibamakoto disconnected and has a minute to reconnect!\n|player|p2|\n|j|\u2606ibamakoto\n|inactive|ibamakoto reconnected and has 125 seconds left.\n|player|p2|ibamakoto|erika|\n|inactive|ibamakoto has 120 seconds left.\n|\n|t:|1733906533\n|move|p1a: Garganacl|Focus Blast|p2a: Porygon2\n|-supereffective|p2a: Porygon2\n|-damage|p2a: Porygon2|0 fnt\n|faint|p2a: Porygon2\n|-damage|p1a: Garganacl|144/219|[from] item: Life Orb\n|\n|upkeep\n|\n|t:|1733906544\n|switch|p2a: Tauros|Tauros, L82, M|232/257\n|turn|30\n|\n|t:|1733906554\n|move|p2a: Tauros|Throat Chop|p1a: Garganacl\n|-supereffective|p1a: Garganacl\n|-damage|p1a: Garganacl|0 fnt\n|replace|p1a: Zoroark|Zoroark-Hisui, L80, F\n|-end|p1a: Zoroark|Illusion\n|-hint|Illusion Level Mod is active, so this Pok\u00e9mon's true level was hidden.\n|faint|p1a: Zoroark\n|\n|upkeep\n|\n|t:|1733906559\n|switch|p1a: Garganacl|Garganacl, L80, F|291/291\n|-damage|p1a: Garganacl|255/291|[from] Stealth Rock\n|turn|31\n|inactive|ibamakoto has 120 seconds left.\n|\n|t:|1733906575\n|-terastallize|p2a: Tauros|Ground\n|move|p2a: Tauros|Earthquake|p1a: Garganacl\n|-supereffective|p1a: Garganacl\n|-damage|p1a: Garganacl|42/291\n|-damage|p2a: Tauros|207/257|[from] item: Life Orb\n|move|p1a: Garganacl|Salt Cure|p2a: Tauros\n|-resisted|p2a: Tauros\n|-damage|p2a: Tauros|187/257\n|-start|p2a: Tauros|Salt Cure\n|\n|-heal|p1a: Garganacl|60/291|[from] item: Leftovers\n|-damage|p2a: Tauros|155/257|[from] Salt Cure\n|upkeep\n|turn|32\n|inactive|ibamakoto has 120 seconds left.\n|\n|t:|1733906589\n|switch|p2a: Illumise|Illumise, L91, F|266/266\n|move|p1a: Garganacl|Recover|p1a: Garganacl\n|-heal|p1a: Garganacl|206/291\n|\n|-heal|p1a: Garganacl|224/291|[from] item: Leftovers\n|upkeep\n|turn|33\n|inactive|ibamakoto has 120 seconds left.\n|\n|t:|1733906607\n|switch|p1a: Iron Boulder|Iron Boulder, L77|97/265\n|-damage|p1a: Iron Boulder|64/265|[from] Stealth Rock\n|move|p2a: Illumise|Thunder Wave|p1a: Iron Boulder\n|-status|p1a: Iron Boulder|par\n|\n|upkeep\n|turn|34\n|\n|t:|1733906618\n|move|p2a: Illumise|Bug Buzz|p1a: Iron Boulder\n|-supereffective|p1a: Iron Boulder\n|-damage|p1a: Iron Boulder|0 fnt\n|faint|p1a: Iron Boulder\n|-end|p1a: Iron Boulder|Quark Drive|[silent]\n|\n|upkeep\n|\n|t:|1733906620\n|switch|p1a: Garganacl|Garganacl, L80, F|224/291\n|-damage|p1a: Garganacl|188/291|[from] Stealth Rock\n|turn|35\n|\n|t:|1733906625\n|move|p2a: Illumise|Bug Buzz|p1a: Garganacl\n|-damage|p1a: Garganacl|94/291\n|move|p1a: Garganacl|Salt Cure|p2a: Illumise\n|-supereffective|p2a: Illumise\n|-damage|p2a: Illumise|180/266\n|-start|p2a: Illumise|Salt Cure\n|\n|-heal|p1a: Garganacl|112/291|[from] item: Leftovers\n|-damage|p2a: Illumise|147/266|[from] Salt Cure\n|upkeep\n|turn|36\n|\n|t:|1733906635\n|move|p2a: Illumise|Encore|p1a: Garganacl\n|-start|p1a: Garganacl|Encore\n|move|p1a: Garganacl|Salt Cure|p2a: Illumise\n|-supereffective|p2a: Illumise\n|-damage|p2a: Illumise|69/266\n|\n|-heal|p1a: Garganacl|130/291|[from] item: Leftovers\n|-damage|p2a: Illumise|36/266|[from] Salt Cure\n|upkeep\n|turn|37\n|\n|t:|1733906646\n|switch|p2a: Politoed|Politoed, L88, M|248/302 brn\n|-weather|RainDance|[from] ability: Drizzle|[of] p2a: Politoed\n|move|p1a: Garganacl|Salt Cure|p2a: Politoed\n|-damage|p2a: Politoed|203/302 brn\n|-start|p2a: Politoed|Salt Cure\n|\n|-weather|RainDance|[upkeep]\n|-heal|p1a: Garganacl|148/291|[from] item: Leftovers\n|-damage|p2a: Politoed|185/302 brn|[from] brn\n|-damage|p2a: Politoed|110/302 brn|[from] Salt Cure\n|upkeep\n|turn|38\n|\n|t:|1733906659\n|move|p2a: Politoed|Weather Ball|p1a: Garganacl\n|-supereffective|p1a: Garganacl\n|-damage|p1a: Garganacl|0 fnt\n|faint|p1a: Garganacl\n|\n|win|ibamakoto\n|raw|Frankral's rating: 1324 &rarr; <strong>1304</strong><br />(-20 for losing)\n|raw|ibamakoto's rating: 1320 &rarr; <strong>1340</strong><br />(+20 for winning)\n|l|\u2606Frankral\n|player|p1|\n", "inputlog": ">version bfd83cad13791eb5a5a409923076391caf6fb4d4\n>start {\"formatid\":\"gen9randombattle\",\"seed\":[53587,6896,7471,8214],\"rated\":\"Rated battle\"}\n>player p1 {\"name\":\"Frankral\",\"avatar\":\"lucas\",\"rating\":1324,\"seed\":[39788,29833,42712,6642]}\n>player p2 {\"name\":\"ibamakoto\",\"avatar\":\"erika\",\"rating\":1320,\"seed\":[21832,3808,17970,30749]}\n>p1 move swordsdance\n>p2 switch 2\n>p1 move mightycleave\n>p2 move encore\n>p1 move swordsdance\n>p2 move bugbuzz\n>p1 switch 3\n>p2 move bugbuzz\n>p1 move saltcure\n>p2 move bugbuzz\n>p1 move recover\n>p2 move roost\n>p1 move saltcure\n>p2 move encore\n>p1 switch 5\n>p2 switch 4\n>p1 move shiftgear\n>p2 move stealthrock\n>p1 move highhorsepower\n>p2 move thunderwave\n>p2 switch 3\n>p1 move gunkshot\n>p2 move earthquake\n>p1 switch 4\n>p1 move willowisp\n>p2 move bodyslam\n>p1 move willowisp\n>p2 switch 6\n>p1 switch 6\n>p2 move weatherball\n>p1 move scald\n>p2 switch 2\n>p1 move scald\n>p2 move quiverdance\n>p1 move scald\n>p2 move quiverdance\n>p1 move wish\n>p2 move bugbuzz\n>p1 switch 2\n>p2 move bugbuzz\n>p2 switch 5\n>p1 move thunderwave\n>p2 move discharge\n>p1 move roar\n>p2 move discharge\n>p1 move thunderwave\n>p2 move encore\n>p1 move roar\n>p2 move discharge\n>p1 move roar\n>p2 move roost\n>p1 move playrough\n>p2 switch 4\n>p1 move playrough\n>p2 move discharge\n>p1 switch 2\n>p1 move wish terastallize\n>p2 move recover\n>p1 move scald\n>p2 move icebeam\n>p1 switch 6\n>p1 move focusblast\n>p2 move recover\n>p2 switch 6\n>p1 move willowisp\n>p2 move throatchop\n>p1 switch 5\n>p1 move saltcure\n>p2 move earthquake terastallize\n>p1 move recover\n>p2 switch 2\n>p1 switch 3\n>p2 move thunderwave\n>p1 move mightycleave\n>p2 move bugbuzz\n>p1 switch 3\n>p1 move saltcure\n>p2 move bugbuzz\n>p1 move recover\n>p2 move encore\n>p1 move saltcure\n>p2 switch 4\n>p1 move saltcure\n>p2 move weatherball", "uploadtime": 1733906662, "views": 1, "formatid": "gen9randombattle", "rating": 1304, "private": 0, "password": null}