{"id": "gen9randombattle-2260386766", "format": "[Gen 9] Random Battle", "players": ["deloass", "Avide C."], "log": "|j|\u2606deloass\n|j|\u2606Avide C.\n|t:|1733846573\n|gametype|singles\n|player|p1|deloass|101|1628\n|player|p2|Avide C.|acetrainer-gen4dp|1640\n|teamsize|p1|6\n|teamsize|p2|6\n|gen|9\n|tier|[Gen 9] Random Battle\n|rated|\n|rule|Species Clause: Limit one of each Pok\u00e9mon\n|rule|HP Percentage Mod: HP is shown in percentages\n|rule|Sleep Clause Mod: Limit one foe put to sleep\n|rule|Illusion Level Mod: Illusion disguises the Pok\u00e9mon's true level\n|\n|t:|1733846573\n|start\n|switch|p1a: Metagross|Metagross, L79|256/256\n|switch|p2a: Toxapex|Toxapex, L82, M|216/216\n|turn|1\n|inactive|Battle timer is ON: inactive players will automatically lose when time's up. (requested by deloass)\n|\n|t:|1733846602\n|switch|p2a: Milotic|Milotic, L83, F|293/293\n|move|p1a: Metagross|Psychic Fangs|p2a: Milotic\n|-damage|p2a: Milotic|184/293\n|\n|-heal|p2a: Milotic|202/293|[from] item: Leftovers\n|upkeep\n|turn|2\n|\n|t:|1733846610\n|move|p2a: Milotic|Scald|p1a: Metagross\n|-damage|p1a: Metagross|174/256\n|move|p1a: Metagross|Stealth Rock|p2a: Milotic\n|-sidestart|p2: Avide C.|move: Stealth Rock\n|\n|-heal|p2a: Milotic|220/293|[from] item: Leftovers\n|-heal|p1a: Metagross|190/256|[from] item: Leftovers\n|upkeep\n|turn|3\n|\n|t:|1733846621\n|switch|p1a: Kyogre|Kyogre, L71|259/259\n|-weather|RainDance|[from] ability: Drizzle|[of] p1a: Kyogre\n|move|p2a: Milotic|Scald|p1a: Kyogre\n|-resisted|p1a: Kyogre\n|-damage|p1a: Kyogre|204/259\n|-status|p1a: Kyogre|brn\n|\n|-weather|RainDance|[upkeep]\n|-heal|p2a: Milotic|238/293|[from] item: Leftovers\n|-damage|p1a: Kyogre|188/259 brn|[from] brn\n|upkeep\n|turn|4\n|\n|t:|1733846647\n|switch|p2a: Glalie|Glalie, L96, F|309/309\n|move|p1a: Kyogre|Thunder|p2a: Glalie\n|-damage|p2a: Glalie|232/309\n|-status|p2a: Glalie|par\n|\n|-weather|RainDance|[upkeep]\n|-damage|p1a: Kyogre|172/259 brn|[from] brn\n|upkeep\n|turn|5\n|\n|t:|1733846661\n|switch|p1a: Metagross|Metagross, L79|190/256\n|move|p2a: Glalie|Freeze-Dry|p1a: Metagross\n|-resisted|p1a: Metagross\n|-damage|p1a: Metagross|149/256\n|-status|p1a: Metagross|frz\n|\n|-weather|RainDance|[upkeep]\n|-heal|p1a: Metagross|165/256 frz|[from] item: Leftovers\n|upkeep\n|turn|6\n|inactive|Avide C. has 120 seconds left.\n|\n|t:|1733846705\n|cant|p1a: Metagross|frz\n|cant|p2a: Glalie|par\n|\n|-weather|RainDance|[upkeep]\n|-heal|p1a: Metagross|181/256 frz|[from] item: Leftovers\n|upkeep\n|turn|7\n|\n|t:|1733846715\n|cant|p1a: Metagross|frz\n|move|p2a: Glalie|Earthquake|p1a: Metagross\n|-supereffective|p1a: Metagross\n|-damage|p1a: Metagross|67/256 frz\n|\n|-weather|none\n|-heal|p1a: Metagross|83/256 frz|[from] item: Leftovers\n|upkeep\n|turn|8\n|\n|t:|1733846734\n|cant|p1a: Metagross|frz\n|cant|p2a: Glalie|par\n|\n|-heal|p1a: Metagross|99/256 frz|[from] item: Leftovers\n|upkeep\n|turn|9\n|\n|t:|1733846742\n|cant|p1a: Metagross|frz\n|move|p2a: Glalie|Earthquake|p1a: Metagross\n|-supereffective|p1a: Metagross\n|-damage|p1a: Metagross|0 fnt\n|faint|p1a: Metagross\n|\n|upkeep\n|\n|t:|1733846747\n|switch|p1a: Feraligatr|Feraligatr, L79, F|264/264\n|turn|10\n|\n|t:|1733846754\n|move|p1a: Feraligatr|Dragon Dance|p1a: Feraligatr\n|-boost|p1a: Feraligatr|atk|1\n|-boost|p1a: Feraligatr|spe|1\n|move|p2a: Glalie|Freeze-Dry|p1a: Feraligatr\n|-supereffective|p1a: Feraligatr\n|-damage|p1a: Feraligatr|90/264\n|\n|upkeep\n|turn|11\n|inactive|Avide C. has 120 seconds left.\n|\n|t:|1733846763\n|move|p1a: Feraligatr|Liquidation|p2a: Glalie\n|-damage|p2a: Glalie|41/309 par\n|move|p2a: Glalie|Freeze-Dry|p1a: Feraligatr\n|-supereffective|p1a: Feraligatr\n|-damage|p1a: Feraligatr|0 fnt\n|faint|p1a: Feraligatr\n|\n|upkeep\n|\n|t:|1733846792\n|switch|p1a: Florges|Florges-Blue, L85, F|271/271\n|turn|12\n|\n|t:|1733846799\n|move|p1a: Florges|Calm Mind|p1a: Florges\n|-boost|p1a: Florges|spa|1\n|-boost|p1a: Florges|spd|1\n|cant|p2a: Glalie|par\n|\n|upkeep\n|turn|13\n|\n|t:|1733846802\n|move|p1a: Florges|Calm Mind|p1a: Florges\n|-boost|p1a: Florges|spa|1\n|-boost|p1a: Florges|spd|1\n|move|p2a: Glalie|Taunt|p1a: Florges\n|-start|p1a: Florges|move: Taunt\n|\n|upkeep\n|turn|14\n|\n|t:|1733846807\n|move|p1a: Florges|Moonblast|p2a: Glalie\n|-damage|p2a: Glalie|0 fnt\n|faint|p2a: Glalie\n|\n|upkeep\n|\n|t:|1733846824\n|switch|p2a: Toxapex|Toxapex, L82, M|216/216\n|-damage|p2a: Toxapex|189/216|[from] Stealth Rock\n|turn|15\n|\n|t:|1733846831\n|-terastallize|p1a: Florges|Ground\n|move|p1a: Florges|Tera Blast|p2a: Toxapex|[anim] Tera Blast Ground\n|-supereffective|p2a: Toxapex\n|-damage|p2a: Toxapex|0 fnt\n|faint|p2a: Toxapex\n|\n|upkeep\n|\n|t:|1733846837\n|switch|p2a: Milotic|Milotic, L83, F|238/293\n|-damage|p2a: Milotic|202/293|[from] Stealth Rock\n|turn|16\n|\n|t:|1733846842\n|move|p2a: Milotic|Haze|p2a: Milotic\n|-clearallboost\n|move|p1a: Florges|Moonblast|p2a: Milotic\n|-damage|p2a: Milotic|106/293\n|\n|-heal|p2a: Milotic|124/293|[from] item: Leftovers\n|-end|p1a: Florges|move: Taunt\n|upkeep\n|turn|17\n|\n|t:|1733846850\n|switch|p1a: Kyogre|Kyogre, L71|172/259 brn\n|-weather|RainDance|[from] ability: Drizzle|[of] p1a: Kyogre\n|move|p2a: Milotic|Recover|p2a: Milotic\n|-heal|p2a: Milotic|271/293\n|\n|-weather|RainDance|[upkeep]\n|-heal|p2a: Milotic|289/293|[from] item: Leftovers\n|-damage|p1a: Kyogre|156/259 brn|[from] brn\n|upkeep\n|turn|18\n|\n|t:|1733846860\n|switch|p2a: Breloom|Breloom, L82, M|233/233\n|-damage|p2a: Breloom|219/233|[from] Stealth Rock\n|move|p1a: Kyogre|Thunder|p2a: Breloom\n|-resisted|p2a: Breloom\n|-damage|p2a: Breloom|163/233\n|\n|-weather|RainDance|[upkeep]\n|-damage|p1a: Kyogre|140/259 brn|[from] brn\n|upkeep\n|turn|19\n|\n|t:|1733846871\n|-terastallize|p2a: Breloom|Fighting\n|move|p1a: Kyogre|Thunder|p2a: Breloom\n|-damage|p2a: Breloom|56/233\n|move|p2a: Breloom|Bullet Seed|p1a: Kyogre\n|-supereffective|p1a: Kyogre\n|-damage|p1a: Kyogre|0 fnt\n|faint|p1a: Kyogre\n|-hitcount|p1: Kyogre|1\n|-damage|p2a: Breloom|33/233|[from] item: Life Orb\n|\n|-weather|RainDance|[upkeep]\n|upkeep\n|\n|t:|1733846882\n|switch|p1a: Florges|Florges-Blue, L85, F, tera:Ground|271/271\n|turn|20\n|\n|t:|1733846887\n|move|p2a: Breloom|Mach Punch|p1a: Florges\n|-damage|p1a: Florges|120/271\n|-damage|p2a: Breloom|10/233|[from] item: Life Orb\n|move|p1a: Florges|Moonblast|p2a: Breloom\n|-supereffective|p2a: Breloom\n|-damage|p2a: Breloom|0 fnt\n|faint|p2a: Breloom\n|\n|-weather|RainDance|[upkeep]\n|-heal|p1a: Florges|136/271|[from] item: Leftovers\n|upkeep\n|\n|t:|1733846893\n|switch|p2a: Milotic|Milotic, L83, F|289/293\n|-damage|p2a: Milotic|253/293|[from] Stealth Rock\n|turn|21\n|\n|t:|1733846897\n|move|p2a: Milotic|Scald|p1a: Florges\n|-supereffective|p1a: Florges\n|-damage|p1a: Florges|0 fnt\n|faint|p1a: Florges\n|\n|-weather|none\n|-heal|p2a: Milotic|271/293|[from] item: Leftovers\n|upkeep\n|\n|t:|1733846901\n|switch|p1a: Iron Crown|Iron Crown, L78|268/268\n|turn|22\n|\n|t:|1733846911\n|move|p1a: Iron Crown|Tachyon Cutter|p2a: Milotic\n|-resisted|p2a: Milotic\n|-damage|p2a: Milotic|240/293\n|-resisted|p2a: Milotic\n|-damage|p2a: Milotic|207/293\n|-hitcount|p2a: Milotic|2\n|move|p2a: Milotic|Scald|p1a: Iron Crown\n|-damage|p1a: Iron Crown|195/268\n|\n|-heal|p2a: Milotic|225/293|[from] item: Leftovers\n|upkeep\n|turn|23\n|\n|t:|1733846919\n|-end|p1a: Iron Crown|Quark Drive|[silent]\n|switch|p1a: Lycanroc|Lycanroc-Midnight, L89, M|296/296\n|move|p2a: Milotic|Scald|p1a: Lycanroc\n|-supereffective|p1a: Lycanroc\n|-damage|p1a: Lycanroc|116/296\n|\n|-heal|p2a: Milotic|243/293|[from] item: Leftovers\n|upkeep\n|turn|24\n|\n|t:|1733846927\n|move|p1a: Lycanroc|Close Combat|p2a: Milotic\n|-damage|p2a: Milotic|96/293\n|-unboost|p1a: Lycanroc|def|1\n|-unboost|p1a: Lycanroc|spd|1\n|-damage|p1a: Lycanroc|87/296|[from] item: Life Orb\n|move|p2a: Milotic|Scald|p1a: Lycanroc\n|-supereffective|p1a: Lycanroc\n|-damage|p1a: Lycanroc|0 fnt\n|faint|p1a: Lycanroc\n|\n|-heal|p2a: Milotic|114/293|[from] item: Leftovers\n|upkeep\n|\n|t:|1733846930\n|switch|p1a: Iron Crown|Iron Crown, L78|195/268\n|turn|25\n|\n|t:|1733846933\n|move|p1a: Iron Crown|Volt Switch|p2a: Milotic\n|-supereffective|p2a: Milotic\n|-damage|p2a: Milotic|0 fnt\n|faint|p2a: Milotic\n|\n|upkeep\n|\n|t:|1733846938\n|switch|p2a: Falinks|Falinks, L84|246/246\n|-damage|p2a: Falinks|231/246|[from] Stealth Rock\n|turn|26\n|\n|t:|1733846941\n|move|p1a: Iron Crown|Volt Switch|p2a: Falinks\n|-damage|p2a: Falinks|132/246\n|move|p2a: Falinks|No Retreat|p2a: Falinks\n|-boost|p2a: Falinks|atk|1\n|-boost|p2a: Falinks|def|1\n|-boost|p2a: Falinks|spa|1\n|-boost|p2a: Falinks|spd|1\n|-boost|p2a: Falinks|spe|1\n|-start|p2a: Falinks|move: No Retreat\n|\n|upkeep\n|turn|27\n|\n|t:|1733846946\n|move|p2a: Falinks|Knock Off|p1a: Iron Crown\n|-supereffective|p1a: Iron Crown\n|-damage|p1a: Iron Crown|0 fnt\n|-enditem|p1a: Iron Crown|Choice Specs|[from] move: Knock Off|[of] p2a: Falinks\n|faint|p1a: Iron Crown\n|-end|p1a: Iron Crown|Quark Drive|[silent]\n|-damage|p2a: Falinks|108/246|[from] item: Life Orb\n|\n|win|Avide C.\n|raw|deloass's rating: 1628 &rarr; <strong>1610</strong><br />(-18 for losing)\n|raw|Avide C.'s rating: 1663 &rarr; <strong>1681</strong><br />(+18 for winning)\n", "inputlog": ">version bfd83cad13791eb5a5a409923076391caf6fb4d4\n>start {\"formatid\":\"gen9randombattle\",\"seed\":[4309,25231,5474,20310],\"rated\":\"Rated battle\"}\n>player p1 {\"name\":\"deloass\",\"avatar\":\"101\",\"rating\":1628,\"seed\":[31138,5478,51443,29795]}\n>player p2 {\"name\":\"Avide C.\",\"avatar\":\"acetrainer-gen4dp\",\"rating\":1640,\"seed\":[57144,60520,12597,26221]}\n>p1 move psychicfangs\n>p2 switch 2\n>p1 move stealthrock\n>p2 move scald\n>p1 switch 3\n>p2 move scald\n>p1 move thunder\n>p2 switch 3\n>p1 switch 3\n>p2 move freezedry\n>p1 move psychicfangs\n>p2 move earthquake\n>p1 move psychicfangs\n>p2 move earthquake\n>p1 move heavyslam\n>p2 move earthquake\n>p1 move heavyslam\n>p2 move earthquake\n>p1 switch 5\n>p1 move dragondance\n>p2 move freezedry\n>p1 move liquidation\n>p2 move freezedry\n>p1 switch 6\n>p1 move calmmind\n>p2 move earthquake\n>p1 move calmmind\n>p2 move taunt\n>p1 move moonblast\n>p2 move earthquake\n>p2 switch 2\n>p1 move terablast terastallize\n>p2 move toxic\n>p2 switch 3\n>p1 move moonblast\n>p2 move haze\n>p1 switch 3\n>p2 move recover\n>p1 move thunder\n>p2 switch 6\n>p1 move thunder\n>p2 move bulletseed terastallize\n>p1 switch 3\n>p1 move moonblast\n>p2 move machpunch\n>p2 switch 6\n>p1 move calmmind\n>p2 move scald\n>p1 switch 2\n>p1 move tachyoncutter\n>p2 move scald\n>p1 switch 4\n>p2 move scald\n>p1 move closecombat\n>p2 move scald\n>p1 switch 4\n>p1 move voltswitch\n>p2 move recover\n>p2 switch 5\n>p1 move voltswitch\n>p2 move noretreat\n>p1 move voltswitch\n>p2 move knockoff", "uploadtime": 1733846948, "views": 2, "formatid": "gen9randombattle", "rating": 1610, "private": 0, "password": null}