{"id": "gen9randombattle-2259891780", "format": "[Gen 9] Random Battle", "players": ["MrFoxAndCo", "watchoutlilbich"], "log": "|j|\u2606MrFoxAndCo\n|j|\u2606watchoutlilbich\n|t:|1733777064\n|gametype|singles\n|player|p1|MrFoxAndCo|266|1801\n|player|p2|watchoutlilbich|266|1782\n|teamsize|p1|6\n|teamsize|p2|6\n|gen|9\n|tier|[Gen 9] Random Battle\n|rated|\n|rule|Species Clause: Limit one of each Pok\u00e9mon\n|rule|HP Percentage Mod: HP is shown in percentages\n|rule|Sleep Clause Mod: Limit one foe put to sleep\n|rule|Illusion Level Mod: Illusion disguises the Pok\u00e9mon's true level\n|\n|t:|1733777064\n|start\n|switch|p1a: Mabosstiff|Mabosstiff, L86, F|278/278\n|switch|p2a: Arcanine|Arcanine-Hisui, L80, F|283/283\n|turn|1\n|inactive|Battle timer is ON: inactive players will automatically lose when time's up. (requested by watchoutlilbich)\n|\n|t:|1733777077\n|switch|p1a: Overqwil|Overqwil, L82, F|274/274\n|-ability|p1a: Overqwil|Intimidate|boost\n|-unboost|p2a: Arcanine|atk|1\n|move|p2a: Arcanine|Close Combat|p1a: Overqwil\n|-damage|p1a: Overqwil|184/274\n|-unboost|p2a: Arcanine|def|1\n|-unboost|p2a: Arcanine|spd|1\n|\n|upkeep\n|turn|2\n|\n|t:|1733777101\n|switch|p2a: Donphan|Donphan, L84, M|288/288\n|move|p1a: Overqwil|Liquidation|p2a: Donphan\n|-supereffective|p2a: Donphan\n|-damage|p2a: Donphan|142/288\n|-damage|p1a: Overqwil|157/274|[from] item: Life Orb\n|\n|-heal|p2a: Donphan|160/288|[from] item: Leftovers\n|upkeep\n|turn|3\n|\n|t:|1733777108\n|move|p1a: Overqwil|Liquidation|p2a: Donphan\n|-supereffective|p2a: Donphan\n|-damage|p2a: Donphan|25/288\n|-damage|p1a: Overqwil|130/274|[from] item: Life Orb\n|move|p2a: Donphan|Stealth Rock|p1a: Overqwil\n|-sidestart|p1: MrFoxAndCo|move: Stealth Rock\n|\n|-heal|p2a: Donphan|43/288|[from] item: Leftovers\n|upkeep\n|turn|4\n|\n|t:|1733777115\n|move|p1a: Overqwil|Liquidation|p2a: Donphan\n|-supereffective|p2a: Donphan\n|-crit|p2a: Donphan\n|-damage|p2a: Donphan|0 fnt\n|faint|p2a: Donphan\n|-damage|p1a: Overqwil|103/274|[from] item: Life Orb\n|\n|upkeep\n|\n|t:|1733777121\n|switch|p2a: Landorus|Landorus, L75, M|257/257\n|turn|5\n|\n|t:|1733777124\n|move|p2a: Landorus|Earth Power|p1a: Overqwil\n|-supereffective|p1a: Overqwil\n|-damage|p1a: Overqwil|0 fnt\n|faint|p1a: Overqwil\n|\n|upkeep\n|\n|t:|1733777133\n|switch|p1a: Palkia|Palkia, L75|259/259\n|-damage|p1a: Palkia|227/259|[from] Stealth Rock\n|-ability|p1a: Palkia|Pressure\n|turn|6\n|\n|t:|1733777141\n|switch|p2a: Lanturn|Lanturn, L89, M|367/367\n|move|p1a: Palkia|Hydro Pump|p2a: Lanturn\n|-resisted|p2a: Lanturn\n|-damage|p2a: Lanturn|259/367\n|\n|upkeep\n|turn|7\n|\n|t:|1733777148\n|switch|p1a: Venusaur|Venusaur, L84, M|272/272\n|-damage|p1a: Venusaur|238/272|[from] Stealth Rock\n|move|p2a: Lanturn|Thunder Wave|p1a: Venusaur\n|-status|p1a: Venusaur|par\n|\n|-heal|p1a: Venusaur|255/272 par|[from] item: Leftovers\n|upkeep\n|turn|8\n|\n|t:|1733777152\n|move|p2a: Lanturn|Volt Switch|p1a: Venusaur\n|-resisted|p1a: Venusaur\n|-damage|p1a: Venusaur|223/272 par\n|\n|t:|1733777154\n|switch|p2a: Swalot|Swalot, L90, M|326/326|[from] Volt Switch\n|move|p1a: Venusaur|Earth Power|p2a: Swalot\n|-supereffective|p2a: Swalot\n|-damage|p2a: Swalot|198/326\n|\n|-heal|p2a: Swalot|218/326|[from] item: Leftovers\n|-heal|p1a: Venusaur|240/272 par|[from] item: Leftovers\n|upkeep\n|turn|9\n|\n|t:|1733777165\n|move|p2a: Swalot|Knock Off|p1a: Venusaur\n|-damage|p1a: Venusaur|176/272 par\n|-enditem|p1a: Venusaur|Leftovers|[from] move: Knock Off|[of] p2a: Swalot\n|cant|p1a: Venusaur|par\n|\n|-heal|p2a: Swalot|238/326|[from] item: Leftovers\n|upkeep\n|turn|10\n|\n|t:|1733777172\n|move|p2a: Swalot|Ice Beam|p1a: Venusaur\n|-supereffective|p1a: Venusaur\n|-damage|p1a: Venusaur|66/272 par\n|cant|p1a: Venusaur|par\n|\n|-heal|p2a: Swalot|258/326|[from] item: Leftovers\n|upkeep\n|turn|11\n|\n|t:|1733777178\n|move|p2a: Swalot|Ice Beam|p1a: Venusaur\n|-supereffective|p1a: Venusaur\n|-damage|p1a: Venusaur|0 fnt\n|faint|p1a: Venusaur\n|\n|-heal|p2a: Swalot|278/326|[from] item: Leftovers\n|upkeep\n|\n|t:|1733777181\n|switch|p1a: Palkia|Palkia, L75|227/259\n|-damage|p1a: Palkia|195/259|[from] Stealth Rock\n|-ability|p1a: Palkia|Pressure\n|turn|12\n|\n|t:|1733777195\n|-terastallize|p2a: Swalot|Dark\n|move|p1a: Palkia|Spacial Rend|p2a: Swalot\n|-damage|p2a: Swalot|95/326\n|move|p2a: Swalot|Sludge Bomb|p1a: Palkia\n|-damage|p1a: Palkia|120/259\n|\n|-heal|p2a: Swalot|115/326|[from] item: Leftovers\n|upkeep\n|turn|13\n|\n|t:|1733777203\n|move|p1a: Palkia|Spacial Rend|p2a: Swalot\n|-damage|p2a: Swalot|0 fnt\n|faint|p2a: Swalot\n|\n|upkeep\n|\n|t:|1733777213\n|switch|p2a: Lanturn|Lanturn, L89, M|259/367\n|turn|14\n|\n|t:|1733777216\n|move|p1a: Palkia|Spacial Rend|p2a: Lanturn\n|-damage|p2a: Lanturn|57/367\n|move|p2a: Lanturn|Thunder Wave|p1a: Palkia\n|-status|p1a: Palkia|par\n|\n|upkeep\n|turn|15\n|\n|t:|1733777221\n|move|p2a: Lanturn|Thunderbolt|p1a: Palkia\n|-damage|p1a: Palkia|47/259 par\n|move|p1a: Palkia|Spacial Rend|p2a: Lanturn\n|-damage|p2a: Lanturn|0 fnt\n|faint|p2a: Lanturn\n|\n|upkeep\n|\n|t:|1733777227\n|switch|p2a: Landorus|Landorus, L75, M|257/257\n|turn|16\n|\n|t:|1733777231\n|move|p2a: Landorus|Earth Power|p1a: Palkia\n|-damage|p1a: Palkia|0 fnt\n|faint|p1a: Palkia\n|\n|upkeep\n|\n|t:|1733777236\n|switch|p1a: Hitmonchan|Hitmonchan, L87, M|229/229\n|-damage|p1a: Hitmonchan|215/229|[from] Stealth Rock\n|turn|17\n|\n|t:|1733777245\n|move|p2a: Landorus|Psychic|p1a: Hitmonchan\n|-supereffective|p1a: Hitmonchan\n|-damage|p1a: Hitmonchan|59/229\n|move|p1a: Hitmonchan|Ice Punch|p2a: Landorus\n|-supereffective|p2a: Landorus\n|-damage|p2a: Landorus|0 fnt\n|faint|p2a: Landorus\n|-damage|p1a: Hitmonchan|37/229|[from] item: Life Orb\n|\n|upkeep\n|\n|t:|1733777258\n|switch|p2a: Arcanine|Arcanine-Hisui, L80, F|283/283\n|turn|18\n|\n|t:|1733777266\n|move|p2a: Arcanine|Flare Blitz|p1a: Hitmonchan\n|-damage|p1a: Hitmonchan|0 fnt\n|faint|p1a: Hitmonchan\n|\n|upkeep\n|\n|t:|1733777269\n|switch|p1a: Skeledirge|Skeledirge, L79, M|294/294\n|turn|19\n|\n|t:|1733777274\n|switch|p2a: Cloyster|Cloyster, L80, F|211/211\n|move|p1a: Skeledirge|Flame Charge|p2a: Cloyster\n|-damage|p2a: Cloyster|186/211\n|-boost|p1a: Skeledirge|spe|1\n|\n|upkeep\n|turn|20\n|\n|t:|1733777288\n|-terastallize|p1a: Skeledirge|Fairy\n|move|p1a: Skeledirge|Torch Song|p2a: Cloyster\n|-damage|p2a: Cloyster|60/211\n|-boost|p1a: Skeledirge|spa|1\n|move|p2a: Cloyster|Shell Smash|p2a: Cloyster\n|-unboost|p2a: Cloyster|def|1\n|-unboost|p2a: Cloyster|spd|1\n|-boost|p2a: Cloyster|atk|2\n|-boost|p2a: Cloyster|spa|2\n|-boost|p2a: Cloyster|spe|2\n|-enditem|p2a: Cloyster|White Herb\n|-clearnegativeboost|p2a: Cloyster|[silent]\n|\n|upkeep\n|turn|21\n|\n|t:|1733777300\n|move|p2a: Cloyster|Icicle Spear|p1a: Skeledirge\n|-crit|p1a: Skeledirge\n|-damage|p1a: Skeledirge|258/294\n|-damage|p1a: Skeledirge|236/294\n|-damage|p1a: Skeledirge|211/294\n|-damage|p1a: Skeledirge|186/294\n|-damage|p1a: Skeledirge|161/294\n|-hitcount|p1a: Skeledirge|5\n|move|p1a: Skeledirge|Torch Song|p2a: Cloyster\n|-damage|p2a: Cloyster|0 fnt\n|-boost|p1a: Skeledirge|spa|1\n|faint|p2a: Cloyster\n|\n|upkeep\n|\n|t:|1733777309\n|switch|p2a: Arcanine|Arcanine-Hisui, L80, F|283/283\n|turn|22\n|\n|t:|1733777314\n|move|p1a: Skeledirge|Shadow Ball|p2a: Arcanine\n|-damage|p2a: Arcanine|87/283\n|-unboost|p2a: Arcanine|spd|1\n|move|p2a: Arcanine|Head Smash|p1a: Skeledirge\n|-damage|p1a: Skeledirge|0 fnt\n|faint|p1a: Skeledirge\n|\n|upkeep\n|\n|t:|1733777320\n|switch|p1a: Mabosstiff|Mabosstiff, L86, F|278/278\n|-damage|p1a: Mabosstiff|244/278|[from] Stealth Rock\n|turn|23\n|\n|t:|1733777322\n|move|p1a: Mabosstiff|Crunch|p2a: Arcanine\n|-damage|p2a: Arcanine|0 fnt\n|faint|p2a: Arcanine\n|\n|win|MrFoxAndCo\n|raw|MrFoxAndCo's rating: 1801 &rarr; <strong>1820</strong><br />(+19 for winning)\n|raw|watchoutlilbich's rating: 1782 &rarr; <strong>1763</strong><br />(-19 for losing)\n", "inputlog": ">version bfd83cad13791eb5a5a409923076391caf6fb4d4\n>start {\"formatid\":\"gen9randombattle\",\"seed\":[37900,47036,50393,34137],\"rated\":\"Rated battle\"}\n>player p1 {\"name\":\"MrFoxAndCo\",\"avatar\":\"266\",\"rating\":1801,\"seed\":[42001,7905,61247,1577]}\n>player p2 {\"name\":\"watchoutlilbich\",\"avatar\":\"266\",\"rating\":1782,\"seed\":[16802,15293,43087,20720]}\n>p1 switch 6\n>p2 move closecombat\n>p1 move liquidation\n>p2 switch 4\n>p1 move liquidation\n>p2 move stealthrock\n>p1 move liquidation\n>p2 move earthquake\n>p2 switch 5\n>p1 move liquidation\n>p2 move earthpower\n>p1 switch 4\n>p1 move hydropump\n>p2 switch 2\n>p1 switch 3\n>p2 move thunderwave\n>p1 move earthpower\n>p2 move voltswitch\n>p2 switch 6\n>p1 move earthpower\n>p2 move knockoff\n>p1 move sleeppowder\n>p2 move icebeam\n>p1 move sleeppowder\n>p2 move icebeam\n>p1 switch 3\n>p1 move spacialrend\n>p2 move sludgebomb terastallize\n>p1 move spacialrend\n>p2 move sludgebomb\n>p2 switch 6\n>p1 move spacialrend\n>p2 move thunderwave\n>p1 move spacialrend\n>p2 move thunderbolt\n>p2 switch 2\n>p1 move spacialrend\n>p2 move earthpower\n>p1 switch 5\n>p1 move icepunch\n>p2 move psychic\n>p2 switch 4\n>p1 move drainpunch\n>p2 move flareblitz\n>p1 switch 2\n>p1 move flamecharge\n>p2 switch 3\n>p1 move torchsong terastallize\n>p2 move shellsmash\n>p1 move torchsong\n>p2 move iciclespear\n>p2 switch 3\n>p1 move shadowball\n>p2 move headsmash\n>p1 switch 6\n>p1 move crunch\n>p2 move headsmash", "uploadtime": 1733777325, "views": 1, "formatid": "gen9randombattle", "rating": 1763, "private": 0, "password": null}