{"id": "gen9randombattle-2260823078", "format": "[Gen 9] Random Battle", "players": ["MaXwell\u266475", "ccrus"], "log": "|j|\u2606MaXwell\u266475\n|j|\u2606ccrus\n|t:|1733898516\n|gametype|singles\n|player|p1|MaXwell\u266475|grimsley|1315\n|player|p2|ccrus|169|1350\n|teamsize|p1|6\n|teamsize|p2|6\n|gen|9\n|tier|[Gen 9] Random Battle\n|rated|\n|rule|Species Clause: Limit one of each Pok\u00e9mon\n|rule|HP Percentage Mod: HP is shown in percentages\n|rule|Sleep Clause Mod: Limit one foe put to sleep\n|rule|Illusion Level Mod: Illusion disguises the Pok\u00e9mon's true level\n|\n|t:|1733898516\n|start\n|switch|p1a: Dragalge|Dragalge, L88, M|258/258\n|switch|p2a: Eelektross|Eelektross, L87, M|290/290\n|turn|1\n|inactive|Battle timer is ON: inactive players will automatically lose when time's up. (requested by ccrus)\n|inactive|ccrus has 120 seconds left.\n|\n|t:|1733898559\n|move|p2a: Eelektross|Coil|p2a: Eelektross\n|-boost|p2a: Eelektross|atk|1\n|-boost|p2a: Eelektross|def|1\n|-boost|p2a: Eelektross|accuracy|1\n|move|p1a: Dragalge|Sludge Wave|p2a: Eelektross\n|-damage|p2a: Eelektross|124/290\n|\n|-heal|p2a: Eelektross|142/290|[from] item: Leftovers\n|upkeep\n|turn|2\n|\n|t:|1733898568\n|move|p2a: Eelektross|Knock Off|p1a: Dragalge\n|-damage|p1a: Dragalge|133/258\n|-enditem|p1a: Dragalge|Leftovers|[from] move: Knock Off|[of] p2a: Eelektross\n|move|p1a: Dragalge|Sludge Wave|p2a: Eelektross\n|-damage|p2a: Eelektross|0 fnt\n|faint|p2a: Eelektross\n|\n|upkeep\n|\n|t:|1733898581\n|switch|p2a: Rhydon|Rhydon, L85, M|317/317\n|turn|3\n|\n|t:|1733898596\n|switch|p1a: Basculegion|Basculegion-F, L83, F|335/335\n|move|p2a: Rhydon|Earthquake|p1a: Basculegion\n|-damage|p1a: Basculegion|173/335\n|\n|upkeep\n|turn|4\n|\n|t:|1733898609\n|switch|p2a: Phione|Phione, L91|293/293\n|move|p1a: Basculegion|Hydro Pump|p2a: Phione\n|-resisted|p2a: Phione\n|-damage|p2a: Phione|173/293\n|\n|-heal|p2a: Phione|191/293|[from] item: Leftovers\n|upkeep\n|turn|5\n|\n|t:|1733898622\n|switch|p1a: Toxapex|Toxapex, L82, F|216/216\n|move|p2a: Phione|Take Heart|p2a: Phione\n|-boost|p2a: Phione|spa|1\n|-boost|p2a: Phione|spd|1\n|\n|-heal|p2a: Phione|209/293|[from] item: Leftovers\n|upkeep\n|turn|6\n|\n|t:|1733898647\n|move|p2a: Phione|Take Heart|p2a: Phione\n|-boost|p2a: Phione|spa|1\n|-boost|p2a: Phione|spd|1\n|move|p1a: Toxapex|Toxic|p2a: Phione\n|-status|p2a: Phione|tox\n|\n|-heal|p2a: Phione|227/293 tox|[from] item: Leftovers\n|-damage|p2a: Phione|209/293 tox|[from] psn\n|upkeep\n|turn|7\n|\n|t:|1733898654\n|move|p2a: Phione|Take Heart|p2a: Phione\n|-boost|p2a: Phione|spa|1\n|-boost|p2a: Phione|spd|1\n|-curestatus|p2a: Phione|tox|[msg]\n|move|p1a: Toxapex|Haze|p1a: Toxapex\n|-clearallboost\n|\n|-heal|p2a: Phione|227/293|[from] item: Leftovers\n|upkeep\n|turn|8\n|inactive|ccrus has 120 seconds left.\n|\n|t:|1733898680\n|switch|p2a: Rhydon|Rhydon, L85, M|317/317\n|move|p1a: Toxapex|Toxic|p2a: Rhydon\n|-status|p2a: Rhydon|tox\n|\n|-damage|p2a: Rhydon|298/317 tox|[from] psn\n|upkeep\n|turn|9\n|\n|t:|1733898692\n|move|p2a: Rhydon|Earthquake|p1a: Toxapex\n|-supereffective|p1a: Toxapex\n|-damage|p1a: Toxapex|30/216\n|move|p1a: Toxapex|Liquidation|p2a: Rhydon\n|-supereffective|p2a: Rhydon\n|-damage|p2a: Rhydon|166/317 tox\n|-unboost|p2a: Rhydon|def|1\n|\n|-damage|p2a: Rhydon|128/317 tox|[from] psn\n|upkeep\n|turn|10\n|\n|t:|1733898703\n|switch|p1a: Gliscor|Gliscor, L76, M|239/239\n|move|p2a: Rhydon|Earthquake|p1a: Gliscor\n|-immune|p1a: Gliscor\n|\n|-damage|p2a: Rhydon|71/317 tox|[from] psn\n|-status|p1a: Gliscor|tox|[from] item: Toxic Orb\n|upkeep\n|turn|11\n|inactive|ccrus has 120 seconds left.\n|\n|t:|1733898722\n|switch|p2a: Phione|Phione, L91|227/293\n|move|p1a: Gliscor|Substitute|p1a: Gliscor\n|-start|p1a: Gliscor|Substitute\n|-damage|p1a: Gliscor|180/239 tox\n|\n|-heal|p2a: Phione|245/293|[from] item: Leftovers\n|-heal|p1a: Gliscor|209/239 tox|[from] ability: Poison Heal\n|upkeep\n|turn|12\n|\n|t:|1733898734\n|move|p2a: Phione|Ice Beam|p1a: Gliscor\n|-supereffective|p1a: Gliscor\n|-end|p1a: Gliscor|Substitute\n|move|p1a: Gliscor|Toxic|p2a: Phione\n|-status|p2a: Phione|tox\n|\n|-heal|p2a: Phione|263/293 tox|[from] item: Leftovers\n|-damage|p2a: Phione|245/293 tox|[from] psn\n|-heal|p1a: Gliscor|238/239 tox|[from] ability: Poison Heal\n|upkeep\n|turn|13\n|\n|t:|1733898752\n|move|p2a: Phione|Ice Beam|p1a: Gliscor\n|-supereffective|p1a: Gliscor\n|-damage|p1a: Gliscor|0 fnt\n|faint|p1a: Gliscor\n|\n|-heal|p2a: Phione|263/293 tox|[from] item: Leftovers\n|-damage|p2a: Phione|227/293 tox|[from] psn\n|upkeep\n|\n|t:|1733898761\n|switch|p1a: Basculegion|Basculegion-F, L83, F|173/335\n|turn|14\n|\n|t:|1733898773\n|move|p2a: Phione|Grass Knot|p1a: Basculegion\n|-supereffective|p1a: Basculegion\n|-damage|p1a: Basculegion|11/335\n|move|p1a: Basculegion|Shadow Ball|p2a: Phione\n|-damage|p2a: Phione|49/293 tox\n|\n|-heal|p2a: Phione|67/293 tox|[from] item: Leftovers\n|-damage|p2a: Phione|13/293 tox|[from] psn\n|upkeep\n|turn|15\n|\n|t:|1733898790\n|switch|p1a: Toxapex|Toxapex, L82, F|102/216\n|move|p2a: Phione|Ice Beam|p1a: Toxapex\n|-resisted|p1a: Toxapex\n|-damage|p1a: Toxapex|79/216\n|\n|-heal|p2a: Phione|31/293 tox|[from] item: Leftovers\n|-damage|p2a: Phione|0 fnt|[from] psn\n|faint|p2a: Phione\n|upkeep\n|\n|t:|1733898800\n|switch|p2a: Rhydon|Rhydon, L85, M|71/317 tox\n|turn|16\n|\n|t:|1733898806\n|switch|p1a: Mismagius|Mismagius, L86, F|243/243\n|move|p2a: Rhydon|Earthquake|p1a: Mismagius\n|-immune|p1a: Mismagius|[from] ability: Levitate\n|\n|-damage|p2a: Rhydon|52/317 tox|[from] psn\n|upkeep\n|turn|17\n|\n|t:|1733898814\n|move|p1a: Mismagius|Shadow Ball|p2a: Rhydon\n|-crit|p2a: Rhydon\n|-damage|p2a: Rhydon|0 fnt\n|faint|p2a: Rhydon\n|\n|upkeep\n|\n|t:|1733898826\n|switch|p2a: Greninja|Greninja, L80, M|238/238\n|turn|18\n|\n|t:|1733898834\n|switch|p1a: Toxapex|Toxapex, L82, F|151/216\n|move|p2a: Greninja|Dark Pulse|p1a: Toxapex\n|-damage|p1a: Toxapex|65/216\n|-damage|p2a: Greninja|215/238|[from] item: Life Orb\n|\n|upkeep\n|turn|19\n|\n|t:|1733898854\n|-terastallize|p1a: Toxapex|Fairy\n|move|p2a: Greninja|Dark Pulse|p1a: Toxapex\n|-resisted|p1a: Toxapex\n|-damage|p1a: Toxapex|18/216\n|-damage|p2a: Greninja|192/238|[from] item: Life Orb\n|cant|p1a: Toxapex|flinch\n|\n|upkeep\n|turn|20\n|inactive|MaXwell\u266475 has 120 seconds left.\n|\n|t:|1733898875\n|switch|p1a: Ribombee|Ribombee, L82, M|233/233\n|move|p2a: Greninja|Dark Pulse|p1a: Ribombee\n|-resisted|p1a: Ribombee\n|-damage|p1a: Ribombee|151/233\n|-damage|p2a: Greninja|169/238|[from] item: Life Orb\n|\n|upkeep\n|turn|21\n|\n|t:|1733898897\n|move|p1a: Ribombee|Moonblast|p2a: Greninja\n|-supereffective|p2a: Greninja\n|-damage|p2a: Greninja|0 fnt\n|replace|p2a: Zoroark|Zoroark, L84, F\n|-end|p2a: Zoroark|Illusion\n|-hint|Illusion Level Mod is active, so this Pok\u00e9mon's true level was hidden.\n|faint|p2a: Zoroark\n|\n|upkeep\n|inactive|ccrus has 120 seconds left.\n|\n|t:|1733898918\n|switch|p2a: Zapdos|Zapdos-Galar, L77|265/265\n|turn|22\n|inactive|ccrus has 120 seconds left.\n|\n|t:|1733898936\n|switch|p1a: Basculegion|Basculegion-F, L83, F|11/335\n|move|p2a: Zapdos|Brave Bird|p1a: Basculegion\n|-damage|p1a: Basculegion|0 fnt\n|faint|p1a: Basculegion\n|-damage|p2a: Zapdos|261/265|[from] Recoil\n|\n|upkeep\n|inactive|MaXwell\u266475 has 120 seconds left.\n|\n|t:|1733898954\n|switch|p1a: Mismagius|Mismagius, L86, F|243/243\n|turn|23\n|inactive|MaXwell\u266475 has 120 seconds left.\n|inactive|ccrus has 120 seconds left.\n|\n|t:|1733898979\n|-terastallize|p2a: Zapdos|Steel\n|move|p2a: Zapdos|Brave Bird|p1a: Mismagius\n|-damage|p1a: Mismagius|78/243\n|-damage|p2a: Zapdos|207/265|[from] Recoil\n|move|p1a: Mismagius|Thunderbolt|p2a: Zapdos\n|-damage|p2a: Zapdos|83/265\n|\n|upkeep\n|turn|24\n|inactive|ccrus has 120 seconds left.\n|inactive|MaXwell\u266475 has 120 seconds left.\n|\n|t:|1733899005\n|move|p2a: Zapdos|Brave Bird|p1a: Mismagius\n|-damage|p1a: Mismagius|0 fnt\n|faint|p1a: Mismagius\n|-damage|p2a: Zapdos|57/265|[from] Recoil\n|\n|upkeep\n|\n|t:|1733899009\n|switch|p1a: Dragalge|Dragalge, L88, M|133/258\n|turn|25\n|\n|t:|1733899019\n|move|p2a: Zapdos|Brave Bird|p1a: Dragalge\n|-damage|p1a: Dragalge|6/258\n|-damage|p2a: Zapdos|15/265|[from] Recoil\n|move|p1a: Dragalge|Focus Blast|p2a: Zapdos\n|-supereffective|p2a: Zapdos\n|-damage|p2a: Zapdos|0 fnt\n|faint|p2a: Zapdos\n|\n|upkeep\n|\n|t:|1733899028\n|switch|p2a: Greninja|Greninja, L80, M|246/246\n|turn|26\n|inactive|MaXwell\u266475 has 120 seconds left.\n|\n|t:|1733899034\n|switch|p1a: Toxapex|Toxapex, L82, F, tera:Fairy|90/216\n|move|p2a: Greninja|Dark Pulse|p1a: Toxapex\n|-resisted|p1a: Toxapex\n|-damage|p1a: Toxapex|55/216\n|-damage|p2a: Greninja|222/246|[from] item: Life Orb\n|\n|upkeep\n|turn|27\n|\n|t:|1733899046\n|move|p2a: Greninja|Gunk Shot|p1a: Toxapex\n|-supereffective|p1a: Toxapex\n|-damage|p1a: Toxapex|0 fnt\n|faint|p1a: Toxapex\n|-ability|p2a: Greninja|Battle Bond|boost\n|-boost|p2a: Greninja|atk|1\n|-boost|p2a: Greninja|spa|1\n|-boost|p2a: Greninja|spe|1\n|-activate|p2a: Greninja|ability: Battle Bond\n|-damage|p2a: Greninja|198/246|[from] item: Life Orb\n|\n|upkeep\n|\n|t:|1733899050\n|switch|p1a: Ribombee|Ribombee, L82, M|151/233\n|turn|28\n|\n|t:|1733899063\n|move|p2a: Greninja|Gunk Shot|p1a: Ribombee|[miss]\n|-miss|p2a: Greninja|p1a: Ribombee\n|move|p1a: Ribombee|Moonblast|p2a: Greninja\n|-supereffective|p2a: Greninja\n|-damage|p2a: Greninja|0 fnt\n|faint|p2a: Greninja\n|\n|win|MaXwell\u266475\n|raw|MaXwell\u266475's rating: 1315 &rarr; <strong>1337</strong><br />(+22 for winning)\n|raw|ccrus's rating: 1350 &rarr; <strong>1328</strong><br />(-22 for losing)\n", "inputlog": ">version bfd83cad13791eb5a5a409923076391caf6fb4d4\n>start {\"formatid\":\"gen9randombattle\",\"seed\":[33329,7192,40487,41592],\"rated\":\"Rated battle\"}\n>player p1 {\"name\":\"MaXwell\u266475\",\"avatar\":\"grimsley\",\"rating\":1315,\"seed\":[61253,27012,53100,21404]}\n>player p2 {\"name\":\"ccrus\",\"avatar\":\"169\",\"rating\":1350,\"seed\":[37189,60109,34217,46371]}\n>p1 move sludgewave\n>p2 move coil\n>p1 move sludgewave\n>p2 move knockoff\n>p2 switch 6\n>p1 switch 2\n>p2 move earthquake\n>p1 move hydropump\n>p2 switch 3\n>p1 switch 3\n>p2 move takeheart\n>p1 move toxic\n>p2 move takeheart\n>p1 move haze\n>p2 move takeheart\n>p1 move toxic\n>p2 switch 3\n>p1 move liquidation\n>p2 move earthquake\n>p1 switch 5\n>p2 move earthquake\n>p1 move substitute\n>p2 switch 3\n>p1 move toxic\n>p2 move icebeam\n>p1 move substitute\n>p2 move icebeam\n>p1 switch 3\n>p1 move shadowball\n>p2 move grassknot\n>p1 switch 5\n>p2 move icebeam\n>p2 switch 3\n>p1 switch 6\n>p2 move earthquake\n>p1 move shadowball\n>p2 move stoneedge\n>p2 switch 5\n>p1 switch 6\n>p2 move darkpulse\n>p1 move recover terastallize\n>p2 move darkpulse\n>p1 switch 4\n>p2 move darkpulse\n>p1 move moonblast\n>p2 move sludgebomb\n>p2 switch 2\n>p1 switch 5\n>p2 move bravebird\n>p1 switch 6\n>p1 move thunderbolt\n>p2 move bravebird terastallize\n>p1 move thunderbolt\n>p2 move bravebird\n>p1 switch 2\n>p1 move focusblast\n>p2 move bravebird\n>p2 switch 4\n>p1 switch 4\n>p2 move darkpulse\n>p1 move recover\n>p2 move gunkshot\n>p1 switch 5\n>p1 move moonblast\n>p2 move gunkshot", "uploadtime": 1733899071, "views": 1, "formatid": "gen9randombattle", "rating": 1328, "private": 0, "password": null}