{"id": "gen9randombattle-2104939986", "format": "[Gen 9] Random Battle", "players": ["MichaelderBeste2", "Teres bahji"], "log": "|badge|p1|gold|gen9randombattle|3-1\n|uhtml|medal-msg|<div class=\"broadcast-blue\">Curious what those medals under the avatar are? PS now has Ladder Seasons! For more information, check out the <a href=\"https://www.smogon.com/forums/threads/3740067/\">thread on Smogon.</a></div>\n|badge|p2|silver|gen9randombattle|30-1\n|uhtml|medal-msg|<div class=\"broadcast-blue\">Curious what those medals under the avatar are? PS now has Ladder Seasons! For more information, check out the <a href=\"https://www.smogon.com/forums/threads/3740067/\">thread on Smogon.</a></div>\n|j|\u2606MichaelderBeste2\n|j|\u2606Teres bahji\n|t:|1713297272\n|gametype|singles\n|player|p1|MichaelderBeste2|#rbtt7teamdarkrai|2540\n|player|p2|Teres bahji|#rbtt7teamrayquazaf|2436\n|teamsize|p1|6\n|teamsize|p2|6\n|gen|9\n|tier|[Gen 9] Random Battle\n|rated|\n|rule|Species Clause: Limit one of each Pok\u00e9mon\n|rule|HP Percentage Mod: HP is shown in percentages\n|rule|Sleep Clause Mod: Limit one foe put to sleep\n|rule|Illusion Level Mod: Illusion disguises the Pok\u00e9mon's true level\n|\n|t:|1713297272\n|start\n|switch|p1a: Heatran|Heatran, L79, F|273/273\n|switch|p2a: Sylveon|Sylveon, L84, F|297/297\n|-item|p1a: Heatran|Air Balloon\n|turn|1\n|inactive|Battle timer is ON: inactive players will automatically lose when time's up. (requested by Teres bahji)\n|inactive|MichaelderBeste2 has 120 seconds left.\n|\n|t:|1713297338\n|move|p1a: Heatran|Stealth Rock|p2a: Sylveon\n|-sidestart|p2: Teres bahji|move: Stealth Rock\n|move|p2a: Sylveon|Hyper Voice|p1a: Heatran\n|-resisted|p1a: Heatran\n|-damage|p1a: Heatran|245/273\n|-enditem|p1a: Heatran|Air Balloon\n|\n|upkeep\n|turn|2\n|inactive|Teres bahji has 120 seconds left.\n|\n|t:|1713297375\n|move|p1a: Heatran|Lava Plume|p2a: Sylveon\n|-damage|p2a: Sylveon|221/297\n|move|p2a: Sylveon|Calm Mind|p2a: Sylveon\n|-boost|p2a: Sylveon|spa|1\n|-boost|p2a: Sylveon|spd|1\n|\n|-heal|p2a: Sylveon|239/297|[from] item: Leftovers\n|upkeep\n|turn|3\n|inactive|Teres bahji has 120 seconds left.\n|\n|t:|1713297385\n|move|p1a: Heatran|Flash Cannon|p2a: Sylveon\n|-supereffective|p2a: Sylveon\n|-damage|p2a: Sylveon|149/297\n|move|p2a: Sylveon|Hyper Voice|p1a: Heatran\n|-resisted|p1a: Heatran\n|-damage|p1a: Heatran|202/273\n|\n|-heal|p2a: Sylveon|167/297|[from] item: Leftovers\n|upkeep\n|turn|4\n|\n|t:|1713297390\n|switch|p1a: Smeargle|Smeargle, L92, F|251/251\n|move|p2a: Sylveon|Wish|p2a: Sylveon\n|\n|-heal|p2a: Sylveon|185/297|[from] item: Leftovers\n|upkeep\n|turn|5\n|\n|t:|1713297398\n|move|p1a: Smeargle|Spore|p2a: Sylveon\n|-status|p2a: Sylveon|slp|[from] move: Spore\n|cant|p2a: Sylveon|slp\n|\n|-heal|p2a: Sylveon|297/297 slp|[from] move: Wish|[wisher] Sylveon\n|upkeep\n|turn|6\n|\n|t:|1713297412\n|cant|p2a: Sylveon|slp\n|move|p1a: Smeargle|Whirlwind|p2a: Sylveon\n|drag|p2a: Groudon|Groudon, L72|263/263\n|-damage|p2a: Groudon|247/263|[from] Stealth Rock\n|-weather|SunnyDay|[from] ability: Drought|[of] p2a: Groudon\n|\n|-weather|SunnyDay|[upkeep]\n|-heal|p2a: Groudon|263/263|[from] item: Leftovers\n|upkeep\n|turn|7\n|\n|t:|1713297419\n|move|p1a: Smeargle|Sticky Web|p2a: Groudon\n|-sidestart|p2: Teres bahji|move: Sticky Web\n|move|p2a: Groudon|Spikes|p1a: Smeargle\n|-sidestart|p1: MichaelderBeste2|Spikes\n|\n|-weather|SunnyDay|[upkeep]\n|upkeep\n|turn|8\n|\n|t:|1713297422\n|move|p1a: Smeargle|Ceaseless Edge|p2a: Groudon\n|-damage|p2a: Groudon|245/263\n|-sidestart|p2: Teres bahji|Spikes\n|move|p2a: Groudon|Spikes|p1a: Smeargle\n|-sidestart|p1: MichaelderBeste2|Spikes\n|\n|-weather|SunnyDay|[upkeep]\n|-heal|p2a: Groudon|261/263|[from] item: Leftovers\n|upkeep\n|turn|9\n|\n|t:|1713297425\n|move|p1a: Smeargle|Ceaseless Edge|p2a: Groudon\n|-damage|p2a: Groudon|242/263\n|-sidestart|p2: Teres bahji|Spikes\n|move|p2a: Groudon|Heat Crash|p1a: Smeargle\n|-damage|p1a: Smeargle|47/251\n|\n|-weather|SunnyDay|[upkeep]\n|-heal|p2a: Groudon|258/263|[from] item: Leftovers\n|upkeep\n|turn|10\n|\n|t:|1713297428\n|move|p1a: Smeargle|Ceaseless Edge|p2a: Groudon\n|-damage|p2a: Groudon|240/263\n|-sidestart|p2: Teres bahji|Spikes\n|move|p2a: Groudon|Spikes|p1a: Smeargle\n|-sidestart|p1: MichaelderBeste2|Spikes\n|\n|-weather|none\n|-heal|p2a: Groudon|256/263|[from] item: Leftovers\n|upkeep\n|turn|11\n|\n|t:|1713297431\n|move|p1a: Smeargle|Ceaseless Edge|p2a: Groudon\n|-damage|p2a: Groudon|238/263\n|move|p2a: Groudon|Heat Crash|p1a: Smeargle\n|-damage|p1a: Smeargle|0 fnt\n|faint|p1a: Smeargle\n|\n|-heal|p2a: Groudon|254/263|[from] item: Leftovers\n|upkeep\n|\n|t:|1713297432\n|switch|p1a: Inteleon|Inteleon, L81, M|246/246\n|-damage|p1a: Inteleon|185/246|[from] Spikes\n|turn|12\n|\n|t:|1713297439\n|switch|p2a: Decidueye|Decidueye-Hisui, L88, M|298/298\n|-damage|p2a: Decidueye|280/298|[from] Stealth Rock\n|-activate|p2a: Decidueye|move: Sticky Web\n|-unboost|p2a: Decidueye|spe|1\n|-damage|p2a: Decidueye|206/298|[from] Spikes\n|move|p1a: Inteleon|Hydro Pump|p2a: Decidueye\n|-resisted|p2a: Decidueye\n|-damage|p2a: Decidueye|120/298\n|\n|-heal|p2a: Decidueye|138/298|[from] item: Leftovers\n|upkeep\n|turn|13\n|\n|t:|1713297449\n|switch|p1a: Scizor|Scizor, L79, M|240/240\n|-damage|p1a: Scizor|180/240|[from] Spikes\n|move|p2a: Decidueye|Roost|p2a: Decidueye\n|-heal|p2a: Decidueye|287/298\n|-singleturn|p2a: Decidueye|move: Roost\n|\n|-heal|p2a: Decidueye|298/298|[from] item: Leftovers\n|upkeep\n|turn|14\n|\n|t:|1713297457\n|move|p1a: Scizor|U-turn|p2a: Decidueye\n|-crit|p2a: Decidueye\n|-damage|p2a: Decidueye|99/298\n|\n|t:|1713297463\n|switch|p1a: Heatran|Heatran, L79, F|202/273|[from] U-turn\n|-damage|p1a: Heatran|134/273|[from] Spikes\n|move|p2a: Decidueye|Triple Arrows|p1a: Heatran\n|-supereffective|p1a: Heatran\n|-damage|p1a: Heatran|0 fnt\n|faint|p1a: Heatran\n|\n|-heal|p2a: Decidueye|117/298|[from] item: Leftovers\n|upkeep\n|\n|t:|1713297465\n|switch|p1a: Scizor|Scizor, L79, M|180/240\n|-damage|p1a: Scizor|120/240|[from] Spikes\n|turn|15\n|\n|t:|1713297469\n|move|p1a: Scizor|U-turn|p2a: Decidueye\n|-damage|p2a: Decidueye|0 fnt\n|faint|p2a: Decidueye\n|\n|t:|1713297471\n|switch|p1a: Weavile|Weavile, L79, M|240/240|[from] U-turn\n|\n|upkeep\n|\n|t:|1713297479\n|switch|p2a: Granbull|Granbull, L88, F|302/302\n|-damage|p2a: Granbull|265/302|[from] Stealth Rock\n|-activate|p2a: Granbull|move: Sticky Web\n|-unboost|p2a: Granbull|spe|1\n|-damage|p2a: Granbull|190/302|[from] Spikes\n|-ability|p2a: Granbull|Intimidate|boost\n|-unboost|p1a: Weavile|atk|1\n|turn|16\n|\n|t:|1713297487\n|switch|p1a: Hippowdon|Hippowdon, L82, F|311/311\n|-damage|p1a: Hippowdon|234/311|[from] Spikes\n|-weather|Sandstorm|[from] ability: Sand Stream|[of] p1a: Hippowdon\n|move|p2a: Granbull|Thunder Wave|p1a: Hippowdon\n|-immune|p1a: Hippowdon\n|\n|-weather|Sandstorm|[upkeep]\n|-damage|p2a: Granbull|172/302|[from] Sandstorm\n|-heal|p1a: Hippowdon|253/311|[from] item: Leftovers\n|-heal|p2a: Granbull|190/302|[from] item: Leftovers\n|upkeep\n|turn|17\n|\n|t:|1713297494\n|switch|p2a: Glalie|Glalie, L96, F|309/309\n|move|p1a: Hippowdon|Earthquake|p2a: Glalie\n|-damage|p2a: Glalie|207/309\n|\n|-weather|Sandstorm|[upkeep]\n|-damage|p2a: Glalie|188/309|[from] Sandstorm\n|-heal|p1a: Hippowdon|272/311|[from] item: Leftovers\n|upkeep\n|turn|18\n|\n|t:|1713297498\n|switch|p1a: Weavile|Weavile, L79, M|240/240\n|move|p2a: Glalie|Freeze-Dry|p1a: Weavile\n|-resisted|p1a: Weavile\n|-damage|p1a: Weavile|192/240\n|\n|-weather|Sandstorm|[upkeep]\n|-damage|p1a: Weavile|177/240|[from] Sandstorm\n|-damage|p2a: Glalie|169/309|[from] Sandstorm\n|upkeep\n|turn|19\n|\n|t:|1713297505\n|move|p1a: Weavile|Swords Dance|p1a: Weavile\n|-boost|p1a: Weavile|atk|2\n|move|p2a: Glalie|Earthquake|p1a: Weavile\n|-damage|p1a: Weavile|81/240\n|\n|-weather|Sandstorm|[upkeep]\n|-damage|p1a: Weavile|66/240|[from] Sandstorm\n|-damage|p2a: Glalie|150/309|[from] Sandstorm\n|upkeep\n|turn|20\n|\n|t:|1713297510\n|switch|p2a: Granbull|Granbull, L88, F|190/302\n|-damage|p2a: Granbull|153/302|[from] Stealth Rock\n|-activate|p2a: Granbull|move: Sticky Web\n|-unboost|p2a: Granbull|spe|1\n|-damage|p2a: Granbull|78/302|[from] Spikes\n|-ability|p2a: Granbull|Intimidate|boost\n|-unboost|p1a: Weavile|atk|1\n|move|p1a: Weavile|Knock Off|p2a: Granbull\n|-resisted|p2a: Granbull\n|-crit|p2a: Granbull\n|-damage|p2a: Granbull|0 fnt\n|-enditem|p2a: Granbull|Leftovers|[from] move: Knock Off|[of] p1a: Weavile\n|faint|p2a: Granbull\n|\n|-weather|none\n|upkeep\n|\n|t:|1713297516\n|switch|p2a: Keldeo|Keldeo-Resolute, L79|273/273\n|-damage|p2a: Keldeo|256/273|[from] Stealth Rock\n|-activate|p2a: Keldeo|move: Sticky Web\n|-unboost|p2a: Keldeo|spe|1\n|-damage|p2a: Keldeo|188/273|[from] Spikes\n|turn|21\n|\n|t:|1713297535\n|move|p1a: Weavile|Knock Off|p2a: Keldeo\n|-resisted|p2a: Keldeo\n|-damage|p2a: Keldeo|109/273\n|-ability|p2a: Keldeo|Justified|boost\n|-boost|p2a: Keldeo|atk|1\n|-enditem|p2a: Keldeo|Choice Specs|[from] move: Knock Off|[of] p1a: Weavile\n|move|p2a: Keldeo|Hydro Pump|p1a: Weavile\n|-damage|p1a: Weavile|0 fnt\n|faint|p1a: Weavile\n|\n|upkeep\n|\n|t:|1713297553\n|switch|p1a: Scizor|Scizor, L79, M|120/240\n|-damage|p1a: Scizor|60/240|[from] Spikes\n|turn|22\n|\n|t:|1713297558\n|move|p2a: Keldeo|Vacuum Wave|p1a: Scizor\n|-damage|p1a: Scizor|6/240\n|move|p1a: Scizor|Close Combat|p2a: Keldeo\n|-damage|p2a: Keldeo|0 fnt\n|-unboost|p1a: Scizor|def|1\n|-unboost|p1a: Scizor|spd|1\n|faint|p2a: Keldeo\n|\n|upkeep\n|\n|t:|1713297563\n|switch|p2a: Sylveon|Sylveon, L84, F|297/297 slp\n|-damage|p2a: Sylveon|260/297 slp|[from] Stealth Rock\n|-activate|p2a: Sylveon|move: Sticky Web\n|-unboost|p2a: Sylveon|spe|1\n|-damage|p2a: Sylveon|186/297 slp|[from] Spikes\n|turn|23\n|\n|t:|1713297578\n|move|p1a: Scizor|Close Combat|p2a: Sylveon\n|-resisted|p2a: Sylveon\n|-damage|p2a: Sylveon|97/297 slp\n|-unboost|p1a: Scizor|def|1\n|-unboost|p1a: Scizor|spd|1\n|-curestatus|p2a: Sylveon|slp|[msg]\n|move|p2a: Sylveon|Wish|p2a: Sylveon\n|\n|-heal|p2a: Sylveon|115/297|[from] item: Leftovers\n|upkeep\n|turn|24\n|\n|t:|1713297584\n|switch|p1a: Hippowdon|Hippowdon, L82, F|272/311\n|-damage|p1a: Hippowdon|195/311|[from] Spikes\n|-weather|Sandstorm|[from] ability: Sand Stream|[of] p1a: Hippowdon\n|move|p2a: Sylveon|Calm Mind|p2a: Sylveon\n|-boost|p2a: Sylveon|spa|1\n|-boost|p2a: Sylveon|spd|1\n|\n|-weather|Sandstorm|[upkeep]\n|-damage|p2a: Sylveon|97/297|[from] Sandstorm\n|-heal|p2a: Sylveon|245/297|[from] move: Wish|[wisher] Sylveon\n|-heal|p1a: Hippowdon|214/311|[from] item: Leftovers\n|-heal|p2a: Sylveon|263/297|[from] item: Leftovers\n|upkeep\n|turn|25\n|\n|t:|1713297587\n|-terastallize|p1a: Hippowdon|Steel\n|move|p1a: Hippowdon|Earthquake|p2a: Sylveon\n|-damage|p2a: Sylveon|128/297\n|move|p2a: Sylveon|Hyper Voice|p1a: Hippowdon\n|-resisted|p1a: Hippowdon\n|-damage|p1a: Hippowdon|105/311\n|\n|-weather|Sandstorm|[upkeep]\n|-damage|p2a: Sylveon|110/297|[from] Sandstorm\n|-heal|p1a: Hippowdon|124/311|[from] item: Leftovers\n|-heal|p2a: Sylveon|128/297|[from] item: Leftovers\n|upkeep\n|turn|26\n|\n|t:|1713297594\n|move|p1a: Hippowdon|Earthquake|p2a: Sylveon\n|-damage|p2a: Sylveon|0 fnt\n|faint|p2a: Sylveon\n|\n|-weather|Sandstorm|[upkeep]\n|-heal|p1a: Hippowdon|143/311|[from] item: Leftovers\n|upkeep\n|\n|t:|1713297601\n|switch|p2a: Groudon|Groudon, L72|254/263\n|-damage|p2a: Groudon|238/263|[from] Stealth Rock\n|-activate|p2a: Groudon|move: Sticky Web\n|-unboost|p2a: Groudon|spe|1\n|-damage|p2a: Groudon|173/263|[from] Spikes\n|-weather|SunnyDay|[from] ability: Drought|[of] p2a: Groudon\n|turn|27\n|\n|t:|1713297611\n|move|p1a: Hippowdon|Slack Off|p1a: Hippowdon\n|-heal|p1a: Hippowdon|299/311\n|move|p2a: Groudon|Precipice Blades|p1a: Hippowdon\n|-supereffective|p1a: Hippowdon\n|-damage|p1a: Hippowdon|71/311\n|\n|-weather|SunnyDay|[upkeep]\n|-heal|p1a: Hippowdon|90/311|[from] item: Leftovers\n|-heal|p2a: Groudon|189/263|[from] item: Leftovers\n|upkeep\n|turn|28\n|\n|t:|1713297619\n|move|p1a: Hippowdon|Slack Off|p1a: Hippowdon\n|-heal|p1a: Hippowdon|246/311\n|move|p2a: Groudon|Precipice Blades|p1a: Hippowdon\n|-supereffective|p1a: Hippowdon\n|-damage|p1a: Hippowdon|16/311\n|\n|-weather|SunnyDay|[upkeep]\n|-heal|p1a: Hippowdon|35/311|[from] item: Leftovers\n|-heal|p2a: Groudon|205/263|[from] item: Leftovers\n|upkeep\n|turn|29\n|\n|t:|1713297629\n|move|p1a: Hippowdon|Earthquake|p2a: Groudon\n|-damage|p2a: Groudon|112/263\n|move|p2a: Groudon|Precipice Blades|p1a: Hippowdon|[miss]\n|-miss|p2a: Groudon|p1a: Hippowdon\n|\n|-weather|SunnyDay|[upkeep]\n|-heal|p1a: Hippowdon|54/311|[from] item: Leftovers\n|-heal|p2a: Groudon|128/263|[from] item: Leftovers\n|upkeep\n|turn|30\n|\n|t:|1713297635\n|move|p1a: Hippowdon|Earthquake|p2a: Groudon\n|-damage|p2a: Groudon|40/263\n|move|p2a: Groudon|Precipice Blades|p1a: Hippowdon|[miss]\n|-miss|p2a: Groudon|p1a: Hippowdon\n|\n|-weather|SunnyDay|[upkeep]\n|-heal|p1a: Hippowdon|73/311|[from] item: Leftovers\n|-heal|p2a: Groudon|56/263|[from] item: Leftovers\n|upkeep\n|turn|31\n|\n|t:|1713297644\n|move|p1a: Hippowdon|Earthquake|p2a: Groudon\n|-damage|p2a: Groudon|0 fnt\n|faint|p2a: Groudon\n|\n|-weather|none\n|-heal|p1a: Hippowdon|92/311|[from] item: Leftovers\n|upkeep\n|\n|t:|1713297647\n|switch|p2a: Glalie|Glalie, L96, F|150/309\n|turn|32\n|\n|t:|1713297650\n|switch|p1a: Scizor|Scizor, L79, M|6/240\n|-damage|p1a: Scizor|0 fnt|[from] Spikes\n|faint|p1a: Scizor\n|move|p2a: Glalie|Earthquake|p1: Scizor|[notarget]\n|-fail|p2a: Glalie\n|\n|upkeep\n|\n|t:|1713297652\n|switch|p1a: Inteleon|Inteleon, L81, M|185/246\n|-damage|p1a: Inteleon|124/246|[from] Spikes\n|turn|33\n|\n|t:|1713297662\n|move|p1a: Inteleon|U-turn|p2a: Glalie\n|-damage|p2a: Glalie|111/309\n|\n|t:|1713297664\n|switch|p1a: Hippowdon|Hippowdon, L82, F, tera:Steel|92/311|[from] U-turn\n|-damage|p1a: Hippowdon|15/311|[from] Spikes\n|-weather|Sandstorm|[from] ability: Sand Stream|[of] p1a: Hippowdon\n|move|p2a: Glalie|Freeze-Dry|p1a: Hippowdon\n|-resisted|p1a: Hippowdon\n|-damage|p1a: Hippowdon|0 fnt\n|faint|p1a: Hippowdon\n|\n|-weather|Sandstorm|[upkeep]\n|-damage|p2a: Glalie|92/309|[from] Sandstorm\n|upkeep\n|\n|t:|1713297666\n|switch|p1a: Inteleon|Inteleon, L81, M|124/246\n|-damage|p1a: Inteleon|63/246|[from] Spikes\n|turn|34\n|\n|t:|1713297681\n|move|p1a: Inteleon|Hydro Pump|p2a: Glalie|[miss]\n|-miss|p1a: Inteleon|p2a: Glalie\n|move|p2a: Glalie|Freeze-Dry|p1a: Inteleon\n|-supereffective|p1a: Inteleon\n|-damage|p1a: Inteleon|0 fnt\n|faint|p1a: Inteleon\n|\n|win|Teres bahji\n|raw|MichaelderBeste2's rating: 2540 &rarr; <strong>2514</strong><br />(-26 for losing)\n|raw|Teres bahji's rating: 2436 &rarr; <strong>2462</strong><br />(+26 for winning)\n|l|\u2606MichaelderBeste2\n|player|p1|\n", "inputlog": ">version 94cb14e6e593f9434fd234bef139544825d280b8\n>start {\"formatid\":\"gen9randombattle\",\"seed\":[59180,46088,8228,42904],\"rated\":\"Rated battle\"}\n>player p1 {\"name\":\"MichaelderBeste2\",\"avatar\":\"#rbtt7teamdarkrai\",\"rating\":2540,\"seed\":[58394,57052,63114,22752]}\n>player p2 {\"name\":\"Teres bahji\",\"avatar\":\"#rbtt7teamrayquazaf\",\"rating\":2436,\"seed\":[18128,50584,18738,18326]}\n>p1 move stealthrock\n>p2 move hypervoice\n>p1 move lavaplume\n>p2 move calmmind\n>p1 move flashcannon\n>p2 move hypervoice\n>p1 switch 5\n>p2 move wish\n>p1 move spore\n>p2 move hypervoice\n>p1 move whirlwind\n>p2 move hypervoice\n>p1 move stickyweb\n>p2 move spikes\n>p1 move ceaselessedge\n>p2 move spikes\n>p1 move ceaselessedge\n>p2 move heatcrash\n>p1 move ceaselessedge\n>p2 move spikes\n>p1 move ceaselessedge\n>p2 move heatcrash\n>p1 switch 4\n>p1 move hydropump\n>p2 switch 2\n>p1 switch 2\n>p2 move roost\n>p1 move uturn\n>p2 move triplearrows\n>p1 switch 5\n>p1 switch 5\n>p1 move uturn\n>p2 move roost\n>p1 switch 3\n>p2 switch 5\n>p1 switch 6\n>p2 move thunderwave\n>p1 move earthquake\n>p2 switch 6\n>p1 switch 6\n>p2 move freezedry\n>p1 move swordsdance\n>p2 move earthquake\n>p1 move knockoff\n>p2 switch 6\n>p2 switch 3\n>p1 move knockoff\n>p2 move hydropump\n>p1 switch 3\n>p1 move closecombat\n>p2 move vacuumwave\n>p2 switch 4\n>p1 move closecombat\n>p2 move wish\n>p1 switch 6\n>p2 move calmmind\n>p1 move earthquake terastallize\n>p2 move hypervoice\n>p1 move earthquake\n>p2 move wish\n>p2 switch 2\n>p1 move slackoff\n>p2 move precipiceblades\n>p1 move slackoff\n>p2 move precipiceblades\n>p1 move earthquake\n>p2 move precipiceblades\n>p1 move earthquake\n>p2 move precipiceblades\n>p1 move earthquake\n>p2 move precipiceblades\n>p2 switch 6\n>p1 switch 6\n>p2 move earthquake\n>p1 switch 2\n>p1 move uturn\n>p2 move freezedry\n>p1 switch 6\n>p1 switch 6\n>p1 move hydropump\n>p2 move freezedry", "uploadtime": 1713297685, "views": 277, "formatid": "gen9randombattle", "rating": 2462, "private": 0, "password": null}