{"id": "gen9randombattle-2260550837", "format": "[Gen 9] Random Battle", "players": ["Keltonis1", "vDarkHypnotics"], "log": "|j|\u2606Keltonis1\n|j|\u2606vDarkHypnotics\n|t:|1733862656\n|gametype|singles\n|player|p1|Keltonis1|1|1357\n|player|p2|vDarkHypnotics|swimmer-gen4dp|1325\n|teamsize|p1|6\n|teamsize|p2|6\n|gen|9\n|tier|[Gen 9] Random Battle\n|rated|\n|rule|Species Clause: Limit one of each Pok\u00e9mon\n|rule|HP Percentage Mod: HP is shown in percentages\n|rule|Sleep Clause Mod: Limit one foe put to sleep\n|rule|Illusion Level Mod: Illusion disguises the Pok\u00e9mon's true level\n|\n|t:|1733862656\n|start\n|switch|p1a: Goodra|Goodra, L85, M|292/292\n|switch|p2a: Terapagos|Terapagos, L76, M|262/262\n|-activate|p2a: Terapagos|ability: Tera Shift\n|detailschange|p2a: Terapagos|Terapagos-Terastal, L76, M\n|-heal|p2a: Terapagos|269/269|[silent]\n|turn|1\n|inactive|Battle timer is ON: inactive players will automatically lose when time's up. (requested by vDarkHypnotics)\n|\n|t:|1733862675\n|move|p1a: Goodra|Draco Meteor|p2a: Terapagos\n|-activate|p2a: Terapagos|ability: Tera Shell\n|-resisted|p2a: Terapagos\n|-damage|p2a: Terapagos|199/269\n|-unboost|p1a: Goodra|spa|2\n|move|p2a: Terapagos|Calm Mind|p2a: Terapagos\n|-boost|p2a: Terapagos|spa|1\n|-boost|p2a: Terapagos|spd|1\n|\n|upkeep\n|turn|2\n|\n|t:|1733862691\n|move|p1a: Goodra|Knock Off|p2a: Terapagos\n|-damage|p2a: Terapagos|130/269\n|-enditem|p2a: Terapagos|Heavy-Duty Boots|[from] move: Knock Off|[of] p1a: Goodra\n|move|p2a: Terapagos|Rapid Spin|p1a: Goodra\n|-damage|p1a: Goodra|240/292\n|-boost|p2a: Terapagos|spe|1\n|\n|upkeep\n|turn|3\n|\n|t:|1733862700\n|switch|p1a: Ditto|Ditto, L87|225/225\n|-transform|p1a: Ditto|p2a: Terapagos|[from] ability: Imposter\n|move|p2a: Terapagos|Calm Mind|p2a: Terapagos\n|-boost|p2a: Terapagos|spa|1\n|-boost|p2a: Terapagos|spd|1\n|\n|upkeep\n|turn|4\n|inactive|vDarkHypnotics has 120 seconds left.\n|\n|t:|1733862752\n|-terastallize|p2a: Terapagos|Stellar\n|detailschange|p2a: Terapagos|Terapagos-Stellar, L76, M, tera:Stellar\n|-heal|p2a: Terapagos|229/368|[silent]\n|move|p1a: Ditto|Tera Starstorm|p2a: Terapagos\n|-damage|p2a: Terapagos|142/368\n|move|p2a: Terapagos|Tera Starstorm|p1a: Ditto\n|-activate|p1a: Ditto|ability: Tera Shell\n|-resisted|p1a: Ditto\n|-damage|p1a: Ditto|162/225\n|\n|upkeep\n|turn|5\n|\n|t:|1733862772\n|move|p1a: Ditto|Tera Starstorm|p2a: Terapagos\n|-damage|p2a: Terapagos|61/368\n|move|p2a: Terapagos|Tera Starstorm|p1a: Ditto\n|-damage|p1a: Ditto|22/225\n|\n|upkeep\n|turn|6\n|\n|t:|1733862784\n|switch|p2a: Archaludon|Archaludon, L78, M|268/268\n|move|p1a: Ditto|Tera Starstorm|p2a: Archaludon\n|-resisted|p2a: Archaludon\n|-damage|p2a: Archaludon|149/268\n|-ability|p2a: Archaludon|Stamina|boost\n|-boost|p2a: Archaludon|def|1\n|\n|-heal|p2a: Archaludon|165/268|[from] item: Leftovers\n|upkeep\n|turn|7\n|\n|t:|1733862792\n|move|p1a: Ditto|Tera Starstorm|p2a: Archaludon\n|-resisted|p2a: Archaludon\n|-damage|p2a: Archaludon|33/268\n|-ability|p2a: Archaludon|Stamina|boost\n|-boost|p2a: Archaludon|def|1\n|move|p2a: Archaludon|Thunder Wave|p1a: Ditto\n|-status|p1a: Ditto|par\n|\n|-heal|p2a: Archaludon|49/268|[from] item: Leftovers\n|upkeep\n|turn|8\n|\n|t:|1733862804\n|move|p1a: Ditto|Tera Starstorm|p2a: Archaludon\n|-resisted|p2a: Archaludon\n|-damage|p2a: Archaludon|0 fnt\n|faint|p2a: Archaludon\n|\n|upkeep\n|\n|t:|1733862814\n|switch|p2a: Maushold|Maushold-Four, L76|238/238\n|turn|9\n|inactive|Keltonis1 has 120 seconds left.\n|inactive|Keltonis1 has 90 seconds left.\n|inactive|Keltonis1 has 60 seconds left.\n|inactive|Keltonis1 has 30 seconds left.\n|inactive|Keltonis1 has 20 seconds left.\n|inactive|Keltonis1 has 15 seconds left.\n|inactive|Keltonis1 has 10 seconds left.\n|inactive|Keltonis1 has 5 seconds left.\n|-message|Keltonis1 lost due to inactivity.\n|\n|win|vDarkHypnotics\n|raw|Keltonis1's rating: 1357 &rarr; <strong>1335</strong><br />(-22 for losing)\n|raw|vDarkHypnotics's rating: 1325 &rarr; <strong>1347</strong><br />(+22 for winning)\n", "inputlog": ">version bfd83cad13791eb5a5a409923076391caf6fb4d4\n>start {\"formatid\":\"gen9randombattle\",\"seed\":[2976,61998,26080,39812],\"rated\":\"Rated battle\"}\n>player p1 {\"name\":\"Keltonis1\",\"avatar\":\"1\",\"rating\":1357,\"seed\":[11505,42951,57189,29494]}\n>player p2 {\"name\":\"vDarkHypnotics\",\"avatar\":\"swimmer-gen4dp\",\"rating\":1325,\"seed\":[50909,57616,3243,16406]}\n>p1 move dracometeor\n>p2 move calmmind\n>p1 move knockoff\n>p2 move rapidspin\n>p1 switch 3\n>p2 move calmmind\n>p1 move terastarstorm\n>p2 move terastarstorm terastallize\n>p1 move terastarstorm\n>p2 move terastarstorm\n>p1 move terastarstorm\n>p2 switch 4\n>p1 move terastarstorm\n>p2 move thunderwave\n>p1 move terastarstorm\n>p2 move bodypress\n>p2 switch 6\n>forcelose p1", "uploadtime": 1733862966, "views": 1, "formatid": "gen9randombattle", "rating": 1335, "private": 0, "password": null}