{"id": "gen9randombattle-2215191927", "format": "[Gen 9] Random Battle", "players": ["JuanAsh \u2605\u2605\u2605\u2605", "Teres bahji"], "log": "|j|\u2606JuanAsh \u2605\u2605\u2605\u2605\n|j|\u2606Teres bahji\n|t:|1727976751\n|gametype|singles\n|player|p1|JuanAsh \u2605\u2605\u2605\u2605|nemona-v|2178\n|player|p2|Teres bahji|#rbtt7teamrayquazaf|2256\n|teamsize|p1|6\n|teamsize|p2|6\n|gen|9\n|tier|[Gen 9] Random Battle\n|rated|\n|rule|Species Clause: Limit one of each Pok\u00e9mon\n|rule|HP Percentage Mod: HP is shown in percentages\n|rule|Sleep Clause Mod: Limit one foe put to sleep\n|rule|Illusion Level Mod: Illusion disguises the Pok\u00e9mon's true level\n|\n|t:|1727976751\n|start\n|switch|p1a: Rotom|Rotom-Wash, L82|216/216\n|switch|p2a: Breloom|Breloom, L82, F|233/233\n|turn|1\n|inactive|Battle timer is ON: inactive players will automatically lose when time's up. (requested by JuanAsh \u2605\u2605\u2605\u2605)\n|\n|t:|1727976763\n|move|p1a: Rotom|Will-O-Wisp|p2a: Breloom\n|-status|p2a: Breloom|brn\n|move|p2a: Breloom|Rock Tomb|p1a: Rotom\n|-damage|p1a: Rotom|171/216\n|-unboost|p1a: Rotom|spe|1\n|-damage|p2a: Breloom|210/233 brn|[from] item: Life Orb\n|\n|-heal|p1a: Rotom|184/216|[from] item: Leftovers\n|-damage|p2a: Breloom|196/233 brn|[from] brn\n|upkeep\n|turn|2\n|\n|t:|1727976773\n|switch|p1a: Giratina|Giratina, L75|349/349\n|-ability|p1a: Giratina|Pressure\n|move|p2a: Breloom|Swords Dance|p2a: Breloom\n|-boost|p2a: Breloom|atk|2\n|\n|-damage|p2a: Breloom|182/233 brn|[from] brn\n|upkeep\n|turn|3\n|\n|t:|1727976780\n|move|p1a: Giratina|Shadow Ball|p2a: Breloom\n|-damage|p2a: Breloom|92/233 brn\n|move|p2a: Breloom|Rock Tomb|p1a: Giratina\n|-damage|p1a: Giratina|267/349\n|-unboost|p1a: Giratina|spe|1\n|-damage|p2a: Breloom|69/233 brn|[from] item: Life Orb\n|\n|-heal|p1a: Giratina|288/349|[from] item: Leftovers\n|-damage|p2a: Breloom|55/233 brn|[from] brn\n|upkeep\n|turn|4\n|\n|t:|1727976784\n|move|p2a: Breloom|Rock Tomb|p1a: Giratina\n|-damage|p1a: Giratina|194/349\n|-unboost|p1a: Giratina|spe|1\n|-damage|p2a: Breloom|32/233 brn|[from] item: Life Orb\n|move|p1a: Giratina|Shadow Ball|p2a: Breloom\n|-damage|p2a: Breloom|0 fnt\n|faint|p2a: Breloom\n|\n|-heal|p1a: Giratina|215/349|[from] item: Leftovers\n|upkeep\n|\n|t:|1727976787\n|switch|p2a: Baxcalibur|Baxcalibur, L75, F|295/295\n|turn|5\n|\n|t:|1727976794\n|switch|p1a: Rotom|Rotom-Wash, L82|184/216\n|move|p2a: Baxcalibur|Glaive Rush|p1a: Rotom\n|-damage|p1a: Rotom|0 fnt\n|-singlemove|p2a: Baxcalibur|Glaive Rush|[silent]\n|faint|p1a: Rotom\n|\n|upkeep\n|\n|t:|1727976803\n|switch|p1a: Froslass|Froslass, L87, F|263/263\n|turn|6\n|\n|t:|1727976808\n|switch|p2a: Luxray|Luxray, L88, F|284/284\n|-ability|p2a: Luxray|Intimidate|boost\n|-unboost|p1a: Froslass|atk|1\n|move|p1a: Froslass|Will-O-Wisp|p2a: Luxray\n|-status|p2a: Luxray|brn\n|\n|-damage|p2a: Luxray|267/284 brn|[from] brn\n|upkeep\n|turn|7\n|\n|t:|1727976817\n|switch|p1a: Galvantula|Galvantula, L82, F|249/249\n|move|p2a: Luxray|Throat Chop|p1a: Galvantula\n|-damage|p1a: Galvantula|200/249\n|-start|p1a: Galvantula|Throat Chop|[silent]\n|\n|-damage|p2a: Luxray|250/284 brn|[from] brn\n|upkeep\n|turn|8\n|\n|t:|1727976824\n|switch|p2a: Regirock|Regirock, L83|268/268\n|move|p1a: Galvantula|Sticky Web|p2a: Regirock\n|-sidestart|p2: Teres bahji|move: Sticky Web\n|\n|-end|p1a: Galvantula|Throat Chop|[silent]\n|upkeep\n|turn|9\n|\n|t:|1727976830\n|switch|p1a: Rhydon|Rhydon, L85, F|317/317\n|move|p2a: Regirock|Stone Edge|p1a: Rhydon\n|-resisted|p1a: Rhydon\n|-damage|p1a: Rhydon|287/317\n|\n|upkeep\n|turn|10\n|\n|t:|1727976837\n|switch|p1a: Giratina|Giratina, L75|215/349\n|-ability|p1a: Giratina|Pressure\n|move|p2a: Regirock|Iron Defense|p2a: Regirock\n|-boost|p2a: Regirock|def|2\n|\n|-heal|p1a: Giratina|236/349|[from] item: Leftovers\n|upkeep\n|turn|11\n|\n|t:|1727976842\n|move|p2a: Regirock|Stone Edge|p1a: Giratina|[miss]\n|-miss|p2a: Regirock|p1a: Giratina\n|move|p1a: Giratina|Dragon Tail|p2a: Regirock\n|-damage|p2a: Regirock|255/268\n|drag|p2a: Lucario|Lucario, L84, F|255/255\n|-activate|p2a: Lucario|move: Sticky Web\n|-unboost|p2a: Lucario|spe|1\n|\n|-heal|p1a: Giratina|257/349|[from] item: Leftovers\n|upkeep\n|turn|12\n|\n|t:|1727976849\n|switch|p1a: Froslass|Froslass, L87, F|263/263\n|move|p2a: Lucario|Meteor Mash|p1a: Froslass\n|-supereffective|p1a: Froslass\n|-damage|p1a: Froslass|0 fnt\n|-start|p2a: Lucario|Disable|Meteor Mash|[from] ability: Cursed Body|[of] p1a: Froslass\n|faint|p1a: Froslass\n|-damage|p2a: Lucario|230/255|[from] item: Life Orb\n|\n|upkeep\n|\n|t:|1727976854\n|switch|p1a: Galvantula|Galvantula, L82, F|200/249\n|turn|13\n|\n|t:|1727976859\n|switch|p2a: Donphan|Donphan, L84, F|288/288\n|-activate|p2a: Donphan|move: Sticky Web\n|-unboost|p2a: Donphan|spe|1\n|move|p1a: Galvantula|Bug Buzz|p2a: Donphan\n|-damage|p2a: Donphan|209/288\n|\n|upkeep\n|turn|14\n|\n|t:|1727976868\n|switch|p1a: Giratina|Giratina, L75|257/349\n|-ability|p1a: Giratina|Pressure\n|move|p2a: Donphan|Earthquake|p1a: Giratina\n|-damage|p1a: Giratina|149/349\n|\n|-heal|p1a: Giratina|170/349|[from] item: Leftovers\n|upkeep\n|turn|15\n|\n|t:|1727976872\n|move|p1a: Giratina|Rest|p1a: Giratina\n|-status|p1a: Giratina|slp|[from] move: Rest\n|-heal|p1a: Giratina|349/349 slp|[silent]\n|move|p2a: Donphan|Knock Off|p1a: Giratina\n|-supereffective|p1a: Giratina\n|-damage|p1a: Giratina|203/349 slp\n|-enditem|p1a: Giratina|Leftovers|[from] move: Knock Off|[of] p2a: Donphan\n|\n|upkeep\n|turn|16\n|\n|t:|1727976874\n|cant|p1a: Giratina|slp\n|move|p1a: Giratina|Sleep Talk|p1a: Giratina\n|move|p1a: Giratina|Dragon Tail|p2a: Donphan|[from]move: Sleep Talk\n|-damage|p2a: Donphan|170/288\n|drag|p2a: Lucario|Lucario, L84, F|230/255\n|-activate|p2a: Lucario|move: Sticky Web\n|-unboost|p2a: Lucario|spe|1\n|\n|upkeep\n|turn|17\n|\n|t:|1727976881\n|switch|p1a: Galvantula|Galvantula, L82, F|200/249\n|move|p2a: Lucario|Meteor Mash|p1a: Galvantula\n|-resisted|p1a: Galvantula\n|-damage|p1a: Galvantula|112/249\n|-damage|p2a: Lucario|205/255|[from] item: Life Orb\n|\n|upkeep\n|turn|18\n|\n|t:|1727976888\n|move|p2a: Lucario|Extreme Speed|p1a: Galvantula\n|-damage|p1a: Galvantula|4/249\n|-damage|p2a: Lucario|180/255|[from] item: Life Orb\n|move|p1a: Galvantula|Thunder|p2a: Lucario\n|-damage|p2a: Lucario|45/255\n|-status|p2a: Lucario|par\n|\n|upkeep\n|turn|19\n|\n|t:|1727976893\n|move|p1a: Galvantula|Giga Drain|p2a: Lucario\n|-resisted|p2a: Lucario\n|-crit|p2a: Lucario\n|-damage|p2a: Lucario|0 fnt\n|-heal|p1a: Galvantula|27/249|[from] drain|[of] p2a: Lucario\n|faint|p2a: Lucario\n|\n|upkeep\n|\n|t:|1727976897\n|switch|p2a: Donphan|Donphan, L84, F|170/288\n|-activate|p2a: Donphan|move: Sticky Web\n|-unboost|p2a: Donphan|spe|1\n|turn|20\n|\n|t:|1727976902\n|switch|p1a: Giratina|Giratina, L75|203/349 slp\n|-ability|p1a: Giratina|Pressure\n|move|p2a: Donphan|Ice Shard|p1a: Giratina\n|-supereffective|p1a: Giratina\n|-damage|p1a: Giratina|141/349 slp\n|\n|upkeep\n|turn|21\n|\n|t:|1727976906\n|cant|p1a: Giratina|slp\n|move|p1a: Giratina|Sleep Talk|p1a: Giratina\n|move|p1a: Giratina|Shadow Ball|p2a: Donphan|[from]move: Sleep Talk\n|-damage|p2a: Donphan|103/288\n|move|p2a: Donphan|Earthquake|p1a: Giratina\n|-damage|p1a: Giratina|39/349 slp\n|\n|upkeep\n|turn|22\n|\n|t:|1727976926\n|-terastallize|p1a: Giratina|Fairy\n|move|p2a: Donphan|Ice Shard|p1a: Giratina\n|-damage|p1a: Giratina|10/349 slp\n|-curestatus|p1a: Giratina|slp|[msg]\n|move|p1a: Giratina|Rest|p1a: Giratina\n|-status|p1a: Giratina|slp|[from] move: Rest\n|-heal|p1a: Giratina|349/349 slp|[silent]\n|\n|upkeep\n|turn|23\n|\n|t:|1727976930\n|cant|p1a: Giratina|slp\n|move|p1a: Giratina|Sleep Talk|p1a: Giratina\n|move|p1a: Giratina|Rest||[from]move: Sleep Talk|[still]\n|-fail|p1a: Giratina\n|move|p2a: Donphan|Rapid Spin|p1a: Giratina\n|-damage|p1a: Giratina|308/349 slp\n|-boost|p2a: Donphan|spe|1\n|-sideend|p2: Teres bahji|Sticky Web|[from] move: Rapid Spin|[of] p2a: Donphan\n|\n|upkeep\n|turn|24\n|\n|t:|1727976935\n|cant|p1a: Giratina|slp\n|move|p1a: Giratina|Sleep Talk|p1a: Giratina\n|move|p1a: Giratina|Rest||[from]move: Sleep Talk|[still]\n|-fail|p1a: Giratina\n|move|p2a: Donphan|Earthquake|p1a: Giratina\n|-damage|p1a: Giratina|205/349 slp\n|\n|upkeep\n|turn|25\n|\n|t:|1727976940\n|-curestatus|p1a: Giratina|slp|[msg]\n|move|p1a: Giratina|Shadow Ball|p2a: Donphan\n|-damage|p2a: Donphan|37/288\n|move|p2a: Donphan|Earthquake|p1a: Giratina\n|-damage|p1a: Giratina|100/349\n|\n|upkeep\n|turn|26\n|\n|t:|1727976942\n|move|p1a: Giratina|Rest|p1a: Giratina\n|-status|p1a: Giratina|slp|[from] move: Rest\n|-heal|p1a: Giratina|349/349 slp|[silent]\n|move|p2a: Donphan|Earthquake|p1a: Giratina\n|-damage|p1a: Giratina|241/349 slp\n|\n|upkeep\n|turn|27\n|\n|t:|1727976944\n|cant|p1a: Giratina|slp\n|move|p1a: Giratina|Sleep Talk|p1a: Giratina\n|move|p1a: Giratina|Shadow Ball|p2a: Donphan|[from]move: Sleep Talk\n|-damage|p2a: Donphan|0 fnt\n|faint|p2a: Donphan\n|\n|upkeep\n|\n|t:|1727976948\n|switch|p2a: Baxcalibur|Baxcalibur, L75, F|295/295\n|turn|28\n|\n|t:|1727976955\n|cant|p1a: Giratina|slp\n|move|p1a: Giratina|Sleep Talk|p1a: Giratina\n|move|p1a: Giratina|Rest||[from]move: Sleep Talk|[still]\n|-fail|p1a: Giratina\n|move|p2a: Baxcalibur|Icicle Crash|p1a: Giratina\n|-damage|p1a: Giratina|108/349 slp\n|\n|upkeep\n|turn|29\n|\n|t:|1727976963\n|-curestatus|p1a: Giratina|slp|[msg]\n|move|p1a: Giratina|Rest|p1a: Giratina\n|-status|p1a: Giratina|slp|[from] move: Rest\n|-heal|p1a: Giratina|349/349 slp|[silent]\n|move|p2a: Baxcalibur|Icicle Crash|p1a: Giratina\n|-damage|p1a: Giratina|226/349 slp\n|\n|upkeep\n|turn|30\n|\n|t:|1727976971\n|cant|p1a: Giratina|slp\n|move|p1a: Giratina|Sleep Talk|p1a: Giratina\n|move|p1a: Giratina|Dragon Tail|p2a: Baxcalibur|[from]move: Sleep Talk\n|-supereffective|p2a: Baxcalibur\n|-damage|p2a: Baxcalibur|175/295\n|drag|p2a: Luxray|Luxray, L88, F|250/284 brn\n|-ability|p2a: Luxray|Intimidate|boost\n|-unboost|p1a: Giratina|atk|1\n|\n|-damage|p2a: Luxray|233/284 brn|[from] brn\n|upkeep\n|turn|31\n|\n|t:|1727976978\n|switch|p2a: Regirock|Regirock, L83|255/268\n|cant|p1a: Giratina|slp\n|move|p1a: Giratina|Sleep Talk|p1a: Giratina\n|move|p1a: Giratina|Rest||[from]move: Sleep Talk|[still]\n|-fail|p1a: Giratina\n|\n|upkeep\n|turn|32\n|\n|t:|1727976989\n|move|p2a: Regirock|Iron Defense|p2a: Regirock\n|-boost|p2a: Regirock|def|2\n|-curestatus|p1a: Giratina|slp|[msg]\n|move|p1a: Giratina|Dragon Tail|p2a: Regirock\n|-damage|p2a: Regirock|245/268\n|drag|p2a: Baxcalibur|Baxcalibur, L75, F|175/295\n|\n|upkeep\n|turn|33\n|\n|t:|1727976995\n|move|p1a: Giratina|Shadow Ball|p2a: Baxcalibur\n|-damage|p2a: Baxcalibur|96/295\n|move|p2a: Baxcalibur|Icicle Crash|p1a: Giratina\n|-damage|p1a: Giratina|99/349\n|\n|upkeep\n|turn|34\n|\n|t:|1727977000\n|move|p1a: Giratina|Rest|p1a: Giratina\n|-status|p1a: Giratina|slp|[from] move: Rest\n|-heal|p1a: Giratina|349/349 slp|[silent]\n|move|p2a: Baxcalibur|Icicle Crash|p1a: Giratina\n|-damage|p1a: Giratina|214/349 slp\n|\n|upkeep\n|turn|35\n|\n|t:|1727977007\n|cant|p1a: Giratina|slp\n|move|p1a: Giratina|Sleep Talk|p1a: Giratina\n|move|p1a: Giratina|Dragon Tail|p2a: Baxcalibur|[from]move: Sleep Talk\n|-supereffective|p2a: Baxcalibur\n|-damage|p2a: Baxcalibur|16/295\n|drag|p2a: Regirock|Regirock, L83|245/268\n|\n|upkeep\n|turn|36\n|\n|t:|1727977014\n|switch|p2a: Luxray|Luxray, L88, F|233/284 brn\n|-ability|p2a: Luxray|Intimidate|boost\n|-unboost|p1a: Giratina|atk|1\n|cant|p1a: Giratina|slp\n|move|p1a: Giratina|Sleep Talk|p1a: Giratina\n|move|p1a: Giratina|Dragon Tail|p2a: Luxray|[from]move: Sleep Talk\n|-damage|p2a: Luxray|205/284 brn\n|drag|p2a: Baxcalibur|Baxcalibur, L75, F|16/295\n|\n|upkeep\n|turn|37\n|\n|t:|1727977018\n|switch|p2a: Luxray|Luxray, L88, F|205/284 brn\n|-ability|p2a: Luxray|Intimidate|boost\n|-unboost|p1a: Giratina|atk|1\n|-curestatus|p1a: Giratina|slp|[msg]\n|move|p1a: Giratina|Shadow Ball|p2a: Luxray\n|-damage|p2a: Luxray|157/284 brn\n|\n|-damage|p2a: Luxray|140/284 brn|[from] brn\n|upkeep\n|turn|38\n|\n|t:|1727977027\n|move|p1a: Giratina|Rest|p1a: Giratina\n|-status|p1a: Giratina|slp|[from] move: Rest\n|-heal|p1a: Giratina|349/349 slp|[silent]\n|move|p2a: Luxray|Ice Fang|p1a: Giratina\n|-damage|p1a: Giratina|320/349 slp\n|\n|-damage|p2a: Luxray|123/284 brn|[from] brn\n|upkeep\n|turn|39\n|\n|t:|1727977032\n|cant|p1a: Giratina|slp\n|move|p1a: Giratina|Sleep Talk|p1a: Giratina\n|move|p1a: Giratina|Dragon Tail|p2a: Luxray|[from]move: Sleep Talk\n|-crit|p2a: Luxray\n|-damage|p2a: Luxray|44/284 brn\n|drag|p2a: Regirock|Regirock, L83|245/268\n|\n|upkeep\n|turn|40\n|\n|t:|1727977036\n|switch|p2a: Luxray|Luxray, L88, F|44/284 brn\n|-ability|p2a: Luxray|Intimidate|boost\n|-unboost|p1a: Giratina|atk|1\n|cant|p1a: Giratina|slp\n|move|p1a: Giratina|Sleep Talk|p1a: Giratina\n|move|p1a: Giratina|Rest||[from]move: Sleep Talk|[still]\n|-fail|p1a: Giratina\n|\n|-damage|p2a: Luxray|27/284 brn|[from] brn\n|upkeep\n|turn|41\n|\n|t:|1727977040\n|-curestatus|p1a: Giratina|slp|[msg]\n|move|p1a: Giratina|Shadow Ball|p2a: Luxray\n|-damage|p2a: Luxray|0 fnt\n|faint|p2a: Luxray\n|\n|upkeep\n|\n|t:|1727977042\n|switch|p2a: Baxcalibur|Baxcalibur, L75, F|16/295\n|turn|42\n|\n|t:|1727977059\n|switch|p1a: Rhydon|Rhydon, L85, F|287/317\n|move|p2a: Baxcalibur|Icicle Crash|p1a: Rhydon\n|-supereffective|p1a: Rhydon\n|-damage|p1a: Rhydon|123/317\n|\n|upkeep\n|turn|43\n|\n|t:|1727977064\n|move|p2a: Baxcalibur|Icicle Crash|p1a: Rhydon\n|-supereffective|p1a: Rhydon\n|-damage|p1a: Rhydon|0 fnt\n|faint|p1a: Rhydon\n|\n|upkeep\n|\n|t:|1727977068\n|switch|p1a: Galvantula|Galvantula, L82, F|27/249\n|turn|44\n|\n|t:|1727977072\n|move|p1a: Galvantula|Bug Buzz|p2a: Baxcalibur\n|-damage|p2a: Baxcalibur|0 fnt\n|faint|p2a: Baxcalibur\n|\n|upkeep\n|\n|t:|1727977075\n|switch|p2a: Regirock|Regirock, L83|245/268\n|turn|45\n|\n|t:|1727977080\n|-terastallize|p2a: Regirock|Fighting\n|move|p1a: Galvantula|Giga Drain|p2a: Regirock\n|-crit|p2a: Regirock\n|-damage|p2a: Regirock|176/268\n|-heal|p1a: Galvantula|62/249|[from] drain|[of] p2a: Regirock\n|move|p2a: Regirock|Body Press|p1a: Galvantula\n|-resisted|p1a: Galvantula\n|-damage|p1a: Galvantula|0 fnt\n|faint|p1a: Galvantula\n|\n|upkeep\n|\n|t:|1727977089\n|switch|p1a: Arboliva|Arboliva, L91, M|288/288\n|turn|46\n|\n|t:|1727977110\n|move|p2a: Regirock|Body Press|p1a: Arboliva\n|-supereffective|p1a: Arboliva\n|-damage|p1a: Arboliva|30/288\n|-enditem|p1a: Arboliva|Sitrus Berry|[eat]\n|-heal|p1a: Arboliva|102/288|[from] item: Sitrus Berry\n|move|p1a: Arboliva|Leech Seed|p2a: Regirock\n|-start|p2a: Regirock|move: Leech Seed\n|\n|-damage|p2a: Regirock|143/268|[from] Leech Seed|[of] p1a: Arboliva\n|-heal|p1a: Arboliva|135/288|[silent]\n|-item|p1a: Arboliva|Sitrus Berry|[from] ability: Harvest\n|upkeep\n|-enditem|p1a: Arboliva|Sitrus Berry|[eat]\n|-heal|p1a: Arboliva|207/288|[from] item: Sitrus Berry\n|turn|47\n|\n|t:|1727977121\n|switch|p1a: Giratina|Giratina, L75, tera:Fairy|320/349\n|-ability|p1a: Giratina|Pressure\n|move|p2a: Regirock|Body Press|p1a: Giratina\n|-resisted|p1a: Giratina\n|-damage|p1a: Giratina|255/349\n|\n|-damage|p2a: Regirock|110/268|[from] Leech Seed|[of] p1a: Giratina\n|-heal|p1a: Giratina|288/349|[silent]\n|upkeep\n|turn|48\n|\n|t:|1727977124\n|move|p1a: Giratina|Shadow Ball|p2a: Regirock\n|-damage|p2a: Regirock|41/268\n|move|p2a: Regirock|Rest|p2a: Regirock\n|-status|p2a: Regirock|slp|[from] move: Rest\n|-heal|p2a: Regirock|268/268 slp|[silent]\n|-enditem|p2a: Regirock|Chesto Berry|[eat]\n|-curestatus|p2a: Regirock|slp|[msg]\n|\n|-damage|p2a: Regirock|235/268|[from] Leech Seed|[of] p1a: Giratina\n|-heal|p1a: Giratina|321/349|[silent]\n|upkeep\n|turn|49\n|\n|t:|1727977138\n|move|p1a: Giratina|Shadow Ball|p2a: Regirock\n|-damage|p2a: Regirock|172/268\n|move|p2a: Regirock|Iron Defense|p2a: Regirock\n|-boost|p2a: Regirock|def|2\n|\n|-damage|p2a: Regirock|139/268|[from] Leech Seed|[of] p1a: Giratina\n|-heal|p1a: Giratina|349/349|[silent]\n|upkeep\n|turn|50\n|\n|t:|1727977143\n|move|p1a: Giratina|Shadow Ball|p2a: Regirock\n|-damage|p2a: Regirock|75/268\n|move|p2a: Regirock|Iron Defense|p2a: Regirock\n|-boost|p2a: Regirock|def|2\n|\n|-damage|p2a: Regirock|42/268|[from] Leech Seed|[of] p1a: Giratina\n|upkeep\n|turn|51\n|\n|t:|1727977148\n|move|p1a: Giratina|Shadow Ball|p2a: Regirock\n|-damage|p2a: Regirock|0 fnt\n|faint|p2a: Regirock\n|\n|win|JuanAsh \u2605\u2605\u2605\u2605\n|raw|JuanAsh \u2605\u2605\u2605\u2605's rating: 2178 &rarr; <strong>2202</strong><br />(+24 for winning)\n|raw|Teres bahji's rating: 2256 &rarr; <strong>2232</strong><br />(-24 for losing)\n|l|\u2606Teres bahji\n|player|p2|\n|c|\u2606JuanAsh \u2605\u2605\u2605\u2605|/log JuanAsh \u2605\u2605\u2605\u2605 made this room public.\n", "inputlog": ">version 86ae7daf8e420bb3f6c82a6a988ddcc1b1aa7e58\n>start {\"formatid\":\"gen9randombattle\",\"seed\":[13926,49125,51571,43799],\"rated\":\"Rated battle\"}\n>player p1 {\"name\":\"JuanAsh \u2605\u2605\u2605\u2605\",\"avatar\":\"nemona-v\",\"rating\":2178,\"seed\":[20109,9767,65150,10656]}\n>player p2 {\"name\":\"Teres bahji\",\"avatar\":\"#rbtt7teamrayquazaf\",\"rating\":2256,\"seed\":[780,51998,40671,1287]}\n>p1 move willowisp\n>p2 move rocktomb\n>p1 switch 4\n>p2 move swordsdance\n>p1 move shadowball\n>p2 move rocktomb\n>p1 move shadowball\n>p2 move rocktomb\n>p2 switch 2\n>p1 switch 4\n>p2 move glaiverush\n>p1 switch 5\n>p1 move willowisp\n>p2 switch 5\n>p1 switch 6\n>p2 move throatchop\n>p1 move stickyweb\n>p2 switch 6\n>p1 switch 3\n>p2 move stoneedge\n>p1 switch 4\n>p2 move irondefense\n>p1 move dragontail\n>p2 move stoneedge\n>p1 switch 6\n>p2 move meteormash\n>p1 switch 3\n>p1 move bugbuzz\n>p2 switch 3\n>p1 switch 6\n>p2 move earthquake\n>p1 move rest\n>p2 move knockoff\n>p1 move sleeptalk\n>p2 move earthquake\n>p1 switch 6\n>p2 move meteormash\n>p1 move thunder\n>p2 move extremespeed\n>p1 move gigadrain\n>p2 move meteormash\n>p2 switch 3\n>p1 switch 6\n>p2 move iceshard\n>p1 move sleeptalk\n>p2 move earthquake\n>p1 move rest terastallize\n>p2 move iceshard\n>p1 move sleeptalk\n>p2 move rapidspin\n>p1 move sleeptalk\n>p2 move earthquake\n>p1 move shadowball\n>p2 move earthquake\n>p1 move rest\n>p2 move earthquake\n>p1 move sleeptalk\n>p2 move earthquake\n>p2 switch 5\n>p1 move sleeptalk\n>p2 move iciclecrash\n>p1 move rest\n>p2 move iciclecrash\n>p1 move sleeptalk\n>p2 move iciclecrash\n>p1 move sleeptalk\n>p2 switch 4\n>p1 move dragontail\n>p2 move irondefense\n>p1 move shadowball\n>p2 move iciclecrash\n>p1 move rest\n>p2 move iciclecrash\n>p1 move sleeptalk\n>p2 move iciclecrash\n>p1 move sleeptalk\n>p2 switch 4\n>p1 move shadowball\n>p2 switch 6\n>p1 move rest\n>p2 move icefang\n>p1 move sleeptalk\n>p2 move icefang\n>p1 move sleeptalk\n>p2 switch 4\n>p1 move shadowball\n>p2 move playrough\n>p2 switch 6\n>p1 switch 4\n>p2 move iciclecrash\n>p1 move swordsdance\n>p2 move iciclecrash\n>p1 switch 6\n>p1 move bugbuzz\n>p2 move iciclecrash\n>p2 switch 4\n>p1 move gigadrain\n>p2 move bodypress terastallize\n>p1 switch 2\n>p1 move leechseed\n>p2 move bodypress\n>p1 switch 4\n>p2 move bodypress\n>p1 move shadowball\n>p2 move rest\n>p1 move shadowball\n>p2 move irondefense\n>p1 move shadowball\n>p2 move irondefense\n>p1 move shadowball\n>p2 move rest", "uploadtime": 1727977155, "views": 70, "formatid": "gen9randombattle", "rating": 2202, "private": 0, "password": null}