{"id": "gen9randombattle-2260554073", "format": "[Gen 9] Random Battle", "players": ["Gioetu", "Snowias"], "log": "|j|\u2606Gioetu\n|j|\u2606Snowias\n|t:|1733862986\n|gametype|singles\n|player|p1|Gioetu|flannery|1303\n|player|p2|Snowias|dragontamer|1327\n|teamsize|p1|6\n|teamsize|p2|6\n|gen|9\n|tier|[Gen 9] Random Battle\n|rated|\n|rule|Species Clause: Limit one of each Pok\u00e9mon\n|rule|HP Percentage Mod: HP is shown in percentages\n|rule|Sleep Clause Mod: Limit one foe put to sleep\n|rule|Illusion Level Mod: Illusion disguises the Pok\u00e9mon's true level\n|\n|t:|1733862986\n|start\n|switch|p1a: Primarina|Primarina, L83, M|268/268\n|switch|p2a: Altaria|Altaria, L88, M|275/275\n|turn|1\n|inactive|Battle timer is ON: inactive players will automatically lose when time's up. (requested by Snowias)\n|inactive|Gioetu also wants the timer to be on.\n|\n|t:|1733863005\n|switch|p2a: Rotom|Rotom-Wash, L82|216/216\n|move|p1a: Primarina|Calm Mind|p1a: Primarina\n|-boost|p1a: Primarina|spa|1\n|-boost|p1a: Primarina|spd|1\n|\n|upkeep\n|turn|2\n|\n|t:|1733863014\n|move|p2a: Rotom|Volt Switch|p1a: Primarina\n|-supereffective|p1a: Primarina\n|-damage|p1a: Primarina|178/268\n|\n|t:|1733863021\n|switch|p2a: Chimecho|Chimecho, L93, F|290/290|[from] Volt Switch\n|move|p1a: Primarina|Calm Mind|p1a: Primarina\n|-boost|p1a: Primarina|spa|1\n|-boost|p1a: Primarina|spd|1\n|\n|-heal|p1a: Primarina|194/268|[from] item: Leftovers\n|upkeep\n|turn|3\n|\n|t:|1733863035\n|move|p2a: Chimecho|Psychic Noise|p1a: Primarina\n|-damage|p1a: Primarina|155/268\n|-start|p1a: Primarina|move: Heal Block\n|cant|p1a: Primarina|move: Heal Block|Draining Kiss\n|\n|upkeep\n|turn|4\n|\n|t:|1733863047\n|switch|p2a: Altaria|Altaria, L88, M|275/275\n|move|p1a: Primarina|Sparkling Aria|p2a: Altaria\n|-resisted|p2a: Altaria\n|-damage|p2a: Altaria|182/275\n|\n|-end|p1a: Primarina|move: Heal Block\n|upkeep\n|turn|5\n|\n|t:|1733863062\n|move|p2a: Altaria|Brave Bird|p1a: Primarina\n|-damage|p1a: Primarina|22/268\n|-damage|p2a: Altaria|138/275|[from] Recoil\n|move|p1a: Primarina|Draining Kiss|p2a: Altaria\n|-supereffective|p2a: Altaria\n|-damage|p2a: Altaria|0 fnt\n|-heal|p1a: Primarina|126/268|[from] drain|[of] p2a: Altaria\n|faint|p2a: Altaria\n|\n|-heal|p1a: Primarina|142/268|[from] item: Leftovers\n|upkeep\n|\n|t:|1733863077\n|switch|p2a: Orthworm|Orthworm, L88, F|266/266\n|turn|6\n|\n|t:|1733863087\n|move|p2a: Orthworm|Heavy Slam|p1a: Primarina\n|-crit|p1a: Primarina\n|-damage|p1a: Primarina|0 fnt\n|faint|p1a: Primarina\n|\n|upkeep\n|\n|t:|1733863097\n|switch|p1a: Torterra|Torterra, L78, F|276/276\n|turn|7\n|\n|t:|1733863106\n|switch|p1a: Ninetales|Ninetales, L85, F|263/263\n|-weather|SunnyDay|[from] ability: Drought|[of] p1a: Ninetales\n|move|p2a: Orthworm|Shed Tail|p2a: Orthworm\n|-start|p2a: Orthworm|Substitute|[from] move: Shed Tail\n|-damage|p2a: Orthworm|133/266\n|\n|t:|1733863130\n|switch|p2a: Skeledirge|Skeledirge, L79, M|294/294|[from] Shed Tail\n|\n|-weather|SunnyDay|[upkeep]\n|upkeep\n|turn|8\n|\n|t:|1733863140\n|move|p1a: Ninetales|Nasty Plot|p1a: Ninetales\n|-boost|p1a: Ninetales|spa|2\n|move|p2a: Skeledirge|Flame Charge|p1a: Ninetales\n|-resisted|p1a: Ninetales\n|-damage|p1a: Ninetales|228/263\n|-boost|p2a: Skeledirge|spe|1\n|\n|-weather|SunnyDay|[upkeep]\n|upkeep\n|turn|9\n|\n|t:|1733863152\n|move|p2a: Skeledirge|Torch Song|p1a: Ninetales\n|-resisted|p1a: Ninetales\n|-damage|p1a: Ninetales|169/263\n|-boost|p2a: Skeledirge|spa|1\n|move|p1a: Ninetales|Scorching Sands|p2a: Skeledirge\n|-supereffective|p2a: Skeledirge\n|-end|p2a: Skeledirge|Substitute\n|\n|-weather|SunnyDay|[upkeep]\n|upkeep\n|turn|10\n|inactive|Snowias has 120 seconds left.\n|\n|t:|1733863180\n|move|p2a: Skeledirge|Shadow Ball|p1a: Ninetales\n|-damage|p1a: Ninetales|64/263\n|move|p1a: Ninetales|Scorching Sands|p2a: Skeledirge\n|-supereffective|p2a: Skeledirge\n|-damage|p2a: Skeledirge|182/294\n|\n|-weather|SunnyDay|[upkeep]\n|upkeep\n|turn|11\n|\n|t:|1733863190\n|move|p2a: Skeledirge|Shadow Ball|p1a: Ninetales\n|-damage|p1a: Ninetales|0 fnt\n|faint|p1a: Ninetales\n|\n|-weather|none\n|upkeep\n|\n|t:|1733863206\n|switch|p1a: Porygon-Z|Porygon-Z, L83|277/277\n|turn|12\n|\n|t:|1733863219\n|move|p2a: Skeledirge|Torch Song|p1a: Porygon-Z\n|-damage|p1a: Porygon-Z|141/277\n|-boost|p2a: Skeledirge|spa|1\n|move|p1a: Porygon-Z|Agility|p1a: Porygon-Z\n|-boost|p1a: Porygon-Z|spe|2\n|\n|upkeep\n|turn|13\n|\n|t:|1733863227\n|move|p1a: Porygon-Z|Shadow Ball|p2a: Skeledirge\n|-supereffective|p2a: Skeledirge\n|-damage|p2a: Skeledirge|0 fnt\n|faint|p2a: Skeledirge\n|-damage|p1a: Porygon-Z|114/277|[from] item: Life Orb\n|\n|upkeep\n|\n|t:|1733863250\n|switch|p2a: Dragapult|Dragapult, L77, F|262/262\n|turn|14\n|\n|t:|1733863260\n|move|p1a: Porygon-Z|Shadow Ball|p2a: Dragapult\n|-supereffective|p2a: Dragapult\n|-damage|p2a: Dragapult|44/262\n|-damage|p1a: Porygon-Z|87/277|[from] item: Life Orb\n|move|p2a: Dragapult|Dragon Darts|p1a: Porygon-Z\n|-damage|p1a: Porygon-Z|26/277\n|-anim|p2a: Dragapult|Dragon Darts|p1a: Porygon-Z\n|-damage|p1a: Porygon-Z|0 fnt\n|faint|p1a: Porygon-Z\n|\n|upkeep\n|\n|t:|1733863277\n|switch|p1a: Torterra|Torterra, L78, F|276/276\n|turn|15\n|\n|t:|1733863290\n|move|p2a: Dragapult|Will-O-Wisp|p1a: Torterra\n|-status|p1a: Torterra|brn\n|move|p1a: Torterra|Shell Smash|p1a: Torterra\n|-unboost|p1a: Torterra|def|1\n|-unboost|p1a: Torterra|spd|1\n|-boost|p1a: Torterra|atk|2\n|-boost|p1a: Torterra|spa|2\n|-boost|p1a: Torterra|spe|2\n|\n|-damage|p1a: Torterra|259/276 brn|[from] brn\n|upkeep\n|turn|16\n|\n|t:|1733863312\n|switch|p2a: Orthworm|Orthworm, L88, F|133/266\n|move|p1a: Torterra|Shell Smash|p1a: Torterra\n|-unboost|p1a: Torterra|def|1\n|-unboost|p1a: Torterra|spd|1\n|-boost|p1a: Torterra|atk|2\n|-boost|p1a: Torterra|spa|2\n|-boost|p1a: Torterra|spe|2\n|\n|-heal|p2a: Orthworm|149/266|[from] item: Leftovers\n|-damage|p1a: Torterra|242/276 brn|[from] brn\n|upkeep\n|turn|17\n|\n|t:|1733863330\n|move|p1a: Torterra|Bullet Seed|p2a: Orthworm\n|-resisted|p2a: Orthworm\n|-damage|p2a: Orthworm|136/266\n|-resisted|p2a: Orthworm\n|-damage|p2a: Orthworm|124/266\n|-resisted|p2a: Orthworm\n|-damage|p2a: Orthworm|113/266\n|-resisted|p2a: Orthworm\n|-damage|p2a: Orthworm|102/266\n|-resisted|p2a: Orthworm\n|-damage|p2a: Orthworm|89/266\n|-hitcount|p2a: Orthworm|5\n|move|p2a: Orthworm|Body Press|p1a: Torterra\n|-damage|p1a: Torterra|78/276 brn\n|\n|-heal|p2a: Orthworm|105/266|[from] item: Leftovers\n|-damage|p1a: Torterra|61/276 brn|[from] brn\n|upkeep\n|turn|18\n|\n|t:|1733863345\n|move|p1a: Torterra|Bullet Seed|p2a: Orthworm\n|-resisted|p2a: Orthworm\n|-damage|p2a: Orthworm|88/266\n|-resisted|p2a: Orthworm\n|-damage|p2a: Orthworm|71/266\n|-resisted|p2a: Orthworm\n|-damage|p2a: Orthworm|54/266\n|-resisted|p2a: Orthworm\n|-damage|p2a: Orthworm|35/266\n|-hitcount|p2a: Orthworm|4\n|move|p2a: Orthworm|Body Press|p1a: Torterra\n|-damage|p1a: Torterra|0 fnt\n|faint|p1a: Torterra\n|\n|-heal|p2a: Orthworm|51/266|[from] item: Leftovers\n|upkeep\n|\n|t:|1733863356\n|switch|p1a: Hydreigon|Hydreigon, L79, F|275/275\n|turn|19\n|\n|t:|1733863364\n|move|p1a: Hydreigon|Dark Pulse|p2a: Orthworm\n|-damage|p2a: Orthworm|0 fnt\n|faint|p2a: Orthworm\n|\n|upkeep\n|\n|t:|1733863368\n|switch|p2a: Dragapult|Dragapult, L77, F|44/262\n|turn|20\n|\n|t:|1733863371\n|-terastallize|p1a: Hydreigon|Steel\n|move|p2a: Dragapult|Dragon Darts|p1a: Hydreigon\n|-resisted|p1a: Hydreigon\n|-damage|p1a: Hydreigon|247/275\n|-anim|p2a: Dragapult|Dragon Darts|p1a: Hydreigon\n|-resisted|p1a: Hydreigon\n|-damage|p1a: Hydreigon|220/275\n|move|p1a: Hydreigon|Dark Pulse|p2a: Dragapult\n|-supereffective|p2a: Dragapult\n|-damage|p2a: Dragapult|0 fnt\n|faint|p2a: Dragapult\n|\n|upkeep\n|\n|t:|1733863383\n|switch|p2a: Rotom|Rotom-Wash, L82|216/216\n|turn|21\n|\n|t:|1733863386\n|switch|p1a: Chansey|Chansey, L85, F|564/564\n|move|p2a: Rotom|Thunderbolt|p1a: Chansey\n|-crit|p1a: Chansey\n|-damage|p1a: Chansey|488/564\n|\n|upkeep\n|turn|22\n|\n|t:|1733863395\n|move|p2a: Rotom|Thunderbolt|p1a: Chansey\n|-damage|p1a: Chansey|433/564\n|move|p1a: Chansey|Seismic Toss|p2a: Rotom\n|-damage|p2a: Rotom|131/216\n|\n|-heal|p2a: Rotom|144/216|[from] item: Leftovers\n|upkeep\n|turn|23\n|\n|t:|1733863403\n|move|p2a: Rotom|Thunderbolt|p1a: Chansey\n|-damage|p1a: Chansey|376/564\n|move|p1a: Chansey|Seismic Toss|p2a: Rotom\n|-damage|p2a: Rotom|59/216\n|\n|-heal|p2a: Rotom|72/216|[from] item: Leftovers\n|upkeep\n|turn|24\n|\n|t:|1733863409\n|move|p2a: Rotom|Pain Split|p1a: Chansey\n|-sethp|p1a: Chansey|224/564|[from] move: Pain Split|[silent]\n|-sethp|p2a: Rotom|216/216|[from] move: Pain Split\n|move|p1a: Chansey|Seismic Toss|p2a: Rotom\n|-damage|p2a: Rotom|131/216\n|\n|-heal|p2a: Rotom|144/216|[from] item: Leftovers\n|upkeep\n|turn|25\n|\n|t:|1733863415\n|move|p2a: Rotom|Thunderbolt|p1a: Chansey\n|-damage|p1a: Chansey|166/564\n|-status|p1a: Chansey|par\n|cant|p1a: Chansey|par\n|\n|-heal|p2a: Rotom|157/216|[from] item: Leftovers\n|upkeep\n|turn|26\n|\n|t:|1733863422\n|move|p2a: Rotom|Thunderbolt|p1a: Chansey\n|-crit|p1a: Chansey\n|-damage|p1a: Chansey|85/564 par\n|cant|p1a: Chansey|par\n|\n|-heal|p2a: Rotom|170/216|[from] item: Leftovers\n|upkeep\n|turn|27\n|\n|t:|1733863426\n|move|p2a: Rotom|Thunderbolt|p1a: Chansey\n|-damage|p1a: Chansey|30/564 par\n|cant|p1a: Chansey|par\n|\n|-heal|p2a: Rotom|183/216|[from] item: Leftovers\n|upkeep\n|turn|28\n|n|!Gioetu|gioetu\n|\n|t:|1733863443\n|move|p2a: Rotom|Thunderbolt|p1a: Chansey\n|-damage|p1a: Chansey|0 fnt\n|faint|p1a: Chansey\n|\n|-heal|p2a: Rotom|196/216|[from] item: Leftovers\n|upkeep\n|\n|t:|1733863446\n|switch|p1a: Hydreigon|Hydreigon, L79, F, tera:Steel|220/275\n|turn|29\n|\n|t:|1733863453\n|move|p1a: Hydreigon|Dark Pulse|p2a: Rotom\n|-damage|p2a: Rotom|82/216\n|cant|p2a: Rotom|flinch\n|\n|-heal|p2a: Rotom|95/216|[from] item: Leftovers\n|upkeep\n|turn|30\n|\n|t:|1733863465\n|move|p1a: Hydreigon|Dark Pulse|p2a: Rotom\n|-damage|p2a: Rotom|0 fnt\n|faint|p2a: Rotom\n|\n|upkeep\n|\n|t:|1733863468\n|switch|p2a: Chimecho|Chimecho, L93, F|290/290\n|turn|31\n|\n|t:|1733863475\n|-terastallize|p2a: Chimecho|Electric\n|move|p1a: Hydreigon|Dark Pulse|p2a: Chimecho\n|-damage|p2a: Chimecho|172/290\n|move|p2a: Chimecho|Psychic Noise|p1a: Hydreigon\n|-resisted|p1a: Hydreigon\n|-damage|p1a: Hydreigon|167/275\n|-start|p1a: Hydreigon|move: Heal Block\n|\n|-heal|p2a: Chimecho|190/290|[from] item: Leftovers\n|upkeep\n|turn|32\n|-message|Snowias forfeited.\n|\n|win|Gioetu\n", "inputlog": ">version bfd83cad13791eb5a5a409923076391caf6fb4d4\n>start {\"formatid\":\"gen9randombattle\",\"seed\":[2086,47825,47578,23881],\"rated\":\"Rated battle\"}\n>player p1 {\"name\":\"Gioetu\",\"avatar\":\"flannery\",\"rating\":1303,\"seed\":[45528,40321,35561,44079]}\n>player p2 {\"name\":\"Snowias\",\"avatar\":\"dragontamer\",\"rating\":1327,\"seed\":[23124,39293,37704,29031]}\n>p1 move calmmind\n>p2 switch 5\n>p1 move calmmind\n>p2 move voltswitch\n>p2 switch 4\n>p1 move drainingkiss\n>p2 move psychicnoise\n>p1 move sparklingaria\n>p2 switch 5\n>p1 move drainingkiss\n>p2 move bravebird\n>p2 switch 6\n>p1 move calmmind\n>p2 move heavyslam\n>p1 switch 6\n>p1 switch 3\n>p2 move shedtail\n>p2 switch 3\n>p1 move nastyplot\n>p2 move flamecharge\n>p1 move scorchingsands\n>p2 move torchsong\n>p1 move scorchingsands\n>p2 move shadowball\n>p1 move scorchingsands\n>p2 move shadowball\n>p1 switch 4\n>p1 move agility\n>p2 move torchsong\n>p1 move shadowball\n>p2 move torchsong\n>p2 switch 2\n>p1 move shadowball\n>p2 move dragondarts\n>p1 switch 3\n>p1 move shellsmash\n>p2 move willowisp\n>p1 move shellsmash\n>p2 switch 3\n>p1 move bulletseed\n>p2 move bodypress\n>p1 move bulletseed\n>p2 move bodypress\n>p1 switch 5\n>p1 move darkpulse\n>p2 move bodypress\n>p2 switch 3\n>p1 move darkpulse terastallize\n>p2 move dragondarts\n>p2 switch 4\n>p1 switch 2\n>p2 move thunderbolt\n>p1 move seismictoss\n>p2 move thunderbolt\n>p1 move seismictoss\n>p2 move thunderbolt\n>p1 move seismictoss\n>p2 move painsplit\n>p1 move softboiled\n>p2 move thunderbolt\n>p1 move softboiled\n>p2 move thunderbolt\n>p1 move softboiled\n>p2 move thunderbolt\n>chat \u2606Gioetu|Fuck you\n>p1 move softboiled\n>p2 move thunderbolt\n>p1 switch 2\n>p1 move darkpulse\n>p2 move thunderbolt\n>p1 move darkpulse\n>p2 move painsplit\n>p2 switch 5\n>p1 move darkpulse\n>p2 move psychicnoise terastallize\n>forcelose p2", "uploadtime": 1733863437, "views": 1, "formatid": "gen9randombattle", "rating": null, "private": 0, "password": null}