{"id": "gen9randombattle-2260789001", "format": "[Gen 9] Random Battle", "players": ["memimic", "jackthree"], "log": "|j|\u2606memimic\n|j|\u2606jackthree\n|t:|1733892325\n|gametype|singles\n|player|p1|memimic|rika|1818\n|player|p2|jackthree|2|1809\n|teamsize|p1|6\n|teamsize|p2|6\n|gen|9\n|tier|[Gen 9] Random Battle\n|rated|\n|rule|Species Clause: Limit one of each Pok\u00e9mon\n|rule|HP Percentage Mod: HP is shown in percentages\n|rule|Sleep Clause Mod: Limit one foe put to sleep\n|rule|Illusion Level Mod: Illusion disguises the Pok\u00e9mon's true level\n|\n|t:|1733892325\n|start\n|switch|p1a: Tornadus|Tornadus, L82, M|264/264\n|switch|p2a: Toucannon|Toucannon, L88, F|284/284\n|turn|1\n|inactive|Battle timer is ON: inactive players will automatically lose when time's up. (requested by jackthree)\n|\n|t:|1733892344\n|-singleturn|p2a: Toucannon|move: Beak Blast\n|move|p1a: Tornadus|U-turn|p2a: Toucannon\n|-resisted|p2a: Toucannon\n|-damage|p2a: Toucannon|256/284\n|-status|p1a: Tornadus|brn\n|inactive|memimic has 120 seconds left.\n|\n|t:|1733892380\n|switch|p1a: Armarouge|Armarouge, L80, F|267/267|[from] U-turn\n|move|p2a: Toucannon|Beak Blast|p1a: Armarouge\n|-damage|p1a: Armarouge|132/267\n|-ability|p1a: Armarouge|Weak Armor|boost\n|-unboost|p1a: Armarouge|def|1\n|-boost|p1a: Armarouge|spe|2\n|\n|upkeep\n|turn|2\n|inactive|memimic has 120 seconds left.\n|\n|t:|1733892403\n|-singleturn|p2a: Toucannon|move: Beak Blast\n|move|p1a: Armarouge|Meteor Beam||[still]\n|-prepare|p1a: Armarouge|Meteor Beam\n|-boost|p1a: Armarouge|spa|1\n|-enditem|p1a: Armarouge|Power Herb\n|-anim|p1a: Armarouge|Meteor Beam|p2a: Toucannon\n|-supereffective|p2a: Toucannon\n|-damage|p2a: Toucannon|0 fnt\n|faint|p2a: Toucannon\n|\n|upkeep\n|inactive|jackthree has 120 seconds left.\n|\n|t:|1733892437\n|switch|p2a: Rotom|Rotom-Fan, L86|226/226\n|turn|3\n|inactive|memimic has 120 seconds left.\n|\n|t:|1733892454\n|move|p1a: Armarouge|Psyshock|p2a: Rotom\n|-damage|p2a: Rotom|106/226\n|move|p2a: Rotom|Thunderbolt|p1a: Armarouge\n|-damage|p1a: Armarouge|20/267\n|\n|upkeep\n|turn|4\n|\n|t:|1733892469\n|move|p1a: Armarouge|Psyshock|p2a: Rotom\n|-damage|p2a: Rotom|0 fnt\n|faint|p2a: Rotom\n|\n|upkeep\n|\n|t:|1733892475\n|switch|p2a: Conkeldurr|Conkeldurr, L80, F|299/299\n|turn|5\n|\n|t:|1733892489\n|move|p2a: Conkeldurr|Mach Punch|p1a: Armarouge\n|-resisted|p1a: Armarouge\n|-damage|p1a: Armarouge|0 fnt\n|faint|p1a: Armarouge\n|\n|-status|p2a: Conkeldurr|brn|[from] item: Flame Orb\n|upkeep\n|inactive|memimic has 90 seconds left.\n|\n|t:|1733892517\n|switch|p1a: Tornadus|Tornadus, L82, M|264/264 brn\n|turn|6\n|\n|t:|1733892523\n|-terastallize|p2a: Conkeldurr|Normal\n|move|p1a: Tornadus|Bleakwind Storm|p2a: Conkeldurr\n|-damage|p2a: Conkeldurr|133/299 brn\n|move|p2a: Conkeldurr|Facade|p1a: Tornadus\n|-damage|p1a: Tornadus|0 fnt\n|faint|p1a: Tornadus\n|\n|-damage|p2a: Conkeldurr|115/299 brn|[from] brn\n|upkeep\n|\n|t:|1733892538\n|switch|p1a: Dragapult|Dragapult, L77, F|262/262\n|turn|7\n|\n|t:|1733892542\n|move|p1a: Dragapult|Dragon Darts|p2a: Conkeldurr\n|-damage|p2a: Conkeldurr|44/299 brn\n|-anim|p1a: Dragapult|Dragon Darts|p2a: Conkeldurr\n|-damage|p2a: Conkeldurr|0 fnt\n|faint|p2a: Conkeldurr\n|-damage|p1a: Dragapult|236/262|[from] item: Life Orb\n|\n|upkeep\n|\n|t:|1733892550\n|switch|p2a: Zacian|Zacian, L69|241/241\n|-ability|p2a: Zacian|Intrepid Sword|boost\n|-boost|p2a: Zacian|atk|1\n|turn|8\n|inactive|memimic has 90 seconds left.\n|\n|t:|1733892602\n|switch|p1a: Cobalion|Cobalion, L80|277/277\n|move|p2a: Zacian|Play Rough|p1a: Cobalion\n|-damage|p1a: Cobalion|152/277\n|-damage|p2a: Zacian|217/241|[from] item: Life Orb\n|\n|-heal|p1a: Cobalion|169/277|[from] item: Leftovers\n|upkeep\n|turn|9\n|inactive|memimic has 60 seconds left.\n|\n|t:|1733892626\n|-terastallize|p1a: Cobalion|Ghost\n|move|p2a: Zacian|Close Combat|p1a: Cobalion\n|-immune|p1a: Cobalion\n|move|p1a: Cobalion|Thunder Wave|p2a: Zacian\n|-status|p2a: Zacian|par\n|\n|-heal|p1a: Cobalion|186/277|[from] item: Leftovers\n|upkeep\n|turn|10\n|\n|t:|1733892643\n|move|p1a: Cobalion|Iron Head|p2a: Zacian\n|-supereffective|p2a: Zacian\n|-damage|p2a: Zacian|65/241 par\n|move|p2a: Zacian|Play Rough|p1a: Cobalion\n|-damage|p1a: Cobalion|69/277\n|-damage|p2a: Zacian|41/241 par|[from] item: Life Orb\n|\n|-heal|p1a: Cobalion|86/277|[from] item: Leftovers\n|upkeep\n|turn|11\n|\n|t:|1733892653\n|switch|p2a: Mudsdale|Mudsdale, L84, M|305/305\n|move|p1a: Cobalion|Iron Head|p2a: Mudsdale\n|-damage|p2a: Mudsdale|241/305\n|-ability|p2a: Mudsdale|Stamina|boost\n|-boost|p2a: Mudsdale|def|1\n|\n|-heal|p1a: Cobalion|103/277|[from] item: Leftovers\n|-heal|p2a: Mudsdale|260/305|[from] item: Leftovers\n|upkeep\n|turn|12\n|inactive|memimic has 60 seconds left.\n|\n|t:|1733892705\n|switch|p1a: Smeargle|Smeargle, L95, M|258/258\n|move|p2a: Mudsdale|Earthquake|p1a: Smeargle\n|-damage|p1a: Smeargle|59/258\n|\n|-heal|p2a: Mudsdale|279/305|[from] item: Leftovers\n|upkeep\n|turn|13\n|\n|t:|1733892713\n|switch|p2a: Zacian|Zacian, L69|41/241 par\n|move|p1a: Smeargle|Spore||[still]\n|-fail|p1a: Smeargle\n|\n|upkeep\n|turn|14\n|inactive|memimic has 30 seconds left.\n|inactive|memimic has 20 seconds left.\n|\n|t:|1733892747\n|switch|p1a: Cobalion|Cobalion, L80, tera:Ghost|103/277\n|move|p2a: Zacian|Play Rough|p1a: Cobalion\n|-damage|p1a: Cobalion|25/277\n|-damage|p2a: Zacian|17/241 par|[from] item: Life Orb\n|\n|-heal|p1a: Cobalion|42/277|[from] item: Leftovers\n|upkeep\n|turn|15\n|inactive|memimic has 30 seconds left this turn.\n|inactive|memimic has 20 seconds left.\n|\n|t:|1733892759\n|switch|p1a: Smeargle|Smeargle, L95, M|59/258\n|switch|p2a: Mudsdale|Mudsdale, L84, M|279/305\n|\n|-heal|p2a: Mudsdale|298/305|[from] item: Leftovers\n|upkeep\n|turn|16\n|inactive|memimic has 30 seconds left this turn.\n|\n|t:|1733892769\n|switch|p2a: Zacian|Zacian, L69|17/241 par\n|move|p1a: Smeargle|Stealth Rock|p2a: Zacian\n|-sidestart|p2: jackthree|move: Stealth Rock\n|\n|upkeep\n|turn|17\n|inactive|memimic has 30 seconds left.\n|\n|t:|1733892788\n|switch|p1a: Cobalion|Cobalion, L80, tera:Ghost|42/277\n|cant|p2a: Zacian|par\n|\n|-heal|p1a: Cobalion|59/277|[from] item: Leftovers\n|upkeep\n|turn|18\n|inactive|memimic has 30 seconds left.\n|\n|t:|1733892799\n|switch|p2a: Mudsdale|Mudsdale, L84, M|298/305\n|-damage|p2a: Mudsdale|279/305|[from] Stealth Rock\n|move|p1a: Cobalion|Body Press|p2a: Mudsdale\n|-damage|p2a: Mudsdale|197/305\n|-ability|p2a: Mudsdale|Stamina|boost\n|-boost|p2a: Mudsdale|def|1\n|\n|-heal|p1a: Cobalion|76/277|[from] item: Leftovers\n|-heal|p2a: Mudsdale|216/305|[from] item: Leftovers\n|upkeep\n|turn|19\n|inactive|memimic has 30 seconds left.\n|\n|t:|1733892813\n|switch|p1a: Smeargle|Smeargle, L95, M|59/258\n|move|p2a: Mudsdale|Earthquake|p1a: Smeargle\n|-damage|p1a: Smeargle|0 fnt\n|faint|p1a: Smeargle\n|\n|-heal|p2a: Mudsdale|235/305|[from] item: Leftovers\n|upkeep\n|inactive|memimic has 30 seconds left this turn.\n|inactive|memimic has 20 seconds left.\n|inactive|memimic has 15 seconds left.\n|inactive|memimic has 10 seconds left.\n|inactive|memimic has 5 seconds left.\n|\n|t:|1733892839\n|switch|p1a: Weavile|Weavile, L79, F|240/240\n|turn|20\n|inactive|memimic has 15 seconds left this turn.\n|\n|t:|1733892844\n|move|p1a: Weavile|Knock Off|p2a: Mudsdale\n|-damage|p2a: Mudsdale|166/305\n|-ability|p2a: Mudsdale|Stamina|boost\n|-boost|p2a: Mudsdale|def|1\n|-enditem|p2a: Mudsdale|Leftovers|[from] move: Knock Off|[of] p1a: Weavile\n|move|p2a: Mudsdale|Heavy Slam|p1a: Weavile\n|-supereffective|p1a: Weavile\n|-damage|p1a: Weavile|0 fnt\n|faint|p1a: Weavile\n|\n|upkeep\n|inactive|memimic has 20 seconds left this turn.\n|inactive|memimic has 15 seconds left.\n|\n|t:|1733892850\n|switch|p1a: Dragapult|Dragapult, L77, F|236/262\n|turn|21\n|inactive|memimic has 25 seconds left this turn.\n|inactive|memimic has 20 seconds left.\n|\n|t:|1733892860\n|move|p1a: Dragapult|Fire Blast|p2a: Mudsdale\n|-damage|p2a: Mudsdale|84/305\n|-ability|p2a: Mudsdale|Stamina|boost\n|-boost|p2a: Mudsdale|def|1\n|-damage|p1a: Dragapult|210/262|[from] item: Life Orb\n|move|p2a: Mudsdale|Earthquake|p1a: Dragapult\n|-damage|p1a: Dragapult|59/262\n|\n|upkeep\n|turn|22\n|inactive|memimic has 30 seconds left this turn.\n|\n|t:|1733892870\n|move|p1a: Dragapult|Fire Blast|p2a: Mudsdale\n|-damage|p2a: Mudsdale|2/305\n|-ability|p2a: Mudsdale|Stamina|boost\n|-boost|p2a: Mudsdale|def|1\n|-damage|p1a: Dragapult|33/262|[from] item: Life Orb\n|move|p2a: Mudsdale|Earthquake|p1a: Dragapult\n|-damage|p1a: Dragapult|0 fnt\n|faint|p1a: Dragapult\n|\n|upkeep\n|inactive|memimic has 30 seconds left this turn.\n|\n|t:|1733892873\n|switch|p1a: Cobalion|Cobalion, L80, tera:Ghost|76/277\n|turn|23\n|inactive|memimic has 30 seconds left.\n|\n|t:|1733892883\n|move|p1a: Cobalion|Iron Head|p2a: Mudsdale\n|-damage|p2a: Mudsdale|0 fnt\n|faint|p2a: Mudsdale\n|\n|-heal|p1a: Cobalion|93/277|[from] item: Leftovers\n|upkeep\n|\n|t:|1733892889\n|switch|p2a: Orthworm|Orthworm, L88, F|266/266\n|-damage|p2a: Orthworm|250/266|[from] Stealth Rock\n|turn|24\n|\n|t:|1733892904\n|move|p1a: Cobalion|Body Press|p2a: Orthworm\n|-supereffective|p2a: Orthworm\n|-damage|p2a: Orthworm|124/266\n|move|p2a: Orthworm|Heavy Slam|p1a: Cobalion\n|-damage|p1a: Cobalion|56/277\n|\n|-heal|p1a: Cobalion|73/277|[from] item: Leftovers\n|upkeep\n|turn|25\n|\n|t:|1733892914\n|move|p1a: Cobalion|Body Press|p2a: Orthworm\n|-supereffective|p2a: Orthworm\n|-damage|p2a: Orthworm|2/266\n|move|p2a: Orthworm|Rest|p2a: Orthworm\n|-status|p2a: Orthworm|slp|[from] move: Rest\n|-heal|p2a: Orthworm|266/266 slp|[silent]\n|-enditem|p2a: Orthworm|Chesto Berry|[eat]\n|-curestatus|p2a: Orthworm|slp|[msg]\n|\n|-heal|p1a: Cobalion|90/277|[from] item: Leftovers\n|upkeep\n|turn|26\n|-message|jackthree forfeited.\n|\n|win|memimic\n|raw|memimic's rating: 1818 &rarr; <strong>1837</strong><br />(+19 for winning)\n|raw|jackthree's rating: 1809 &rarr; <strong>1790</strong><br />(-19 for losing)\n|l|\u2606jackthree\n|player|p2|\n|c|\u2606memimic|gg\n|c|\u2606memimic|woah\n", "inputlog": ">version bfd83cad13791eb5a5a409923076391caf6fb4d4\n>start {\"formatid\":\"gen9randombattle\",\"seed\":[18067,1413,19666,27275],\"rated\":\"Rated battle\"}\n>player p1 {\"name\":\"memimic\",\"avatar\":\"rika\",\"rating\":1818,\"seed\":[16010,3326,51242,48456]}\n>player p2 {\"name\":\"jackthree\",\"avatar\":\"2\",\"rating\":1809,\"seed\":[5211,30934,17895,18658]}\n>p1 move uturn\n>p2 move beakblast\n>p1 switch 6\n>p1 move meteorbeam\n>p2 move beakblast\n>p2 switch 4\n>p1 move psyshock\n>p2 move thunderbolt\n>p1 move psyshock\n>p2 move thunderbolt\n>p2 switch 6\n>p1 move psyshock\n>p2 move machpunch\n>p1 switch 6\n>p1 move bleakwindstorm\n>p2 move facade terastallize\n>p1 switch 5\n>p1 move dragondarts\n>p2 move knockoff\n>p2 switch 2\n>p1 switch 3\n>p2 move playrough\n>p1 move thunderwave terastallize\n>p2 move closecombat\n>p1 move ironhead\n>p2 move playrough\n>p1 move ironhead\n>p2 switch 5\n>p1 switch 4\n>p2 move earthquake\n>p1 move spore\n>p2 switch 5\n>p1 switch 4\n>p2 move playrough\n>p1 switch 4\n>p2 switch 5\n>p1 move stealthrock\n>p2 switch 5\n>p1 switch 4\n>p2 move playrough\n>p1 move bodypress\n>p2 switch 5\n>p1 switch 4\n>p2 move earthquake\n>p1 switch 2\n>p1 move knockoff\n>p2 move heavyslam\n>p1 switch 3\n>p1 move fireblast\n>p2 move earthquake\n>p1 move fireblast\n>p2 move earthquake\n>p1 switch 4\n>p1 move ironhead\n>p2 move heavyslam\n>p2 switch 3\n>p1 move bodypress\n>p2 move heavyslam\n>p1 move bodypress\n>p2 move rest\n>forcelose p2", "uploadtime": 1733892968, "views": 20, "formatid": "gen9randombattle", "rating": 1790, "private": 0, "password": null}