{"id": "gen9randombattle-2260614508", "format": "[Gen 9] Random Battle", "players": ["weesterfool", "Kilatas"], "log": "|j|\u2606weesterfool\n|j|\u2606Kilatas\n|t:|1733869467\n|gametype|singles\n|player|p1|weesterfool|harlequin|1330\n|player|p2|Kilatas|policeman|1290\n|teamsize|p1|6\n|teamsize|p2|6\n|gen|9\n|tier|[Gen 9] Random Battle\n|rated|\n|rule|Species Clause: Limit one of each Pok\u00e9mon\n|rule|HP Percentage Mod: HP is shown in percentages\n|rule|Sleep Clause Mod: Limit one foe put to sleep\n|rule|Illusion Level Mod: Illusion disguises the Pok\u00e9mon's true level\n|\n|t:|1733869467\n|start\n|switch|p1a: Hariyama|Hariyama, L87, F|392/392\n|switch|p2a: Jirachi|Jirachi, L80|291/291\n|turn|1\n|\n|t:|1733869480\n|switch|p2a: Deoxys|Deoxys-Speed, L82|216/216\n|-ability|p2a: Deoxys|Pressure\n|move|p1a: Hariyama|Knock Off|p2a: Deoxys\n|-supereffective|p2a: Deoxys\n|-damage|p2a: Deoxys|50/216\n|-enditem|p2a: Deoxys|Life Orb|[from] move: Knock Off|[of] p1a: Hariyama\n|\n|upkeep\n|turn|2\n|inactive|Battle timer is ON: inactive players will automatically lose when time's up. (requested by Kilatas)\n|inactive|weesterfool has 120 seconds left.\n|\n|t:|1733869517\n|move|p2a: Deoxys|Psycho Boost|p1a: Hariyama\n|-supereffective|p1a: Hariyama\n|-damage|p1a: Hariyama|162/392\n|-unboost|p2a: Deoxys|spa|2\n|move|p1a: Hariyama|Heavy Slam|p2a: Deoxys\n|-damage|p2a: Deoxys|0 fnt\n|faint|p2a: Deoxys\n|\n|upkeep\n|\n|t:|1733869525\n|switch|p2a: Heracross|Heracross, L80, F|259/259\n|turn|3\n|\n|t:|1733869543\n|move|p2a: Heracross|Trailblaze|p1a: Hariyama\n|-damage|p1a: Hariyama|106/392\n|-boost|p2a: Heracross|spe|1\n|move|p1a: Hariyama|Knock Off|p2a: Heracross\n|-resisted|p2a: Heracross\n|-crit|p2a: Heracross\n|-damage|p2a: Heracross|188/259\n|-enditem|p2a: Heracross|Flame Orb|[from] move: Knock Off|[of] p1a: Hariyama\n|\n|upkeep\n|turn|4\n|\n|t:|1733869550\n|move|p2a: Heracross|Knock Off|p1a: Hariyama\n|-resisted|p1a: Hariyama\n|-crit|p1a: Hariyama\n|-damage|p1a: Hariyama|35/392\n|-enditem|p1a: Hariyama|Assault Vest|[from] move: Knock Off|[of] p2a: Heracross\n|move|p1a: Hariyama|Stone Edge|p2a: Heracross\n|-damage|p2a: Heracross|92/259\n|\n|upkeep\n|turn|5\n|\n|t:|1733869560\n|move|p2a: Heracross|Trailblaze|p1a: Hariyama\n|-damage|p1a: Hariyama|0 fnt\n|-boost|p2a: Heracross|spe|1\n|faint|p1a: Hariyama\n|\n|upkeep\n|\n|t:|1733869583\n|switch|p1a: Torkoal|Torkoal, L88, M|266/266\n|-weather|SunnyDay|[from] ability: Drought|[of] p1a: Torkoal\n|turn|6\n|\n|t:|1733869592\n|move|p2a: Heracross|Close Combat|p1a: Torkoal\n|-damage|p1a: Torkoal|169/266\n|-unboost|p2a: Heracross|def|1\n|-unboost|p2a: Heracross|spd|1\n|move|p1a: Torkoal|Lava Plume|p2a: Heracross\n|-supereffective|p2a: Heracross\n|-damage|p2a: Heracross|0 fnt\n|faint|p2a: Heracross\n|\n|-weather|SunnyDay|[upkeep]\n|upkeep\n|\n|t:|1733869595\n|switch|p2a: Rhydon|Rhydon, L85, M|317/317\n|turn|7\n|\n|t:|1733869623\n|move|p2a: Rhydon|Earthquake|p1a: Torkoal\n|-supereffective|p1a: Torkoal\n|-damage|p1a: Torkoal|0 fnt\n|faint|p1a: Torkoal\n|\n|-weather|SunnyDay|[upkeep]\n|upkeep\n|\n|t:|1733869634\n|switch|p1a: Ursaring|Ursaring, L84, F|288/288\n|turn|8\n|\n|t:|1733869651\n|move|p1a: Ursaring|Swords Dance|p1a: Ursaring\n|-boost|p1a: Ursaring|atk|2\n|move|p2a: Rhydon|Stealth Rock|p1a: Ursaring\n|-sidestart|p1: weesterfool|move: Stealth Rock\n|\n|-weather|SunnyDay|[upkeep]\n|-status|p1a: Ursaring|tox|[from] item: Toxic Orb\n|upkeep\n|turn|9\n|\n|t:|1733869662\n|move|p1a: Ursaring|Swords Dance|p1a: Ursaring\n|-boost|p1a: Ursaring|atk|2\n|move|p2a: Rhydon|Earthquake|p1a: Ursaring\n|-damage|p1a: Ursaring|140/288 tox\n|\n|-weather|SunnyDay|[upkeep]\n|-damage|p1a: Ursaring|122/288 tox|[from] psn\n|upkeep\n|turn|10\n|\n|t:|1733869670\n|move|p1a: Ursaring|Close Combat|p2a: Rhydon\n|-supereffective|p2a: Rhydon\n|-damage|p2a: Rhydon|0 fnt\n|-unboost|p1a: Ursaring|def|1\n|-unboost|p1a: Ursaring|spd|1\n|faint|p2a: Rhydon\n|\n|-weather|none\n|-damage|p1a: Ursaring|86/288 tox|[from] psn\n|upkeep\n|\n|t:|1733869680\n|switch|p2a: Sandaconda|Sandaconda, L84, M|258/258\n|turn|11\n|\n|t:|1733869684\n|move|p1a: Ursaring|Facade|p2a: Sandaconda\n|-damage|p2a: Sandaconda|0 fnt\n|faint|p2a: Sandaconda\n|\n|-damage|p1a: Ursaring|32/288 tox|[from] psn\n|upkeep\n|\n|t:|1733869707\n|switch|p2a: Jirachi|Jirachi, L80|291/291\n|turn|12\n|\n|t:|1733869713\n|move|p2a: Jirachi|Protect|p2a: Jirachi\n|-singleturn|p2a: Jirachi|Protect\n|move|p1a: Ursaring|Crunch|p2a: Jirachi\n|-activate|p2a: Jirachi|move: Protect\n|\n|-damage|p1a: Ursaring|0 fnt|[from] psn\n|faint|p1a: Ursaring\n|upkeep\n|\n|t:|1733869729\n|switch|p1a: Infernape|Infernape, L82, M|259/259\n|-damage|p1a: Infernape|227/259|[from] Stealth Rock\n|turn|13\n|\n|t:|1733869737\n|switch|p2a: Suicune|Suicune, L82|298/298\n|-ability|p2a: Suicune|Pressure\n|move|p1a: Infernape|Flare Blitz|p2a: Suicune\n|-resisted|p2a: Suicune\n|-damage|p2a: Suicune|216/298\n|-damage|p1a: Infernape|200/259|[from] Recoil\n|\n|-heal|p2a: Suicune|234/298|[from] item: Leftovers\n|upkeep\n|turn|14\n|\n|t:|1733869741\n|switch|p1a: Iron Bundle|Iron Bundle, L77|213/213\n|-damage|p1a: Iron Bundle|160/213|[from] Stealth Rock\n|move|p2a: Suicune|Scald|p1a: Iron Bundle\n|-resisted|p1a: Iron Bundle\n|-damage|p1a: Iron Bundle|101/213\n|-status|p1a: Iron Bundle|brn\n|\n|-heal|p2a: Suicune|252/298|[from] item: Leftovers\n|-damage|p1a: Iron Bundle|88/213 brn|[from] brn\n|upkeep\n|turn|15\n|\n|t:|1733869763\n|move|p1a: Iron Bundle|Freeze-Dry|p2a: Suicune\n|-supereffective|p2a: Suicune\n|-damage|p2a: Suicune|52/298\n|-status|p2a: Suicune|frz\n|-curestatus|p2a: Suicune|frz|[msg]\n|move|p2a: Suicune|Substitute|p2a: Suicune\n|-fail|p2a: Suicune|move: Substitute|[weak]\n|\n|-heal|p2a: Suicune|70/298|[from] item: Leftovers\n|-damage|p1a: Iron Bundle|75/213 brn|[from] brn\n|upkeep\n|turn|16\n|\n|t:|1733869771\n|move|p2a: Suicune|Protect|p2a: Suicune\n|-singleturn|p2a: Suicune|Protect\n|move|p1a: Iron Bundle|Freeze-Dry|p2a: Suicune\n|-activate|p2a: Suicune|move: Protect\n|\n|-heal|p2a: Suicune|88/298|[from] item: Leftovers\n|-damage|p1a: Iron Bundle|62/213 brn|[from] brn\n|upkeep\n|turn|17\n|\n|t:|1733869781\n|move|p1a: Iron Bundle|Freeze-Dry|p2a: Suicune\n|-supereffective|p2a: Suicune\n|-damage|p2a: Suicune|0 fnt\n|faint|p2a: Suicune\n|\n|-damage|p1a: Iron Bundle|49/213 brn|[from] brn\n|upkeep\n|\n|t:|1733869782\n|switch|p2a: Jirachi|Jirachi, L80|291/291\n|turn|18\n|\n|t:|1733869810\n|move|p1a: Iron Bundle|Freeze-Dry|p2a: Jirachi\n|-resisted|p2a: Jirachi\n|-damage|p2a: Jirachi|239/291\n|move|p2a: Jirachi|Iron Head|p1a: Iron Bundle\n|-damage|p1a: Iron Bundle|0 fnt\n|faint|p1a: Iron Bundle\n|-end|p1a: Iron Bundle|Quark Drive|[silent]\n|\n|-heal|p2a: Jirachi|257/291|[from] item: Leftovers\n|upkeep\n|\n|t:|1733869830\n|switch|p1a: Regirock|Regirock, L83|268/268\n|-damage|p1a: Regirock|235/268|[from] Stealth Rock\n|turn|19\n|\n|t:|1733869837\n|move|p2a: Jirachi|Iron Head|p1a: Regirock\n|-supereffective|p1a: Regirock\n|-damage|p1a: Regirock|151/268\n|cant|p1a: Regirock|flinch\n|\n|-heal|p2a: Jirachi|275/291|[from] item: Leftovers\n|-heal|p1a: Regirock|167/268|[from] item: Leftovers\n|upkeep\n|turn|20\n|\n|t:|1733869843\n|-terastallize|p1a: Regirock|Fighting\n|move|p2a: Jirachi|Iron Head|p1a: Regirock\n|-damage|p1a: Regirock|124/268\n|cant|p1a: Regirock|flinch\n|\n|-heal|p2a: Jirachi|291/291|[from] item: Leftovers\n|-heal|p1a: Regirock|140/268|[from] item: Leftovers\n|upkeep\n|turn|21\n|\n|t:|1733869849\n|-terastallize|p2a: Jirachi|Water\n|move|p2a: Jirachi|Iron Head|p1a: Regirock\n|-damage|p1a: Regirock|95/268\n|cant|p1a: Regirock|flinch\n|\n|-heal|p1a: Regirock|111/268|[from] item: Leftovers\n|upkeep\n|turn|22\n|\n|t:|1733869857\n|move|p2a: Jirachi|Iron Head|p1a: Regirock\n|-damage|p1a: Regirock|69/268\n|cant|p1a: Regirock|flinch\n|\n|-heal|p1a: Regirock|85/268|[from] item: Leftovers\n|upkeep\n|turn|23\n|\n|t:|1733869864\n|move|p2a: Jirachi|Iron Head|p1a: Regirock\n|-damage|p1a: Regirock|46/268\n|cant|p1a: Regirock|flinch\n|\n|-heal|p1a: Regirock|62/268|[from] item: Leftovers\n|upkeep\n|turn|24\n|\n|t:|1733869875\n|move|p2a: Jirachi|Iron Head|p1a: Regirock\n|-damage|p1a: Regirock|19/268\n|cant|p1a: Regirock|flinch\n|\n|-heal|p1a: Regirock|35/268|[from] item: Leftovers\n|upkeep\n|turn|25\n|-message|weesterfool forfeited.\n|\n|win|Kilatas\n|raw|weesterfool's rating: 1330 &rarr; <strong>1308</strong><br />(-22 for losing)\n|raw|Kilatas's rating: 1290 &rarr; <strong>1318</strong><br />(+28 for winning)\n|l|\u2606weesterfool\n|player|p1|\n", "inputlog": ">version bfd83cad13791eb5a5a409923076391caf6fb4d4\n>start {\"formatid\":\"gen9randombattle\",\"seed\":[8184,13441,41909,30316],\"rated\":\"Rated battle\"}\n>player p1 {\"name\":\"weesterfool\",\"avatar\":\"harlequin\",\"rating\":1330,\"seed\":[52837,50969,51045,12011]}\n>player p2 {\"name\":\"Kilatas\",\"avatar\":\"policeman\",\"rating\":1290,\"seed\":[4062,31959,11099,30289]}\n>p1 move knockoff\n>p2 switch 3\n>p1 move heavyslam\n>p2 move psychoboost\n>p2 switch 4\n>p1 move knockoff\n>p2 move trailblaze\n>p1 move stoneedge\n>p2 move knockoff\n>p1 move stoneedge\n>p2 move trailblaze\n>p1 switch 5\n>p1 move lavaplume\n>p2 move closecombat\n>p2 switch 2\n>p1 move solarbeam\n>p2 move earthquake\n>p1 switch 2\n>p1 move swordsdance\n>p2 move stealthrock\n>p1 move swordsdance\n>p2 move earthquake\n>p1 move closecombat\n>p2 move earthquake\n>p2 switch 6\n>p1 move facade\n>p2 move earthquake\n>p2 switch 3\n>p1 move crunch\n>p2 move protect\n>p1 switch 4\n>p1 move flareblitz\n>p2 switch 5\n>p1 switch 3\n>p2 move scald\n>p1 move freezedry\n>p2 move substitute\n>p1 move freezedry\n>p2 move protect\n>p1 move freezedry\n>p2 move scald\n>p2 switch 5\n>p1 move freezedry\n>p2 move ironhead\n>p1 switch 6\n>p1 move bodypress\n>p2 move ironhead\n>p1 move bodypress terastallize\n>p2 move ironhead\n>p1 move bodypress\n>p2 move ironhead terastallize\n>p1 move bodypress\n>p2 move ironhead\n>p1 move bodypress\n>p2 move ironhead\n>p1 move thunderwave\n>p2 move ironhead\n>forcelose p1", "uploadtime": 1733869887, "views": 1, "formatid": "gen9randombattle", "rating": 1308, "private": 0, "password": null}