{"id": "gen9randombattle-2216369529", "format": "[Gen 9] Random Battle", "players": ["FrankRayquaza", "Teres bahji"], "log": "|badge|p2|bronze|gen9randombattle|100-3\n|uhtml|medal-msg|<div class=\"broadcast-blue\">Curious what those medals under the avatar are? PS now has Ladder Seasons! For more information, check out the <a href=\"https://www.smogon.com/forums/threads/3740067/\">thread on Smogon.</a></div>\n|j|\u2606FrankRayquaza\n|j|\u2606Teres bahji\n|t:|1728120409\n|gametype|singles\n|player|p1|FrankRayquaza|265|2234\n|player|p2|Teres bahji|#rbtt7teamrayquazaf|2290\n|teamsize|p1|6\n|teamsize|p2|6\n|gen|9\n|tier|[Gen 9] Random Battle\n|rated|\n|rule|Species Clause: Limit one of each Pok\u00e9mon\n|rule|HP Percentage Mod: HP is shown in percentages\n|rule|Sleep Clause Mod: Limit one foe put to sleep\n|rule|Illusion Level Mod: Illusion disguises the Pok\u00e9mon's true level\n|\n|t:|1728120409\n|start\n|switch|p1a: Stonjourner|Stonjourner, L91, M|330/330\n|switch|p2a: Forretress|Forretress, L84, M|263/263\n|turn|1\n|\n|t:|1728120418\n|move|p1a: Stonjourner|Heat Crash|p2a: Forretress\n|-supereffective|p2a: Forretress\n|-ability|p2a: Forretress|Sturdy\n|-damage|p2a: Forretress|1/263\n|-damage|p1a: Stonjourner|297/330|[from] item: Life Orb\n|move|p2a: Forretress|Stealth Rock|p1a: Stonjourner\n|-sidestart|p1: FrankRayquaza|move: Stealth Rock\n|\n|-heal|p2a: Forretress|17/263|[from] item: Leftovers\n|upkeep\n|turn|2\n|inactive|Battle timer is ON: inactive players will automatically lose when time's up. (requested by Teres bahji)\n|\n|t:|1728120427\n|move|p1a: Stonjourner|Earthquake|p2a: Forretress\n|-damage|p2a: Forretress|0 fnt\n|faint|p2a: Forretress\n|-damage|p1a: Stonjourner|264/330|[from] item: Life Orb\n|\n|upkeep\n|\n|t:|1728120431\n|switch|p2a: Passimian|Passimian, L83, F|302/302\n|turn|3\n|\n|t:|1728120441\n|switch|p1a: Luvdisc|Luvdisc, M|247/247\n|move|p2a: Passimian|Bulk Up|p2a: Passimian\n|-boost|p2a: Passimian|atk|1\n|-boost|p2a: Passimian|def|1\n|\n|upkeep\n|turn|4\n|\n|t:|1728120447\n|move|p1a: Luvdisc|Substitute|p1a: Luvdisc\n|-start|p1a: Luvdisc|Substitute\n|-damage|p1a: Luvdisc|186/247\n|move|p2a: Passimian|Drain Punch|p1a: Luvdisc\n|-end|p1a: Luvdisc|Substitute\n|\n|upkeep\n|turn|5\n|\n|t:|1728120453\n|move|p1a: Luvdisc|Substitute|p1a: Luvdisc\n|-start|p1a: Luvdisc|Substitute\n|-damage|p1a: Luvdisc|125/247\n|move|p2a: Passimian|Drain Punch|p1a: Luvdisc\n|-end|p1a: Luvdisc|Substitute\n|\n|upkeep\n|turn|6\n|\n|t:|1728120455\n|move|p1a: Luvdisc|Substitute|p1a: Luvdisc\n|-start|p1a: Luvdisc|Substitute\n|-damage|p1a: Luvdisc|64/247\n|move|p2a: Passimian|Drain Punch|p1a: Luvdisc\n|-end|p1a: Luvdisc|Substitute\n|\n|upkeep\n|turn|7\n|\n|t:|1728120457\n|move|p1a: Luvdisc|Substitute|p1a: Luvdisc\n|-start|p1a: Luvdisc|Substitute\n|-damage|p1a: Luvdisc|3/247\n|move|p2a: Passimian|Drain Punch|p1a: Luvdisc\n|-end|p1a: Luvdisc|Substitute\n|\n|upkeep\n|turn|8\n|\n|t:|1728120460\n|switch|p2a: Calyrex|Calyrex-Shadow, L64|235/235\n|-ability|p2a: Calyrex|As One\n|-ability|p2a: Calyrex|Unnerve\n|move|p1a: Luvdisc|Endeavor|p2a: Calyrex\n|-immune|p2a: Calyrex\n|\n|upkeep\n|turn|9\n|inactive|FrankRayquaza has 120 seconds left.\n|\n|t:|1728120493\n|switch|p1a: Dusknoir|Dusknoir, L89, F|225/225\n|-damage|p1a: Dusknoir|197/225|[from] Stealth Rock\n|-item|p2a: Calyrex|Life Orb|[from] ability: Frisk|[of] p1a: Dusknoir\n|move|p2a: Calyrex|Nasty Plot|p2a: Calyrex\n|-boost|p2a: Calyrex|spa|2\n|\n|-heal|p1a: Dusknoir|211/225|[from] item: Leftovers\n|upkeep\n|turn|10\n|\n|t:|1728120507\n|move|p1a: Dusknoir|Shadow Sneak|p2a: Calyrex\n|-supereffective|p2a: Calyrex\n|-crit|p2a: Calyrex\n|-damage|p2a: Calyrex|0 fnt\n|faint|p2a: Calyrex\n|\n|-heal|p1a: Dusknoir|225/225|[from] item: Leftovers\n|upkeep\n|\n|t:|1728120513\n|switch|p2a: Blastoise|Blastoise, L80, F|258/258\n|turn|11\n|inactive|FrankRayquaza has 120 seconds left.\n|\n|t:|1728120538\n|move|p2a: Blastoise|Shell Smash|p2a: Blastoise\n|-unboost|p2a: Blastoise|def|1\n|-unboost|p2a: Blastoise|spd|1\n|-boost|p2a: Blastoise|atk|2\n|-boost|p2a: Blastoise|spa|2\n|-boost|p2a: Blastoise|spe|2\n|-enditem|p2a: Blastoise|White Herb\n|-clearnegativeboost|p2a: Blastoise|[silent]\n|move|p1a: Dusknoir|Will-O-Wisp|p2a: Blastoise|[miss]\n|-miss|p1a: Dusknoir|p2a: Blastoise\n|\n|upkeep\n|turn|12\n|\n|t:|1728120549\n|move|p2a: Blastoise|Shell Smash|p2a: Blastoise\n|-unboost|p2a: Blastoise|def|1\n|-unboost|p2a: Blastoise|spd|1\n|-boost|p2a: Blastoise|atk|2\n|-boost|p2a: Blastoise|spa|2\n|-boost|p2a: Blastoise|spe|2\n|move|p1a: Dusknoir|Earthquake|p2a: Blastoise\n|-damage|p2a: Blastoise|145/258\n|\n|upkeep\n|turn|13\n|\n|t:|1728120558\n|move|p1a: Dusknoir|Shadow Sneak|p2a: Blastoise\n|-damage|p2a: Blastoise|75/258\n|move|p2a: Blastoise|Hydro Pump|p1a: Dusknoir\n|-damage|p1a: Dusknoir|0 fnt\n|faint|p1a: Dusknoir\n|\n|upkeep\n|\n|t:|1728120568\n|switch|p1a: Tentacruel|Tentacruel, L84, F|272/272\n|-damage|p1a: Tentacruel|238/272|[from] Stealth Rock\n|turn|14\n|\n|t:|1728120579\n|-terastallize|p1a: Tentacruel|Flying\n|move|p2a: Blastoise|Ice Beam|p1a: Tentacruel\n|-supereffective|p1a: Tentacruel\n|-damage|p1a: Tentacruel|6/272\n|move|p1a: Tentacruel|Sludge Bomb|p2a: Blastoise\n|-damage|p2a: Blastoise|0 fnt\n|faint|p2a: Blastoise\n|\n|-heal|p1a: Tentacruel|23/272|[from] item: Leftovers\n|upkeep\n|\n|t:|1728120589\n|switch|p2a: Scream Tail|Scream Tail, L84|330/330\n|turn|15\n|\n|t:|1728120604\n|switch|p1a: Eiscue|Eiscue, L88, M|272/272\n|-damage|p1a: Eiscue|204/272|[from] Stealth Rock\n|move|p2a: Scream Tail|Dazzling Gleam|p1a: Eiscue\n|-damage|p1a: Eiscue|143/272\n|\n|upkeep\n|turn|16\n|\n|t:|1728120613\n|move|p2a: Scream Tail|Dazzling Gleam|p1a: Eiscue\n|-damage|p1a: Eiscue|77/272\n|move|p1a: Eiscue|Ice Spinner|p2a: Scream Tail\n|-damage|p2a: Scream Tail|252/330\n|\n|-heal|p2a: Scream Tail|272/330|[from] item: Leftovers\n|upkeep\n|turn|17\n|\n|t:|1728120619\n|move|p2a: Scream Tail|Thunder Wave|p1a: Eiscue\n|-status|p1a: Eiscue|par\n|move|p1a: Eiscue|Ice Spinner|p2a: Scream Tail\n|-damage|p2a: Scream Tail|202/330\n|\n|-heal|p2a: Scream Tail|222/330|[from] item: Leftovers\n|upkeep\n|turn|18\n|\n|t:|1728120623\n|move|p2a: Scream Tail|Wish|p2a: Scream Tail\n|move|p1a: Eiscue|Ice Spinner|p2a: Scream Tail\n|-damage|p2a: Scream Tail|153/330\n|\n|-heal|p2a: Scream Tail|173/330|[from] item: Leftovers\n|upkeep\n|turn|19\n|\n|t:|1728120627\n|move|p2a: Scream Tail|Dazzling Gleam|p1a: Eiscue\n|-damage|p1a: Eiscue|17/272 par\n|-enditem|p1a: Eiscue|Salac Berry|[eat]\n|-boost|p1a: Eiscue|spe|1|[from] item: Salac Berry\n|move|p1a: Eiscue|Ice Spinner|p2a: Scream Tail\n|-damage|p2a: Scream Tail|92/330\n|\n|-heal|p2a: Scream Tail|257/330|[from] move: Wish|[wisher] Scream Tail\n|-heal|p2a: Scream Tail|277/330|[from] item: Leftovers\n|upkeep\n|turn|20\n|\n|t:|1728120631\n|move|p2a: Scream Tail|Wish|p2a: Scream Tail\n|move|p1a: Eiscue|Ice Spinner|p2a: Scream Tail\n|-damage|p2a: Scream Tail|199/330\n|\n|-heal|p2a: Scream Tail|219/330|[from] item: Leftovers\n|upkeep\n|turn|21\n|\n|t:|1728120634\n|move|p2a: Scream Tail|Dazzling Gleam|p1a: Eiscue\n|-damage|p1a: Eiscue|0 fnt\n|faint|p1a: Eiscue\n|\n|-heal|p2a: Scream Tail|330/330|[from] move: Wish|[wisher] Scream Tail\n|upkeep\n|\n|t:|1728120646\n|switch|p1a: Luvdisc|Luvdisc, M|3/247\n|turn|22\n|\n|t:|1728120654\n|move|p1a: Luvdisc|Endeavor|p2a: Scream Tail\n|-damage|p2a: Scream Tail|3/330\n|move|p2a: Scream Tail|Dazzling Gleam|p1a: Luvdisc\n|-damage|p1a: Luvdisc|0 fnt\n|faint|p1a: Luvdisc\n|\n|-heal|p2a: Scream Tail|23/330|[from] item: Leftovers\n|upkeep\n|\n|t:|1728120663\n|switch|p1a: Garganacl|Garganacl, L80, F|291/291\n|-damage|p1a: Garganacl|255/291|[from] Stealth Rock\n|turn|23\n|\n|t:|1728120670\n|move|p2a: Scream Tail|Dazzling Gleam|p1a: Garganacl\n|-damage|p1a: Garganacl|188/291\n|move|p1a: Garganacl|Salt Cure|p2a: Scream Tail\n|-damage|p2a: Scream Tail|0 fnt\n|faint|p2a: Scream Tail\n|-end|p2a: Scream Tail|Protosynthesis|[silent]\n|\n|-heal|p1a: Garganacl|206/291|[from] item: Leftovers\n|upkeep\n|\n|t:|1728120672\n|switch|p2a: Passimian|Passimian, L83, F|302/302\n|turn|24\n|\n|t:|1728120676\n|move|p2a: Passimian|Bulk Up|p2a: Passimian\n|-boost|p2a: Passimian|atk|1\n|-boost|p2a: Passimian|def|1\n|move|p1a: Garganacl|Salt Cure|p2a: Passimian\n|-resisted|p2a: Passimian\n|-damage|p2a: Passimian|289/302\n|-start|p2a: Passimian|Salt Cure\n|\n|-heal|p2a: Passimian|302/302|[from] item: Leftovers\n|-heal|p1a: Garganacl|224/291|[from] item: Leftovers\n|-damage|p2a: Passimian|265/302|[from] Salt Cure\n|upkeep\n|turn|25\n|\n|t:|1728120681\n|move|p1a: Garganacl|Protect|p1a: Garganacl\n|-singleturn|p1a: Garganacl|Protect\n|move|p2a: Passimian|Drain Punch|p1a: Garganacl\n|-activate|p1a: Garganacl|move: Protect\n|\n|-heal|p2a: Passimian|283/302|[from] item: Leftovers\n|-heal|p1a: Garganacl|242/291|[from] item: Leftovers\n|-damage|p2a: Passimian|246/302|[from] Salt Cure\n|upkeep\n|turn|26\n|\n|t:|1728120685\n|move|p2a: Passimian|Drain Punch|p1a: Garganacl\n|-supereffective|p1a: Garganacl\n|-damage|p1a: Garganacl|30/291\n|-heal|p2a: Passimian|302/302|[from] drain|[of] p1a: Garganacl\n|move|p1a: Garganacl|Body Press|p2a: Passimian\n|-crit|p2a: Passimian\n|-damage|p2a: Passimian|211/302\n|\n|-heal|p2a: Passimian|229/302|[from] item: Leftovers\n|-heal|p1a: Garganacl|48/291|[from] item: Leftovers\n|-damage|p2a: Passimian|192/302|[from] Salt Cure\n|upkeep\n|turn|27\n|\n|t:|1728120695\n|switch|p2a: Coalossal|Coalossal, L89, M|341/341\n|move|p1a: Garganacl|Body Press|p2a: Coalossal\n|-supereffective|p2a: Coalossal\n|-damage|p2a: Coalossal|237/341\n|\n|-heal|p1a: Garganacl|66/291|[from] item: Leftovers\n|upkeep\n|turn|28\n|\n|t:|1728120705\n|switch|p2a: Passimian|Passimian, L83, F|192/302\n|move|p1a: Garganacl|Protect||[still]\n|-fail|p1a: Garganacl\n|\n|-heal|p2a: Passimian|210/302|[from] item: Leftovers\n|-heal|p1a: Garganacl|84/291|[from] item: Leftovers\n|upkeep\n|turn|29\n|\n|t:|1728120709\n|move|p2a: Passimian|Drain Punch|p1a: Garganacl\n|-supereffective|p1a: Garganacl\n|-damage|p1a: Garganacl|0 fnt\n|-heal|p2a: Passimian|252/302|[from] drain|[of] p1a: Garganacl\n|faint|p1a: Garganacl\n|\n|-heal|p2a: Passimian|270/302|[from] item: Leftovers\n|upkeep\n|\n|t:|1728120711\n|switch|p1a: Tentacruel|Tentacruel, L84, F, tera:Flying|23/272\n|-damage|p1a: Tentacruel|0 fnt|[from] Stealth Rock\n|faint|p1a: Tentacruel\n|\n|t:|1728120712\n|switch|p1a: Stonjourner|Stonjourner, L91, M|264/330\n|-damage|p1a: Stonjourner|223/330|[from] Stealth Rock\n|turn|30\n|\n|t:|1728120718\n|move|p2a: Passimian|Bulk Up|p2a: Passimian\n|-boost|p2a: Passimian|atk|1\n|-boost|p2a: Passimian|def|1\n|move|p1a: Stonjourner|Heat Crash|p2a: Passimian\n|-damage|p2a: Passimian|174/302\n|-damage|p1a: Stonjourner|190/330|[from] item: Life Orb\n|\n|-heal|p2a: Passimian|192/302|[from] item: Leftovers\n|upkeep\n|turn|31\n|\n|t:|1728120720\n|move|p2a: Passimian|Drain Punch|p1a: Stonjourner\n|-supereffective|p1a: Stonjourner\n|-damage|p1a: Stonjourner|4/330\n|-heal|p2a: Passimian|285/302|[from] drain|[of] p1a: Stonjourner\n|move|p1a: Stonjourner|Heat Crash|p2a: Passimian\n|-damage|p2a: Passimian|172/302\n|-damage|p1a: Stonjourner|0 fnt|[from] item: Life Orb\n|faint|p1a: Stonjourner\n|\n|win|Teres bahji\n|raw|FrankRayquaza's rating: 2234 &rarr; <strong>2217</strong><br />(-17 for losing)\n|raw|Teres bahji's rating: 2290 &rarr; <strong>2307</strong><br />(+17 for winning)\n|l|\u2606FrankRayquaza\n|player|p1|\n", "inputlog": ">version 86ae7daf8e420bb3f6c82a6a988ddcc1b1aa7e58\n>start {\"formatid\":\"gen9randombattle\",\"seed\":[53815,52289,33615,59653],\"rated\":\"Rated battle\"}\n>player p1 {\"name\":\"FrankRayquaza\",\"avatar\":\"265\",\"rating\":2234,\"seed\":[42038,63471,187,2148]}\n>player p2 {\"name\":\"Teres bahji\",\"avatar\":\"#rbtt7teamrayquazaf\",\"rating\":2290,\"seed\":[42645,34591,45029,3994]}\n>p1 move heatcrash\n>p2 move stealthrock\n>p1 move earthquake\n>p2 move spikes\n>p2 switch 6\n>p1 switch 4\n>p2 move bulkup\n>p1 move substitute\n>p2 move drainpunch\n>p1 move substitute\n>p2 move drainpunch\n>p1 move substitute\n>p2 move drainpunch\n>p1 move substitute\n>p2 move drainpunch\n>p1 move endeavor\n>p2 switch 4\n>p1 switch 5\n>p2 move nastyplot\n>p1 move shadowsneak\n>p2 move astralbarrage\n>p2 switch 5\n>p1 move willowisp\n>p2 move shellsmash\n>p1 move earthquake\n>p2 move shellsmash\n>p1 move shadowsneak\n>p2 move hydropump\n>p1 switch 6\n>p1 move sludgebomb terastallize\n>p2 move icebeam\n>p2 switch 3\n>p1 switch 3\n>p2 move dazzlinggleam\n>p1 move icespinner\n>p2 move dazzlinggleam\n>p1 move icespinner\n>p2 move thunderwave\n>p1 move icespinner\n>p2 move wish\n>p1 move icespinner\n>p2 move dazzlinggleam\n>p1 move icespinner\n>p2 move wish\n>p1 move icespinner\n>p2 move dazzlinggleam\n>p1 switch 5\n>p1 move endeavor\n>p2 move dazzlinggleam\n>p1 switch 2\n>p1 move saltcure\n>p2 move dazzlinggleam\n>p2 switch 4\n>p1 move saltcure\n>p2 move bulkup\n>p1 move protect\n>p2 move drainpunch\n>p1 move bodypress\n>p2 move drainpunch\n>p1 move bodypress\n>p2 switch 2\n>p1 move protect\n>p2 switch 2\n>p1 move saltcure\n>p2 move drainpunch\n>p1 switch 3\n>p1 switch 4\n>p1 move heatcrash\n>p2 move bulkup\n>p1 move heatcrash\n>p2 move drainpunch", "uploadtime": 1728120728, "views": 68, "formatid": "gen9randombattle", "rating": 2217, "private": 0, "password": null}