{"id": "gen9randombattle-2260804346", "format": "[Gen 9] Random Battle", "players": ["dejsejjde", "ddancersinc."], "log": "|j|\u2606dejsejjde\n|j|\u2606ddancersinc.\n|t:|1733894977\n|gametype|singles\n|player|p1|dejsejjde|1|1095\n|player|p2|ddancersinc.|101|1112\n|teamsize|p1|6\n|teamsize|p2|6\n|gen|9\n|tier|[Gen 9] Random Battle\n|rated|\n|rule|Species Clause: Limit one of each Pok\u00e9mon\n|rule|HP Percentage Mod: HP is shown in percentages\n|rule|Sleep Clause Mod: Limit one foe put to sleep\n|rule|Illusion Level Mod: Illusion disguises the Pok\u00e9mon's true level\n|\n|t:|1733894977\n|start\n|switch|p1a: Iron Hands|Iron Hands, L79|373/373\n|switch|p2a: Drifblim|Drifblim, L86, F|398/398\n|turn|1\n|inactive|Battle timer is ON: inactive players will automatically lose when time's up. (requested by ddancersinc.)\n|\n|t:|1733894989\n|move|p2a: Drifblim|Strength Sap|p1a: Iron Hands\n|-unboost|p1a: Iron Hands|atk|1\n|move|p1a: Iron Hands|Swords Dance|p1a: Iron Hands\n|-boost|p1a: Iron Hands|atk|2\n|\n|upkeep\n|turn|2\n|\n|t:|1733894998\n|move|p2a: Drifblim|Air Slash|p1a: Iron Hands\n|-damage|p1a: Iron Hands|273/373\n|move|p1a: Iron Hands|Wild Charge|p2a: Drifblim\n|-supereffective|p2a: Drifblim\n|-damage|p2a: Drifblim|0 fnt\n|-damage|p1a: Iron Hands|180/373|[from] ability: Aftermath|[of] p2a: Drifblim\n|faint|p2a: Drifblim\n|-damage|p1a: Iron Hands|80/373|[from] Recoil\n|\n|-heal|p1a: Iron Hands|103/373|[from] item: Leftovers\n|upkeep\n|\n|t:|1733895004\n|switch|p2a: Garganacl|Garganacl, L80, F|291/291\n|turn|3\n|\n|t:|1733895019\n|move|p1a: Iron Hands|Drain Punch|p2a: Garganacl\n|-supereffective|p2a: Garganacl\n|-damage|p2a: Garganacl|91/291\n|-heal|p1a: Iron Hands|203/373|[from] drain|[of] p2a: Garganacl\n|move|p2a: Garganacl|Iron Defense|p2a: Garganacl\n|-boost|p2a: Garganacl|def|2\n|\n|-heal|p1a: Iron Hands|226/373|[from] item: Leftovers\n|-heal|p2a: Garganacl|109/291|[from] item: Leftovers\n|upkeep\n|turn|4\n|\n|t:|1733895027\n|move|p1a: Iron Hands|Drain Punch|p2a: Garganacl\n|-supereffective|p2a: Garganacl\n|-damage|p2a: Garganacl|1/291\n|-heal|p1a: Iron Hands|280/373|[from] drain|[of] p2a: Garganacl\n|move|p2a: Garganacl|Recover|p2a: Garganacl\n|-heal|p2a: Garganacl|147/291\n|\n|-heal|p1a: Iron Hands|303/373|[from] item: Leftovers\n|-heal|p2a: Garganacl|165/291|[from] item: Leftovers\n|upkeep\n|turn|5\n|\n|t:|1733895038\n|move|p1a: Iron Hands|Swords Dance|p1a: Iron Hands\n|-boost|p1a: Iron Hands|atk|2\n|move|p2a: Garganacl|Recover|p2a: Garganacl\n|-heal|p2a: Garganacl|291/291\n|\n|-heal|p1a: Iron Hands|326/373|[from] item: Leftovers\n|upkeep\n|turn|6\n|\n|t:|1733895049\n|move|p1a: Iron Hands|Drain Punch|p2a: Garganacl\n|-supereffective|p2a: Garganacl\n|-damage|p2a: Garganacl|117/291\n|-heal|p1a: Iron Hands|373/373|[from] drain|[of] p2a: Garganacl\n|move|p2a: Garganacl|Iron Defense|p2a: Garganacl\n|-boost|p2a: Garganacl|def|2\n|\n|-heal|p2a: Garganacl|135/291|[from] item: Leftovers\n|upkeep\n|turn|7\n|\n|t:|1733895056\n|move|p1a: Iron Hands|Swords Dance|p1a: Iron Hands\n|-boost|p1a: Iron Hands|atk|2\n|move|p2a: Garganacl|Recover|p2a: Garganacl\n|-heal|p2a: Garganacl|281/291\n|\n|-heal|p2a: Garganacl|291/291|[from] item: Leftovers\n|upkeep\n|turn|8\n|\n|t:|1733895065\n|move|p1a: Iron Hands|Drain Punch|p2a: Garganacl\n|-supereffective|p2a: Garganacl\n|-damage|p2a: Garganacl|105/291\n|move|p2a: Garganacl|Iron Defense|p2a: Garganacl\n|-boost|p2a: Garganacl|def|2\n|\n|-heal|p2a: Garganacl|123/291|[from] item: Leftovers\n|upkeep\n|turn|9\n|\n|t:|1733895072\n|-terastallize|p2a: Garganacl|Dragon\n|move|p1a: Iron Hands|Drain Punch|p2a: Garganacl\n|-damage|p2a: Garganacl|54/291\n|move|p2a: Garganacl|Recover|p2a: Garganacl\n|-heal|p2a: Garganacl|200/291\n|\n|-heal|p2a: Garganacl|218/291|[from] item: Leftovers\n|upkeep\n|turn|10\n|\n|t:|1733895083\n|move|p1a: Iron Hands|Ice Punch|p2a: Garganacl\n|-supereffective|p2a: Garganacl\n|-damage|p2a: Garganacl|128/291\n|move|p2a: Garganacl|Salt Cure|p1a: Iron Hands\n|-resisted|p1a: Iron Hands\n|-damage|p1a: Iron Hands|354/373\n|-start|p1a: Iron Hands|Salt Cure\n|\n|-heal|p1a: Iron Hands|373/373|[from] item: Leftovers\n|-heal|p2a: Garganacl|146/291|[from] item: Leftovers\n|-damage|p1a: Iron Hands|327/373|[from] Salt Cure\n|upkeep\n|turn|11\n|\n|t:|1733895100\n|move|p1a: Iron Hands|Drain Punch|p2a: Garganacl\n|-damage|p2a: Garganacl|79/291\n|-heal|p1a: Iron Hands|361/373|[from] drain|[of] p2a: Garganacl\n|move|p2a: Garganacl|Recover|p2a: Garganacl\n|-heal|p2a: Garganacl|225/291\n|\n|-heal|p1a: Iron Hands|373/373|[from] item: Leftovers\n|-heal|p2a: Garganacl|243/291|[from] item: Leftovers\n|-damage|p1a: Iron Hands|327/373|[from] Salt Cure\n|upkeep\n|turn|12\n|\n|t:|1733895107\n|move|p1a: Iron Hands|Ice Punch|p2a: Garganacl\n|-supereffective|p2a: Garganacl\n|-damage|p2a: Garganacl|161/291\n|move|p2a: Garganacl|Body Press|p1a: Iron Hands\n|-damage|p1a: Iron Hands|101/373\n|\n|-heal|p1a: Iron Hands|124/373|[from] item: Leftovers\n|-heal|p2a: Garganacl|179/291|[from] item: Leftovers\n|-damage|p1a: Iron Hands|78/373|[from] Salt Cure\n|upkeep\n|turn|13\n|\n|t:|1733895118\n|move|p1a: Iron Hands|Ice Punch|p2a: Garganacl\n|-supereffective|p2a: Garganacl\n|-damage|p2a: Garganacl|97/291\n|move|p2a: Garganacl|Body Press|p1a: Iron Hands\n|-damage|p1a: Iron Hands|0 fnt\n|faint|p1a: Iron Hands\n|-end|p1a: Iron Hands|Quark Drive|[silent]\n|\n|-heal|p2a: Garganacl|115/291|[from] item: Leftovers\n|upkeep\n|\n|t:|1733895122\n|switch|p1a: Walking Wake|Walking Wake, L79|286/286\n|turn|14\n|\n|t:|1733895129\n|move|p1a: Walking Wake|Draco Meteor|p2a: Garganacl\n|-supereffective|p2a: Garganacl\n|-damage|p2a: Garganacl|0 fnt\n|-unboost|p1a: Walking Wake|spa|2\n|faint|p2a: Garganacl\n|\n|upkeep\n|\n|t:|1733895137\n|switch|p2a: Grafaiai|Grafaiai, L86, M|249/249\n|turn|15\n|l|\u2606ddancersinc.\n|inactive|ddancersinc. disconnected and has a minute to reconnect!\n|player|p2|\n|inactive|ddancersinc. has 30 seconds to reconnect!\n|inactive|ddancersinc. has 20 seconds to reconnect!\n|inactive|ddancersinc. has 15 seconds to reconnect!\n|inactive|ddancersinc. has 10 seconds to reconnect!\n|inactive|ddancersinc. has 5 seconds to reconnect!\n|-message|ddancersinc. lost due to inactivity.\n|\n|win|dejsejjde\n|raw|dejsejjde's rating: 1118 &rarr; <strong>1143</strong><br />(+25 for winning)\n|raw|ddancersinc.'s rating: 1112 &rarr; <strong>1087</strong><br />(-25 for losing)\n", "inputlog": ">version bfd83cad13791eb5a5a409923076391caf6fb4d4\n>start {\"formatid\":\"gen9randombattle\",\"seed\":[10524,6366,60342,64404],\"rated\":\"Rated battle\"}\n>player p1 {\"name\":\"dejsejjde\",\"avatar\":\"1\",\"rating\":1095,\"seed\":[31382,56247,35177,36622]}\n>player p2 {\"name\":\"ddancersinc.\",\"avatar\":\"101\",\"rating\":1112,\"seed\":[8730,47172,14829,21129]}\n>p1 move swordsdance\n>p2 move strengthsap\n>p1 move wildcharge\n>p2 move airslash\n>p2 switch 5\n>p1 move drainpunch\n>p2 move irondefense\n>p1 move drainpunch\n>p2 move recover\n>p1 move swordsdance\n>p2 move recover\n>p1 move drainpunch\n>p2 move irondefense\n>p1 move swordsdance\n>p2 move recover\n>p1 move drainpunch\n>p2 move irondefense\n>p1 move drainpunch\n>p2 move recover terastallize\n>p1 move icepunch\n>p2 move saltcure\n>p1 move drainpunch\n>p2 move recover\n>p1 move icepunch\n>p2 move bodypress\n>p1 move icepunch\n>p2 move bodypress\n>p1 switch 5\n>p1 move dracometeor\n>p2 move saltcure\n>p2 switch 4\n>forcelose p2", "uploadtime": 1733895208, "views": 1, "formatid": "gen9randombattle", "rating": 1087, "private": 0, "password": null}