{"id": "gen9randombattle-2260678145", "format": "[Gen 9] Random Battle", "players": ["BruteGod", "mthalmann"], "log": "|j|\u2606BruteGod\n|j|\u2606mthalmann\n|t:|1733877330\n|gametype|singles\n|player|p1|BruteGod|clay|\n|player|p2|mthalmann|170|\n|teamsize|p1|6\n|teamsize|p2|6\n|gen|9\n|tier|[Gen 9] Random Battle\n|rule|Species Clause: Limit one of each Pok\u00e9mon\n|rule|HP Percentage Mod: HP is shown in percentages\n|rule|Sleep Clause Mod: Limit one foe put to sleep\n|rule|Illusion Level Mod: Illusion disguises the Pok\u00e9mon's true level\n|\n|t:|1733877330\n|start\n|switch|p1a: Beartic|Beartic, L91, M|321/321\n|switch|p2a: Arboliva|Arboliva, L91, M|290/290\n|turn|1\n|\n|t:|1733877337\n|switch|p2a: Quaquaval|Quaquaval, L79, M|264/264\n|move|p1a: Beartic|Snowscape|p1a: Beartic\n|-weather|Snow\n|\n|-weather|Snow|[upkeep]\n|upkeep\n|turn|2\n|\n|t:|1733877347\n|move|p1a: Beartic|Icicle Crash|p2a: Quaquaval|[miss]\n|-miss|p1a: Beartic|p2a: Quaquaval\n|move|p2a: Quaquaval|Close Combat|p1a: Beartic\n|-supereffective|p1a: Beartic\n|-damage|p1a: Beartic|57/321\n|-unboost|p2a: Quaquaval|def|1\n|-unboost|p2a: Quaquaval|spd|1\n|\n|-weather|Snow|[upkeep]\n|upkeep\n|turn|3\n|\n|t:|1733877353\n|move|p1a: Beartic|Icicle Crash|p2a: Quaquaval|[miss]\n|-miss|p1a: Beartic|p2a: Quaquaval\n|move|p2a: Quaquaval|Close Combat|p1a: Beartic\n|-supereffective|p1a: Beartic\n|-damage|p1a: Beartic|0 fnt\n|-unboost|p2a: Quaquaval|def|1\n|-unboost|p2a: Quaquaval|spd|1\n|faint|p1a: Beartic\n|-ability|p2a: Quaquaval|Moxie|boost\n|-boost|p2a: Quaquaval|atk|1\n|\n|-weather|Snow|[upkeep]\n|upkeep\n|\n|t:|1733877358\n|switch|p1a: Florges|Florges-Yellow, L85, F|271/271\n|turn|4\n|\n|t:|1733877378\n|switch|p2a: Arboliva|Arboliva, L91, M|290/290\n|move|p1a: Florges|Moonblast|p2a: Arboliva\n|-damage|p2a: Arboliva|194/290\n|-fieldstart|move: Grassy Terrain|[from] ability: Seed Sower|[of] p2a: Arboliva\n|\n|-weather|Snow|[upkeep]\n|-heal|p2a: Arboliva|212/290|[from] Grassy Terrain\n|-heal|p2a: Arboliva|230/290|[from] item: Leftovers\n|upkeep\n|turn|5\n|\n|t:|1733877393\n|switch|p1a: Hypno|Hypno, L95, F|315/315\n|move|p2a: Arboliva|Energy Ball|p1a: Hypno\n|-crit|p1a: Hypno\n|-damage|p1a: Hypno|107/315\n|\n|-weather|none\n|-heal|p1a: Hypno|126/315|[from] Grassy Terrain\n|-heal|p1a: Hypno|145/315|[from] item: Leftovers\n|-heal|p2a: Arboliva|248/290|[from] Grassy Terrain\n|-heal|p2a: Arboliva|266/290|[from] item: Leftovers\n|upkeep\n|turn|6\n|\n|t:|1733877399\n|move|p1a: Hypno|Thunder Wave|p2a: Arboliva\n|-status|p2a: Arboliva|par\n|move|p2a: Arboliva|Energy Ball|p1a: Hypno\n|-damage|p1a: Hypno|24/315\n|\n|-heal|p1a: Hypno|43/315|[from] Grassy Terrain\n|-heal|p1a: Hypno|62/315|[from] item: Leftovers\n|-heal|p2a: Arboliva|284/290 par|[from] Grassy Terrain\n|-heal|p2a: Arboliva|290/290 par|[from] item: Leftovers\n|upkeep\n|turn|7\n|\n|t:|1733877406\n|move|p1a: Hypno|Knock Off|p2a: Arboliva\n|-damage|p2a: Arboliva|219/290 par\n|-enditem|p2a: Arboliva|Leftovers|[from] move: Knock Off|[of] p1a: Hypno\n|move|p2a: Arboliva|Energy Ball|p1a: Hypno\n|-damage|p1a: Hypno|0 fnt\n|faint|p1a: Hypno\n|\n|-heal|p2a: Arboliva|237/290 par|[from] Grassy Terrain\n|upkeep\n|\n|t:|1733877415\n|switch|p1a: Cobalion|Cobalion, L80|277/277\n|turn|8\n|\n|t:|1733877419\n|move|p1a: Cobalion|Aura Sphere|p2a: Arboliva\n|-supereffective|p2a: Arboliva\n|-damage|p2a: Arboliva|121/290 par\n|cant|p2a: Arboliva|par\n|\n|-heal|p2a: Arboliva|139/290 par|[from] Grassy Terrain\n|-fieldend|move: Grassy Terrain\n|upkeep\n|turn|9\n|\n|t:|1733877426\n|move|p1a: Cobalion|Calm Mind|p1a: Cobalion\n|-boost|p1a: Cobalion|spa|1\n|-boost|p1a: Cobalion|spd|1\n|move|p2a: Arboliva|Strength Sap|p1a: Cobalion\n|-unboost|p1a: Cobalion|atk|1\n|-heal|p2a: Arboliva|288/290 par\n|\n|upkeep\n|turn|10\n|\n|t:|1733877430\n|move|p1a: Cobalion|Calm Mind|p1a: Cobalion\n|-boost|p1a: Cobalion|spa|1\n|-boost|p1a: Cobalion|spd|1\n|cant|p2a: Arboliva|par\n|\n|upkeep\n|turn|11\n|\n|t:|1733877439\n|switch|p2a: Hitmonchan|Hitmonchan, L87, M|229/229\n|move|p1a: Cobalion|Calm Mind|p1a: Cobalion\n|-boost|p1a: Cobalion|spa|1\n|-boost|p1a: Cobalion|spd|1\n|\n|upkeep\n|turn|12\n|\n|t:|1733877447\n|-terastallize|p1a: Cobalion|Ghost\n|move|p1a: Cobalion|Aura Sphere|p2a: Hitmonchan\n|-damage|p2a: Hitmonchan|81/229\n|move|p2a: Hitmonchan|Drain Punch|p1a: Cobalion\n|-immune|p1a: Cobalion\n|\n|-heal|p2a: Hitmonchan|95/229|[from] item: Leftovers\n|upkeep\n|turn|13\n|\n|t:|1733877455\n|move|p1a: Cobalion|Aura Sphere|p2a: Hitmonchan\n|-damage|p2a: Hitmonchan|0 fnt\n|faint|p2a: Hitmonchan\n|\n|upkeep\n|\n|t:|1733877461\n|switch|p2a: Weavile|Weavile, L79, F|240/240\n|turn|14\n|\n|t:|1733877464\n|move|p1a: Cobalion|Vacuum Wave|p2a: Weavile\n|-supereffective|p2a: Weavile\n|-damage|p2a: Weavile|0 fnt\n|faint|p2a: Weavile\n|\n|upkeep\n|\n|t:|1733877475\n|switch|p2a: Necrozma|Necrozma-Dusk-Mane, L69|248/248\n|turn|15\n|\n|t:|1733877497\n|move|p1a: Cobalion|Aura Sphere|p2a: Necrozma\n|-damage|p2a: Necrozma|62/248\n|move|p2a: Necrozma|Dragon Dance|p2a: Necrozma\n|-boost|p2a: Necrozma|atk|1\n|-boost|p2a: Necrozma|spe|1\n|\n|upkeep\n|turn|16\n|\n|t:|1733877515\n|move|p1a: Cobalion|Vacuum Wave|p2a: Necrozma\n|-damage|p2a: Necrozma|0 fnt\n|faint|p2a: Necrozma\n|\n|upkeep\n|\n|t:|1733877522\n|switch|p2a: Quaquaval|Quaquaval, L79, M|264/264\n|turn|17\n|\n|t:|1733877544\n|move|p1a: Cobalion|Aura Sphere|p2a: Quaquaval\n|-damage|p2a: Quaquaval|33/264\n|move|p2a: Quaquaval|Knock Off|p1a: Cobalion\n|-supereffective|p1a: Cobalion\n|-damage|p1a: Cobalion|113/277\n|-ability|p1a: Cobalion|Justified|boost\n|-boost|p1a: Cobalion|atk|1\n|-enditem|p1a: Cobalion|Leftovers|[from] move: Knock Off|[of] p2a: Quaquaval\n|\n|upkeep\n|turn|18\n|\n|t:|1733877557\n|move|p1a: Cobalion|Aura Sphere|p2a: Quaquaval\n|-damage|p2a: Quaquaval|0 fnt\n|faint|p2a: Quaquaval\n|\n|upkeep\n|\n|t:|1733877585\n|switch|p2a: Rotom|Rotom-Wash, L82|216/216\n|turn|19\n|\n|t:|1733877593\n|move|p1a: Cobalion|Aura Sphere|p2a: Rotom\n|-damage|p2a: Rotom|68/216\n|move|p2a: Rotom|Thunderbolt|p1a: Cobalion\n|-damage|p1a: Cobalion|65/277\n|\n|-heal|p2a: Rotom|81/216|[from] item: Leftovers\n|upkeep\n|turn|20\n|\n|t:|1733877601\n|move|p1a: Cobalion|Aura Sphere|p2a: Rotom\n|-damage|p2a: Rotom|0 fnt\n|faint|p2a: Rotom\n|\n|upkeep\n|\n|t:|1733877604\n|switch|p2a: Arboliva|Arboliva, L91, M|288/290 par\n|turn|21\n|\n|t:|1733877609\n|move|p1a: Cobalion|Aura Sphere|p2a: Arboliva\n|-supereffective|p2a: Arboliva\n|-damage|p2a: Arboliva|10/290 par\n|-fieldstart|move: Grassy Terrain|[from] ability: Seed Sower|[of] p2a: Arboliva\n|move|p2a: Arboliva|Earth Power|p1a: Cobalion\n|-damage|p1a: Cobalion|21/277\n|\n|-heal|p1a: Cobalion|38/277|[from] Grassy Terrain\n|-heal|p2a: Arboliva|28/290 par|[from] Grassy Terrain\n|upkeep\n|turn|22\n|\n|t:|1733877618\n|move|p1a: Cobalion|Aura Sphere|p2a: Arboliva\n|-supereffective|p2a: Arboliva\n|-damage|p2a: Arboliva|0 fnt\n|faint|p2a: Arboliva\n|\n|win|BruteGod\n", "inputlog": ">version bfd83cad13791eb5a5a409923076391caf6fb4d4\n>start {\"formatid\":\"gen9randombattle\",\"seed\":[21519,64104,8371,56815]}\n>player p1 {\"name\":\"BruteGod\",\"avatar\":\"clay\",\"rating\":0,\"seed\":[63001,5730,17703,38392]}\n>player p2 {\"name\":\"mthalmann\",\"avatar\":\"170\",\"rating\":0,\"seed\":[2100,43486,46935,31495]}\n>p1 move snowscape\n>p2 switch 3\n>p1 move iciclecrash\n>p2 move closecombat\n>p1 move iciclecrash\n>p2 move closecombat\n>p1 switch 2\n>p1 move moonblast\n>p2 switch 3\n>p1 switch 4\n>p2 move energyball\n>p1 move thunderwave\n>p2 move energyball\n>p1 move knockoff\n>p2 move energyball\n>p1 switch 5\n>p1 move aurasphere\n>p2 move earthpower\n>p1 move calmmind\n>p2 move strengthsap\n>p1 move calmmind\n>p2 move earthpower\n>p1 move calmmind\n>p2 switch 2\n>p1 move aurasphere terastallize\n>p2 move drainpunch\n>p1 move aurasphere\n>p2 move knockoff\n>p2 switch 6\n>p1 move vacuumwave\n>p2 move knockoff\n>p2 switch 4\n>p1 move aurasphere\n>p2 move dragondance\n>p1 move vacuumwave\n>p2 move sunsteelstrike\n>p2 switch 3\n>p1 move aurasphere\n>p2 move knockoff\n>p1 move aurasphere\n>p2 move knockoff\n>p2 switch 5\n>p1 move aurasphere\n>p2 move thunderbolt\n>p1 move aurasphere\n>p2 move hydropump\n>p2 switch 2\n>p1 move aurasphere\n>p2 move earthpower\n>p1 move aurasphere\n>p2 move earthpower", "uploadtime": 1733877623, "views": 1, "formatid": "gen9randombattle", "rating": null, "private": 0, "password": null}