{"id": "gen9randombattle-2260442722", "format": "[Gen 9] Random Battle", "players": ["romaal", "Iamsorrybutbored"], "log": "|j|\u2606romaal\n|j|\u2606Iamsorrybutbored\n|t:|1733852064\n|gametype|singles\n|player|p1|romaal|1|1402\n|player|p2|Iamsorrybutbored|170|1373\n|teamsize|p1|6\n|teamsize|p2|6\n|gen|9\n|tier|[Gen 9] Random Battle\n|rated|\n|rule|Species Clause: Limit one of each Pok\u00e9mon\n|rule|HP Percentage Mod: HP is shown in percentages\n|rule|Sleep Clause Mod: Limit one foe put to sleep\n|rule|Illusion Level Mod: Illusion disguises the Pok\u00e9mon's true level\n|\n|t:|1733852064\n|start\n|switch|p1a: Reuniclus|Reuniclus, L88, F|337/337\n|switch|p2a: Lucario|Lucario, L84, F|255/255\n|turn|1\n|inactive|Battle timer is ON: inactive players will automatically lose when time's up. (requested by romaal)\n|\n|t:|1733852074\n|move|p2a: Lucario|Nasty Plot|p2a: Lucario\n|-boost|p2a: Lucario|spa|2\n|move|p1a: Reuniclus|Calm Mind|p1a: Reuniclus\n|-boost|p1a: Reuniclus|spa|1\n|-boost|p1a: Reuniclus|spd|1\n|\n|upkeep\n|turn|2\n|\n|t:|1733852090\n|-terastallize|p1a: Reuniclus|Steel\n|move|p2a: Lucario|Flash Cannon|p1a: Reuniclus\n|-resisted|p1a: Reuniclus\n|-damage|p1a: Reuniclus|253/337\n|-unboost|p1a: Reuniclus|spd|1\n|-damage|p2a: Lucario|230/255|[from] item: Life Orb\n|move|p1a: Reuniclus|Focus Blast|p2a: Lucario\n|-supereffective|p2a: Lucario\n|-damage|p2a: Lucario|0 fnt\n|faint|p2a: Lucario\n|\n|upkeep\n|inactive|Iamsorrybutbored has 120 seconds left.\n|\n|t:|1733852144\n|switch|p2a: Komala|Komala, L89, M|260/260\n|-ability|p2a: Komala|Comatose\n|turn|3\n|\n|t:|1733852151\n|move|p2a: Komala|Body Slam|p1a: Reuniclus\n|-resisted|p1a: Reuniclus\n|-damage|p1a: Reuniclus|195/337\n|move|p1a: Reuniclus|Psychic|p2a: Komala\n|-damage|p2a: Komala|104/260\n|-unboost|p2a: Komala|spd|1\n|\n|upkeep\n|turn|4\n|\n|t:|1733852158\n|move|p2a: Komala|Knock Off|p1a: Reuniclus\n|-damage|p1a: Reuniclus|108/337\n|-enditem|p1a: Reuniclus|Life Orb|[from] move: Knock Off|[of] p2a: Komala\n|move|p1a: Reuniclus|Recover|p1a: Reuniclus\n|-heal|p1a: Reuniclus|277/337\n|\n|upkeep\n|turn|5\n|\n|t:|1733852166\n|move|p2a: Komala|Body Slam|p1a: Reuniclus\n|-resisted|p1a: Reuniclus\n|-damage|p1a: Reuniclus|220/337\n|move|p1a: Reuniclus|Psychic|p2a: Komala\n|-damage|p2a: Komala|0 fnt\n|faint|p2a: Komala\n|\n|upkeep\n|\n|t:|1733852185\n|switch|p2a: Indeedee|Indeedee, L84, M|238/238\n|-fieldstart|move: Psychic Terrain|[from] ability: Psychic Surge|[of] p2a: Indeedee\n|turn|6\n|\n|t:|1733852192\n|move|p2a: Indeedee|Expanding Force|p1a: Reuniclus\n|-resisted|p1a: Reuniclus\n|-damage|p1a: Reuniclus|133/337\n|move|p1a: Reuniclus|Calm Mind|p1a: Reuniclus\n|-boost|p1a: Reuniclus|spa|1\n|-boost|p1a: Reuniclus|spd|1\n|\n|upkeep\n|turn|7\n|\n|t:|1733852199\n|move|p2a: Indeedee|Expanding Force|p1a: Reuniclus\n|-resisted|p1a: Reuniclus\n|-damage|p1a: Reuniclus|75/337\n|move|p1a: Reuniclus|Recover|p1a: Reuniclus\n|-heal|p1a: Reuniclus|244/337\n|\n|upkeep\n|turn|8\n|inactive|Iamsorrybutbored has 120 seconds left.\n|\n|t:|1733852205\n|switch|p2a: Leafeon|Leafeon, L88, F|258/258\n|move|p1a: Reuniclus|Calm Mind|p1a: Reuniclus\n|-boost|p1a: Reuniclus|spa|1\n|-boost|p1a: Reuniclus|spd|1\n|\n|upkeep\n|turn|9\n|\n|t:|1733852212\n|move|p2a: Leafeon|Leaf Blade|p1a: Reuniclus\n|-resisted|p1a: Reuniclus\n|-damage|p1a: Reuniclus|157/337\n|-damage|p2a: Leafeon|233/258|[from] item: Life Orb\n|move|p1a: Reuniclus|Psychic|p2a: Leafeon\n|-damage|p2a: Leafeon|0 fnt\n|faint|p2a: Leafeon\n|\n|upkeep\n|inactive|Iamsorrybutbored has 120 seconds left.\n|\n|t:|1733852223\n|switch|p2a: Roaring Moon|Roaring Moon, L72|270/270\n|turn|10\n|inactive|Iamsorrybutbored has 120 seconds left.\n|inactive|Iamsorrybutbored has 90 seconds left.\n|\n|t:|1733852275\n|-terastallize|p2a: Roaring Moon|Dragon\n|move|p2a: Roaring Moon|Outrage|p1a: Reuniclus\n|-resisted|p1a: Reuniclus\n|-damage|p1a: Reuniclus|18/337\n|move|p1a: Reuniclus|Focus Blast|p2a: Roaring Moon\n|-damage|p2a: Roaring Moon|0 fnt\n|faint|p2a: Roaring Moon\n|-end|p2a: Roaring Moon|Protosynthesis|[silent]\n|\n|-fieldend|move: Psychic Terrain\n|upkeep\n|\n|t:|1733852285\n|switch|p2a: Indeedee|Indeedee, L84, M|238/238\n|-fieldstart|move: Psychic Terrain|[from] ability: Psychic Surge|[of] p2a: Indeedee\n|turn|11\n|\n|t:|1733852289\n|switch|p1a: Blissey|Blissey, L84, F|566/566\n|move|p2a: Indeedee|Expanding Force|p1a: Blissey\n|-damage|p1a: Blissey|436/566\n|\n|-heal|p1a: Blissey|471/566|[from] item: Leftovers\n|upkeep\n|turn|12\n|-message|Iamsorrybutbored forfeited.\n|\n|win|romaal\n|raw|romaal's rating: 1402 &rarr; <strong>1420</strong><br />(+18 for winning)\n|raw|Iamsorrybutbored's rating: 1373 &rarr; <strong>1355</strong><br />(-18 for losing)\n|l|\u2606Iamsorrybutbored\n|player|p2|\n", "inputlog": ">version bfd83cad13791eb5a5a409923076391caf6fb4d4\n>start {\"formatid\":\"gen9randombattle\",\"seed\":[27891,34806,57984,6568],\"rated\":\"Rated battle\"}\n>player p1 {\"name\":\"romaal\",\"avatar\":\"1\",\"rating\":1402,\"seed\":[946,19347,54398,3164]}\n>player p2 {\"name\":\"Iamsorrybutbored\",\"avatar\":\"170\",\"rating\":1373,\"seed\":[22203,45720,14992,58676]}\n>p1 move calmmind\n>p2 move nastyplot\n>p1 move focusblast terastallize\n>p2 move flashcannon\n>p2 switch 3\n>p1 move psychic\n>p2 move bodyslam\n>p1 move recover\n>p2 move knockoff\n>p1 move psychic\n>p2 move bodyslam\n>p2 switch 5\n>p1 move calmmind\n>p2 move expandingforce\n>p1 move recover\n>p2 move expandingforce\n>p1 move calmmind\n>p2 switch 6\n>p1 move psychic\n>p2 move leafblade\n>p2 switch 2\n>p1 move focusblast\n>p2 move outrage terastallize\n>p2 switch 6\n>p1 switch 3\n>p2 move expandingforce\n>forcelose p2", "uploadtime": 1733852305, "views": 2, "formatid": "gen9randombattle", "rating": 1355, "private": 0, "password": null}