{"id": "gen9randombattle-2260909686", "format": "[Gen 9] Random Battle", "players": ["Necrovenator", "lysvord"], "log": "|j|\u2606Necrovenator\n|j|\u2606lysvord\n|t:|1733915115\n|gametype|singles\n|player|p1|Necrovenator|102|1899\n|player|p2|lysvord|102|1884\n|teamsize|p1|6\n|teamsize|p2|6\n|gen|9\n|tier|[Gen 9] Random Battle\n|rated|\n|rule|Species Clause: Limit one of each Pok\u00e9mon\n|rule|HP Percentage Mod: HP is shown in percentages\n|rule|Sleep Clause Mod: Limit one foe put to sleep\n|rule|Illusion Level Mod: Illusion disguises the Pok\u00e9mon's true level\n|\n|t:|1733915115\n|start\n|switch|p1a: Dedenne|Dedenne, L88, M|261/261\n|switch|p2a: Vikavolt|Vikavolt, L83, F|263/263\n|turn|1\n|\n|t:|1733915126\n|move|p1a: Dedenne|Super Fang|p2a: Vikavolt\n|-damage|p2a: Vikavolt|132/263\n|move|p2a: Vikavolt|Sticky Web|p1a: Dedenne\n|-sidestart|p1: Necrovenator|move: Sticky Web\n|\n|upkeep\n|turn|2\n|inactive|Battle timer is ON: inactive players will automatically lose when time's up. (requested by lysvord)\n|\n|t:|1733915131\n|switch|p2a: Sandaconda|Sandaconda, L84, F|258/258\n|move|p1a: Dedenne|Super Fang|p2a: Sandaconda\n|-damage|p2a: Sandaconda|129/258\n|\n|upkeep\n|turn|3\n|\n|t:|1733915141\n|switch|p1a: Basculegion|Basculegion, L81, M|327/327\n|-activate|p1a: Basculegion|move: Sticky Web\n|-unboost|p1a: Basculegion|spe|1\n|move|p2a: Sandaconda|Earthquake|p1a: Basculegion\n|-damage|p1a: Basculegion|180/327\n|\n|upkeep\n|turn|4\n|\n|t:|1733915147\n|move|p2a: Sandaconda|Earthquake|p1a: Basculegion\n|-damage|p1a: Basculegion|41/327\n|move|p1a: Basculegion|Flip Turn|p2a: Sandaconda\n|-supereffective|p2a: Sandaconda\n|-damage|p2a: Sandaconda|0 fnt\n|faint|p2a: Sandaconda\n|\n|t:|1733915150\n|switch|p1a: Dedenne|Dedenne, L88, M|261/261|[from] Flip Turn\n|-activate|p1a: Dedenne|move: Sticky Web\n|-unboost|p1a: Dedenne|spe|1\n|\n|upkeep\n|\n|t:|1733915158\n|switch|p2a: Manaphy|Manaphy, L78|284/284\n|turn|5\n|\n|t:|1733915160\n|-terastallize|p2a: Manaphy|Grass\n|move|p2a: Manaphy|Tail Glow|p2a: Manaphy\n|-boost|p2a: Manaphy|spa|3\n|move|p1a: Dedenne|Nuzzle|p2a: Manaphy\n|-resisted|p2a: Manaphy\n|-damage|p2a: Manaphy|276/284\n|-status|p2a: Manaphy|par\n|\n|-heal|p2a: Manaphy|284/284 par|[from] item: Leftovers\n|upkeep\n|turn|6\n|\n|t:|1733915177\n|switch|p1a: Basculegion|Basculegion, L81, M|41/327\n|-activate|p1a: Basculegion|move: Sticky Web\n|-unboost|p1a: Basculegion|spe|1\n|move|p2a: Manaphy|Energy Ball|p1a: Basculegion\n|-supereffective|p1a: Basculegion\n|-damage|p1a: Basculegion|0 fnt\n|faint|p1a: Basculegion\n|\n|upkeep\n|inactive|Necrovenator has 120 seconds left.\n|\n|t:|1733915198\n|switch|p1a: Meowstic|Meowstic, L89, M|277/277\n|-activate|p1a: Meowstic|move: Sticky Web\n|-unboost|p1a: Meowstic|spe|1\n|turn|7\n|\n|t:|1733915200\n|move|p1a: Meowstic|Psychic Noise|p2a: Manaphy\n|-damage|p2a: Manaphy|206/284 par\n|-start|p2a: Manaphy|move: Heal Block\n|move|p2a: Manaphy|Surf|p1a: Meowstic\n|-damage|p1a: Meowstic|78/277\n|\n|-heal|p1a: Meowstic|95/277|[from] item: Leftovers\n|upkeep\n|turn|8\n|\n|t:|1733915205\n|move|p1a: Meowstic|Psychic Noise|p2a: Manaphy\n|-damage|p2a: Manaphy|130/284 par\n|move|p2a: Manaphy|Surf|p1a: Meowstic\n|-damage|p1a: Meowstic|0 fnt\n|faint|p1a: Meowstic\n|\n|-end|p2a: Manaphy|move: Heal Block\n|upkeep\n|\n|t:|1733915211\n|switch|p1a: Dedenne|Dedenne, L88, M|261/261\n|-activate|p1a: Dedenne|move: Sticky Web\n|-unboost|p1a: Dedenne|spe|1\n|turn|9\n|\n|t:|1733915215\n|move|p1a: Dedenne|Dazzling Gleam|p2a: Manaphy\n|-damage|p2a: Manaphy|46/284 par\n|cant|p2a: Manaphy|par\n|\n|-heal|p2a: Manaphy|63/284 par|[from] item: Leftovers\n|upkeep\n|turn|10\n|\n|t:|1733915218\n|move|p1a: Dedenne|Dazzling Gleam|p2a: Manaphy\n|-damage|p2a: Manaphy|0 fnt\n|faint|p2a: Manaphy\n|\n|upkeep\n|\n|t:|1733915222\n|switch|p2a: Wugtrio|Wugtrio, L91, M|212/212\n|turn|11\n|\n|t:|1733915224\n|move|p2a: Wugtrio|Stomping Tantrum|p1a: Dedenne\n|-supereffective|p1a: Dedenne\n|-damage|p1a: Dedenne|0 fnt\n|faint|p1a: Dedenne\n|\n|upkeep\n|\n|t:|1733915227\n|switch|p1a: Gogoat|Gogoat, L88, F|360/360\n|-activate|p1a: Gogoat|move: Sticky Web\n|-unboost|p1a: Gogoat|spe|1\n|turn|12\n|\n|t:|1733915231\n|switch|p2a: Toucannon|Toucannon, L88, M|284/284\n|move|p1a: Gogoat|Rock Slide|p2a: Toucannon\n|-supereffective|p2a: Toucannon\n|-damage|p2a: Toucannon|164/284\n|\n|upkeep\n|turn|13\n|\n|t:|1733915246\n|-singleturn|p2a: Toucannon|move: Beak Blast\n|move|p1a: Gogoat|Rock Slide|p2a: Toucannon\n|-supereffective|p2a: Toucannon\n|-damage|p2a: Toucannon|44/284\n|cant|p2a: Toucannon|flinch\n|\n|upkeep\n|turn|14\n|\n|t:|1733915252\n|move|p2a: Toucannon|Roost|p2a: Toucannon\n|-heal|p2a: Toucannon|186/284\n|-singleturn|p2a: Toucannon|move: Roost\n|move|p1a: Gogoat|Rock Slide|p2a: Toucannon|[miss]\n|-miss|p1a: Gogoat|p2a: Toucannon\n|\n|upkeep\n|turn|15\n|\n|t:|1733915254\n|move|p2a: Toucannon|Roost|p2a: Toucannon\n|-heal|p2a: Toucannon|284/284\n|-singleturn|p2a: Toucannon|move: Roost\n|move|p1a: Gogoat|Bulk Up|p1a: Gogoat\n|-boost|p1a: Gogoat|atk|1\n|-boost|p1a: Gogoat|def|1\n|\n|upkeep\n|turn|16\n|\n|t:|1733915262\n|-singleturn|p2a: Toucannon|move: Beak Blast\n|move|p1a: Gogoat|Rock Slide|p2a: Toucannon\n|-supereffective|p2a: Toucannon\n|-damage|p2a: Toucannon|98/284\n|cant|p2a: Toucannon|flinch\n|\n|upkeep\n|turn|17\n|\n|t:|1733915265\n|move|p2a: Toucannon|Roost|p2a: Toucannon\n|-heal|p2a: Toucannon|240/284\n|-singleturn|p2a: Toucannon|move: Roost\n|move|p1a: Gogoat|Rock Slide|p2a: Toucannon\n|-damage|p2a: Toucannon|141/284\n|\n|upkeep\n|turn|18\n|\n|t:|1733915267\n|move|p2a: Toucannon|Roost|p2a: Toucannon\n|-heal|p2a: Toucannon|283/284\n|-singleturn|p2a: Toucannon|move: Roost\n|move|p1a: Gogoat|Horn Leech|p2a: Toucannon\n|-damage|p2a: Toucannon|130/284\n|\n|upkeep\n|turn|19\n|\n|t:|1733915270\n|-singleturn|p2a: Toucannon|move: Beak Blast\n|move|p1a: Gogoat|Rock Slide|p2a: Toucannon\n|-supereffective|p2a: Toucannon\n|-damage|p2a: Toucannon|0 fnt\n|faint|p2a: Toucannon\n|\n|upkeep\n|\n|t:|1733915272\n|switch|p2a: Vikavolt|Vikavolt, L83, F|132/263\n|turn|20\n|\n|t:|1733915277\n|-terastallize|p1a: Gogoat|Water\n|move|p2a: Vikavolt|Bug Buzz|p1a: Gogoat\n|-damage|p1a: Gogoat|236/360\n|move|p1a: Gogoat|Rock Slide|p2a: Vikavolt\n|-supereffective|p2a: Vikavolt\n|-damage|p2a: Vikavolt|0 fnt\n|faint|p2a: Vikavolt\n|\n|-heal|p1a: Gogoat|258/360|[from] item: Leftovers\n|upkeep\n|\n|t:|1733915280\n|switch|p2a: Gallade|Gallade, L81, M|243/243\n|turn|21\n|\n|t:|1733915283\n|move|p2a: Gallade|Sacred Sword|p1a: Gogoat\n|-damage|p1a: Gogoat|19/360\n|-damage|p2a: Gallade|219/243|[from] item: Life Orb\n|move|p1a: Gogoat|Horn Leech|p2a: Gallade\n|-damage|p2a: Gallade|57/243\n|-heal|p1a: Gogoat|100/360|[from] drain|[of] p2a: Gallade\n|\n|-heal|p1a: Gogoat|122/360|[from] item: Leftovers\n|upkeep\n|turn|22\n|\n|t:|1733915286\n|move|p2a: Gallade|Sacred Sword|p1a: Gogoat\n|-damage|p1a: Gogoat|0 fnt\n|faint|p1a: Gogoat\n|-damage|p2a: Gallade|33/243|[from] item: Life Orb\n|\n|upkeep\n|\n|t:|1733915288\n|switch|p1a: Hippowdon|Hippowdon, L82, F|311/311\n|-activate|p1a: Hippowdon|move: Sticky Web\n|-unboost|p1a: Hippowdon|spe|1\n|-weather|Sandstorm|[from] ability: Sand Stream|[of] p1a: Hippowdon\n|turn|23\n|\n|t:|1733915296\n|move|p2a: Gallade|Leaf Blade|p1a: Hippowdon\n|-supereffective|p1a: Hippowdon\n|-damage|p1a: Hippowdon|80/311\n|-damage|p2a: Gallade|9/243|[from] item: Life Orb\n|move|p1a: Hippowdon|Slack Off|p1a: Hippowdon\n|-heal|p1a: Hippowdon|236/311\n|\n|-weather|Sandstorm|[upkeep]\n|-damage|p2a: Gallade|0 fnt|[from] Sandstorm\n|faint|p2a: Gallade\n|-heal|p1a: Hippowdon|255/311|[from] item: Leftovers\n|upkeep\n|\n|t:|1733915297\n|switch|p2a: Wugtrio|Wugtrio, L91, M|212/212\n|turn|24\n|\n|t:|1733915299\n|move|p2a: Wugtrio|Liquidation|p1a: Hippowdon\n|-supereffective|p1a: Hippowdon\n|-damage|p1a: Hippowdon|7/311\n|move|p1a: Hippowdon|Earthquake|p2a: Wugtrio\n|-damage|p2a: Wugtrio|64/212\n|\n|-weather|Sandstorm|[upkeep]\n|-damage|p2a: Wugtrio|51/212|[from] Sandstorm\n|-heal|p1a: Hippowdon|26/311|[from] item: Leftovers\n|upkeep\n|turn|25\n|\n|t:|1733915302\n|move|p2a: Wugtrio|Liquidation|p1a: Hippowdon\n|-supereffective|p1a: Hippowdon\n|-damage|p1a: Hippowdon|0 fnt\n|faint|p1a: Hippowdon\n|\n|-weather|Sandstorm|[upkeep]\n|-damage|p2a: Wugtrio|38/212|[from] Sandstorm\n|upkeep\n|\n|t:|1733915304\n|switch|p1a: Umbreon|Umbreon, L84, M|297/297\n|-activate|p1a: Umbreon|move: Sticky Web\n|-unboost|p1a: Umbreon|spe|1\n|turn|26\n|\n|t:|1733915315\n|move|p2a: Wugtrio|Liquidation|p1a: Umbreon\n|-damage|p1a: Umbreon|170/297\n|move|p1a: Umbreon|Foul Play|p2a: Wugtrio\n|-damage|p2a: Wugtrio|0 fnt\n|-ability|p2a: Wugtrio|Gooey\n|-unboost|p1a: Umbreon|spe|1\n|faint|p2a: Wugtrio\n|\n|win|Necrovenator\n|raw|Necrovenator's rating: 1899 &rarr; <strong>1918</strong><br />(+19 for winning)\n|raw|lysvord's rating: 1884 &rarr; <strong>1865</strong><br />(-19 for losing)\n|l|\u2606lysvord\n|player|p2|\n", "inputlog": ">version bfd83cad13791eb5a5a409923076391caf6fb4d4\n>start {\"formatid\":\"gen9randombattle\",\"seed\":[26280,61650,52082,49558],\"rated\":\"Rated battle\"}\n>player p1 {\"name\":\"Necrovenator\",\"avatar\":\"102\",\"rating\":1899,\"seed\":[8101,25268,45353,52591]}\n>player p2 {\"name\":\"lysvord\",\"avatar\":\"102\",\"rating\":1884,\"seed\":[50903,63929,59295,58907]}\n>p1 move superfang\n>p2 move stickyweb\n>p1 move superfang\n>p2 switch 3\n>p1 switch 2\n>p2 move earthquake\n>p1 move flipturn\n>p2 move earthquake\n>p1 switch 2\n>p2 switch 5\n>p1 move nuzzle\n>p2 move tailglow terastallize\n>p1 switch 2\n>p2 move energyball\n>p1 switch 5\n>p1 move psychicnoise\n>p2 move surf\n>p1 move psychicnoise\n>p2 move surf\n>p1 switch 2\n>p1 move dazzlinggleam\n>p2 move energyball\n>p1 move dazzlinggleam\n>p2 move energyball\n>p2 switch 2\n>p1 move nuzzle\n>p2 move stompingtantrum\n>p1 switch 4\n>p1 move rockslide\n>p2 switch 4\n>p1 move rockslide\n>p2 move beakblast\n>p1 move rockslide\n>p2 move roost\n>p1 move bulkup\n>p2 move roost\n>p1 move rockslide\n>p2 move beakblast\n>p1 move rockslide\n>p2 move roost\n>p1 move hornleech\n>p2 move roost\n>p1 move rockslide\n>p2 move beakblast\n>p2 switch 3\n>p1 move rockslide terastallize\n>p2 move bugbuzz\n>p2 switch 6\n>p1 move hornleech\n>p2 move sacredsword\n>p1 move hornleech\n>p2 move sacredsword\n>p1 switch 3\n>p1 move slackoff\n>p2 move leafblade\n>p2 switch 4\n>p1 move earthquake\n>p2 move liquidation\n>p1 move earthquake\n>p2 move liquidation\n>p1 switch 6\n>p1 move foulplay\n>p2 move liquidation", "uploadtime": 1733915317, "views": 2, "formatid": "gen9randombattle", "rating": 1865, "private": 0, "password": null}