{"id": "gen9randombattle-2260876248", "format": "[Gen 9] Random Battle", "players": ["manolovm01", "PoorvanshKavta"], "log": "|j|\u2606manolovm01\n|j|\u2606PoorvanshKavta\n|t:|1733909030\n|gametype|singles\n|player|p1|manolovm01|2|1250\n|player|p2|PoorvanshKavta|169|1246\n|teamsize|p1|6\n|teamsize|p2|6\n|gen|9\n|tier|[Gen 9] Random Battle\n|rated|\n|rule|Species Clause: Limit one of each Pok\u00e9mon\n|rule|HP Percentage Mod: HP is shown in percentages\n|rule|Sleep Clause Mod: Limit one foe put to sleep\n|rule|Illusion Level Mod: Illusion disguises the Pok\u00e9mon's true level\n|\n|t:|1733909030\n|start\n|switch|p1a: Squawkabilly|Squawkabilly, L85, M|278/278\n|switch|p2a: Goodra|Goodra, L85, F|292/292\n|turn|1\n|inactive|Battle timer is ON: inactive players will automatically lose when time's up. (requested by PoorvanshKavta)\n|\n|t:|1733909062\n|switch|p2a: Lapras|Lapras, L87, M|368/368\n|move|p1a: Squawkabilly|Brave Bird|p2a: Lapras\n|-damage|p2a: Lapras|223/368\n|-damage|p1a: Squawkabilly|230/278|[from] Recoil\n|\n|-status|p1a: Squawkabilly|brn|[from] item: Flame Orb\n|upkeep\n|turn|2\n|\n|t:|1733909075\n|switch|p1a: Tauros|Tauros-Paldea-Aqua, L81, M|254/254\n|-ability|p1a: Tauros|Intimidate|boost\n|-unboost|p2a: Lapras|atk|1\n|move|p2a: Lapras|Freeze-Dry|p1a: Tauros\n|-supereffective|p1a: Tauros\n|-damage|p1a: Tauros|86/254\n|\n|upkeep\n|turn|3\n|\n|t:|1733909104\n|move|p1a: Tauros|Close Combat|p2a: Lapras\n|-supereffective|p2a: Lapras\n|-damage|p2a: Lapras|0 fnt\n|-unboost|p1a: Tauros|def|1\n|-unboost|p1a: Tauros|spd|1\n|faint|p2a: Lapras\n|-damage|p1a: Tauros|61/254|[from] item: Life Orb\n|\n|upkeep\n|\n|t:|1733909110\n|switch|p2a: Meowstic|Meowstic, L89, M|277/277\n|turn|4\n|\n|t:|1733909119\n|move|p1a: Tauros|Aqua Jet|p2a: Meowstic\n|-damage|p2a: Meowstic|219/277\n|-damage|p1a: Tauros|36/254|[from] item: Life Orb\n|move|p2a: Meowstic|Psychic Noise|p1a: Tauros\n|-supereffective|p1a: Tauros\n|-damage|p1a: Tauros|0 fnt\n|faint|p1a: Tauros\n|\n|-heal|p2a: Meowstic|236/277|[from] item: Leftovers\n|upkeep\n|\n|t:|1733909138\n|switch|p1a: Pincurchin|Pincurchin, F|258/258\n|-fieldstart|move: Electric Terrain|[from] ability: Electric Surge|[of] p1a: Pincurchin\n|turn|5\n|\n|t:|1733909149\n|switch|p2a: Flygon|Flygon, L82, M|265/265\n|move|p1a: Pincurchin|Zing Zap|p2a: Flygon\n|-immune|p2a: Flygon\n|\n|upkeep\n|turn|6\n|\n|t:|1733909173\n|switch|p1a: Flygon|Flygon, L82, M|265/265\n|move|p2a: Flygon|Dragon Dance|p2a: Flygon\n|-boost|p2a: Flygon|atk|1\n|-boost|p2a: Flygon|spe|1\n|\n|upkeep\n|turn|7\n|\n|t:|1733909184\n|-terastallize|p1a: Flygon|Rock\n|move|p2a: Flygon|Outrage|p1a: Flygon\n|-damage|p1a: Flygon|58/265\n|move|p1a: Flygon|Dragon Dance|p1a: Flygon\n|-boost|p1a: Flygon|atk|1\n|-boost|p1a: Flygon|spe|1\n|\n|upkeep\n|turn|8\n|\n|t:|1733909194\n|move|p1a: Flygon|Outrage|p2a: Flygon\n|-supereffective|p2a: Flygon\n|-damage|p2a: Flygon|0 fnt\n|faint|p2a: Flygon\n|\n|upkeep\n|\n|t:|1733909204\n|switch|p2a: Krookodile|Krookodile, L80, F|283/283\n|-ability|p2a: Krookodile|Intimidate|boost\n|-unboost|p1a: Flygon|atk|1\n|turn|9\n|\n|t:|1733909210\n|move|p1a: Flygon|Outrage|p2a: Krookodile|[from]lockedmove\n|-damage|p2a: Krookodile|136/283\n|move|p2a: Krookodile|Knock Off|p1a: Flygon\n|-damage|p1a: Flygon|0 fnt\n|-enditem|p1a: Flygon|Lum Berry|[from] move: Knock Off|[of] p2a: Krookodile\n|faint|p1a: Flygon\n|-damage|p2a: Krookodile|108/283|[from] item: Life Orb\n|\n|-fieldend|move: Electric Terrain\n|upkeep\n|\n|t:|1733909225\n|switch|p1a: Squawkabilly|Squawkabilly, L85, M|230/278 brn\n|turn|10\n|\n|t:|1733909240\n|move|p1a: Squawkabilly|Facade|p2a: Krookodile\n|-damage|p2a: Krookodile|0 fnt\n|faint|p2a: Krookodile\n|\n|-damage|p1a: Squawkabilly|213/278 brn|[from] brn\n|upkeep\n|\n|t:|1733909250\n|switch|p2a: Barraskewda|Barraskewda, L81, F|231/231\n|turn|11\n|\n|t:|1733909256\n|move|p1a: Squawkabilly|Protect|p1a: Squawkabilly\n|-singleturn|p1a: Squawkabilly|Protect\n|move|p2a: Barraskewda|Close Combat|p1a: Squawkabilly\n|-activate|p1a: Squawkabilly|move: Protect\n|\n|-damage|p1a: Squawkabilly|196/278 brn|[from] brn\n|upkeep\n|turn|12\n|\n|t:|1733909275\n|move|p2a: Barraskewda|Close Combat|p1a: Squawkabilly\n|-damage|p1a: Squawkabilly|5/278 brn\n|-unboost|p2a: Barraskewda|def|1\n|-unboost|p2a: Barraskewda|spd|1\n|move|p1a: Squawkabilly|Facade|p2a: Barraskewda\n|-damage|p2a: Barraskewda|0 fnt\n|faint|p2a: Barraskewda\n|\n|-damage|p1a: Squawkabilly|0 fnt|[from] brn\n|faint|p1a: Squawkabilly\n|upkeep\n|inactive|manolovm01 has 120 seconds left.\n|\n|t:|1733909303\n|switch|p2a: Goodra|Goodra, L85, F|292/292\n|switch|p1a: Iron Moth|Iron Moth, L78|253/253\n|turn|13\n|inactive|PoorvanshKavta has 120 seconds left.\n|inactive|PoorvanshKavta has 90 seconds left.\n|\n|t:|1733909364\n|move|p1a: Iron Moth|Sludge Wave|p2a: Goodra\n|-damage|p2a: Goodra|243/292\n|move|p2a: Goodra|Sludge Bomb|p1a: Iron Moth\n|-resisted|p1a: Iron Moth\n|-damage|p1a: Iron Moth|218/253\n|\n|upkeep\n|turn|14\n|\n|t:|1733909374\n|move|p1a: Iron Moth|Fire Blast|p2a: Goodra\n|-resisted|p2a: Goodra\n|-damage|p2a: Goodra|216/292\n|move|p2a: Goodra|Draco Meteor|p1a: Iron Moth\n|-damage|p1a: Iron Moth|83/253\n|-unboost|p2a: Goodra|spa|2\n|\n|upkeep\n|turn|15\n|inactive|PoorvanshKavta has 90 seconds left.\n|\n|t:|1733909391\n|move|p1a: Iron Moth|Morning Sun|p1a: Iron Moth\n|-heal|p1a: Iron Moth|209/253\n|move|p2a: Goodra|Dragon Tail|p1a: Iron Moth\n|-damage|p1a: Iron Moth|119/253\n|-end|p1a: Iron Moth|Quark Drive|[silent]\n|drag|p1a: Pincurchin|Pincurchin, F|258/258\n|-fieldstart|move: Electric Terrain|[from] ability: Electric Surge|[of] p1a: Pincurchin\n|\n|upkeep\n|turn|16\n|\n|t:|1733909403\n|move|p2a: Goodra|Sludge Bomb|p1a: Pincurchin\n|-damage|p1a: Pincurchin|226/258\n|move|p1a: Pincurchin|Curse|p1a: Pincurchin\n|-unboost|p1a: Pincurchin|spe|1\n|-boost|p1a: Pincurchin|atk|1\n|-boost|p1a: Pincurchin|def|1\n|\n|-heal|p1a: Pincurchin|242/258|[from] item: Leftovers\n|upkeep\n|turn|17\n|\n|t:|1733909413\n|move|p1a: Pincurchin|Curse|p1a: Pincurchin\n|-unboost|p1a: Pincurchin|spe|1\n|-boost|p1a: Pincurchin|atk|1\n|-boost|p1a: Pincurchin|def|1\n|move|p2a: Goodra|Dragon Tail|p1a: Pincurchin|[miss]\n|-miss|p2a: Goodra|p1a: Pincurchin\n|\n|-heal|p1a: Pincurchin|258/258|[from] item: Leftovers\n|upkeep\n|turn|18\n|\n|t:|1733909424\n|switch|p2a: Meowstic|Meowstic, L89, M|236/277\n|move|p1a: Pincurchin|Zing Zap|p2a: Meowstic\n|-damage|p2a: Meowstic|0 fnt\n|faint|p2a: Meowstic\n|\n|upkeep\n|\n|t:|1733909433\n|switch|p2a: Goodra|Goodra, L85, F|216/292\n|turn|19\n|\n|t:|1733909436\n|move|p1a: Pincurchin|Zing Zap|p2a: Goodra\n|-resisted|p2a: Goodra\n|-damage|p2a: Goodra|30/292\n|cant|p2a: Goodra|flinch\n|\n|-fieldend|move: Electric Terrain\n|upkeep\n|turn|20\n|inactive|PoorvanshKavta has 120 seconds left.\n|l|\u2606PoorvanshKavta\n|inactive|PoorvanshKavta disconnected and has a minute to reconnect!\n|player|p2|\n|inactive|PoorvanshKavta has 30 seconds to reconnect!\n|inactive|PoorvanshKavta has 20 seconds to reconnect!\n|inactive|PoorvanshKavta has 15 seconds to reconnect!\n|inactive|PoorvanshKavta has 10 seconds to reconnect!\n|inactive|PoorvanshKavta has 5 seconds to reconnect!\n|-message|PoorvanshKavta lost due to inactivity.\n|\n|win|manolovm01\n|raw|manolovm01's rating: 1250 &rarr; <strong>1275</strong><br />(+25 for winning)\n|raw|PoorvanshKavta's rating: 1246 &rarr; <strong>1221</strong><br />(-25 for losing)\n", "inputlog": ">version bfd83cad13791eb5a5a409923076391caf6fb4d4\n>start {\"formatid\":\"gen9randombattle\",\"seed\":[26110,59278,4652,48664],\"rated\":\"Rated battle\"}\n>player p1 {\"name\":\"manolovm01\",\"avatar\":\"2\",\"rating\":1250,\"seed\":[49230,49516,21940,28403]}\n>player p2 {\"name\":\"PoorvanshKavta\",\"avatar\":\"169\",\"rating\":1246,\"seed\":[10495,17700,7383,54400]}\n>p1 move bravebird\n>p2 switch 6\n>p1 switch 3\n>p2 move freezedry\n>p1 move closecombat\n>p2 move freezedry\n>p2 switch 4\n>p1 move aquajet\n>p2 move psychicnoise\n>p1 switch 2\n>p1 move zingzap\n>p2 switch 2\n>p1 switch 5\n>p2 move dragondance\n>p1 move dragondance terastallize\n>p2 move outrage\n>p1 move outrage\n>p2 move outrage\n>p2 switch 5\n>p1 move outrage\n>p2 move knockoff\n>p1 switch 3\n>p1 move facade\n>p2 move gunkshot\n>p2 switch 3\n>p1 move protect\n>p2 move closecombat\n>p1 move facade\n>p2 move closecombat\n>p1 switch 6\n>p2 switch 6\n>p1 move sludgewave\n>p2 move sludgebomb\n>p1 move fireblast\n>p2 move dracometeor\n>p1 move morningsun\n>p2 move dragontail\n>p1 move curse\n>p2 move sludgebomb\n>p1 move curse\n>p2 move dragontail\n>p1 move zingzap\n>p2 switch 2\n>p2 switch 2\n>p1 move zingzap\n>p2 move dragontail\n>forcelose p2", "uploadtime": 1733909504, "views": 1, "formatid": "gen9randombattle", "rating": 1221, "private": 0, "password": null}