{"id": "gen9randombattle-2260839396", "format": "[Gen 9] Random Battle", "players": ["CheerioDust", "Fhhdufhdhdjdjed"], "log": "|j|\u2606CheerioDust\n|j|\u2606Fhhdufhdhdjdjed\n|t:|1733901802\n|gametype|singles\n|player|p1|CheerioDust|2|1079\n|player|p2|Fhhdufhdhdjdjed|170|1000\n|teamsize|p1|6\n|teamsize|p2|6\n|gen|9\n|tier|[Gen 9] Random Battle\n|rated|\n|rule|Species Clause: Limit one of each Pok\u00e9mon\n|rule|HP Percentage Mod: HP is shown in percentages\n|rule|Sleep Clause Mod: Limit one foe put to sleep\n|rule|Illusion Level Mod: Illusion disguises the Pok\u00e9mon's true level\n|\n|t:|1733901802\n|start\n|switch|p1a: Avalugg|Avalugg, L88, F|310/310\n|switch|p2a: Great Tusk|Great Tusk, L77|304/304\n|turn|1\n|inactive|Battle timer is ON: inactive players will automatically lose when time's up. (requested by CheerioDust)\n|\n|t:|1733901813\n|-end|p2a: Great Tusk|Protosynthesis|[silent]\n|switch|p2a: Sableye|Sableye, L89, M|234/234\n|switch|p1a: Sinistcha|Sinistcha, L83|254/254\n|\n|upkeep\n|turn|2\n|\n|t:|1733901825\n|move|p1a: Sinistcha|Matcha Gotcha|p2a: Sableye\n|-damage|p2a: Sableye|113/234\n|-status|p2a: Sableye|brn\n|move|p2a: Sableye|Knock Off|p1a: Sinistcha\n|-supereffective|p1a: Sinistcha\n|-damage|p1a: Sinistcha|169/254\n|-enditem|p1a: Sinistcha|Leftovers|[from] move: Knock Off|[of] p2a: Sableye\n|\n|-heal|p2a: Sableye|127/234 brn|[from] item: Leftovers\n|-damage|p2a: Sableye|113/234 brn|[from] brn\n|upkeep\n|turn|3\n|\n|t:|1733901833\n|move|p2a: Sableye|Recover|p2a: Sableye\n|-heal|p2a: Sableye|230/234 brn\n|move|p1a: Sinistcha|Matcha Gotcha|p2a: Sableye\n|-damage|p2a: Sableye|112/234 brn\n|-heal|p1a: Sinistcha|228/254|[from] drain|[of] p2a: Sableye\n|\n|-heal|p2a: Sableye|126/234 brn|[from] item: Leftovers\n|-damage|p2a: Sableye|112/234 brn|[from] brn\n|upkeep\n|turn|4\n|\n|t:|1733901835\n|move|p2a: Sableye|Recover|p2a: Sableye\n|-heal|p2a: Sableye|229/234 brn\n|move|p1a: Sinistcha|Matcha Gotcha|p2a: Sableye\n|-damage|p2a: Sableye|108/234 brn\n|-heal|p1a: Sinistcha|254/254|[from] drain|[of] p2a: Sableye\n|\n|-heal|p2a: Sableye|122/234 brn|[from] item: Leftovers\n|-damage|p2a: Sableye|108/234 brn|[from] brn\n|upkeep\n|turn|5\n|\n|t:|1733901843\n|move|p2a: Sableye|Recover|p2a: Sableye\n|-heal|p2a: Sableye|225/234 brn\n|move|p1a: Sinistcha|Matcha Gotcha|p2a: Sableye\n|-damage|p2a: Sableye|104/234 brn\n|\n|-heal|p2a: Sableye|118/234 brn|[from] item: Leftovers\n|-damage|p2a: Sableye|104/234 brn|[from] brn\n|upkeep\n|turn|6\n|\n|t:|1733901852\n|move|p2a: Sableye|Recover|p2a: Sableye\n|-heal|p2a: Sableye|221/234 brn\n|move|p1a: Sinistcha|Matcha Gotcha|p2a: Sableye\n|-damage|p2a: Sableye|97/234 brn\n|\n|-heal|p2a: Sableye|111/234 brn|[from] item: Leftovers\n|-damage|p2a: Sableye|97/234 brn|[from] brn\n|upkeep\n|turn|7\n|\n|t:|1733901857\n|move|p2a: Sableye|Recover|p2a: Sableye\n|-heal|p2a: Sableye|214/234 brn\n|move|p1a: Sinistcha|Matcha Gotcha|p2a: Sableye\n|-damage|p2a: Sableye|105/234 brn\n|\n|-heal|p2a: Sableye|119/234 brn|[from] item: Leftovers\n|-damage|p2a: Sableye|105/234 brn|[from] brn\n|upkeep\n|turn|8\n|\n|t:|1733901858\n|move|p2a: Sableye|Recover|p2a: Sableye\n|-heal|p2a: Sableye|222/234 brn\n|move|p1a: Sinistcha|Matcha Gotcha|p2a: Sableye\n|-damage|p2a: Sableye|111/234 brn\n|\n|-heal|p2a: Sableye|125/234 brn|[from] item: Leftovers\n|-damage|p2a: Sableye|111/234 brn|[from] brn\n|upkeep\n|turn|9\n|\n|t:|1733901860\n|move|p2a: Sableye|Recover|p2a: Sableye\n|-heal|p2a: Sableye|228/234 brn\n|move|p1a: Sinistcha|Matcha Gotcha|p2a: Sableye\n|-damage|p2a: Sableye|116/234 brn\n|\n|-heal|p2a: Sableye|130/234 brn|[from] item: Leftovers\n|-damage|p2a: Sableye|116/234 brn|[from] brn\n|upkeep\n|turn|10\n|\n|t:|1733901863\n|move|p2a: Sableye|Recover|p2a: Sableye\n|-heal|p2a: Sableye|233/234 brn\n|move|p1a: Sinistcha|Matcha Gotcha|p2a: Sableye\n|-damage|p2a: Sableye|110/234 brn\n|\n|-heal|p2a: Sableye|124/234 brn|[from] item: Leftovers\n|-damage|p2a: Sableye|110/234 brn|[from] brn\n|upkeep\n|turn|11\n|\n|t:|1733901866\n|move|p2a: Sableye|Will-O-Wisp|p1a: Sinistcha|[miss]\n|-miss|p2a: Sableye|p1a: Sinistcha\n|move|p1a: Sinistcha|Matcha Gotcha|p2a: Sableye\n|-damage|p2a: Sableye|1/234 brn\n|\n|-heal|p2a: Sableye|15/234 brn|[from] item: Leftovers\n|-damage|p2a: Sableye|1/234 brn|[from] brn\n|upkeep\n|turn|12\n|\n|t:|1733901877\n|switch|p1a: Cresselia|Cresselia, L80, F|323/323\n|move|p2a: Sableye|Will-O-Wisp|p1a: Cresselia|[miss]\n|-miss|p2a: Sableye|p1a: Cresselia\n|\n|-heal|p2a: Sableye|15/234 brn|[from] item: Leftovers\n|-damage|p2a: Sableye|1/234 brn|[from] brn\n|upkeep\n|turn|13\n|\n|t:|1733901887\n|move|p2a: Sableye|Will-O-Wisp|p1a: Cresselia\n|-status|p1a: Cresselia|brn\n|move|p1a: Cresselia|Moonblast|p2a: Sableye\n|-supereffective|p2a: Sableye\n|-damage|p2a: Sableye|0 fnt\n|faint|p2a: Sableye\n|\n|-damage|p1a: Cresselia|303/323 brn|[from] brn\n|upkeep\n|\n|t:|1733901896\n|switch|p2a: Basculegion|Basculegion, L81, M|327/327\n|turn|14\n|\n|t:|1733901906\n|switch|p1a: Tauros|Tauros, L82, M|257/257\n|move|p2a: Basculegion|Shadow Ball|p1a: Tauros\n|-immune|p1a: Tauros\n|\n|upkeep\n|turn|15\n|\n|t:|1733901913\n|switch|p2a: Wigglytuff|Wigglytuff, L96, F|424/424\n|move|p1a: Tauros|Throat Chop|p2a: Wigglytuff\n|-resisted|p2a: Wigglytuff\n|-damage|p2a: Wigglytuff|362/424\n|\n|-heal|p2a: Wigglytuff|388/424|[from] item: Leftovers\n|upkeep\n|turn|16\n|\n|t:|1733901927\n|move|p1a: Tauros|Close Combat|p2a: Wigglytuff\n|-damage|p2a: Wigglytuff|242/424\n|-unboost|p1a: Tauros|def|1\n|-unboost|p1a: Tauros|spd|1\n|-damage|p1a: Tauros|232/257|[from] item: Life Orb\n|move|p2a: Wigglytuff|Thunder Wave|p1a: Tauros\n|-status|p1a: Tauros|par\n|\n|-heal|p2a: Wigglytuff|268/424|[from] item: Leftovers\n|upkeep\n|turn|17\n|\n|t:|1733901936\n|move|p2a: Wigglytuff|Dazzling Gleam|p1a: Tauros\n|-damage|p1a: Tauros|58/257 par\n|move|p1a: Tauros|Body Slam|p2a: Wigglytuff\n|-damage|p2a: Wigglytuff|56/424\n|\n|-heal|p2a: Wigglytuff|82/424|[from] item: Leftovers\n|upkeep\n|turn|18\n|\n|t:|1733901942\n|move|p2a: Wigglytuff|Dazzling Gleam|p1a: Tauros\n|-damage|p1a: Tauros|0 fnt\n|faint|p1a: Tauros\n|\n|-heal|p2a: Wigglytuff|108/424|[from] item: Leftovers\n|upkeep\n|\n|t:|1733901958\n|switch|p1a: Sinistcha|Sinistcha, L83|254/254\n|turn|19\n|\n|t:|1733901962\n|move|p1a: Sinistcha|Matcha Gotcha|p2a: Wigglytuff\n|-damage|p2a: Wigglytuff|0 fnt\n|faint|p2a: Wigglytuff\n|\n|upkeep\n|\n|t:|1733901969\n|switch|p2a: Basculegion|Basculegion, L81, M|327/327\n|turn|20\n|\n|t:|1733901976\n|move|p2a: Basculegion|Shadow Ball|p1a: Sinistcha\n|-supereffective|p1a: Sinistcha\n|-damage|p1a: Sinistcha|54/254\n|move|p1a: Sinistcha|Matcha Gotcha|p2a: Basculegion\n|-supereffective|p2a: Basculegion\n|-damage|p2a: Basculegion|169/327\n|-heal|p1a: Sinistcha|133/254|[from] drain|[of] p2a: Basculegion\n|\n|upkeep\n|turn|21\n|inactive|CheerioDust has 120 seconds left.\n|\n|t:|1733902021\n|-terastallize|p1a: Sinistcha|Steel\n|move|p2a: Basculegion|Shadow Ball|p1a: Sinistcha\n|-damage|p1a: Sinistcha|33/254\n|move|p1a: Sinistcha|Matcha Gotcha|p2a: Basculegion\n|-supereffective|p2a: Basculegion\n|-damage|p2a: Basculegion|11/327\n|-heal|p1a: Sinistcha|112/254|[from] drain|[of] p2a: Basculegion\n|\n|upkeep\n|turn|22\n|\n|t:|1733902028\n|move|p2a: Basculegion|Wave Crash|p1a: Sinistcha\n|-damage|p1a: Sinistcha|0 fnt\n|faint|p1a: Sinistcha\n|-damage|p2a: Basculegion|0 fnt|[from] Recoil\n|faint|p2a: Basculegion\n|\n|upkeep\n|\n|t:|1733902041\n|switch|p2a: Reshiram|Reshiram, L76|277/277\n|switch|p1a: Zamazenta|Zamazenta-Crowned, L68|238/238\n|-ability|p1a: Zamazenta|Dauntless Shield|boost\n|-boost|p1a: Zamazenta|def|1\n|-ability|p2a: Reshiram|Turboblaze\n|turn|23\n|\n|t:|1733902047\n|move|p1a: Zamazenta|Stone Edge|p2a: Reshiram\n|-supereffective|p2a: Reshiram\n|-damage|p2a: Reshiram|159/277\n|move|p2a: Reshiram|Blue Flare|p1a: Zamazenta\n|-supereffective|p1a: Zamazenta\n|-damage|p1a: Zamazenta|0 fnt\n|faint|p1a: Zamazenta\n|\n|upkeep\n|\n|t:|1733902057\n|switch|p1a: Cresselia|Cresselia, L80, F|303/323 brn\n|turn|24\n|\n|t:|1733902063\n|move|p1a: Cresselia|Calm Mind|p1a: Cresselia\n|-boost|p1a: Cresselia|spa|1\n|-boost|p1a: Cresselia|spd|1\n|move|p2a: Reshiram|Dragon Tail|p1a: Cresselia\n|-damage|p1a: Cresselia|249/323 brn\n|drag|p1a: Avalugg|Avalugg, L88, F|310/310\n|\n|upkeep\n|turn|25\n|\n|t:|1733902071\n|switch|p1a: Cresselia|Cresselia, L80, F|249/323 brn\n|move|p2a: Reshiram|Blue Flare|p1a: Cresselia\n|-crit|p1a: Cresselia\n|-damage|p1a: Cresselia|32/323 brn\n|\n|-heal|p1a: Cresselia|52/323 brn|[from] item: Leftovers\n|-damage|p1a: Cresselia|32/323 brn|[from] brn\n|upkeep\n|turn|26\n|\n|t:|1733902076\n|move|p1a: Cresselia|Moonblast|p2a: Reshiram\n|-damage|p2a: Reshiram|110/277\n|move|p2a: Reshiram|Blue Flare|p1a: Cresselia\n|-damage|p1a: Cresselia|0 fnt\n|faint|p1a: Cresselia\n|\n|upkeep\n|\n|t:|1733902081\n|switch|p1a: Wugtrio|Wugtrio, L91, M|212/212\n|turn|27\n|\n|t:|1733902087\n|switch|p2a: Scrafty|Scrafty, L84, F|246/246\n|move|p1a: Wugtrio|Liquidation|p2a: Scrafty\n|-damage|p2a: Scrafty|114/246\n|\n|-heal|p2a: Scrafty|129/246|[from] item: Leftovers\n|upkeep\n|turn|28\n|\n|t:|1733902103\n|move|p1a: Wugtrio|Liquidation|p2a: Scrafty\n|-damage|p2a: Scrafty|0 fnt\n|faint|p2a: Scrafty\n|\n|upkeep\n|\n|t:|1733902106\n|switch|p2a: Great Tusk|Great Tusk, L77|304/304\n|turn|29\n|\n|t:|1733902114\n|-terastallize|p2a: Great Tusk|Steel\n|move|p1a: Wugtrio|Liquidation|p2a: Great Tusk\n|-damage|p2a: Great Tusk|169/304\n|move|p2a: Great Tusk|Bulk Up|p2a: Great Tusk\n|-boost|p2a: Great Tusk|atk|1\n|-boost|p2a: Great Tusk|def|1\n|\n|-heal|p2a: Great Tusk|188/304|[from] item: Leftovers\n|upkeep\n|turn|30\n|\n|t:|1733902117\n|switch|p1a: Avalugg|Avalugg, L88, F|310/310\n|move|p2a: Great Tusk|Close Combat|p1a: Avalugg\n|-supereffective|p1a: Avalugg\n|-damage|p1a: Avalugg|110/310\n|-unboost|p2a: Great Tusk|def|1\n|-unboost|p2a: Great Tusk|spd|1\n|\n|-heal|p2a: Great Tusk|207/304|[from] item: Leftovers\n|upkeep\n|turn|31\n|\n|t:|1733902121\n|move|p2a: Great Tusk|Close Combat|p1a: Avalugg\n|-supereffective|p1a: Avalugg\n|-damage|p1a: Avalugg|0 fnt\n|-unboost|p2a: Great Tusk|def|1\n|-unboost|p2a: Great Tusk|spd|1\n|faint|p1a: Avalugg\n|\n|-heal|p2a: Great Tusk|226/304|[from] item: Leftovers\n|upkeep\n|\n|t:|1733902123\n|switch|p1a: Wugtrio|Wugtrio, L91, M|212/212\n|turn|32\n|\n|t:|1733902128\n|-end|p2a: Great Tusk|Protosynthesis|[silent]\n|switch|p2a: Reshiram|Reshiram, L76|110/277\n|-ability|p2a: Reshiram|Turboblaze\n|move|p1a: Wugtrio|Stomping Tantrum|p2a: Reshiram\n|-supereffective|p2a: Reshiram\n|-damage|p2a: Reshiram|0 fnt\n|faint|p2a: Reshiram\n|\n|upkeep\n|\n|t:|1733902132\n|switch|p2a: Great Tusk|Great Tusk, L77, tera:Steel|226/304\n|turn|33\n|\n|t:|1733902135\n|move|p1a: Wugtrio|Stomping Tantrum|p2a: Great Tusk\n|-supereffective|p2a: Great Tusk\n|-damage|p2a: Great Tusk|70/304\n|move|p2a: Great Tusk|Close Combat|p1a: Wugtrio\n|-crit|p1a: Wugtrio\n|-damage|p1a: Wugtrio|0 fnt\n|-unboost|p2a: Great Tusk|def|1\n|-unboost|p2a: Great Tusk|spd|1\n|-ability|p1a: Wugtrio|Gooey\n|-unboost|p2a: Great Tusk|spe|1\n|faint|p1a: Wugtrio\n|\n|win|Fhhdufhdhdjdjed\n|raw|CheerioDust's rating: 1079 &rarr; <strong>1052</strong><br />(-27 for losing)\n|raw|Fhhdufhdhdjdjed's rating: 1000 &rarr; <strong>1049</strong><br />(+49 for winning)\n|l|\u2606CheerioDust\n|player|p1|\n", "inputlog": ">version bfd83cad13791eb5a5a409923076391caf6fb4d4\n>start {\"formatid\":\"gen9randombattle\",\"seed\":[7518,14075,13444,46891],\"rated\":\"Rated battle\"}\n>player p1 {\"name\":\"CheerioDust\",\"avatar\":\"2\",\"rating\":1079,\"seed\":[13048,22244,38472,4470]}\n>player p2 {\"name\":\"Fhhdufhdhdjdjed\",\"avatar\":\"170\",\"rating\":1000,\"seed\":[35394,44568,19443,36252]}\n>p1 switch 2\n>p2 switch 3\n>p1 move matchagotcha\n>p2 move knockoff\n>p1 move matchagotcha\n>p2 move recover\n>p1 move matchagotcha\n>p2 move recover\n>p1 move matchagotcha\n>p2 move recover\n>p1 move matchagotcha\n>p2 move recover\n>p1 move matchagotcha\n>p2 move recover\n>p1 move matchagotcha\n>p2 move recover\n>p1 move matchagotcha\n>p2 move recover\n>p1 move matchagotcha\n>p2 move recover\n>p1 move matchagotcha\n>p2 move willowisp\n>p1 switch 5\n>p2 move willowisp\n>p1 move moonblast\n>p2 move willowisp\n>p2 switch 4\n>p1 switch 4\n>p2 move shadowball\n>p1 move throatchop\n>p2 switch 2\n>p1 move closecombat\n>p2 move thunderwave\n>p1 move bodyslam\n>p2 move dazzlinggleam\n>p1 move bodyslam\n>p2 move dazzlinggleam\n>p1 switch 5\n>p1 move matchagotcha\n>p2 move thunderwave\n>p2 switch 2\n>p1 move matchagotcha\n>p2 move shadowball\n>p1 move matchagotcha terastallize\n>p2 move shadowball\n>p1 move matchagotcha\n>p2 move wavecrash\n>p1 switch 3\n>p2 switch 5\n>p1 move stoneedge\n>p2 move blueflare\n>p1 switch 4\n>p1 move calmmind\n>p2 move dragontail\n>p1 switch 2\n>p2 move blueflare\n>p1 move moonblast\n>p2 move blueflare\n>p1 switch 6\n>p1 move liquidation\n>p2 switch 6\n>p1 move liquidation\n>p2 move rest\n>p2 switch 3\n>p1 move liquidation\n>p2 move bulkup terastallize\n>p1 switch 2\n>p2 move closecombat\n>p1 move bodypress\n>p2 move closecombat\n>p1 switch 2\n>p1 move stompingtantrum\n>p2 switch 6\n>p2 switch 6\n>p1 move stompingtantrum\n>p2 move closecombat", "uploadtime": 1733902138, "views": 1, "formatid": "gen9randombattle", "rating": 1049, "private": 0, "password": null}