{"id": "gen9randombattle-2260494779", "format": "[Gen 9] Random Battle", "players": ["opoppiit", "gordomistiko"], "log": "|j|\u2606opoppiit\n|j|\u2606gordomistiko\n|t:|1733857059\n|gametype|singles\n|player|p1|opoppiit|hilda-wonderlauncher|1463\n|player|p2|gordomistiko|102|1422\n|teamsize|p1|6\n|teamsize|p2|6\n|gen|9\n|tier|[Gen 9] Random Battle\n|rated|\n|rule|Species Clause: Limit one of each Pok\u00e9mon\n|rule|HP Percentage Mod: HP is shown in percentages\n|rule|Sleep Clause Mod: Limit one foe put to sleep\n|rule|Illusion Level Mod: Illusion disguises the Pok\u00e9mon's true level\n|\n|t:|1733857059\n|start\n|switch|p1a: Jumpluff|Jumpluff, L87, M|271/271\n|switch|p2a: Lumineon|Lumineon, L93, M|279/279\n|turn|1\n|\n|t:|1733857073\n|move|p1a: Jumpluff|Substitute|p1a: Jumpluff\n|-start|p1a: Jumpluff|Substitute\n|-damage|p1a: Jumpluff|204/271\n|move|p2a: Lumineon|U-turn|p1a: Jumpluff\n|-activate|p1a: Jumpluff|move: Substitute|[damage]\n|\n|t:|1733857098\n|switch|p2a: Piloswine|Piloswine, L85, F|309/309|[from] U-turn\n|\n|upkeep\n|turn|2\n|\n|t:|1733857110\n|move|p1a: Jumpluff|Leech Seed|p2a: Piloswine\n|-start|p2a: Piloswine|move: Leech Seed\n|move|p2a: Piloswine|Roar|p1a: Jumpluff\n|drag|p1a: Gumshoos|Gumshoos, L95, F|321/321\n|\n|-damage|p2a: Piloswine|271/309|[from] Leech Seed|[of] p1a: Gumshoos\n|upkeep\n|turn|3\n|\n|t:|1733857123\n|move|p1a: Gumshoos|Knock Off|p2a: Piloswine\n|-damage|p2a: Piloswine|164/309\n|-enditem|p2a: Piloswine|Eviolite|[from] move: Knock Off|[of] p1a: Gumshoos\n|move|p2a: Piloswine|Earthquake|p1a: Gumshoos\n|-damage|p1a: Gumshoos|185/321\n|\n|-damage|p2a: Piloswine|126/309|[from] Leech Seed|[of] p1a: Gumshoos\n|-heal|p1a: Gumshoos|223/321|[silent]\n|upkeep\n|turn|4\n|\n|t:|1733857132\n|switch|p1a: Jumpluff|Jumpluff, L87, M|204/271\n|move|p2a: Piloswine|Icicle Crash|p1a: Jumpluff\n|-supereffective|p1a: Jumpluff\n|-damage|p1a: Jumpluff|0 fnt\n|faint|p1a: Jumpluff\n|\n|upkeep\n|\n|t:|1733857163\n|switch|p1a: Skeledirge|Skeledirge, L79, F|294/294\n|turn|5\n|\n|t:|1733857178\n|move|p1a: Skeledirge|Torch Song|p2a: Piloswine\n|-supereffective|p2a: Piloswine\n|-damage|p2a: Piloswine|6/309\n|-boost|p1a: Skeledirge|spa|1\n|move|p2a: Piloswine|Earthquake|p1a: Skeledirge\n|-supereffective|p1a: Skeledirge\n|-damage|p1a: Skeledirge|90/294\n|\n|-damage|p2a: Piloswine|0 fnt|[from] Leech Seed|[of] p1a: Skeledirge\n|-heal|p1a: Skeledirge|96/294|[silent]\n|faint|p2a: Piloswine\n|upkeep\n|\n|t:|1733857189\n|switch|p2a: Cetitan|Cetitan, L82, F|412/412\n|turn|6\n|\n|t:|1733857198\n|move|p2a: Cetitan|Earthquake|p1a: Skeledirge\n|-supereffective|p1a: Skeledirge\n|-damage|p1a: Skeledirge|0 fnt\n|faint|p1a: Skeledirge\n|\n|upkeep\n|\n|t:|1733857202\n|switch|p1a: Gumshoos|Gumshoos, L95, F|223/321\n|turn|7\n|inactive|Battle timer is ON: inactive players will automatically lose when time's up. (requested by opoppiit)\n|\n|t:|1733857222\n|move|p2a: Cetitan|Belly Drum|p2a: Cetitan\n|-damage|p2a: Cetitan|206/412\n|-setboost|p2a: Cetitan|atk|6|[from] move: Belly Drum\n|-enditem|p2a: Cetitan|Sitrus Berry|[eat]\n|-heal|p2a: Cetitan|309/412|[from] item: Sitrus Berry\n|move|p1a: Gumshoos|Double-Edge|p2a: Cetitan\n|-damage|p2a: Cetitan|0 fnt\n|faint|p2a: Cetitan\n|-damage|p1a: Gumshoos|121/321|[from] Recoil\n|\n|upkeep\n|\n|t:|1733857237\n|switch|p2a: Wyrdeer|Wyrdeer, L87, M|321/321\n|-ability|p2a: Wyrdeer|Intimidate|boost\n|-unboost|p1a: Gumshoos|atk|1\n|turn|8\n|inactive|opoppiit has 120 seconds left.\n|\n|t:|1733857284\n|switch|p1a: Ursaluna|Ursaluna, L79, M|335/335\n|move|p2a: Wyrdeer|Psychic Noise|p1a: Ursaluna\n|-damage|p1a: Ursaluna|236/335\n|-start|p1a: Ursaluna|move: Heal Block\n|\n|-status|p1a: Ursaluna|brn|[from] item: Flame Orb\n|upkeep\n|turn|9\n|\n|t:|1733857304\n|move|p2a: Wyrdeer|Psychic Noise|p1a: Ursaluna\n|-damage|p1a: Ursaluna|134/335 brn\n|move|p1a: Ursaluna|Trailblaze|p2a: Wyrdeer\n|-damage|p2a: Wyrdeer|248/321\n|-boost|p1a: Ursaluna|spe|1\n|\n|-heal|p2a: Wyrdeer|268/321|[from] item: Leftovers\n|-damage|p1a: Ursaluna|114/335 brn|[from] brn\n|-end|p1a: Ursaluna|move: Heal Block\n|upkeep\n|turn|10\n|\n|t:|1733857316\n|move|p1a: Ursaluna|Facade|p2a: Wyrdeer\n|-damage|p2a: Wyrdeer|0 fnt\n|faint|p2a: Wyrdeer\n|\n|-damage|p1a: Ursaluna|94/335 brn|[from] brn\n|upkeep\n|\n|t:|1733857327\n|switch|p2a: Lumineon|Lumineon, L93, M|279/279\n|turn|11\n|\n|t:|1733857330\n|move|p2a: Lumineon|Hydro Pump|p1a: Ursaluna\n|-supereffective|p1a: Ursaluna\n|-crit|p1a: Ursaluna\n|-damage|p1a: Ursaluna|0 fnt\n|faint|p1a: Ursaluna\n|\n|upkeep\n|\n|t:|1733857341\n|switch|p1a: Gumshoos|Gumshoos, L95, F|121/321\n|turn|12\n|\n|t:|1733857345\n|move|p2a: Lumineon|Hydro Pump|p1a: Gumshoos\n|-damage|p1a: Gumshoos|0 fnt\n|faint|p1a: Gumshoos\n|\n|upkeep\n|\n|t:|1733857354\n|switch|p1a: Arbok|Arbok, L87, M|246/246\n|-ability|p1a: Arbok|Intimidate|boost\n|-unboost|p2a: Lumineon|atk|1\n|turn|13\n|\n|t:|1733857363\n|-terastallize|p1a: Arbok|Grass\n|move|p2a: Lumineon|Alluring Voice|p1a: Arbok\n|-damage|p1a: Arbok|191/246\n|move|p1a: Arbok|Trailblaze|p2a: Lumineon\n|-supereffective|p2a: Lumineon\n|-damage|p2a: Lumineon|157/279\n|-boost|p1a: Arbok|spe|1\n|\n|-heal|p1a: Arbok|206/246|[from] item: Leftovers\n|upkeep\n|turn|14\n|\n|t:|1733857374\n|move|p1a: Arbok|Coil|p1a: Arbok\n|-boost|p1a: Arbok|atk|1\n|-boost|p1a: Arbok|def|1\n|-boost|p1a: Arbok|accuracy|1\n|move|p2a: Lumineon|Encore|p1a: Arbok\n|-start|p1a: Arbok|Encore\n|\n|-heal|p1a: Arbok|221/246|[from] item: Leftovers\n|upkeep\n|turn|15\n|\n|t:|1733857386\n|move|p1a: Arbok|Coil|p1a: Arbok\n|-boost|p1a: Arbok|atk|1\n|-boost|p1a: Arbok|def|1\n|-boost|p1a: Arbok|accuracy|1\n|move|p2a: Lumineon|U-turn|p1a: Arbok\n|-supereffective|p1a: Arbok\n|-damage|p1a: Arbok|185/246\n|\n|t:|1733857388\n|switch|p2a: Tornadus|Tornadus-Therian, L79, M|254/254|[from] U-turn\n|\n|-heal|p1a: Arbok|200/246|[from] item: Leftovers\n|upkeep\n|turn|16\n|\n|t:|1733857393\n|move|p1a: Arbok|Coil|p1a: Arbok\n|-boost|p1a: Arbok|atk|1\n|-boost|p1a: Arbok|def|1\n|-boost|p1a: Arbok|accuracy|1\n|move|p2a: Tornadus|Bleakwind Storm|p1a: Arbok|[miss]\n|-miss|p2a: Tornadus|p1a: Arbok\n|\n|-heal|p1a: Arbok|215/246|[from] item: Leftovers\n|upkeep\n|turn|17\n|\n|t:|1733857397\n|move|p1a: Arbok|Coil|p1a: Arbok\n|-boost|p1a: Arbok|atk|1\n|-boost|p1a: Arbok|def|1\n|-boost|p1a: Arbok|accuracy|1\n|move|p2a: Tornadus|Bleakwind Storm|p1a: Arbok\n|-supereffective|p1a: Arbok\n|-damage|p1a: Arbok|9/246\n|\n|-heal|p1a: Arbok|24/246|[from] item: Leftovers\n|-end|p1a: Arbok|Encore\n|upkeep\n|turn|18\n|\n|t:|1733857407\n|move|p1a: Arbok|Gunk Shot|p2a: Tornadus\n|-damage|p2a: Tornadus|0 fnt\n|faint|p2a: Tornadus\n|\n|-heal|p1a: Arbok|39/246|[from] item: Leftovers\n|upkeep\n|\n|t:|1733857412\n|switch|p2a: Altaria|Altaria, L88, F|275/275\n|turn|19\n|\n|t:|1733857416\n|-terastallize|p2a: Altaria|Steel\n|move|p1a: Arbok|Gunk Shot|p2a: Altaria\n|-immune|p2a: Altaria\n|move|p2a: Altaria|Brave Bird|p1a: Arbok\n|-supereffective|p1a: Arbok\n|-damage|p1a: Arbok|0 fnt\n|faint|p1a: Arbok\n|-damage|p2a: Altaria|262/275|[from] Recoil\n|\n|upkeep\n|\n|t:|1733857419\n|switch|p1a: Flamigo|Flamigo, L82, M|269/269\n|turn|20\n|\n|t:|1733857427\n|move|p1a: Flamigo|Close Combat|p2a: Altaria\n|-supereffective|p2a: Altaria\n|-damage|p2a: Altaria|0 fnt\n|-unboost|p1a: Flamigo|def|1\n|-unboost|p1a: Flamigo|spd|1\n|faint|p2a: Altaria\n|\n|upkeep\n|\n|t:|1733857429\n|switch|p2a: Lumineon|Lumineon, L93, M|157/279\n|turn|21\n|\n|t:|1733857443\n|move|p2a: Lumineon|Hydro Pump|p1a: Flamigo|[miss]\n|-miss|p2a: Lumineon|p1a: Flamigo\n|move|p1a: Flamigo|Close Combat|p2a: Lumineon\n|-damage|p2a: Lumineon|0 fnt\n|-unboost|p1a: Flamigo|def|1\n|-unboost|p1a: Flamigo|spd|1\n|faint|p2a: Lumineon\n|\n|win|opoppiit\n|raw|opoppiit's rating: 1463 &rarr; <strong>1481</strong><br />(+18 for winning)\n|raw|gordomistiko's rating: 1422 &rarr; <strong>1404</strong><br />(-18 for losing)\n|c|\u2606gordomistiko|gg\n", "inputlog": ">version bfd83cad13791eb5a5a409923076391caf6fb4d4\n>start {\"formatid\":\"gen9randombattle\",\"seed\":[35739,21067,56317,644],\"rated\":\"Rated battle\"}\n>player p1 {\"name\":\"opoppiit\",\"avatar\":\"hilda-wonderlauncher\",\"rating\":1463,\"seed\":[4431,14575,20147,25347]}\n>player p2 {\"name\":\"gordomistiko\",\"avatar\":\"102\",\"rating\":1422,\"seed\":[5224,45446,7250,13030]}\n>p1 move substitute\n>p2 move uturn\n>p2 switch 2\n>p1 move leechseed\n>p2 move roar\n>p1 move knockoff\n>p2 move earthquake\n>p1 switch 2\n>p2 move iciclecrash\n>p1 switch 4\n>p1 move torchsong\n>p2 move earthquake\n>p2 switch 5\n>p1 move flamecharge\n>p2 move earthquake\n>p1 switch 2\n>p1 move doubleedge\n>p2 move bellydrum\n>p2 switch 6\n>p1 switch 3\n>p2 move psychicnoise\n>p1 move trailblaze\n>p2 move psychicnoise\n>p1 move facade\n>p2 move psychicnoise\n>p2 switch 2\n>p1 move facade\n>p2 move hydropump\n>p1 switch 3\n>p1 move doubleedge\n>p2 move hydropump\n>p1 switch 5\n>p1 move trailblaze terastallize\n>p2 move alluringvoice\n>p1 move coil\n>p2 move encore\n>p1 move coil\n>p2 move uturn\n>p2 switch 3\n>p1 move coil\n>p2 move bleakwindstorm\n>p1 move coil\n>p2 move bleakwindstorm\n>p1 move gunkshot\n>p2 move heatwave\n>p2 switch 4\n>p1 move gunkshot\n>p2 move bravebird terastallize\n>p1 switch 6\n>p1 move closecombat\n>p2 move bravebird\n>p2 switch 3\n>p1 move closecombat\n>p2 move hydropump", "uploadtime": 1733857447, "views": 1, "formatid": "gen9randombattle", "rating": 1404, "private": 0, "password": null}