{"id": "gen9randombattle-2206530325", "format": "[Gen 9] Random Battle", "players": ["RB2T R", "rb2t michi"], "log": "|badge|p1|silver|gen9randombattle|30-2\n|uhtml|medal-msg|<div class=\"broadcast-blue\">Curious what those medals under the avatar are? PS now has Ladder Seasons! For more information, check out the <a href=\"https://www.smogon.com/forums/threads/3740067/\">thread on Smogon.</a></div>\n|badge|p2|silver|gen9randombattle|30-2\n|uhtml|medal-msg|<div class=\"broadcast-blue\">Curious what those medals under the avatar are? PS now has Ladder Seasons! For more information, check out the <a href=\"https://www.smogon.com/forums/threads/3740067/\">thread on Smogon.</a></div>\n|raw|<div class=\"broadcast-blue\"><strong>This battle is required to be public due to a player having a name starting with 'rb2t'.</div>\n|j|\u2606RB2T R\n|j|\u2606rb2t michi\n|t:|1726926663\n|gametype|singles\n|player|p1|RB2T R|unknown|2436\n|player|p2|rb2t michi|169|2475\n|teamsize|p1|6\n|teamsize|p2|6\n|gen|9\n|tier|[Gen 9] Random Battle\n|rated|\n|rule|Species Clause: Limit one of each Pok\u00e9mon\n|rule|HP Percentage Mod: HP is shown in percentages\n|rule|Sleep Clause Mod: Limit one foe put to sleep\n|rule|Illusion Level Mod: Illusion disguises the Pok\u00e9mon's true level\n|\n|t:|1726926663\n|start\n|switch|p1a: Misdreavus|Misdreavus, L90, F|254/254\n|switch|p2a: Landorus|Landorus, L75, M|257/257\n|turn|1\n|inactive|Battle timer is ON: inactive players will automatically lose when time's up. (requested by rb2t michi)\n|inactive|RB2T R also wants the timer to be on.\n|j|+snowy\n|j| suta pulachina\n|\n|t:|1726926693\n|switch|p2a: Venomoth|Venomoth, L84, M|255/255\n|move|p1a: Misdreavus|Calm Mind|p1a: Misdreavus\n|-boost|p1a: Misdreavus|spa|1\n|-boost|p1a: Misdreavus|spd|1\n|\n|upkeep\n|turn|2\n|\n|t:|1726926702\n|move|p1a: Misdreavus|Shadow Ball|p2a: Venomoth\n|-damage|p2a: Venomoth|105/255\n|-unboost|p2a: Venomoth|spd|1\n|move|p2a: Venomoth|Quiver Dance|p2a: Venomoth\n|-boost|p2a: Venomoth|spa|1\n|-boost|p2a: Venomoth|spd|1\n|-boost|p2a: Venomoth|spe|1\n|\n|upkeep\n|turn|3\n|\n|t:|1726926710\n|move|p2a: Venomoth|Sleep Powder|p1a: Misdreavus\n|-status|p1a: Misdreavus|slp|[from] move: Sleep Powder\n|cant|p1a: Misdreavus|slp\n|\n|upkeep\n|turn|4\n|j| RB2T paysa\n|\n|t:|1726926716\n|move|p2a: Venomoth|Quiver Dance|p2a: Venomoth\n|-boost|p2a: Venomoth|spa|1\n|-boost|p2a: Venomoth|spd|1\n|-boost|p2a: Venomoth|spe|1\n|cant|p1a: Misdreavus|slp\n|\n|upkeep\n|turn|5\n|\n|t:|1726926721\n|move|p2a: Venomoth|Quiver Dance|p2a: Venomoth\n|-boost|p2a: Venomoth|spa|1\n|-boost|p2a: Venomoth|spd|1\n|-boost|p2a: Venomoth|spe|1\n|-curestatus|p1a: Misdreavus|slp|[msg]\n|move|p1a: Misdreavus|Shadow Ball|p2a: Venomoth\n|-damage|p2a: Venomoth|35/255\n|\n|upkeep\n|turn|6\n|\n|t:|1726926738\n|move|p2a: Venomoth|Sleep Powder|p1a: Misdreavus|[miss]\n|-miss|p2a: Venomoth|p1a: Misdreavus\n|move|p1a: Misdreavus|Shadow Ball|p2a: Venomoth\n|-damage|p2a: Venomoth|0 fnt\n|faint|p2a: Venomoth\n|\n|upkeep\n|\n|t:|1726926746\n|switch|p2a: Dedenne|Dedenne, L88, F|261/261\n|turn|7\n|\n|t:|1726926750\n|switch|p1a: Scovillain|Scovillain, L91, F|266/266\n|move|p2a: Dedenne|Nuzzle|p1a: Scovillain\n|-resisted|p1a: Scovillain\n|-damage|p1a: Scovillain|257/266\n|-status|p1a: Scovillain|par\n|\n|upkeep\n|turn|8\n|\n|t:|1726926758\n|switch|p2a: Gouging Fire|Gouging Fire, L74|277/277\n|cant|p1a: Scovillain|par\n|\n|upkeep\n|turn|9\n|\n|t:|1726926767\n|switch|p1a: Virizion|Virizion, L82|283/283\n|move|p2a: Gouging Fire|Dragon Dance|p2a: Gouging Fire\n|-boost|p2a: Gouging Fire|atk|1\n|-boost|p2a: Gouging Fire|spe|1\n|\n|upkeep\n|turn|10\n|\n|t:|1726926787\n|move|p2a: Gouging Fire|Dragon Dance|p2a: Gouging Fire\n|-boost|p2a: Gouging Fire|atk|1\n|-boost|p2a: Gouging Fire|spe|1\n|move|p1a: Virizion|Stone Edge|p2a: Gouging Fire\n|-supereffective|p2a: Gouging Fire\n|-damage|p2a: Gouging Fire|129/277\n|-damage|p1a: Virizion|255/283|[from] item: Life Orb\n|\n|upkeep\n|turn|11\n|inactive|RB2T R has 120 seconds left.\n|\n|t:|1726926817\n|-terastallize|p1a: Virizion|Rock\n|move|p2a: Gouging Fire|Heat Crash|p1a: Virizion\n|-resisted|p1a: Virizion\n|-damage|p1a: Virizion|184/283\n|move|p1a: Virizion|Stone Edge|p2a: Gouging Fire|[miss]\n|-miss|p1a: Virizion|p2a: Gouging Fire\n|\n|upkeep\n|turn|12\n|inactive|RB2T R has 120 seconds left.\n|\n|t:|1726926829\n|move|p2a: Gouging Fire|Earthquake|p1a: Virizion\n|-supereffective|p1a: Virizion\n|-damage|p1a: Virizion|0 fnt\n|faint|p1a: Virizion\n|\n|upkeep\n|inactive|RB2T R has 120 seconds left.\n|\n|t:|1726926837\n|switch|p1a: Vaporeon|Vaporeon, L86, M|364/364\n|turn|13\n|\n|t:|1726926844\n|move|p2a: Gouging Fire|Outrage|p1a: Vaporeon\n|-damage|p1a: Vaporeon|85/364\n|move|p1a: Vaporeon|Scald|p2a: Gouging Fire\n|-damage|p2a: Gouging Fire|15/277\n|\n|-heal|p1a: Vaporeon|107/364|[from] item: Leftovers\n|upkeep\n|turn|14\n|\n|t:|1726926846\n|move|p1a: Vaporeon|Protect|p1a: Vaporeon\n|-singleturn|p1a: Vaporeon|Protect\n|move|p2a: Gouging Fire|Outrage|p1a: Vaporeon|[from]lockedmove\n|-activate|p1a: Vaporeon|move: Protect\n|-start|p2a: Gouging Fire|confusion|[fatigue]\n|\n|-heal|p1a: Vaporeon|129/364|[from] item: Leftovers\n|upkeep\n|turn|15\n|\n|t:|1726926850\n|-activate|p2a: Gouging Fire|confusion\n|move|p2a: Gouging Fire|Earthquake|p1a: Vaporeon\n|-damage|p1a: Vaporeon|0 fnt\n|faint|p1a: Vaporeon\n|\n|upkeep\n|\n|t:|1726926856\n|switch|p1a: Scovillain|Scovillain, L91, F|257/266 par\n|turn|16\n|\n|t:|1726926859\n|-activate|p2a: Gouging Fire|confusion\n|move|p2a: Gouging Fire|Heat Crash|p1a: Scovillain\n|-damage|p1a: Scovillain|1/266 par\n|cant|p1a: Scovillain|par\n|\n|upkeep\n|turn|17\n|\n|t:|1726926872\n|-activate|p2a: Gouging Fire|confusion\n|-damage|p2a: Gouging Fire|0 fnt|[from] confusion\n|faint|p2a: Gouging Fire\n|-end|p2a: Gouging Fire|Protosynthesis|[silent]\n|cant|p1a: Scovillain|par\n|\n|upkeep\n|\n|t:|1726926881\n|switch|p2a: Dedenne|Dedenne, L88, F|261/261\n|turn|18\n|\n|t:|1726926885\n|move|p2a: Dedenne|Nuzzle|p1a: Scovillain\n|-resisted|p1a: Scovillain\n|-damage|p1a: Scovillain|0 fnt\n|faint|p1a: Scovillain\n|\n|upkeep\n|\n|t:|1726926899\n|switch|p1a: Misdreavus|Misdreavus, L90, F|254/254\n|turn|19\n|\n|t:|1726926902\n|move|p2a: Dedenne|Nuzzle|p1a: Misdreavus\n|-damage|p1a: Misdreavus|241/254\n|-status|p1a: Misdreavus|par\n|move|p1a: Misdreavus|Calm Mind|p1a: Misdreavus\n|-boost|p1a: Misdreavus|spa|1\n|-boost|p1a: Misdreavus|spd|1\n|\n|upkeep\n|turn|20\n|\n|t:|1726926910\n|switch|p2a: Iron Treads|Iron Treads, L77|265/265\n|move|p1a: Misdreavus|Will-O-Wisp|p2a: Iron Treads\n|-status|p2a: Iron Treads|brn\n|\n|-damage|p2a: Iron Treads|249/265 brn|[from] brn\n|upkeep\n|turn|21\n|inactive|RB2T R has 120 seconds left.\n|\n|t:|1726926951\n|move|p2a: Iron Treads|Iron Head|p1a: Misdreavus\n|-damage|p1a: Misdreavus|209/254 par\n|cant|p1a: Misdreavus|par\n|\n|-heal|p2a: Iron Treads|265/265 brn|[from] item: Leftovers\n|-damage|p2a: Iron Treads|249/265 brn|[from] brn\n|upkeep\n|turn|22\n|\n|t:|1726926971\n|switch|p1a: Venomoth|Venomoth, L84, F|255/255\n|move|p2a: Iron Treads|Iron Head|p1a: Venomoth\n|-damage|p1a: Venomoth|206/255\n|\n|-heal|p2a: Iron Treads|265/265 brn|[from] item: Leftovers\n|-damage|p2a: Iron Treads|249/265 brn|[from] brn\n|upkeep\n|turn|23\n|inactive|rb2t michi has 120 seconds left.\n|\n|t:|1726927006\n|-end|p2a: Iron Treads|Quark Drive|[silent]\n|switch|p2a: Landorus|Landorus, L75, M|257/257\n|move|p1a: Venomoth|Quiver Dance|p1a: Venomoth\n|-boost|p1a: Venomoth|spa|1\n|-boost|p1a: Venomoth|spd|1\n|-boost|p1a: Venomoth|spe|1\n|\n|upkeep\n|turn|24\n|inactive|RB2T R has 120 seconds left.\n|\n|t:|1726927018\n|move|p1a: Venomoth|Sludge Wave|p2a: Landorus\n|-resisted|p2a: Landorus\n|-crit|p2a: Landorus\n|-damage|p2a: Landorus|0 fnt\n|faint|p2a: Landorus\n|\n|upkeep\n|\n|t:|1726927024\n|switch|p2a: Dudunsparce|Dudunsparce-Three-Segment, L82, M|339/339\n|turn|25\n|inactive|RB2T R has 120 seconds left.\n|\n|t:|1726927048\n|move|p1a: Venomoth|Sleep Powder|p2a: Dudunsparce\n|-status|p2a: Dudunsparce|slp|[from] move: Sleep Powder\n|cant|p2a: Dudunsparce|slp\n|\n|upkeep\n|turn|26\n|\n|t:|1726927052\n|move|p1a: Venomoth|Sleep Powder|p2a: Dudunsparce|[miss]\n|-miss|p1a: Venomoth|p2a: Dudunsparce\n|cant|p2a: Dudunsparce|slp\n|\n|upkeep\n|turn|27\n|j| adele9\n|c|\u2606RB2T R|Sigh this fucking phone\n|inactive|RB2T R has 120 seconds left.\n|\n|t:|1726927062\n|move|p1a: Venomoth|Quiver Dance|p1a: Venomoth\n|-boost|p1a: Venomoth|spa|1\n|-boost|p1a: Venomoth|spd|1\n|-boost|p1a: Venomoth|spe|1\n|cant|p2a: Dudunsparce|slp\n|\n|upkeep\n|turn|28\n|\n|t:|1726927067\n|move|p1a: Venomoth|Sludge Wave|p2a: Dudunsparce\n|-damage|p2a: Dudunsparce|128/339 slp\n|-curestatus|p2a: Dudunsparce|slp|[msg]\n|move|p2a: Dudunsparce|Calm Mind|p2a: Dudunsparce\n|-boost|p2a: Dudunsparce|spa|1\n|-boost|p2a: Dudunsparce|spd|1\n|\n|-heal|p2a: Dudunsparce|149/339|[from] item: Leftovers\n|upkeep\n|turn|29\n|l| adele9\n|\n|t:|1726927071\n|move|p1a: Venomoth|Sleep Powder|p2a: Dudunsparce\n|-status|p2a: Dudunsparce|slp|[from] move: Sleep Powder\n|cant|p2a: Dudunsparce|slp\n|\n|-heal|p2a: Dudunsparce|170/339 slp|[from] item: Leftovers\n|upkeep\n|turn|30\n|\n|t:|1726927073\n|move|p1a: Venomoth|Sludge Wave|p2a: Dudunsparce\n|-damage|p2a: Dudunsparce|29/339 slp\n|cant|p2a: Dudunsparce|slp\n|\n|-heal|p2a: Dudunsparce|50/339 slp|[from] item: Leftovers\n|upkeep\n|turn|31\n|\n|t:|1726927076\n|move|p1a: Venomoth|Bug Buzz|p2a: Dudunsparce\n|-damage|p2a: Dudunsparce|0 fnt\n|faint|p2a: Dudunsparce\n|\n|upkeep\n|-message|rb2t michi forfeited.\n|\n|win|RB2T R\n|raw|RB2T R's rating: 2436 &rarr; <strong>2458</strong><br />(+22 for winning)\n|raw|rb2t michi's rating: 2475 &rarr; <strong>2453</strong><br />(-22 for losing)\n|l|\u2606rb2t michi\n|player|p2|\n", "inputlog": ">version ddf5848a381b6afa3b8db755b9bdef59b522c4eb\n>start {\"formatid\":\"gen9randombattle\",\"seed\":[27181,28280,62440,47429],\"rated\":\"Rated battle\"}\n>player p1 {\"name\":\"RB2T R\",\"avatar\":\"unknown\",\"rating\":2436,\"seed\":[5424,18438,23061,29012]}\n>player p2 {\"name\":\"rb2t michi\",\"avatar\":\"169\",\"rating\":2475,\"seed\":[50285,16682,37731,57524]}\n>p1 move calmmind\n>p2 switch 4\n>p1 move shadowball\n>p2 move quiverdance\n>p1 move shadowball\n>p2 move sleeppowder\n>p1 move shadowball\n>p2 move quiverdance\n>p1 move shadowball\n>p2 move quiverdance\n>p1 move shadowball\n>p2 move sleeppowder\n>p2 switch 2\n>p1 switch 5\n>p2 move nuzzle\n>p1 move leafstorm\n>p2 switch 3\n>p1 switch 4\n>p2 move dragondance\n>p1 move stoneedge\n>p2 move dragondance\n>p1 move stoneedge terastallize\n>p2 move heatcrash\n>p1 move closecombat\n>p2 move earthquake\n>p1 switch 2\n>p1 move scald\n>p2 move outrage\n>p1 move protect\n>p2 move outrage\n>p1 move wish\n>p2 move earthquake\n>p1 switch 4\n>p1 move flamethrower\n>p2 move heatcrash\n>p1 move flamethrower\n>p2 move heatcrash\n>p2 switch 3\n>p1 move overheat\n>p2 move nuzzle\n>p1 switch 5\n>p1 move calmmind\n>p2 move nuzzle\n>p1 move willowisp\n>p2 switch 5\n>p1 move shadowball\n>p2 move ironhead\n>p1 switch 6\n>p2 move ironhead\n>p1 move quiverdance\n>p2 switch 4\n>p1 move sludgewave\n>p2 move psychic\n>p2 switch 6\n>p1 move sleeppowder\n>p2 move calmmind\n>p1 move sleeppowder\n>p2 move calmmind\n>chat \u2606RB2T R|Sigh this fucking phone\n>p1 move quiverdance\n>p2 move calmmind\n>p1 move sludgewave\n>p2 move calmmind\n>p1 move sleeppowder\n>p2 move roost\n>p1 move sludgewave\n>p2 move roost\n>p1 move bugbuzz\n>p2 move roost\n>forcelose p2", "uploadtime": 1726927084, "views": 118, "formatid": "gen9randombattle", "rating": 2453, "private": 0, "password": null}