{"id": "gen9randombattle-2260844324", "format": "[Gen 9] Random Battle", "players": ["xavier/gabr7", "Hoven133"], "log": "|j|\u2606xavier/gabr7\n|j|\u2606Hoven133\n|t:|1733902778\n|gametype|singles\n|player|p1|xavier/gabr7|266|1308\n|player|p2|Hoven133|101|1335\n|teamsize|p1|6\n|teamsize|p2|6\n|gen|9\n|tier|[Gen 9] Random Battle\n|rated|\n|rule|Species Clause: Limit one of each Pok\u00e9mon\n|rule|HP Percentage Mod: HP is shown in percentages\n|rule|Sleep Clause Mod: Limit one foe put to sleep\n|rule|Illusion Level Mod: Illusion disguises the Pok\u00e9mon's true level\n|\n|t:|1733902778\n|start\n|switch|p1a: Bellossom|Bellossom, L84, F|263/263\n|switch|p2a: Ceruledge|Ceruledge, L78, F|245/245\n|turn|1\n|\n|t:|1733902792\n|switch|p1a: Mismagius|Mismagius, L86, M|243/243\n|move|p2a: Ceruledge|Swords Dance|p2a: Ceruledge\n|-boost|p2a: Ceruledge|atk|2\n|\n|upkeep\n|turn|2\n|\n|t:|1733902803\n|-terastallize|p2a: Ceruledge|Fighting\n|move|p1a: Mismagius|Shadow Ball|p2a: Ceruledge\n|-damage|p2a: Ceruledge|135/245\n|-damage|p1a: Mismagius|219/243|[from] item: Life Orb\n|move|p2a: Ceruledge|Poltergeist|p1a: Mismagius\n|-activate|p1a: Mismagius|move: Poltergeist|Life Orb\n|-supereffective|p1a: Mismagius\n|-damage|p1a: Mismagius|0 fnt\n|faint|p1a: Mismagius\n|\n|upkeep\n|\n|t:|1733902823\n|switch|p1a: Comfey|Comfey, L85, F|225/225\n|turn|3\n|\n|t:|1733902829\n|move|p1a: Comfey|Calm Mind|p1a: Comfey\n|-boost|p1a: Comfey|spa|1\n|-boost|p1a: Comfey|spd|1\n|move|p2a: Ceruledge|Bitter Blade|p1a: Comfey\n|-damage|p1a: Comfey|24/225\n|-heal|p2a: Ceruledge|236/245|[from] drain|[of] p1a: Comfey\n|\n|-heal|p1a: Comfey|38/225|[from] item: Leftovers\n|upkeep\n|turn|4\n|\n|t:|1733902838\n|move|p1a: Comfey|Draining Kiss|p2a: Ceruledge\n|-supereffective|p2a: Ceruledge\n|-damage|p2a: Ceruledge|96/245\n|-heal|p1a: Comfey|143/225|[from] drain|[of] p2a: Ceruledge\n|move|p2a: Ceruledge|Bitter Blade|p1a: Comfey\n|-damage|p1a: Comfey|0 fnt\n|-heal|p2a: Ceruledge|168/245|[from] drain|[of] p1a: Comfey\n|faint|p1a: Comfey\n|\n|upkeep\n|\n|t:|1733902852\n|switch|p1a: Empoleon|Empoleon, L84, M|278/278\n|turn|5\n|\n|t:|1733902863\n|move|p2a: Ceruledge|Close Combat|p1a: Empoleon\n|-supereffective|p1a: Empoleon\n|-damage|p1a: Empoleon|0 fnt\n|-unboost|p2a: Ceruledge|def|1\n|-unboost|p2a: Ceruledge|spd|1\n|faint|p1a: Empoleon\n|\n|upkeep\n|inactive|Battle timer is ON: inactive players will automatically lose when time's up. (requested by Hoven133)\n|\n|t:|1733902873\n|switch|p1a: Bellossom|Bellossom, L84, F|263/263\n|turn|6\n|\n|t:|1733902881\n|move|p2a: Ceruledge|Bitter Blade|p1a: Bellossom\n|-supereffective|p1a: Bellossom\n|-damage|p1a: Bellossom|0 fnt\n|-heal|p2a: Ceruledge|245/245|[from] drain|[of] p1a: Bellossom\n|faint|p1a: Bellossom\n|\n|upkeep\n|\n|t:|1733902888\n|switch|p1a: Sunflora|Sunflora, M|312/312\n|turn|7\n|\n|t:|1733902906\n|move|p2a: Ceruledge|Bitter Blade|p1a: Sunflora\n|-supereffective|p1a: Sunflora\n|-damage|p1a: Sunflora|0 fnt\n|faint|p1a: Sunflora\n|\n|upkeep\n|\n|t:|1733902912\n|switch|p1a: Cresselia|Cresselia, L80, F|323/323\n|turn|8\n|\n|t:|1733902918\n|move|p1a: Cresselia|Moonlight|p1a: Cresselia\n|-fail|p1a: Cresselia|heal\n|move|p2a: Ceruledge|Poltergeist|p1a: Cresselia\n|-activate|p1a: Cresselia|move: Poltergeist|Leftovers\n|-supereffective|p1a: Cresselia\n|-damage|p1a: Cresselia|0 fnt\n|faint|p1a: Cresselia\n|\n|win|Hoven133\n|raw|xavier&#x2f;gabr7's rating: 1308 &rarr; <strong>1290</strong><br />(-18 for losing)\n|raw|Hoven133's rating: 1335 &rarr; <strong>1353</strong><br />(+18 for winning)\n", "inputlog": ">version bfd83cad13791eb5a5a409923076391caf6fb4d4\n>start {\"formatid\":\"gen9randombattle\",\"seed\":[60517,537,12841,7182],\"rated\":\"Rated battle\"}\n>player p1 {\"name\":\"xavier/gabr7\",\"avatar\":\"266\",\"rating\":1308,\"seed\":[32171,43188,25060,42754]}\n>player p2 {\"name\":\"Hoven133\",\"avatar\":\"101\",\"rating\":1335,\"seed\":[12913,23443,40919,28818]}\n>p1 switch 2\n>p2 move swordsdance\n>p1 move shadowball\n>p2 move poltergeist terastallize\n>p1 switch 6\n>p1 move calmmind\n>p2 move bitterblade\n>p1 move drainingkiss\n>p2 move bitterblade\n>p1 switch 5\n>p1 move yawn\n>p2 move closecombat\n>p1 switch 2\n>p1 move sleeppowder\n>p2 move bitterblade\n>p1 switch 3\n>p1 move sunnyday\n>p2 move bitterblade\n>p1 switch 4\n>p1 move moonlight\n>p2 move poltergeist", "uploadtime": 1733902922, "views": 2, "formatid": "gen9randombattle", "rating": 1290, "private": 0, "password": null}