{"id": "gen9randombattle-2260360724", "format": "[Gen 9] Random Battle", "players": ["jmcbango", "ElatedElectrode"], "log": "|j|\u2606jmcbango\n|j|\u2606ElatedElectrode\n|t:|1733843926\n|gametype|singles\n|player|p1|jmcbango|juan|1519\n|player|p2|ElatedElectrode|1|1502\n|teamsize|p1|6\n|teamsize|p2|6\n|gen|9\n|tier|[Gen 9] Random Battle\n|rated|\n|rule|Species Clause: Limit one of each Pok\u00e9mon\n|rule|HP Percentage Mod: HP is shown in percentages\n|rule|Sleep Clause Mod: Limit one foe put to sleep\n|rule|Illusion Level Mod: Illusion disguises the Pok\u00e9mon's true level\n|\n|t:|1733843926\n|start\n|switch|p1a: Swanna|Swanna, L88, M|275/275\n|switch|p2a: Azumarill|Azumarill, L82, M|298/298\n|turn|1\n|inactive|Battle timer is ON: inactive players will automatically lose when time's up. (requested by ElatedElectrode)\n|\n|t:|1733843941\n|move|p1a: Swanna|Brave Bird|p2a: Azumarill\n|-damage|p2a: Azumarill|163/298\n|-damage|p1a: Swanna|230/275|[from] Recoil\n|move|p2a: Azumarill|Play Rough|p1a: Swanna\n|-damage|p1a: Swanna|82/275\n|\n|upkeep\n|turn|2\n|\n|t:|1733843954\n|switch|p2a: Zekrom|Zekrom, L71|259/259\n|-ability|p2a: Zekrom|Teravolt\n|move|p1a: Swanna|Roost|p1a: Swanna\n|-heal|p1a: Swanna|220/275\n|-singleturn|p1a: Swanna|move: Roost\n|\n|upkeep\n|turn|3\n|\n|t:|1733843962\n|switch|p1a: Exeggutor|Exeggutor, L89, M|312/312\n|move|p2a: Zekrom|Substitute|p2a: Zekrom\n|-start|p2a: Zekrom|Substitute\n|-damage|p2a: Zekrom|195/259\n|\n|-heal|p2a: Zekrom|211/259|[from] item: Leftovers\n|upkeep\n|turn|4\n|\n|t:|1733843971\n|move|p2a: Zekrom|Dragon Dance|p2a: Zekrom\n|-boost|p2a: Zekrom|atk|1\n|-boost|p2a: Zekrom|spe|1\n|move|p1a: Exeggutor|Substitute|p1a: Exeggutor\n|-start|p1a: Exeggutor|Substitute\n|-damage|p1a: Exeggutor|234/312\n|\n|-heal|p2a: Zekrom|227/259|[from] item: Leftovers\n|upkeep\n|turn|5\n|\n|t:|1733843982\n|move|p2a: Zekrom|Bolt Strike|p1a: Exeggutor\n|-resisted|p1a: Exeggutor\n|-end|p1a: Exeggutor|Substitute\n|move|p1a: Exeggutor|Psychic Noise|p2a: Zekrom\n|-damage|p2a: Zekrom|109/259\n|-start|p2a: Zekrom|move: Heal Block\n|\n|upkeep\n|turn|6\n|\n|t:|1733843992\n|move|p2a: Zekrom|Outrage|p1a: Exeggutor\n|-damage|p1a: Exeggutor|29/312\n|-enditem|p1a: Exeggutor|Sitrus Berry|[eat]\n|-heal|p1a: Exeggutor|107/312|[from] item: Sitrus Berry\n|move|p1a: Exeggutor|Psychic Noise|p2a: Zekrom\n|-damage|p2a: Zekrom|0 fnt\n|faint|p2a: Zekrom\n|\n|-item|p1a: Exeggutor|Sitrus Berry|[from] ability: Harvest\n|upkeep\n|-enditem|p1a: Exeggutor|Sitrus Berry|[eat]\n|-heal|p1a: Exeggutor|185/312|[from] item: Sitrus Berry\n|\n|t:|1733844009\n|switch|p2a: Darkrai|Darkrai, L77|234/234\n|turn|7\n|\n|t:|1733844029\n|move|p2a: Darkrai|Dark Pulse|p1a: Exeggutor\n|-supereffective|p1a: Exeggutor\n|-damage|p1a: Exeggutor|0 fnt\n|faint|p1a: Exeggutor\n|-damage|p2a: Darkrai|211/234|[from] item: Life Orb\n|\n|upkeep\n|\n|t:|1733844033\n|switch|p1a: Galvantula|Galvantula, L82, M|249/249\n|turn|8\n|\n|t:|1733844044\n|switch|p2a: Tropius|Tropius, L91, F|328/328\n|move|p1a: Galvantula|Sticky Web|p2a: Tropius\n|-sidestart|p2: ElatedElectrode|move: Sticky Web\n|\n|upkeep\n|turn|9\n|\n|t:|1733844054\n|move|p1a: Galvantula|Volt Switch|p2a: Tropius\n|-damage|p2a: Tropius|262/328\n|\n|t:|1733844057\n|switch|p1a: Ludicolo|Ludicolo, L90, F|290/290|[from] Volt Switch\n|move|p2a: Tropius|Dragon Dance|p2a: Tropius\n|-boost|p2a: Tropius|atk|1\n|-boost|p2a: Tropius|spe|1\n|\n|upkeep\n|turn|10\n|\n|t:|1733844068\n|-terastallize|p1a: Ludicolo|Steel\n|move|p2a: Tropius|Dual Wingbeat|p1a: Ludicolo\n|-resisted|p1a: Ludicolo\n|-damage|p1a: Ludicolo|260/290\n|-resisted|p1a: Ludicolo\n|-damage|p1a: Ludicolo|227/290\n|-hitcount|p1a: Ludicolo|2\n|move|p1a: Ludicolo|Rain Dance|p1a: Ludicolo\n|-weather|RainDance\n|\n|-weather|RainDance|[upkeep]\n|upkeep\n|turn|11\n|\n|t:|1733844083\n|-terastallize|p2a: Tropius|Ground\n|move|p1a: Ludicolo|Ice Beam|p2a: Tropius\n|-supereffective|p2a: Tropius\n|-damage|p2a: Tropius|88/328\n|-enditem|p2a: Tropius|Sitrus Berry|[eat]\n|-heal|p2a: Tropius|170/328|[from] item: Sitrus Berry\n|-damage|p1a: Ludicolo|198/290|[from] item: Life Orb\n|move|p2a: Tropius|Earthquake|p1a: Ludicolo\n|-supereffective|p1a: Ludicolo\n|-damage|p1a: Ludicolo|0 fnt\n|faint|p1a: Ludicolo\n|\n|-weather|RainDance|[upkeep]\n|-item|p2a: Tropius|Sitrus Berry|[from] ability: Harvest\n|upkeep\n|\n|t:|1733844096\n|switch|p1a: Swanna|Swanna, L88, M|220/275\n|turn|12\n|\n|t:|1733844104\n|move|p1a: Swanna|Hydro Pump|p2a: Tropius\n|-supereffective|p2a: Tropius\n|-damage|p2a: Tropius|0 fnt\n|faint|p2a: Tropius\n|\n|-weather|RainDance|[upkeep]\n|upkeep\n|\n|t:|1733844119\n|switch|p2a: Kingdra|Kingdra, L84, F|263/263\n|-activate|p2a: Kingdra|move: Sticky Web\n|-unboost|p2a: Kingdra|spe|1\n|turn|13\n|\n|t:|1733844124\n|move|p2a: Kingdra|Draco Meteor|p1a: Swanna\n|-crit|p1a: Swanna\n|-damage|p1a: Swanna|0 fnt\n|-unboost|p2a: Kingdra|spa|2\n|faint|p1a: Swanna\n|-damage|p2a: Kingdra|237/263|[from] item: Life Orb\n|\n|-weather|RainDance|[upkeep]\n|upkeep\n|\n|t:|1733844132\n|switch|p1a: Galvantula|Galvantula, L82, M|249/249\n|turn|14\n|\n|t:|1733844146\n|move|p2a: Kingdra|Wave Crash|p1a: Galvantula\n|-damage|p1a: Galvantula|0 fnt\n|faint|p1a: Galvantula\n|-damage|p2a: Kingdra|155/263|[from] Recoil\n|-damage|p2a: Kingdra|129/263|[from] item: Life Orb\n|\n|-weather|none\n|upkeep\n|\n|t:|1733844150\n|switch|p1a: Regieleki|Regieleki, L79|256/256\n|turn|15\n|\n|t:|1733844157\n|move|p1a: Regieleki|Thunderbolt|p2a: Kingdra\n|-damage|p2a: Kingdra|6/263\n|move|p2a: Kingdra|Wave Crash|p1a: Regieleki\n|-damage|p1a: Regieleki|21/256\n|-damage|p2a: Kingdra|0 fnt|[from] Recoil\n|faint|p2a: Kingdra\n|\n|upkeep\n|\n|t:|1733844165\n|switch|p2a: Azumarill|Azumarill, L82, M|163/298\n|-activate|p2a: Azumarill|move: Sticky Web\n|-unboost|p2a: Azumarill|spe|1\n|turn|16\n|\n|t:|1733844169\n|move|p2a: Azumarill|Aqua Jet|p1a: Regieleki\n|-damage|p1a: Regieleki|0 fnt\n|faint|p1a: Regieleki\n|\n|upkeep\n|\n|t:|1733844171\n|switch|p1a: Bombirdier|Bombirdier, L85, F|258/258\n|turn|17\n|\n|t:|1733844175\n|move|p1a: Bombirdier|Brave Bird|p2a: Azumarill\n|-damage|p2a: Azumarill|22/298\n|-enditem|p2a: Azumarill|Sitrus Berry|[eat]\n|-heal|p2a: Azumarill|96/298|[from] item: Sitrus Berry\n|-damage|p1a: Bombirdier|211/258|[from] Recoil\n|move|p2a: Azumarill|Play Rough|p1a: Bombirdier\n|-supereffective|p1a: Bombirdier\n|-damage|p1a: Bombirdier|0 fnt\n|faint|p1a: Bombirdier\n|\n|win|ElatedElectrode\n|raw|jmcbango's rating: 1519 &rarr; <strong>1498</strong><br />(-21 for losing)\n|raw|ElatedElectrode's rating: 1502 &rarr; <strong>1523</strong><br />(+21 for winning)\n", "inputlog": ">version bfd83cad13791eb5a5a409923076391caf6fb4d4\n>start {\"formatid\":\"gen9randombattle\",\"seed\":[49134,52196,23369,39822],\"rated\":\"Rated battle\"}\n>player p1 {\"name\":\"jmcbango\",\"avatar\":\"juan\",\"rating\":1519,\"seed\":[58136,52754,39998,11622]}\n>player p2 {\"name\":\"ElatedElectrode\",\"avatar\":\"1\",\"rating\":1502,\"seed\":[1062,36719,44209,47928]}\n>p1 move bravebird\n>p2 move playrough\n>p1 move roost\n>p2 switch 3\n>p1 switch 3\n>p2 move substitute\n>p1 move substitute\n>p2 move dragondance\n>p1 move psychicnoise\n>p2 move boltstrike\n>p1 move psychicnoise\n>p2 move outrage\n>p2 switch 4\n>p1 move leechseed\n>p2 move darkpulse\n>p1 switch 6\n>p1 move stickyweb\n>p2 switch 5\n>p1 move voltswitch\n>p2 move dragondance\n>p1 switch 5\n>p1 move raindance terastallize\n>p2 move dualwingbeat\n>p1 move icebeam\n>p2 move earthquake terastallize\n>p1 switch 3\n>p1 move hydropump\n>p2 move dualwingbeat\n>p2 switch 2\n>p1 move roost\n>p2 move dracometeor\n>p1 switch 5\n>p1 move thunder\n>p2 move wavecrash\n>p1 switch 4\n>p1 move thunderbolt\n>p2 move wavecrash\n>p2 switch 3\n>p1 move voltswitch\n>p2 move aquajet\n>p1 switch 2\n>p1 move bravebird\n>p2 move playrough", "uploadtime": 1733844187, "views": 6, "formatid": "gen9randombattle", "rating": 1498, "private": 0, "password": null}