{"id": "gen9randombattle-2119303184", "format": "[Gen 9] Random Battle", "players": ["Gliscorthegoat", "fashionstar510"], "log": "|j|\u203dGliscorthegoat\n|j|\u2606fashionstar510\n|t:|1715035678\n|gametype|singles\n|player|p1|Gliscorthegoat|cynthia|2195\n|player|p2|fashionstar510|266|2250\n|teamsize|p1|6\n|teamsize|p2|6\n|gen|9\n|tier|[Gen 9] Random Battle\n|rated|\n|rule|Species Clause: Limit one of each Pok\u00e9mon\n|rule|HP Percentage Mod: HP is shown in percentages\n|rule|Sleep Clause Mod: Limit one foe put to sleep\n|rule|Illusion Level Mod: Illusion disguises the Pok\u00e9mon's true level\n|\n|t:|1715035678\n|start\n|switch|p1a: Spectrier|Spectrier, L75|274/274\n|switch|p2a: Mienshao|Mienshao, L83, F|244/244\n|turn|1\n|inactive|Battle timer is ON: inactive players will automatically lose when time's up. (requested by fashionstar510)\n|\n|t:|1715035699\n|switch|p1a: Weezing|Weezing, L88, M|258/258\n|move|p2a: Mienshao|Knock Off|p1a: Weezing\n|-damage|p1a: Weezing|197/258\n|-enditem|p1a: Weezing|Leftovers|[from] move: Knock Off|[of] p2a: Mienshao\n|\n|upkeep\n|turn|2\n|\n|t:|1715035722\n|move|p2a: Mienshao|U-turn|p1a: Weezing\n|-resisted|p1a: Weezing\n|-damage|p1a: Weezing|174/258\n|\n|t:|1715035727\n|switch|p2a: Dugtrio|Dugtrio-Alola, L84, M|196/196|[from] U-turn\n|move|p1a: Weezing|Toxic Spikes|p2a: Dugtrio\n|-sidestart|p2: fashionstar510|move: Toxic Spikes\n|\n|upkeep\n|turn|3\n|\n|t:|1715035756\n|move|p2a: Dugtrio|Stealth Rock|p1a: Weezing\n|-sidestart|p1: Gliscorthegoat|move: Stealth Rock\n|move|p1a: Weezing|Fire Blast|p2a: Dugtrio\n|-supereffective|p2a: Dugtrio\n|-damage|p2a: Dugtrio|0 fnt\n|faint|p2a: Dugtrio\n|\n|upkeep\n|inactive|fashionstar510 has 120 seconds left.\n|\n|t:|1715035789\n|switch|p2a: Ursaring|Ursaring, L84, M|288/288\n|-status|p2a: Ursaring|psn\n|turn|4\n|\n|t:|1715035804\n|move|p1a: Weezing|Toxic Spikes|p2a: Ursaring\n|-sidestart|p2: fashionstar510|move: Toxic Spikes\n|move|p2a: Ursaring|Body Slam|p1a: Weezing\n|-damage|p1a: Weezing|45/258\n|\n|-damage|p2a: Ursaring|252/288 psn|[from] psn\n|upkeep\n|turn|5\n|\n|t:|1715035813\n|move|p1a: Weezing|Pain Split|p2a: Ursaring\n|-sethp|p2a: Ursaring|148/288 psn|[from] move: Pain Split|[silent]\n|-sethp|p1a: Weezing|148/258|[from] move: Pain Split\n|move|p2a: Ursaring|Body Slam|p1a: Weezing\n|-damage|p1a: Weezing|24/258\n|\n|-damage|p2a: Ursaring|112/288 psn|[from] psn\n|upkeep\n|turn|6\n|\n|t:|1715035819\n|move|p1a: Weezing|Gunk Shot|p2a: Ursaring\n|-crit|p2a: Ursaring\n|-damage|p2a: Ursaring|0 fnt\n|faint|p2a: Ursaring\n|\n|upkeep\n|\n|t:|1715035834\n|switch|p2a: Yanmega|Yanmega, L82, F|275/275\n|turn|7\n|\n|t:|1715035839\n|move|p2a: Yanmega|Bug Buzz|p1a: Weezing\n|-resisted|p1a: Weezing\n|-damage|p1a: Weezing|0 fnt\n|faint|p1a: Weezing\n|\n|upkeep\n|\n|t:|1715035848\n|switch|p1a: Kilowattrel|Kilowattrel, L83, F|252/252\n|turn|8\n|\n|t:|1715035853\n|switch|p2a: Rhyperior|Rhyperior, L83, F|327/327\n|-status|p2a: Rhyperior|tox\n|move|p1a: Kilowattrel|Thunderbolt|p2a: Rhyperior\n|-immune|p2a: Rhyperior\n|\n|-damage|p2a: Rhyperior|307/327 tox|[from] psn\n|upkeep\n|turn|9\n|\n|t:|1715035873\n|switch|p1a: Kricketune|Kricketune, L99, M|312/312\n|move|p2a: Rhyperior|Stone Edge|p1a: Kricketune|[miss]\n|-miss|p2a: Rhyperior|p1a: Kricketune\n|\n|-damage|p2a: Rhyperior|267/327 tox|[from] psn\n|upkeep\n|turn|10\n|\n|t:|1715035881\n|move|p1a: Kricketune|Sticky Web|p2a: Rhyperior\n|-sidestart|p2: fashionstar510|move: Sticky Web\n|move|p2a: Rhyperior|Stone Edge|p1a: Kricketune\n|-supereffective|p1a: Kricketune\n|-damage|p1a: Kricketune|0 fnt\n|faint|p1a: Kricketune\n|\n|-damage|p2a: Rhyperior|207/327 tox|[from] psn\n|upkeep\n|\n|t:|1715035887\n|switch|p1a: Mienshao|Mienshao, L83, F|244/244\n|-damage|p1a: Mienshao|229/244|[from] Stealth Rock\n|turn|11\n|\n|t:|1715035896\n|move|p1a: Mienshao|Knock Off|p2a: Rhyperior\n|-damage|p2a: Rhyperior|147/327 tox\n|-enditem|p2a: Rhyperior|Weakness Policy|[from] move: Knock Off|[of] p1a: Mienshao\n|move|p2a: Rhyperior|Earthquake|p1a: Mienshao\n|-damage|p1a: Mienshao|43/244\n|\n|-damage|p2a: Rhyperior|67/327 tox|[from] psn\n|upkeep\n|turn|12\n|\n|t:|1715035902\n|move|p1a: Mienshao|Close Combat|p2a: Rhyperior\n|-supereffective|p2a: Rhyperior\n|-damage|p2a: Rhyperior|0 fnt\n|-unboost|p1a: Mienshao|def|1\n|-unboost|p1a: Mienshao|spd|1\n|faint|p2a: Rhyperior\n|\n|upkeep\n|\n|t:|1715035920\n|switch|p2a: Chandelure|Chandelure, L83, M|235/235\n|-status|p2a: Chandelure|tox\n|-activate|p2a: Chandelure|move: Sticky Web\n|-unboost|p2a: Chandelure|spe|1\n|turn|13\n|\n|t:|1715035927\n|move|p1a: Mienshao|Knock Off|p2a: Chandelure\n|-supereffective|p2a: Chandelure\n|-crit|p2a: Chandelure\n|-damage|p2a: Chandelure|9/235 tox\n|-enditem|p2a: Chandelure|Choice Scarf|[from] move: Knock Off|[of] p1a: Mienshao\n|move|p2a: Chandelure|Shadow Ball|p1a: Mienshao\n|-damage|p1a: Mienshao|0 fnt\n|faint|p1a: Mienshao\n|\n|-damage|p2a: Chandelure|0 fnt|[from] psn\n|faint|p2a: Chandelure\n|upkeep\n|inactive|fashionstar510 has 120 seconds left.\n|\n|t:|1715035963\n|switch|p1a: Kilowattrel|Kilowattrel, L83, F|252/252\n|switch|p2a: Yanmega|Yanmega, L82, F|275/275\n|turn|14\n|inactive|fashionstar510 has 120 seconds left.\n|\n|t:|1715035970\n|-terastallize|p1a: Kilowattrel|Electric\n|-terastallize|p2a: Yanmega|Bug\n|move|p1a: Kilowattrel|Thunderbolt|p2a: Yanmega\n|-damage|p2a: Yanmega|79/275\n|move|p2a: Yanmega|Bug Buzz|p1a: Kilowattrel\n|-damage|p1a: Kilowattrel|0 fnt\n|faint|p1a: Kilowattrel\n|\n|upkeep\n|\n|t:|1715035982\n|switch|p1a: Spectrier|Spectrier, L75|274/274\n|-damage|p1a: Spectrier|240/274|[from] Stealth Rock\n|turn|15\n|inactive|fashionstar510 has 120 seconds left.\n|\n|t:|1715036012\n|move|p1a: Spectrier|Shadow Ball|p2a: Yanmega\n|-damage|p2a: Yanmega|0 fnt\n|faint|p2a: Yanmega\n|-ability|p1a: Spectrier|Grim Neigh|boost\n|-boost|p1a: Spectrier|spa|1\n|-damage|p1a: Spectrier|213/274|[from] item: Life Orb\n|\n|upkeep\n|\n|t:|1715036013\n|switch|p2a: Mienshao|Mienshao, L83, F|244/244\n|-status|p2a: Mienshao|tox\n|-activate|p2a: Mienshao|move: Sticky Web\n|-unboost|p2a: Mienshao|spe|1\n|turn|16\n|\n|t:|1715036033\n|switch|p1a: Bastiodon|Bastiodon, L89, F|252/252\n|-damage|p1a: Bastiodon|237/252|[from] Stealth Rock\n|move|p2a: Mienshao|Knock Off|p1a: Bastiodon\n|-damage|p1a: Bastiodon|188/252\n|-enditem|p1a: Bastiodon|Chesto Berry|[from] move: Knock Off|[of] p2a: Mienshao\n|\n|-damage|p2a: Mienshao|229/244 tox|[from] psn\n|upkeep\n|turn|17\n|\n|t:|1715036046\n|switch|p1a: Spectrier|Spectrier, L75|213/274\n|-damage|p1a: Spectrier|179/274|[from] Stealth Rock\n|move|p2a: Mienshao|Close Combat|p1a: Spectrier\n|-immune|p1a: Spectrier\n|\n|-damage|p2a: Mienshao|199/244 tox|[from] psn\n|upkeep\n|turn|18\n|\n|t:|1715036052\n|switch|p1a: Bastiodon|Bastiodon, L89, F|188/252\n|-damage|p1a: Bastiodon|173/252|[from] Stealth Rock\n|move|p2a: Mienshao|Knock Off|p1a: Bastiodon\n|-crit|p1a: Bastiodon\n|-damage|p1a: Bastiodon|128/252\n|\n|-damage|p2a: Mienshao|154/244 tox|[from] psn\n|upkeep\n|turn|19\n|\n|t:|1715036066\n|move|p2a: Mienshao|Knock Off|p1a: Bastiodon\n|-damage|p1a: Bastiodon|97/252\n|move|p1a: Bastiodon|Body Press|p2a: Mienshao\n|-damage|p2a: Mienshao|27/244 tox\n|\n|-damage|p2a: Mienshao|0 fnt|[from] psn\n|faint|p2a: Mienshao\n|\n|win|Gliscorthegoat\n|upkeep\n|raw|Gliscorthegoat's rating: 2195 &rarr; <strong>2218</strong><br />(+23 for winning)\n|raw|fashionstar510's rating: 2254 &rarr; <strong>2231</strong><br />(-23 for losing)\n|l|\u203dGliscorthegoat\n|player|p1|\n|j|\u203dGliscorthegoat\n|player|p1|Gliscorthegoat|cynthia|\n", "inputlog": ">version 2cc90ceb603322b9c7a55380fd27efd5fc357af5\n>start {\"formatid\":\"gen9randombattle\",\"seed\":[44458,22200,54298,30965],\"rated\":\"Rated battle\"}\n>player p1 {\"name\":\"Gliscorthegoat\",\"avatar\":\"cynthia\",\"rating\":2195,\"seed\":[56646,935,8875,59893]}\n>player p2 {\"name\":\"fashionstar510\",\"avatar\":\"266\",\"rating\":2250,\"seed\":[28055,10760,14189,23599]}\n>p1 switch 5\n>p2 move knockoff\n>p1 move toxicspikes\n>p2 move uturn\n>p2 switch 4\n>p1 move fireblast\n>p2 move stealthrock\n>p2 switch 5\n>p1 move toxicspikes\n>p2 move bodyslam\n>p1 move painsplit\n>p2 move bodyslam\n>p1 move gunkshot\n>p2 move bodyslam\n>p2 switch 6\n>p1 move gunkshot\n>p2 move bugbuzz\n>p1 switch 6\n>p1 move thunderbolt\n>p2 switch 3\n>p1 switch 4\n>p2 move stoneedge\n>p1 move stickyweb\n>p2 move stoneedge\n>p1 switch 2\n>p1 move knockoff\n>p2 move earthquake\n>p1 move closecombat\n>p2 move earthquake\n>p2 switch 2\n>p1 move knockoff\n>p2 move shadowball\n>p1 switch 4\n>p2 switch 3\n>p1 move thunderbolt terastallize\n>p2 move bugbuzz terastallize\n>p1 switch 5\n>p1 move shadowball\n>p2 move bugbuzz\n>p2 switch 4\n>p1 switch 3\n>p2 move knockoff\n>p1 switch 3\n>p2 move closecombat\n>p1 switch 3\n>p2 move knockoff\n>p1 move bodypress\n>p2 move knockoff", "uploadtime": 1715036152, "views": 218, "formatid": "gen9randombattle", "rating": 2218, "private": 0, "password": null}