{"id": "gen9randombattle-2260732337", "format": "[Gen 9] Random Battle", "players": ["AlexIgor", "inventthenight"], "log": "|j|\u2606AlexIgor\n|j|\u2606inventthenight\n|t:|1733884289\n|gametype|singles\n|player|p1|AlexIgor|101|1323\n|player|p2|inventthenight|pokemonbreeder-gen4|1377\n|teamsize|p1|6\n|teamsize|p2|6\n|gen|9\n|tier|[Gen 9] Random Battle\n|rated|\n|rule|Species Clause: Limit one of each Pok\u00e9mon\n|rule|HP Percentage Mod: HP is shown in percentages\n|rule|Sleep Clause Mod: Limit one foe put to sleep\n|rule|Illusion Level Mod: Illusion disguises the Pok\u00e9mon's true level\n|\n|t:|1733884289\n|start\n|switch|p1a: Froslass|Froslass, L87, F|263/263\n|switch|p2a: Raging Bolt|Raging Bolt, L78|323/323\n|turn|1\n|c|\u2606inventthenight|glhf\n|l|\u2606AlexIgor\n|player|p1|\n|j|\u2606AlexIgor\n|player|p1|AlexIgor|101|\n|c|\u2606AlexIgor|Glhf\n|\n|t:|1733884380\n|-end|p2a: Raging Bolt|Protosynthesis|[silent]\n|switch|p2a: Copperajah|Copperajah, L86, F|350/350\n|move|p1a: Froslass|Spikes|p2a: Copperajah\n|-sidestart|p2: inventthenight|Spikes\n|\n|upkeep\n|turn|2\n|\n|t:|1733884389\n|switch|p1a: Lurantis|Lurantis, L87, M|264/264\n|move|p2a: Copperajah|Heavy Slam|p1a: Lurantis\n|-damage|p1a: Lurantis|26/264\n|\n|upkeep\n|turn|3\n|\n|t:|1733884416\n|move|p1a: Lurantis|Superpower|p2a: Copperajah\n|-supereffective|p2a: Copperajah\n|-damage|p2a: Copperajah|146/350\n|-boost|p1a: Lurantis|atk|1\n|-boost|p1a: Lurantis|def|1\n|move|p2a: Copperajah|Heavy Slam|p1a: Lurantis\n|-damage|p1a: Lurantis|0 fnt\n|faint|p1a: Lurantis\n|\n|upkeep\n|\n|t:|1733884420\n|switch|p1a: Cinderace|Cinderace, L77, M|249/249\n|turn|4\n|\n|t:|1733884430\n|switch|p2a: Qwilfish|Qwilfish-Hisui, L83, M|244/244\n|-damage|p2a: Qwilfish|214/244|[from] Spikes\n|-ability|p2a: Qwilfish|Intimidate|boost\n|-unboost|p1a: Cinderace|atk|1\n|move|p1a: Cinderace|Pyro Ball|p2a: Qwilfish\n|-damage|p2a: Qwilfish|129/244\n|\n|upkeep\n|turn|5\n|\n|t:|1733884445\n|switch|p1a: Eternatus|Eternatus, L69|308/308\n|-ability|p1a: Eternatus|Pressure\n|move|p2a: Qwilfish|Spikes|p1a: Eternatus\n|-sidestart|p1: AlexIgor|Spikes\n|\n|upkeep\n|turn|6\n|\n|t:|1733884453\n|move|p1a: Eternatus|Meteor Beam||[still]\n|-prepare|p1a: Eternatus|Meteor Beam\n|-boost|p1a: Eternatus|spa|1\n|-enditem|p1a: Eternatus|Power Herb\n|-anim|p1a: Eternatus|Meteor Beam|p2a: Qwilfish\n|-damage|p2a: Qwilfish|16/244\n|move|p2a: Qwilfish|Crunch|p1a: Eternatus\n|-damage|p1a: Eternatus|218/308\n|\n|upkeep\n|turn|7\n|\n|t:|1733884468\n|move|p1a: Eternatus|Dynamax Cannon|p2a: Qwilfish\n|-damage|p2a: Qwilfish|0 fnt\n|faint|p2a: Qwilfish\n|\n|upkeep\n|\n|t:|1733884475\n|switch|p2a: Copperajah|Copperajah, L86, F|146/350\n|-damage|p2a: Copperajah|103/350|[from] Spikes\n|turn|8\n|\n|t:|1733884489\n|move|p1a: Eternatus|Fire Blast|p2a: Copperajah\n|-supereffective|p2a: Copperajah\n|-damage|p2a: Copperajah|0 fnt\n|faint|p2a: Copperajah\n|\n|upkeep\n|\n|t:|1733884505\n|switch|p2a: Inteleon|Inteleon, L81, M|246/246\n|-damage|p2a: Inteleon|216/246|[from] Spikes\n|turn|9\n|\n|t:|1733884529\n|-terastallize|p1a: Eternatus|Poison\n|move|p2a: Inteleon|Ice Beam|p1a: Eternatus\n|-damage|p1a: Eternatus|83/308\n|move|p1a: Eternatus|Sludge Bomb|p2a: Inteleon\n|-damage|p2a: Inteleon|0 fnt\n|faint|p2a: Inteleon\n|\n|upkeep\n|\n|t:|1733884549\n|switch|p2a: Torterra|Torterra, L78, M|276/276\n|-damage|p2a: Torterra|242/276|[from] Spikes\n|turn|10\n|l|\u2606AlexIgor\n|player|p1|\n|j|\u2606AlexIgor\n|player|p1|AlexIgor|101|\n|\n|t:|1733884616\n|-terastallize|p2a: Torterra|Water\n|move|p1a: Eternatus|Sludge Bomb|p2a: Torterra\n|-damage|p2a: Torterra|28/276\n|move|p2a: Torterra|Shell Smash|p2a: Torterra\n|-unboost|p2a: Torterra|def|1\n|-unboost|p2a: Torterra|spd|1\n|-boost|p2a: Torterra|atk|2\n|-boost|p2a: Torterra|spa|2\n|-boost|p2a: Torterra|spe|2\n|\n|upkeep\n|turn|11\n|\n|t:|1733884627\n|move|p2a: Torterra|Rock Blast|p1a: Eternatus\n|-damage|p1a: Eternatus|46/308\n|-crit|p1a: Eternatus\n|-damage|p1a: Eternatus|0 fnt\n|faint|p1a: Eternatus\n|-hitcount|p1: Eternatus|2\n|\n|upkeep\n|\n|t:|1733884641\n|switch|p1a: Palkia|Palkia, L75|259/259\n|-damage|p1a: Palkia|227/259|[from] Spikes\n|-ability|p1a: Palkia|Pressure\n|turn|12\n|\n|t:|1733884651\n|move|p1a: Palkia|Spacial Rend|p2a: Torterra|[miss]\n|-miss|p1a: Palkia|p2a: Torterra\n|move|p2a: Torterra|Bullet Seed|p1a: Palkia\n|-damage|p1a: Palkia|143/259\n|-damage|p1a: Palkia|70/259\n|-damage|p1a: Palkia|0 fnt\n|faint|p1a: Palkia\n|-hitcount|p1: Palkia|3\n|\n|upkeep\n|\n|t:|1733884672\n|switch|p1a: Froslass|Froslass, L87, F|263/263\n|-damage|p1a: Froslass|231/263|[from] Spikes\n|turn|13\n|\n|t:|1733884683\n|move|p2a: Torterra|Rock Blast|p1a: Froslass\n|-supereffective|p1a: Froslass\n|-damage|p1a: Froslass|147/263\n|-supereffective|p1a: Froslass\n|-damage|p1a: Froslass|63/263\n|-start|p2a: Torterra|Disable|Rock Blast|[from] ability: Cursed Body|[of] p1a: Froslass\n|-supereffective|p1a: Froslass\n|-damage|p1a: Froslass|0 fnt\n|faint|p1a: Froslass\n|-hitcount|p1: Froslass|3\n|\n|upkeep\n|\n|t:|1733884688\n|switch|p1a: Charizard|Charizard, L85, M|271/271\n|turn|14\n|\n|t:|1733884702\n|move|p2a: Torterra|Bullet Seed|p1a: Charizard\n|-resisted|p1a: Charizard\n|-damage|p1a: Charizard|249/271\n|-resisted|p1a: Charizard\n|-damage|p1a: Charizard|228/271\n|-resisted|p1a: Charizard\n|-damage|p1a: Charizard|207/271\n|-resisted|p1a: Charizard\n|-damage|p1a: Charizard|185/271\n|-hitcount|p1a: Charizard|4\n|move|p1a: Charizard|Flamethrower|p2a: Torterra\n|-resisted|p2a: Torterra\n|-damage|p2a: Torterra|0 fnt\n|faint|p2a: Torterra\n|\n|upkeep\n|c|\u2606inventthenight|masterful play!\n|\n|t:|1733884715\n|switch|p2a: Raging Bolt|Raging Bolt, L78|323/323\n|-damage|p2a: Raging Bolt|283/323|[from] Spikes\n|turn|15\n|\n|t:|1733884725\n|move|p1a: Charizard|Earthquake|p2a: Raging Bolt\n|-supereffective|p2a: Raging Bolt\n|-damage|p2a: Raging Bolt|143/323\n|move|p2a: Raging Bolt|Discharge|p1a: Charizard\n|-supereffective|p1a: Charizard\n|-damage|p1a: Charizard|0 fnt\n|faint|p1a: Charizard\n|\n|upkeep\n|\n|t:|1733884727\n|switch|p1a: Cinderace|Cinderace, L77, M|249/249\n|-damage|p1a: Cinderace|218/249|[from] Spikes\n|turn|16\n|\n|t:|1733884738\n|move|p2a: Raging Bolt|Thunderclap|p1a: Cinderace\n|-damage|p1a: Cinderace|115/249\n|move|p1a: Cinderace|Gunk Shot|p2a: Raging Bolt\n|-start|p1a: Cinderace|typechange|Poison|[from] ability: Libero\n|-damage|p2a: Raging Bolt|0 fnt\n|faint|p2a: Raging Bolt\n|-end|p2a: Raging Bolt|Protosynthesis|[silent]\n|\n|upkeep\n|\n|t:|1733884743\n|switch|p2a: Malamar|Malamar, L82, F|275/275\n|-damage|p2a: Malamar|241/275|[from] Spikes\n|turn|17\n|\n|t:|1733884770\n|move|p1a: Cinderace|Gunk Shot|p2a: Malamar\n|-damage|p2a: Malamar|63/275\n|move|p2a: Malamar|Psycho Cut|p1a: Cinderace\n|-supereffective|p1a: Cinderace\n|-damage|p1a: Cinderace|0 fnt\n|faint|p1a: Cinderace\n|\n|win|inventthenight\n|raw|AlexIgor's rating: 1345 &rarr; <strong>1327</strong><br />(-18 for losing)\n|raw|inventthenight's rating: 1377 &rarr; <strong>1395</strong><br />(+18 for winning)\n|l|\u2606AlexIgor\n|player|p1|\n|c|\u2606inventthenight|gg\n", "inputlog": ">version bfd83cad13791eb5a5a409923076391caf6fb4d4\n>start {\"formatid\":\"gen9randombattle\",\"seed\":[48018,50939,64885,50979],\"rated\":\"Rated battle\"}\n>player p1 {\"name\":\"AlexIgor\",\"avatar\":\"101\",\"rating\":1323,\"seed\":[31045,49517,39037,21424]}\n>player p2 {\"name\":\"inventthenight\",\"avatar\":\"pokemonbreeder-gen4\",\"rating\":1377,\"seed\":[1519,6697,1714,22773]}\n>chat \u2606inventthenight|glhf\n>chat \u2606AlexIgor|Glhf\n>p1 move spikes\n>p2 switch 2\n>p1 switch 5\n>p2 move heavyslam\n>p1 move superpower\n>p2 move heavyslam\n>p1 switch 4\n>p1 move pyroball\n>p2 switch 3\n>p1 switch 2\n>p2 move spikes\n>p1 move meteorbeam\n>p2 move crunch\n>p1 move dynamaxcannon\n>p2 move spikes\n>p2 switch 3\n>p1 move fireblast\n>p2 move earthquake\n>p2 switch 6\n>p1 move sludgebomb terastallize\n>p2 move icebeam\n>p2 switch 4\n>p1 move sludgebomb\n>p2 move shellsmash terastallize\n>p1 move sludgebomb\n>p2 move rockblast\n>p1 switch 3\n>p1 move spacialrend\n>p2 move bulletseed\n>p1 switch 5\n>p1 move tripleaxel\n>p2 move rockblast\n>p1 switch 6\n>p1 move flamethrower\n>p2 move bulletseed\n>chat \u2606inventthenight|masterful play!\n>p2 switch 2\n>p1 move earthquake\n>p2 move discharge\n>p1 switch 2\n>p1 move gunkshot\n>p2 move thunderclap\n>p2 switch 5\n>p1 move gunkshot\n>p2 move psychocut", "uploadtime": 1733884809, "views": 4, "formatid": "gen9randombattle", "rating": 1327, "private": 0, "password": null}