{"id": "gen9randombattle-2212124473", "format": "[Gen 9] Random Battle", "players": ["R3lt gloriousplays", "R3LT jj"], "log": "|badge|p2|bronze|gen9randombattle|100-2\n|html|<div class=\"broadcast-red\"><strong>This battle is required to be public due to one or more player having a season medal.</strong><br />During the public phase, you can discuss the state of the ladder <a href=\"/seasondiscussion\">in a special chatroom.</a></div>\n|uhtml|medal-msg|<div class=\"broadcast-blue\">Curious what those medals under the avatar are? PS now has Ladder Seasons! For more information, check out the <a href=\"https://www.smogon.com/forums/threads/3740067/\">thread on Smogon.</a></div>\n|raw|<div class=\"broadcast-blue\"><strong>This battle is required to be public due to a player having a name starting with 'medal'.</div>\n|j|\u2606R3lt gloriousplays\n|j|\u2606R3LT jj\n|t:|1727614670\n|gametype|singles\n|player|p1|R3lt gloriousplays|ash-kalos|2344\n|player|p2|R3LT jj|dawn|2300\n|teamsize|p1|6\n|teamsize|p2|6\n|gen|9\n|tier|[Gen 9] Random Battle\n|rated|\n|rule|Species Clause: Limit one of each Pok\u00e9mon\n|rule|HP Percentage Mod: HP is shown in percentages\n|rule|Sleep Clause Mod: Limit one foe put to sleep\n|rule|Illusion Level Mod: Illusion disguises the Pok\u00e9mon's true level\n|\n|t:|1727614670\n|start\n|switch|p1a: Annihilape|Annihilape, L76, F|292/292\n|switch|p2a: Ribombee|Ribombee, L82, M|233/233\n|turn|1\n|inactive|Battle timer is ON: inactive players will automatically lose when time's up. (requested by R3LT jj)\n|\n|t:|1727614688\n|move|p2a: Ribombee|Sticky Web|p1a: Annihilape\n|-sidestart|p1: R3lt gloriousplays|move: Sticky Web\n|move|p1a: Annihilape|Gunk Shot|p2a: Ribombee\n|-supereffective|p2a: Ribombee\n|-damage|p2a: Ribombee|29/233\n|\n|upkeep\n|turn|2\n|\n|t:|1727614693\n|switch|p1a: Drifblim|Drifblim, L86, M|398/398\n|move|p2a: Ribombee|Moonblast|p1a: Drifblim\n|-damage|p1a: Drifblim|278/398\n|-unboost|p1a: Drifblim|spa|1\n|\n|upkeep\n|turn|3\n|\n|t:|1727614703\n|move|p2a: Ribombee|Moonblast|p1a: Drifblim\n|-damage|p1a: Drifblim|155/398\n|-unboost|p1a: Drifblim|spa|1\n|move|p1a: Drifblim|Shadow Ball|p2a: Ribombee\n|-damage|p2a: Ribombee|0 fnt\n|faint|p2a: Ribombee\n|\n|upkeep\n|\n|t:|1727614718\n|switch|p2a: Swanna|Swanna, L88, F|275/275\n|turn|4\n|inactive|R3lt gloriousplays has 120 seconds left.\n|\n|t:|1727614768\n|switch|p1a: Morpeko|Morpeko, L88, M|245/245\n|-activate|p1a: Morpeko|move: Sticky Web\n|-unboost|p1a: Morpeko|spe|1\n|move|p2a: Swanna|Brave Bird|p1a: Morpeko\n|-resisted|p1a: Morpeko\n|-damage|p1a: Morpeko|160/245\n|-damage|p2a: Swanna|247/275|[from] Recoil\n|\n|-heal|p1a: Morpeko|175/245|[from] item: Leftovers\n|-formechange|p1a: Morpeko|Morpeko-Hangry||[from] ability: Hunger Switch\n|upkeep\n|turn|5\n|\n|t:|1727614775\n|switch|p2a: Sandslash|Sandslash, L88, F|275/275\n|move|p1a: Morpeko|Rapid Spin|p2a: Sandslash\n|-damage|p2a: Sandslash|246/275\n|-boost|p1a: Morpeko|spe|1\n|-sideend|p1: R3lt gloriousplays|Sticky Web|[from] move: Rapid Spin|[of] p1a: Morpeko\n|\n|-heal|p1a: Morpeko|190/245|[from] item: Leftovers\n|-heal|p2a: Sandslash|263/275|[from] item: Leftovers\n|-formechange|p1a: Morpeko|Morpeko||[from] ability: Hunger Switch\n|upkeep\n|turn|6\n|\n|t:|1727614785\n|switch|p1a: Drifblim|Drifblim, L86, M|155/398\n|move|p2a: Sandslash|Knock Off|p1a: Drifblim\n|-supereffective|p1a: Drifblim\n|-damage|p1a: Drifblim|0 fnt\n|-damage|p2a: Sandslash|195/275|[from] ability: Aftermath|[of] p1a: Drifblim\n|-enditem|p1a: Drifblim|Heavy-Duty Boots|[from] move: Knock Off|[of] p2a: Sandslash\n|faint|p1a: Drifblim\n|\n|-heal|p2a: Sandslash|212/275|[from] item: Leftovers\n|upkeep\n|\n|t:|1727614787\n|switch|p1a: Cyclizar|Cyclizar, L83, F|252/252\n|turn|7\n|\n|t:|1727614794\n|switch|p2a: Dachsbun|Dachsbun, L91, F|252/252\n|move|p1a: Cyclizar|Shed Tail|p1a: Cyclizar\n|-start|p1a: Cyclizar|Substitute|[from] move: Shed Tail\n|-damage|p1a: Cyclizar|126/252\n|inactive|R3lt gloriousplays has 120 seconds left.\n|\n|t:|1727614810\n|switch|p1a: Veluza|Veluza, L85, M|292/292|[from] Shed Tail\n|\n|upkeep\n|turn|8\n|\n|t:|1727614819\n|move|p2a: Dachsbun|Play Rough|p1a: Veluza\n|-end|p1a: Veluza|Substitute\n|move|p1a: Veluza|Fillet Away|p1a: Veluza\n|-boost|p1a: Veluza|atk|2\n|-boost|p1a: Veluza|spa|2\n|-boost|p1a: Veluza|spe|2\n|-damage|p1a: Veluza|146/292\n|-enditem|p1a: Veluza|Sitrus Berry|[eat]\n|-heal|p1a: Veluza|219/292|[from] item: Sitrus Berry\n|\n|upkeep\n|turn|9\n|inactive|R3LT jj has 120 seconds left.\n|\n|t:|1727614850\n|-terastallize|p1a: Veluza|Psychic\n|move|p1a: Veluza|Psycho Cut|p2a: Dachsbun\n|-damage|p2a: Dachsbun|0 fnt\n|faint|p2a: Dachsbun\n|\n|upkeep\n|\n|t:|1727614852\n|switch|p2a: Toucannon|Toucannon, L88, M|284/284\n|turn|10\n|inactive|R3LT jj has 120 seconds left.\n|inactive|R3LT jj has 90 seconds left.\n|\n|t:|1727614900\n|-terastallize|p2a: Toucannon|Steel\n|-singleturn|p2a: Toucannon|move: Beak Blast\n|move|p1a: Veluza|Psycho Cut|p2a: Toucannon\n|-resisted|p2a: Toucannon\n|-damage|p2a: Toucannon|126/284\n|move|p2a: Toucannon|Beak Blast|p1a: Veluza\n|-damage|p1a: Veluza|69/292\n|\n|upkeep\n|turn|11\n|\n|t:|1727614912\n|-singleturn|p2a: Toucannon|move: Beak Blast\n|move|p1a: Veluza|Psycho Cut|p2a: Toucannon\n|-resisted|p2a: Toucannon\n|-damage|p2a: Toucannon|0 fnt\n|faint|p2a: Toucannon\n|\n|upkeep\n|c|\u2606R3LT jj|what a matchup\n|c|\u2606R3LT jj|lol\n|\n|t:|1727614918\n|switch|p2a: Reuniclus|Reuniclus, L88, M|337/337\n|turn|12\n|c|\u2606R3lt gloriousplays|Rop\n|c|\u2606R3lt gloriousplays|rip\n|\n|t:|1727614923\n|move|p1a: Veluza|Night Slash|p2a: Reuniclus\n|-supereffective|p2a: Reuniclus\n|-damage|p2a: Reuniclus|0 fnt\n|faint|p2a: Reuniclus\n|\n|upkeep\n|-message|R3LT jj forfeited.\n|\n|win|R3lt gloriousplays\n|raw|R3lt gloriousplays's rating: 2344 &rarr; <strong>2362</strong><br />(+18 for winning)\n|raw|R3LT jj's rating: 2312 &rarr; <strong>2294</strong><br />(-18 for losing)\n|l|\u2606R3LT jj\n|player|p2|\n", "inputlog": ">version 69ff0b2f47ddc97367302b06f7f2ae172fb214dd\n>start {\"formatid\":\"gen9randombattle\",\"seed\":[5747,62487,9433,40235],\"rated\":\"Rated battle\"}\n>player p1 {\"name\":\"R3lt gloriousplays\",\"avatar\":\"ash-kalos\",\"rating\":2344,\"seed\":[2557,47202,32624,30334]}\n>player p2 {\"name\":\"R3LT jj\",\"avatar\":\"dawn\",\"rating\":2300,\"seed\":[49595,55073,3530,12563]}\n>p1 move gunkshot\n>p2 move stickyweb\n>p1 switch 3\n>p2 move moonblast\n>p1 move shadowball\n>p2 move moonblast\n>p2 switch 2\n>p1 switch 5\n>p2 move bravebird\n>p1 move rapidspin\n>p2 switch 6\n>p1 switch 5\n>p2 move knockoff\n>p1 switch 6\n>p1 move shedtail\n>p2 switch 3\n>p1 switch 2\n>p1 move filletaway\n>p2 move playrough\n>p1 move psychocut terastallize\n>p2 move playrough\n>p2 switch 4\n>p1 move psychocut\n>p2 move beakblast terastallize\n>p1 move psychocut\n>p2 move beakblast\n>chat \u2606R3LT jj|what a matchup\n>chat \u2606R3LT jj|lol\n>p2 switch 5\n>chat \u2606R3lt gloriousplays|Rop\n>chat \u2606R3lt gloriousplays|rip\n>p1 move nightslash\n>p2 move psychic\n>forcelose p2", "uploadtime": 1727614941, "views": 78, "formatid": "gen9randombattle", "rating": 2294, "private": 0, "password": null}