{"id": "gen9randombattle-2260538609", "format": "[Gen 9] Random Battle", "players": ["daphne fruit", "Diroa"], "log": "|j|\u203ddaphne fruit\n|j|\u2606Diroa\n|t:|1733861389\n|gametype|singles\n|player|p1|daphne fruit|unknown|2169\n|player|p2|Diroa|nate|2106\n|teamsize|p1|6\n|teamsize|p2|6\n|gen|9\n|tier|[Gen 9] Random Battle\n|rated|\n|rule|Species Clause: Limit one of each Pok\u00e9mon\n|rule|HP Percentage Mod: HP is shown in percentages\n|rule|Sleep Clause Mod: Limit one foe put to sleep\n|rule|Illusion Level Mod: Illusion disguises the Pok\u00e9mon's true level\n|\n|t:|1733861389\n|start\n|switch|p1a: Cloyster|Cloyster, L80, M|211/211\n|switch|p2a: Kingambit|Kingambit, L74, M|270/270\n|turn|1\n|inactive|Battle timer is ON: inactive players will automatically lose when time's up. (requested by Diroa)\n|\n|t:|1733861409\n|move|p1a: Cloyster|Shell Smash|p1a: Cloyster\n|-unboost|p1a: Cloyster|def|1\n|-unboost|p1a: Cloyster|spd|1\n|-boost|p1a: Cloyster|atk|2\n|-boost|p1a: Cloyster|spa|2\n|-boost|p1a: Cloyster|spe|2\n|-enditem|p1a: Cloyster|White Herb\n|-clearnegativeboost|p1a: Cloyster|[silent]\n|move|p2a: Kingambit|Swords Dance|p2a: Kingambit\n|-boost|p2a: Kingambit|atk|2\n|\n|upkeep\n|turn|2\n|\n|t:|1733861423\n|-terastallize|p2a: Kingambit|Dark\n|move|p1a: Cloyster|Drill Run|p2a: Kingambit\n|-damage|p2a: Kingambit|173/270\n|move|p2a: Kingambit|Iron Head|p1a: Cloyster\n|-damage|p1a: Cloyster|105/211\n|\n|-heal|p2a: Kingambit|189/270|[from] item: Leftovers\n|upkeep\n|turn|3\n|\n|t:|1733861433\n|switch|p1a: Hitmonchan|Hitmonchan, L87, M|229/229\n|move|p2a: Kingambit|Sucker Punch||[still]\n|-fail|p2a: Kingambit\n|\n|-heal|p2a: Kingambit|205/270|[from] item: Leftovers\n|upkeep\n|turn|4\n|\n|t:|1733861441\n|move|p1a: Hitmonchan|Drain Punch|p2a: Kingambit\n|-supereffective|p2a: Kingambit\n|-damage|p2a: Kingambit|0 fnt\n|faint|p2a: Kingambit\n|-end|p2a: Kingambit|fallenundefined|[silent]\n|-damage|p1a: Hitmonchan|207/229|[from] item: Life Orb\n|\n|upkeep\n|\n|t:|1733861449\n|switch|p2a: Persian|Persian, L92, F|269/269\n|turn|5\n|\n|t:|1733861459\n|switch|p1a: Granbull|Granbull, L88, M|302/302\n|-ability|p1a: Granbull|Intimidate|boost\n|-unboost|p2a: Persian|atk|1\n|move|p2a: Persian|Double-Edge|p1a: Granbull\n|-damage|p1a: Granbull|181/302\n|-damage|p2a: Persian|229/269|[from] Recoil\n|\n|-heal|p1a: Granbull|199/302|[from] item: Leftovers\n|upkeep\n|turn|6\n|inactive|Diroa has 120 seconds left.\n|inactive|Diroa has 90 seconds left.\n|inactive|Diroa has 60 seconds left.\n|\n|t:|1733861566\n|switch|p2a: Amoonguss|Amoonguss, L82, F|321/321\n|switch|p1a: Gengar|Gengar, L81, M|230/230\n|\n|upkeep\n|turn|7\n|\n|t:|1733861579\n|switch|p1a: Ogerpon|Ogerpon-Cornerstone, L76, F|247/247\n|move|p2a: Amoonguss|Spore|p1a: Ogerpon\n|-immune|p1a: Ogerpon\n|\n|upkeep\n|turn|8\n|inactive|Diroa has 60 seconds left.\n|\n|t:|1733861597\n|switch|p2a: Sinistcha|Sinistcha, L83|254/254\n|move|p1a: Ogerpon|Spikes|p2a: Sinistcha\n|-sidestart|p2: Diroa|Spikes\n|\n|upkeep\n|turn|9\n|inactive|daphne fruit has 120 seconds left.\n|\n|t:|1733861628\n|switch|p1a: Hitmonchan|Hitmonchan, L87, M|207/229\n|move|p2a: Sinistcha|Calm Mind|p2a: Sinistcha\n|-boost|p2a: Sinistcha|spa|1\n|-boost|p2a: Sinistcha|spd|1\n|\n|upkeep\n|turn|10\n|\n|t:|1733861633\n|move|p1a: Hitmonchan|Swords Dance|p1a: Hitmonchan\n|-boost|p1a: Hitmonchan|atk|2\n|move|p2a: Sinistcha|Strength Sap|p1a: Hitmonchan\n|-unboost|p1a: Hitmonchan|atk|1\n|\n|upkeep\n|turn|11\n|\n|t:|1733861637\n|move|p1a: Hitmonchan|Swords Dance|p1a: Hitmonchan\n|-boost|p1a: Hitmonchan|atk|2\n|move|p2a: Sinistcha|Matcha Gotcha|p1a: Hitmonchan|[miss]\n|-miss|p2a: Sinistcha|p1a: Hitmonchan\n|\n|upkeep\n|turn|12\n|\n|t:|1733861642\n|move|p1a: Hitmonchan|Knock Off|p2a: Sinistcha\n|-supereffective|p2a: Sinistcha\n|-damage|p2a: Sinistcha|0 fnt\n|-enditem|p2a: Sinistcha|Leftovers|[from] move: Knock Off|[of] p1a: Hitmonchan\n|faint|p2a: Sinistcha\n|-damage|p1a: Hitmonchan|185/229|[from] item: Life Orb\n|\n|upkeep\n|\n|t:|1733861647\n|switch|p2a: Persian|Persian, L92, F|229/269\n|-damage|p2a: Persian|196/269|[from] Spikes\n|turn|13\n|\n|t:|1733861651\n|switch|p1a: Granbull|Granbull, L88, M|199/302\n|-ability|p1a: Granbull|Intimidate|boost\n|-unboost|p2a: Persian|atk|1\n|move|p2a: Persian|Double-Edge|p1a: Granbull\n|-damage|p1a: Granbull|70/302\n|-damage|p2a: Persian|153/269|[from] Recoil\n|\n|-heal|p1a: Granbull|88/302|[from] item: Leftovers\n|upkeep\n|turn|14\n|\n|t:|1733861655\n|switch|p1a: Gengar|Gengar, L81, M|230/230\n|move|p2a: Persian|Double-Edge|p1a: Gengar\n|-immune|p1a: Gengar\n|\n|upkeep\n|turn|15\n|\n|t:|1733861659\n|switch|p2a: Houndoom|Houndoom, L87, M|272/272\n|move|p1a: Gengar|Sludge Wave|p2a: Houndoom\n|-damage|p2a: Houndoom|115/272\n|-damage|p1a: Gengar|207/230|[from] item: Life Orb\n|\n|upkeep\n|turn|16\n|\n|t:|1733861679\n|switch|p1a: Granbull|Granbull, L88, M|88/302\n|-ability|p1a: Granbull|Intimidate|boost\n|-unboost|p2a: Houndoom|atk|1\n|switch|p2a: Amoonguss|Amoonguss, L82, F|321/321\n|-damage|p2a: Amoonguss|281/321|[from] Spikes\n|\n|-heal|p1a: Granbull|106/302|[from] item: Leftovers\n|upkeep\n|turn|17\n|\n|t:|1733861693\n|move|p1a: Granbull|Thunder Wave|p2a: Amoonguss\n|-status|p2a: Amoonguss|par\n|move|p2a: Amoonguss|Sludge Bomb|p1a: Granbull\n|-supereffective|p1a: Granbull\n|-damage|p1a: Granbull|0 fnt\n|faint|p1a: Granbull\n|\n|upkeep\n|\n|t:|1733861704\n|switch|p1a: Cloyster|Cloyster, L80, M|105/211\n|turn|18\n|\n|t:|1733861706\n|move|p1a: Cloyster|Icicle Spear|p2a: Amoonguss\n|-supereffective|p2a: Amoonguss\n|-damage|p2a: Amoonguss|221/321 par\n|-supereffective|p2a: Amoonguss\n|-damage|p2a: Amoonguss|165/321 par\n|-supereffective|p2a: Amoonguss\n|-crit|p2a: Amoonguss\n|-damage|p2a: Amoonguss|75/321 par\n|-supereffective|p2a: Amoonguss\n|-damage|p2a: Amoonguss|21/321 par\n|-supereffective|p2a: Amoonguss\n|-damage|p2a: Amoonguss|0 fnt\n|faint|p2a: Amoonguss\n|-hitcount|p2: Amoonguss|5\n|\n|upkeep\n|\n|t:|1733861716\n|switch|p2a: Houndoom|Houndoom, L87, M|115/272\n|turn|19\n|\n|t:|1733861726\n|move|p2a: Houndoom|Fire Blast|p1a: Cloyster|[miss]\n|-miss|p2a: Houndoom|p1a: Cloyster\n|move|p1a: Cloyster|Shell Smash|p1a: Cloyster\n|-unboost|p1a: Cloyster|def|1\n|-unboost|p1a: Cloyster|spd|1\n|-boost|p1a: Cloyster|atk|2\n|-boost|p1a: Cloyster|spa|2\n|-boost|p1a: Cloyster|spe|2\n|\n|upkeep\n|turn|20\n|\n|t:|1733861732\n|move|p1a: Cloyster|Drill Run|p2a: Houndoom\n|-supereffective|p2a: Houndoom\n|-crit|p2a: Houndoom\n|-damage|p2a: Houndoom|0 fnt\n|faint|p2a: Houndoom\n|\n|upkeep\n|-message|Diroa forfeited.\n|\n|win|daphne fruit\n|raw|daphne fruit's rating: 2145 &rarr; <strong>2163</strong><br />(+18 for winning)\n|raw|Diroa's rating: 2106 &rarr; <strong>2088</strong><br />(-18 for losing)\n|l|\u2606Diroa\n|player|p2|\n", "inputlog": ">version bfd83cad13791eb5a5a409923076391caf6fb4d4\n>start {\"formatid\":\"gen9randombattle\",\"seed\":[38315,27163,10278,59445],\"rated\":\"Rated battle\"}\n>player p1 {\"name\":\"daphne fruit\",\"avatar\":\"unknown\",\"rating\":2169,\"seed\":[64009,16569,15229,38282]}\n>player p2 {\"name\":\"Diroa\",\"avatar\":\"nate\",\"rating\":2106,\"seed\":[91,22739,32656,44941]}\n>p1 move shellsmash\n>p2 move swordsdance\n>p1 move drillrun\n>p2 move ironhead terastallize\n>p1 switch 3\n>p2 move suckerpunch\n>p1 move drainpunch\n>p2 move ironhead\n>p2 switch 4\n>p1 switch 5\n>p2 move doubleedge\n>p1 switch 4\n>p2 switch 3\n>p1 switch 6\n>p2 move spore\n>p1 move spikes\n>p2 switch 2\n>p1 switch 5\n>p2 move calmmind\n>p1 move swordsdance\n>p2 move strengthsap\n>p1 move swordsdance\n>p2 move matchagotcha\n>p1 move knockoff\n>p2 move matchagotcha\n>p2 switch 3\n>p1 switch 4\n>p2 move doubleedge\n>p1 switch 6\n>p2 move doubleedge\n>p1 move sludgewave\n>p2 switch 5\n>p1 switch 6\n>p2 switch 2\n>p1 move thunderwave\n>p2 move sludgebomb\n>p1 switch 3\n>p1 move iciclespear\n>p2 move gigadrain\n>p2 switch 2\n>p1 move shellsmash\n>p2 move fireblast\n>p1 move drillrun\n>p2 move fireblast\n>forcelose p2", "uploadtime": 1733861841, "views": 1, "formatid": "gen9randombattle", "rating": 2088, "private": 0, "password": null}