{"id": "gen9randombattle-2260687114", "format": "[Gen 9] Random Battle", "players": ["Xarum", "Habane"], "log": "|j|\u2606Xarum\n|j|\u2606Habane\n|t:|1733878461\n|gametype|singles\n|player|p1|Xarum|101|1259\n|player|p2|Habane|pokemonranger-gen4|1263\n|teamsize|p1|6\n|teamsize|p2|6\n|gen|9\n|tier|[Gen 9] Random Battle\n|rated|\n|rule|Species Clause: Limit one of each Pok\u00e9mon\n|rule|HP Percentage Mod: HP is shown in percentages\n|rule|Sleep Clause Mod: Limit one foe put to sleep\n|rule|Illusion Level Mod: Illusion disguises the Pok\u00e9mon's true level\n|\n|t:|1733878461\n|start\n|switch|p1a: Palkia|Palkia-Origin, L72|249/249\n|switch|p2a: Espeon|Espeon, L84, M|246/246\n|-ability|p1a: Palkia|Pressure\n|turn|1\n|inactive|Battle timer is ON: inactive players will automatically lose when time's up. (requested by Habane)\n|\n|t:|1733878474\n|move|p2a: Espeon|Alluring Voice|p1a: Palkia\n|-supereffective|p1a: Palkia\n|-damage|p1a: Palkia|47/249\n|move|p1a: Palkia|Thunder Wave|p2a: Espeon\n|move|p2a: Espeon|Thunder Wave|p1a: Palkia|[from]ability: Magic Bounce\n|-status|p1a: Palkia|par\n|\n|upkeep\n|turn|2\n|c|\u2606Xarum|Well\n|c|\u2606Xarum|That wasn't thought out was it\n|c|\u2606Xarum|Lmao\n|inactive|Xarum has 120 seconds left.\n|\n|t:|1733878516\n|move|p2a: Espeon|Alluring Voice|p1a: Palkia\n|-supereffective|p1a: Palkia\n|-crit|p1a: Palkia\n|-damage|p1a: Palkia|0 fnt\n|faint|p1a: Palkia\n|\n|upkeep\n|\n|t:|1733878533\n|switch|p1a: Volbeat|Volbeat, L90, M|263/263\n|turn|3\n|\n|t:|1733878549\n|switch|p2a: Whiscash|Whiscash, L88, M|337/337\n|move|p1a: Volbeat|U-turn|p2a: Whiscash\n|-damage|p2a: Whiscash|258/337\n|inactive|Xarum has 90 seconds left.\n|\n|t:|1733878565\n|switch|p1a: Brambleghast|Brambleghast, L88, F|240/240|[from] U-turn\n|\n|upkeep\n|turn|4\n|inactive|Xarum has 90 seconds left.\n|\n|t:|1733878591\n|switch|p2a: Passimian|Passimian, L83, M|302/302\n|move|p1a: Brambleghast|Strength Sap|p2a: Passimian\n|-unboost|p2a: Passimian|atk|1\n|-ability|p2a: Passimian|Defiant|boost\n|-boost|p2a: Passimian|atk|2\n|\n|upkeep\n|turn|5\n|\n|t:|1733878603\n|move|p1a: Brambleghast|Poltergeist|p2a: Passimian\n|-activate|p2a: Passimian|move: Poltergeist|Choice Band\n|-damage|p2a: Passimian|149/302\n|move|p2a: Passimian|U-turn|p1a: Brambleghast\n|-damage|p1a: Brambleghast|105/240\n|\n|t:|1733878619\n|switch|p2a: Espeon|Espeon, L84, M|246/246|[from] U-turn\n|\n|-heal|p1a: Brambleghast|120/240|[from] item: Leftovers\n|upkeep\n|turn|6\n|\n|t:|1733878628\n|move|p2a: Espeon|Shadow Ball|p1a: Brambleghast\n|-supereffective|p1a: Brambleghast\n|-damage|p1a: Brambleghast|0 fnt\n|faint|p1a: Brambleghast\n|\n|upkeep\n|\n|t:|1733878643\n|switch|p1a: Volbeat|Volbeat, L90, M|263/263\n|turn|7\n|\n|t:|1733878664\n|switch|p2a: Whiscash|Whiscash, L88, M|258/337\n|move|p1a: Volbeat|U-turn|p2a: Whiscash\n|-damage|p2a: Whiscash|176/337\n|inactive|Xarum has 60 seconds left.\n|\n|t:|1733878690\n|switch|p1a: Zamazenta|Zamazenta, L71|248/248|[from] U-turn\n|-ability|p1a: Zamazenta|Dauntless Shield|boost\n|-boost|p1a: Zamazenta|def|1\n|\n|upkeep\n|turn|8\n|\n|t:|1733878705\n|move|p1a: Zamazenta|Close Combat|p2a: Whiscash\n|-crit|p2a: Whiscash\n|-damage|p2a: Whiscash|0 fnt\n|-unboost|p1a: Zamazenta|def|1\n|-unboost|p1a: Zamazenta|spd|1\n|faint|p2a: Whiscash\n|\n|upkeep\n|\n|t:|1733878723\n|switch|p2a: Landorus|Landorus, L75, M|257/257\n|turn|9\n|inactive|Xarum has 60 seconds left.\n|inactive|Xarum has 30 seconds left.\n|\n|t:|1733878759\n|switch|p1a: Torkoal|Torkoal, L88, F|266/266\n|-weather|SunnyDay|[from] ability: Drought|[of] p1a: Torkoal\n|move|p2a: Landorus|Psychic|p1a: Torkoal\n|-damage|p1a: Torkoal|157/266\n|\n|-weather|SunnyDay|[upkeep]\n|upkeep\n|turn|10\n|inactive|Xarum has 30 seconds left.\n|inactive|Xarum has 20 seconds left.\n|inactive|Xarum has 15 seconds left.\n|\n|t:|1733878787\n|move|p2a: Landorus|Earth Power|p1a: Torkoal\n|-supereffective|p1a: Torkoal\n|-damage|p1a: Torkoal|0 fnt\n|faint|p1a: Torkoal\n|\n|-weather|SunnyDay|[upkeep]\n|upkeep\n|inactive|Xarum has 20 seconds left this turn.\n|inactive|Xarum has 15 seconds left.\n|inactive|Xarum has 10 seconds left.\n|inactive|Xarum has 5 seconds left.\n|\n|t:|1733878803\n|switch|p1a: Zamazenta|Zamazenta, L71|248/248\n|turn|11\n|inactive|Xarum has 15 seconds left this turn.\n|\n|t:|1733878809\n|move|p1a: Zamazenta|Stone Edge|p2a: Landorus\n|-crit|p2a: Landorus\n|-damage|p2a: Landorus|113/257\n|move|p2a: Landorus|Psychic|p1a: Zamazenta\n|-supereffective|p1a: Zamazenta\n|-damage|p1a: Zamazenta|53/248\n|\n|-weather|SunnyDay|[upkeep]\n|upkeep\n|turn|12\n|inactive|Xarum has 25 seconds left this turn.\n|inactive|Xarum has 20 seconds left.\n|\n|t:|1733878822\n|-terastallize|p2a: Landorus|Ground\n|move|p1a: Zamazenta|Stone Edge|p2a: Landorus|[miss]\n|-miss|p1a: Zamazenta|p2a: Landorus\n|move|p2a: Landorus|Psychic|p1a: Zamazenta\n|-supereffective|p1a: Zamazenta\n|-damage|p1a: Zamazenta|0 fnt\n|faint|p1a: Zamazenta\n|\n|-weather|SunnyDay|[upkeep]\n|upkeep\n|inactive|Xarum has 25 seconds left this turn.\n|inactive|Xarum has 20 seconds left.\n|inactive|Xarum has 15 seconds left.\n|inactive|Xarum has 10 seconds left.\n|inactive|Xarum has 5 seconds left.\n|\n|t:|1733878846\n|switch|p1a: Raging Bolt|Raging Bolt, L78|323/323\n|-activate|p1a: Raging Bolt|ability: Protosynthesis\n|-start|p1a: Raging Bolt|protosynthesisspa\n|turn|13\n|inactive|Xarum has 15 seconds left this turn.\n|inactive|Xarum has 10 seconds left.\n|\n|t:|1733878860\n|switch|p2a: Golduck|Golduck, L90, M|290/290\n|-ability|p2a: Golduck|Cloud Nine\n|move|p1a: Raging Bolt|Draco Meteor|p2a: Golduck\n|-crit|p2a: Golduck\n|-damage|p2a: Golduck|0 fnt\n|-unboost|p1a: Raging Bolt|spa|2\n|faint|p2a: Golduck\n|\n|-weather|none\n|-end|p1a: Raging Bolt|Protosynthesis\n|upkeep\n|inactive|Xarum has 15 seconds left this turn.\n|\n|t:|1733878877\n|switch|p2a: Passimian|Passimian, L83, M|149/302\n|turn|14\n|inactive|Xarum has 25 seconds left this turn.\n|inactive|Xarum has 20 seconds left.\n|\n|t:|1733878883\n|-end|p1a: Raging Bolt|Protosynthesis|[silent]\n|switch|p1a: Volbeat|Volbeat, L90, M|263/263\n|move|p2a: Passimian|U-turn|p1a: Volbeat\n|-damage|p1a: Volbeat|166/263\n|inactive|Xarum has 25 seconds left this turn.\n|\n|t:|1733878893\n|switch|p2a: Victreebel|Victreebel, L90, M|290/290|[from] U-turn\n|\n|upkeep\n|turn|15\n|inactive|Xarum has 30 seconds left.\n|\n|t:|1733878902\n|move|p1a: Volbeat|Thunder Wave|p2a: Victreebel\n|-status|p2a: Victreebel|par\n|move|p2a: Victreebel|Knock Off|p1a: Volbeat\n|-damage|p1a: Volbeat|49/263\n|-enditem|p1a: Volbeat|Heavy-Duty Boots|[from] move: Knock Off|[of] p2a: Victreebel\n|-damage|p2a: Victreebel|261/290 par|[from] item: Life Orb\n|\n|upkeep\n|turn|16\n|\n|t:|1733878912\n|move|p1a: Volbeat|Roost|p1a: Volbeat\n|-heal|p1a: Volbeat|181/263\n|-singleturn|p1a: Volbeat|move: Roost\n|cant|p2a: Victreebel|par\n|\n|upkeep\n|turn|17\n|\n|t:|1733878925\n|move|p1a: Volbeat|Roost|p1a: Volbeat\n|-heal|p1a: Volbeat|263/263\n|-singleturn|p1a: Volbeat|move: Roost\n|move|p2a: Victreebel|Sludge Wave|p1a: Volbeat\n|-damage|p1a: Volbeat|111/263\n|-damage|p2a: Victreebel|232/290 par|[from] item: Life Orb\n|\n|upkeep\n|turn|18\n|\n|t:|1733878944\n|switch|p2a: Passimian|Passimian, L83, M|149/302\n|move|p1a: Volbeat|Roost|p1a: Volbeat\n|-heal|p1a: Volbeat|243/263\n|-singleturn|p1a: Volbeat|move: Roost\n|\n|upkeep\n|turn|19\n|\n|t:|1733878961\n|move|p1a: Volbeat|U-turn|p2a: Passimian\n|-resisted|p2a: Passimian\n|-damage|p2a: Passimian|116/302\n|\n|t:|1733878964\n|switch|p1a: Raging Bolt|Raging Bolt, L78|323/323|[from] U-turn\n|move|p2a: Passimian|U-turn|p1a: Raging Bolt\n|-damage|p1a: Raging Bolt|235/323\n|\n|t:|1733878973\n|switch|p2a: Victreebel|Victreebel, L90, M|232/290 par|[from] U-turn\n|\n|upkeep\n|turn|20\n|\n|t:|1733878987\n|-terastallize|p1a: Raging Bolt|Electric\n|move|p1a: Raging Bolt|Discharge|p2a: Victreebel\n|-resisted|p2a: Victreebel\n|-damage|p2a: Victreebel|163/290 par\n|move|p2a: Victreebel|Sludge Wave|p1a: Raging Bolt\n|-damage|p1a: Raging Bolt|122/323\n|-damage|p2a: Victreebel|134/290 par|[from] item: Life Orb\n|\n|upkeep\n|turn|21\n|\n|t:|1733879003\n|move|p1a: Raging Bolt|Volt Switch|p2a: Victreebel\n|-resisted|p2a: Victreebel\n|-damage|p2a: Victreebel|65/290 par\n|\n|t:|1733879006\n|-end|p1a: Raging Bolt|Protosynthesis|[silent]\n|switch|p1a: Volbeat|Volbeat, L90, M|243/263|[from] Volt Switch\n|cant|p2a: Victreebel|par\n|\n|upkeep\n|turn|22\n|\n|t:|1733879017\n|move|p1a: Volbeat|U-turn|p2a: Victreebel\n|-damage|p2a: Victreebel|0 fnt\n|faint|p2a: Victreebel\n|\n|t:|1733879021\n|switch|p1a: Raging Bolt|Raging Bolt, L78, tera:Electric|122/323|[from] U-turn\n|\n|upkeep\n|\n|t:|1733879026\n|switch|p2a: Espeon|Espeon, L84, M|246/246\n|turn|23\n|\n|t:|1733879035\n|move|p2a: Espeon|Psychic|p1a: Raging Bolt\n|-damage|p1a: Raging Bolt|4/323\n|move|p1a: Raging Bolt|Draco Meteor|p2a: Espeon\n|-damage|p2a: Espeon|87/246\n|-unboost|p1a: Raging Bolt|spa|2\n|\n|upkeep\n|turn|24\n|\n|t:|1733879043\n|move|p1a: Raging Bolt|Thunderclap|p2a: Espeon\n|-damage|p2a: Espeon|31/246\n|move|p2a: Espeon|Psychic|p1a: Raging Bolt\n|-damage|p1a: Raging Bolt|0 fnt\n|faint|p1a: Raging Bolt\n|-end|p1a: Raging Bolt|Protosynthesis|[silent]\n|\n|upkeep\n|\n|t:|1733879050\n|switch|p1a: Volbeat|Volbeat, L90, M|243/263\n|turn|25\n|\n|t:|1733879055\n|move|p2a: Espeon|Psychic|p1a: Volbeat\n|-damage|p1a: Volbeat|83/263\n|move|p1a: Volbeat|U-turn|p2a: Espeon\n|-supereffective|p2a: Espeon\n|-damage|p2a: Espeon|0 fnt\n|faint|p2a: Espeon\n|\n|upkeep\n|\n|t:|1733879067\n|switch|p2a: Landorus|Landorus, L75, M, tera:Ground|113/257\n|turn|26\n|inactive|Xarum has 90 seconds left.\n|\n|t:|1733879076\n|move|p1a: Volbeat|Roost|p1a: Volbeat\n|-heal|p1a: Volbeat|215/263\n|-singleturn|p1a: Volbeat|move: Roost\n|move|p2a: Landorus|Psychic|p1a: Volbeat\n|-damage|p1a: Volbeat|127/263\n|\n|upkeep\n|turn|27\n|\n|t:|1733879085\n|move|p1a: Volbeat|Roost|p1a: Volbeat\n|-heal|p1a: Volbeat|259/263\n|-singleturn|p1a: Volbeat|move: Roost\n|move|p2a: Landorus|Psychic|p1a: Volbeat\n|-damage|p1a: Volbeat|160/263\n|\n|upkeep\n|turn|28\n|\n|t:|1733879092\n|move|p1a: Volbeat|U-turn|p2a: Landorus\n|-damage|p2a: Landorus|41/257\n|move|p2a: Landorus|Psychic|p1a: Volbeat\n|-damage|p1a: Volbeat|68/263\n|\n|upkeep\n|turn|29\n|\n|t:|1733879099\n|move|p1a: Volbeat|Roost|p1a: Volbeat\n|-heal|p1a: Volbeat|200/263\n|-singleturn|p1a: Volbeat|move: Roost\n|move|p2a: Landorus|Psychic|p1a: Volbeat\n|-crit|p1a: Volbeat\n|-damage|p1a: Volbeat|54/263\n|\n|upkeep\n|turn|30\n|\n|t:|1733879109\n|move|p1a: Volbeat|U-turn|p2a: Landorus\n|-damage|p2a: Landorus|0 fnt\n|faint|p2a: Landorus\n|\n|upkeep\n|\n|t:|1733879114\n|switch|p2a: Passimian|Passimian, L83, M|116/302\n|turn|31\n|inactive|Xarum has 120 seconds left.\n|\n|t:|1733879126\n|move|p1a: Volbeat|Roost|p1a: Volbeat\n|-heal|p1a: Volbeat|186/263\n|-singleturn|p1a: Volbeat|move: Roost\n|move|p2a: Passimian|Close Combat|p1a: Volbeat\n|-resisted|p1a: Volbeat\n|-damage|p1a: Volbeat|78/263\n|-unboost|p2a: Passimian|def|1\n|-unboost|p2a: Passimian|spd|1\n|\n|upkeep\n|turn|32\n|c|\u2606Habane|No way im losing to a volbeat after all that lol\n|\n|t:|1733879145\n|move|p1a: Volbeat|Roost|p1a: Volbeat\n|-heal|p1a: Volbeat|210/263\n|-singleturn|p1a: Volbeat|move: Roost\n|move|p2a: Passimian|Close Combat|p1a: Volbeat\n|-resisted|p1a: Volbeat\n|-damage|p1a: Volbeat|103/263\n|-unboost|p2a: Passimian|def|1\n|-unboost|p2a: Passimian|spd|1\n|\n|upkeep\n|turn|33\n|\n|t:|1733879155\n|move|p1a: Volbeat|U-turn|p2a: Passimian\n|-resisted|p2a: Passimian\n|-damage|p2a: Passimian|44/302\n|move|p2a: Passimian|Close Combat|p1a: Volbeat\n|-resisted|p1a: Volbeat\n|-damage|p1a: Volbeat|0 fnt\n|-unboost|p2a: Passimian|def|1\n|-unboost|p2a: Passimian|spd|1\n|faint|p1a: Volbeat\n|\n|win|Habane\n|raw|Xarum's rating: 1259 &rarr; <strong>1234</strong><br />(-25 for losing)\n|raw|Habane's rating: 1263 &rarr; <strong>1288</strong><br />(+25 for winning)\n|c|\u2606Habane|Ggs man\n|c|\u2606Xarum|Damn GG lol\n|c|\u2606Xarum|So close\n|c|\u2606Habane|Yeah\n|c|\u2606Habane|I thought id lose\n|c|\u2606Xarum|Volbeqt was starting to believe\n", "inputlog": ">version bfd83cad13791eb5a5a409923076391caf6fb4d4\n>start {\"formatid\":\"gen9randombattle\",\"seed\":[31047,45236,34253,6109],\"rated\":\"Rated battle\"}\n>player p1 {\"name\":\"Xarum\",\"avatar\":\"101\",\"rating\":1259,\"seed\":[61857,22635,16511,27282]}\n>player p2 {\"name\":\"Habane\",\"avatar\":\"pokemonranger-gen4\",\"rating\":1263,\"seed\":[58973,1937,6909,53693]}\n>p1 move thunderwave\n>p2 move alluringvoice\n>chat \u2606Xarum|Well \n>chat \u2606Xarum|That wasn't thought out was it\n>chat \u2606Xarum|Lmao\n>p1 move fireblast\n>p2 move alluringvoice\n>p1 switch 2\n>p1 move uturn\n>p2 switch 5\n>p1 switch 6\n>p1 move strengthsap\n>p2 switch 4\n>p1 move poltergeist\n>p2 move uturn\n>p2 switch 5\n>p1 move strengthsap\n>p2 move shadowball\n>p1 switch 6\n>p1 move uturn\n>p2 switch 4\n>p1 switch 3\n>p1 move closecombat\n>p2 move dragondance\n>p2 switch 2\n>p1 switch 5\n>p2 move psychic\n>p1 move lavaplume\n>p2 move earthpower\n>p1 switch 5\n>p1 move stoneedge\n>p2 move psychic\n>p1 move stoneedge\n>p2 move psychic terastallize\n>p1 switch 4\n>p1 move dracometeor\n>p2 switch 6\n>p2 switch 5\n>p1 switch 3\n>p2 move uturn\n>p2 switch 3\n>p1 move thunderwave\n>p2 move knockoff\n>p1 move roost\n>p2 move sludgewave\n>p1 move roost\n>p2 move sludgewave\n>p1 move roost\n>p2 switch 3\n>p1 move uturn\n>p2 move uturn\n>p1 switch 3\n>p2 switch 3\n>p1 move discharge terastallize\n>p2 move sludgewave\n>p1 move voltswitch\n>p2 move sludgewave\n>p1 switch 3\n>p1 move uturn\n>p2 move sludgewave\n>p1 switch 3\n>p2 switch 4\n>p1 move dracometeor\n>p2 move psychic\n>p1 move thunderclap\n>p2 move psychic\n>p1 switch 3\n>p1 move uturn\n>p2 move psychic\n>p2 switch 6\n>p1 move roost\n>p2 move psychic\n>p1 move roost\n>p2 move psychic\n>p1 move uturn\n>p2 move psychic\n>p1 move roost\n>p2 move psychic\n>p1 move uturn\n>p2 move psychic\n>p2 switch 3\n>p1 move roost\n>p2 move closecombat\n>chat \u2606Habane|No way im losing to a volbeat after all that lol\n>p1 move roost\n>p2 move closecombat\n>p1 move uturn\n>p2 move closecombat", "uploadtime": 1733879177, "views": 2, "formatid": "gen9randombattle", "rating": 1234, "private": 0, "password": null}