{"id": "gen9randombattle-2259968258", "format": "[Gen 9] Random Battle", "players": ["gamefish02", "stanleysteamer"], "log": "|j|\u2606gamefish02\n|j|\u2606stanleysteamer\n|t:|1733785503\n|gametype|singles\n|player|p1|gamefish02|102|1114\n|player|p2|stanleysteamer|wattson|1080\n|teamsize|p1|6\n|teamsize|p2|6\n|gen|9\n|tier|[Gen 9] Random Battle\n|rated|\n|rule|Species Clause: Limit one of each Pok\u00e9mon\n|rule|HP Percentage Mod: HP is shown in percentages\n|rule|Sleep Clause Mod: Limit one foe put to sleep\n|rule|Illusion Level Mod: Illusion disguises the Pok\u00e9mon's true level\n|\n|t:|1733785503\n|start\n|switch|p1a: Zebstrika|Zebstrika, L87, F|272/272\n|switch|p2a: Volcarona|Volcarona, L77, M|257/257\n|turn|1\n|inactive|Battle timer is ON: inactive players will automatically lose when time's up. (requested by gamefish02)\n|inactive|stanleysteamer has 120 seconds left.\n|\n|t:|1733785538\n|switch|p2a: Persian|Persian, L92, M|269/269\n|move|p1a: Zebstrika|Volt Switch|p2a: Persian\n|-damage|p2a: Persian|172/269\n|-damage|p1a: Zebstrika|245/272|[from] item: Life Orb\n|\n|t:|1733785561\n|switch|p1a: Calyrex|Calyrex-Shadow, L64|235/235|[from] Volt Switch\n|-ability|p1a: Calyrex|As One\n|-ability|p1a: Calyrex|Unnerve\n|\n|upkeep\n|turn|2\n|\n|t:|1733785574\n|-terastallize|p1a: Calyrex|Dark\n|move|p2a: Persian|Switcheroo|p1a: Calyrex\n|-activate|p2a: Persian|move: Trick|[of] p1a: Calyrex\n|-item|p1a: Calyrex|Choice Band|[from] move: Switcheroo\n|-item|p2a: Persian|Life Orb|[from] move: Switcheroo\n|move|p1a: Calyrex|Psyshock|p2a: Persian\n|-damage|p2a: Persian|75/269\n|\n|upkeep\n|turn|3\n|\n|t:|1733785591\n|move|p2a: Persian|U-turn|p1a: Calyrex\n|-supereffective|p1a: Calyrex\n|-damage|p1a: Calyrex|71/235\n|-damage|p2a: Persian|49/269|[from] item: Life Orb\n|\n|t:|1733785601\n|switch|p2a: Tauros|Tauros-Paldea-Aqua, L81, M|252/252|[from] U-turn\n|move|p1a: Calyrex|Psyshock|p2a: Tauros\n|-supereffective|p2a: Tauros\n|-damage|p2a: Tauros|108/252\n|\n|upkeep\n|turn|4\n|c|\u2606stanleysteamer|oops\n|\n|t:|1733785623\n|switch|p2a: Volcarona|Volcarona, L77, M|257/257\n|move|p1a: Calyrex|Psyshock|p2a: Volcarona\n|-damage|p2a: Volcarona|148/257\n|\n|upkeep\n|turn|5\n|\n|t:|1733785633\n|switch|p1a: Hawlucha|Hawlucha, L80, M|256/256\n|move|p2a: Volcarona|Quiver Dance|p2a: Volcarona\n|-boost|p2a: Volcarona|spa|1\n|-boost|p2a: Volcarona|spd|1\n|-boost|p2a: Volcarona|spe|1\n|\n|upkeep\n|turn|6\n|inactive|stanleysteamer has 120 seconds left.\n|\n|t:|1733785655\n|move|p2a: Volcarona|Fiery Dance|p1a: Hawlucha\n|-damage|p1a: Hawlucha|79/256\n|-boost|p2a: Volcarona|spa|1\n|move|p1a: Hawlucha|Stone Edge|p2a: Volcarona\n|-supereffective|p2a: Volcarona\n|-damage|p2a: Volcarona|0 fnt\n|faint|p2a: Volcarona\n|\n|upkeep\n|\n|t:|1733785663\n|switch|p2a: Persian|Persian, L92, M|49/269\n|turn|7\n|inactive|stanleysteamer has 120 seconds left.\n|\n|t:|1733785669\n|move|p2a: Persian|Knock Off|p1a: Hawlucha\n|-resisted|p1a: Hawlucha\n|-damage|p1a: Hawlucha|30/256\n|-enditem|p1a: Hawlucha|White Herb|[from] move: Knock Off|[of] p2a: Persian\n|-damage|p2a: Persian|23/269|[from] item: Life Orb\n|move|p1a: Hawlucha|Close Combat|p2a: Persian\n|-supereffective|p2a: Persian\n|-damage|p2a: Persian|0 fnt\n|-unboost|p1a: Hawlucha|def|1\n|-unboost|p1a: Hawlucha|spd|1\n|faint|p2a: Persian\n|\n|upkeep\n|inactive|stanleysteamer has 120 seconds left.\n|\n|t:|1733785682\n|switch|p2a: Tauros|Tauros-Paldea-Aqua, L81, M|108/252\n|-enditem|p2a: Tauros|Sitrus Berry|[eat]\n|-heal|p2a: Tauros|171/252|[from] item: Sitrus Berry\n|turn|8\n|inactive|stanleysteamer has 120 seconds left.\n|\n|t:|1733785691\n|move|p1a: Hawlucha|Acrobatics|p2a: Tauros\n|-supereffective|p2a: Tauros\n|-damage|p2a: Tauros|1/252\n|move|p2a: Tauros|Bulk Up|p2a: Tauros\n|-boost|p2a: Tauros|atk|1\n|-boost|p2a: Tauros|def|1\n|\n|upkeep\n|turn|9\n|\n|t:|1733785698\n|move|p1a: Hawlucha|Acrobatics|p2a: Tauros\n|-supereffective|p2a: Tauros\n|-damage|p2a: Tauros|0 fnt\n|faint|p2a: Tauros\n|\n|upkeep\n|\n|t:|1733785703\n|switch|p2a: Cinderace|Cinderace, L77, M|249/249\n|turn|10\n|inactive|gamefish02 has 120 seconds left.\n|\n|t:|1733785734\n|move|p2a: Cinderace|Sucker Punch|p1a: Hawlucha\n|-start|p2a: Cinderace|typechange|Dark|[from] ability: Libero\n|-resisted|p1a: Hawlucha\n|-damage|p1a: Hawlucha|0 fnt\n|faint|p1a: Hawlucha\n|\n|upkeep\n|inactive|gamefish02 has 120 seconds left.\n|\n|t:|1733785746\n|switch|p1a: Zebstrika|Zebstrika, L87, F|245/272\n|turn|11\n|inactive|gamefish02 has 120 seconds left.\n|\n|t:|1733785757\n|move|p1a: Zebstrika|Supercell Slam|p2a: Cinderace\n|-damage|p2a: Cinderace|66/249\n|-damage|p1a: Zebstrika|218/272|[from] item: Life Orb\n|move|p2a: Cinderace|Pyro Ball|p1a: Zebstrika\n|-damage|p1a: Zebstrika|117/272\n|\n|upkeep\n|turn|12\n|\n|t:|1733785781\n|switch|p2a: Lurantis|Lurantis, L87, F|264/264\n|move|p1a: Zebstrika|Volt Switch|p2a: Lurantis\n|-resisted|p2a: Lurantis\n|-damage|p2a: Lurantis|237/264\n|-damage|p1a: Zebstrika|90/272|[from] item: Life Orb\n|\n|t:|1733785790\n|switch|p1a: Frosmoth|Frosmoth, L82, F|249/249|[from] Volt Switch\n|\n|upkeep\n|turn|13\n|-message|stanleysteamer forfeited.\n|\n|win|gamefish02\n|raw|gamefish02's rating: 1114 &rarr; <strong>1137</strong><br />(+23 for winning)\n|raw|stanleysteamer's rating: 1080 &rarr; <strong>1060</strong><br />(-20 for losing)\n|l|\u2606stanleysteamer\n|player|p2|\n", "inputlog": ">version bfd83cad13791eb5a5a409923076391caf6fb4d4\n>start {\"formatid\":\"gen9randombattle\",\"seed\":[3498,54869,15160,48502],\"rated\":\"Rated battle\"}\n>player p1 {\"name\":\"gamefish02\",\"avatar\":\"102\",\"rating\":1114,\"seed\":[4035,4592,49454,19680]}\n>player p2 {\"name\":\"stanleysteamer\",\"avatar\":\"wattson\",\"rating\":1080,\"seed\":[64778,21134,931,39089]}\n>p1 move voltswitch\n>p2 switch 4\n>p1 switch 3\n>p1 move psyshock terastallize\n>p2 move switcheroo\n>p1 move psyshock\n>p2 move uturn\n>p2 switch 2\n>chat \u2606stanleysteamer|oops\n>p1 move psyshock\n>p2 switch 4\n>p1 switch 4\n>p2 move quiverdance\n>p1 move stoneedge\n>p2 move fierydance\n>p2 switch 2\n>p1 move closecombat\n>p2 move knockoff\n>p2 switch 4\n>p1 move acrobatics\n>p2 move bulkup\n>p1 move acrobatics\n>p2 move liquidation\n>p2 switch 3\n>p1 move stoneedge\n>p2 move suckerpunch\n>p1 switch 3\n>p1 move supercellslam\n>p2 move pyroball\n>p1 move voltswitch\n>p2 switch 5\n>p1 switch 6\n>forcelose p2", "uploadtime": 1733785801, "views": 1, "formatid": "gen9randombattle", "rating": 1060, "private": 0, "password": null}