{"id": "gen9randombattle-2260539902", "format": "[Gen 9] Random Battle", "players": ["AnonymousBW", "Draking 3"], "log": "|j|\u2606AnonymousBW\n|j|\u2606Draking 3\n|t:|1733861526\n|gametype|singles\n|player|p1|AnonymousBW|lucas|1572\n|player|p2|Draking 3|lance|1546\n|teamsize|p1|6\n|teamsize|p2|6\n|gen|9\n|tier|[Gen 9] Random Battle\n|rated|\n|rule|Species Clause: Limit one of each Pok\u00e9mon\n|rule|HP Percentage Mod: HP is shown in percentages\n|rule|Sleep Clause Mod: Limit one foe put to sleep\n|rule|Illusion Level Mod: Illusion disguises the Pok\u00e9mon's true level\n|\n|t:|1733861526\n|start\n|switch|p1a: Jolteon|Jolteon, L84, M|246/246\n|switch|p2a: Necrozma|Necrozma-Dawn-Wings, L76|272/272\n|turn|1\n|inactive|Battle timer is ON: inactive players will automatically lose when time's up. (requested by Draking 3)\n|\n|t:|1733861537\n|switch|p2a: Meganium|Meganium, L90, F|290/290\n|move|p1a: Jolteon|Thunderbolt|p2a: Meganium\n|-resisted|p2a: Meganium\n|-damage|p2a: Meganium|221/290\n|\n|-heal|p2a: Meganium|239/290|[from] item: Leftovers\n|upkeep\n|turn|2\n|\n|t:|1733861549\n|switch|p1a: Cramorant|Cramorant, L86, F|261/261\n|move|p2a: Meganium|Knock Off|p1a: Cramorant\n|-damage|p1a: Cramorant|168/261\n|-enditem|p1a: Cramorant|Heavy-Duty Boots|[from] move: Knock Off|[of] p2a: Meganium\n|\n|-heal|p2a: Meganium|257/290|[from] item: Leftovers\n|upkeep\n|turn|3\n|\n|t:|1733861566\n|switch|p2a: Necrozma|Necrozma-Dawn-Wings, L76|272/272\n|move|p1a: Cramorant|Surf|p2a: Necrozma\n|-formechange|p1a: Cramorant|Cramorant-Gulping|\n|-damage|p2a: Necrozma|193/272\n|\n|-heal|p2a: Necrozma|210/272|[from] item: Leftovers\n|upkeep\n|turn|4\n|\n|t:|1733861578\n|move|p1a: Cramorant|Roost|p1a: Cramorant\n|-heal|p1a: Cramorant|261/261\n|-singleturn|p1a: Cramorant|move: Roost\n|move|p2a: Necrozma|Calm Mind|p2a: Necrozma\n|-boost|p2a: Necrozma|spa|1\n|-boost|p2a: Necrozma|spd|1\n|\n|-heal|p2a: Necrozma|227/272|[from] item: Leftovers\n|upkeep\n|turn|5\n|\n|t:|1733861587\n|move|p1a: Cramorant|Brave Bird|p2a: Necrozma\n|-damage|p2a: Necrozma|112/272\n|-damage|p1a: Cramorant|223/261|[from] Recoil\n|move|p2a: Necrozma|Calm Mind|p2a: Necrozma\n|-boost|p2a: Necrozma|spa|1\n|-boost|p2a: Necrozma|spd|1\n|\n|-heal|p2a: Necrozma|129/272|[from] item: Leftovers\n|upkeep\n|turn|6\n|\n|t:|1733861597\n|move|p1a: Cramorant|Brave Bird|p2a: Necrozma\n|-crit|p2a: Necrozma\n|-damage|p2a: Necrozma|0 fnt\n|faint|p2a: Necrozma\n|-damage|p1a: Cramorant|180/261|[from] Recoil\n|\n|upkeep\n|c|\u2606Draking 3|Mf\n|\n|t:|1733861609\n|switch|p2a: Deoxys|Deoxys-Attack, L72|191/191\n|-ability|p2a: Deoxys|Pressure\n|turn|7\n|\n|t:|1733861615\n|move|p2a: Deoxys|Psycho Boost|p1a: Cramorant\n|-damage|p1a: Cramorant|0 fnt\n|-unboost|p2a: Deoxys|spa|2\n|-damage|p2a: Deoxys|144/191|[from] ability: Gulp Missile|[of] p1a: Cramorant\n|-unboost|p2a: Deoxys|def|1\n|-formechange|p1a: Cramorant|Cramorant|\n|faint|p1a: Cramorant\n|-damage|p2a: Deoxys|125/191|[from] item: Life Orb\n|\n|upkeep\n|\n|t:|1733861622\n|switch|p1a: Jolteon|Jolteon, L84, M|246/246\n|turn|8\n|\n|t:|1733861630\n|switch|p2a: Meganium|Meganium, L90, F|257/290\n|move|p1a: Jolteon|Shadow Ball|p2a: Meganium\n|-damage|p2a: Meganium|181/290\n|\n|-heal|p2a: Meganium|199/290|[from] item: Leftovers\n|upkeep\n|turn|9\n|\n|t:|1733861641\n|move|p1a: Jolteon|Shadow Ball|p2a: Meganium\n|-damage|p2a: Meganium|125/290\n|-unboost|p2a: Meganium|spd|1\n|move|p2a: Meganium|Knock Off|p1a: Jolteon\n|-damage|p1a: Jolteon|146/246\n|-enditem|p1a: Jolteon|Choice Specs|[from] move: Knock Off|[of] p2a: Meganium\n|\n|-heal|p2a: Meganium|143/290|[from] item: Leftovers\n|upkeep\n|turn|10\n|\n|t:|1733861655\n|move|p1a: Jolteon|Shadow Ball|p2a: Meganium\n|-damage|p2a: Meganium|67/290\n|-unboost|p2a: Meganium|spd|1\n|move|p2a: Meganium|Energy Ball|p1a: Jolteon\n|-damage|p1a: Jolteon|16/246\n|\n|-heal|p2a: Meganium|85/290|[from] item: Leftovers\n|upkeep\n|turn|11\n|\n|t:|1733861678\n|move|p1a: Jolteon|Shadow Ball|p2a: Meganium\n|-damage|p2a: Meganium|0 fnt\n|faint|p2a: Meganium\n|\n|upkeep\n|\n|t:|1733861683\n|switch|p2a: Oricorio|Oricorio, L84, F|263/263\n|turn|12\n|\n|t:|1733861687\n|-terastallize|p2a: Oricorio|Ground\n|move|p1a: Jolteon|Volt Switch|p2a: Oricorio\n|-immune|p2a: Oricorio\n|move|p2a: Oricorio|Quiver Dance|p2a: Oricorio\n|-boost|p2a: Oricorio|spa|1\n|-boost|p2a: Oricorio|spd|1\n|-boost|p2a: Oricorio|spe|1\n|\n|upkeep\n|turn|13\n|\n|t:|1733861697\n|move|p2a: Oricorio|Quiver Dance|p2a: Oricorio\n|-boost|p2a: Oricorio|spa|1\n|-boost|p2a: Oricorio|spd|1\n|-boost|p2a: Oricorio|spe|1\n|move|p1a: Jolteon|Alluring Voice|p2a: Oricorio\n|-damage|p2a: Oricorio|227/263\n|-start|p2a: Oricorio|confusion\n|\n|upkeep\n|turn|14\n|\n|t:|1733861708\n|switch|p1a: Banette|Banette, L93, M|270/270\n|-item|p2a: Oricorio|Heavy-Duty Boots|[from] ability: Frisk|[of] p1a: Banette\n|-activate|p2a: Oricorio|confusion\n|move|p2a: Oricorio|Revelation Dance|p1a: Banette\n|-damage|p1a: Banette|47/270\n|\n|upkeep\n|turn|15\n|\n|t:|1733861718\n|-end|p2a: Oricorio|confusion\n|move|p2a: Oricorio|Revelation Dance|p1a: Banette\n|-damage|p1a: Banette|0 fnt\n|faint|p1a: Banette\n|\n|upkeep\n|\n|t:|1733861721\n|switch|p1a: Greedent|Greedent, L86, F|347/347\n|turn|16\n|\n|t:|1733861728\n|move|p2a: Oricorio|Hurricane|p1a: Greedent|[miss]\n|-miss|p2a: Oricorio|p1a: Greedent\n|move|p1a: Greedent|Body Slam|p2a: Oricorio\n|-damage|p2a: Oricorio|116/263\n|\n|upkeep\n|turn|17\n|\n|t:|1733861735\n|move|p2a: Oricorio|Hurricane|p1a: Greedent\n|-damage|p1a: Greedent|89/347\n|-enditem|p1a: Greedent|Sitrus Berry|[eat]\n|-heal|p1a: Greedent|175/347|[from] item: Sitrus Berry\n|-heal|p1a: Greedent|290/347|[from] ability: Cheek Pouch\n|move|p1a: Greedent|Body Slam|p2a: Oricorio\n|-damage|p2a: Oricorio|8/263\n|-status|p2a: Oricorio|par\n|\n|upkeep\n|turn|18\n|\n|t:|1733861745\n|move|p2a: Oricorio|Roost|p2a: Oricorio\n|-heal|p2a: Oricorio|140/263 par\n|move|p1a: Greedent|Body Slam|p2a: Oricorio\n|-damage|p2a: Oricorio|28/263 par\n|\n|upkeep\n|turn|19\n|\n|t:|1733861752\n|cant|p2a: Oricorio|par\n|move|p1a: Greedent|Body Slam|p2a: Oricorio\n|-damage|p2a: Oricorio|0 fnt\n|faint|p2a: Oricorio\n|\n|upkeep\n|\n|t:|1733861762\n|switch|p2a: Deoxys|Deoxys-Attack, L72|125/191\n|-ability|p2a: Deoxys|Pressure\n|turn|20\n|\n|t:|1733861773\n|move|p2a: Deoxys|Superpower|p1a: Greedent\n|-supereffective|p1a: Greedent\n|-crit|p1a: Greedent\n|-damage|p1a: Greedent|0 fnt\n|-unboost|p2a: Deoxys|atk|1\n|-unboost|p2a: Deoxys|def|1\n|faint|p1a: Greedent\n|-damage|p2a: Deoxys|106/191|[from] item: Life Orb\n|\n|upkeep\n|\n|t:|1733861776\n|switch|p1a: Jolteon|Jolteon, L84, M|16/246\n|turn|21\n|\n|t:|1733861785\n|switch|p2a: Reshiram|Reshiram, L76|277/277\n|-ability|p2a: Reshiram|Turboblaze\n|move|p1a: Jolteon|Thunderbolt|p2a: Reshiram\n|-resisted|p2a: Reshiram\n|-damage|p2a: Reshiram|231/277\n|\n|upkeep\n|turn|22\n|\n|t:|1733861798\n|move|p1a: Jolteon|Thunderbolt|p2a: Reshiram\n|-resisted|p2a: Reshiram\n|-damage|p2a: Reshiram|182/277\n|move|p2a: Reshiram|Earth Power|p1a: Jolteon\n|-supereffective|p1a: Jolteon\n|-damage|p1a: Jolteon|0 fnt\n|faint|p1a: Jolteon\n|\n|upkeep\n|\n|t:|1733861802\n|switch|p1a: Porygon2|Porygon2, L82|274/274\n|-ability|p1a: Porygon2|Download|boost\n|-boost|p1a: Porygon2|atk|1\n|turn|23\n|\n|t:|1733861812\n|move|p2a: Reshiram|Blue Flare|p1a: Porygon2|[miss]\n|-miss|p2a: Reshiram|p1a: Porygon2\n|move|p1a: Porygon2|Thunder Wave|p2a: Reshiram\n|-status|p2a: Reshiram|par\n|\n|upkeep\n|turn|24\n|\n|t:|1733861819\n|move|p1a: Porygon2|Tera Blast|p2a: Reshiram\n|-damage|p2a: Reshiram|115/277 par\n|cant|p2a: Reshiram|par\n|\n|upkeep\n|turn|25\n|\n|t:|1733861826\n|move|p1a: Porygon2|Tera Blast|p2a: Reshiram\n|-damage|p2a: Reshiram|45/277 par\n|move|p2a: Reshiram|Blue Flare|p1a: Porygon2\n|-damage|p1a: Porygon2|177/274\n|-status|p1a: Porygon2|brn\n|\n|-damage|p1a: Porygon2|160/274 brn|[from] brn\n|upkeep\n|turn|26\n|\n|t:|1733861837\n|move|p1a: Porygon2|Tera Blast|p2a: Reshiram\n|-damage|p2a: Reshiram|0 fnt\n|faint|p2a: Reshiram\n|\n|-damage|p1a: Porygon2|143/274 brn|[from] brn\n|upkeep\n|\n|t:|1733861844\n|switch|p2a: Deoxys|Deoxys-Attack, L72|106/191\n|-ability|p2a: Deoxys|Pressure\n|turn|27\n|\n|t:|1733861851\n|-terastallize|p1a: Porygon2|Fairy\n|move|p2a: Deoxys|Knock Off|p1a: Porygon2\n|-resisted|p1a: Porygon2\n|-damage|p1a: Porygon2|111/274 brn\n|-enditem|p1a: Porygon2|Eviolite|[from] move: Knock Off|[of] p2a: Deoxys\n|-damage|p2a: Deoxys|87/191|[from] item: Life Orb\n|move|p1a: Porygon2|Thunder Wave|p2a: Deoxys\n|-status|p2a: Deoxys|par\n|\n|-damage|p1a: Porygon2|94/274 brn|[from] brn\n|upkeep\n|turn|28\n|\n|t:|1733861863\n|move|p1a: Porygon2|Shadow Ball|p2a: Deoxys\n|-supereffective|p2a: Deoxys\n|-damage|p2a: Deoxys|0 fnt\n|faint|p2a: Deoxys\n|\n|-damage|p1a: Porygon2|77/274 brn|[from] brn\n|upkeep\n|\n|t:|1733861871\n|switch|p2a: Inteleon|Inteleon, L81, F|246/246\n|turn|29\n|\n|t:|1733861876\n|move|p2a: Inteleon|Hydro Pump|p1a: Porygon2\n|-damage|p1a: Porygon2|0 fnt\n|faint|p1a: Porygon2\n|\n|upkeep\n|\n|t:|1733861879\n|switch|p1a: Espeon|Espeon, L84, F|246/246\n|turn|30\n|\n|t:|1733861883\n|move|p2a: Inteleon|Hydro Pump|p1a: Espeon|[miss]\n|-miss|p2a: Inteleon|p1a: Espeon\n|move|p1a: Espeon|Calm Mind|p1a: Espeon\n|-boost|p1a: Espeon|spa|1\n|-boost|p1a: Espeon|spd|1\n|\n|upkeep\n|turn|31\n|c|\u2606Draking 3|Omg\n|c|\u2606AnonymousBW|gg\n|\n|t:|1733861890\n|move|p2a: Inteleon|Hydro Pump|p1a: Espeon\n|-damage|p1a: Espeon|125/246\n|move|p1a: Espeon|Calm Mind|p1a: Espeon\n|-boost|p1a: Espeon|spa|1\n|-boost|p1a: Espeon|spd|1\n|\n|upkeep\n|turn|32\n|c|\u2606Draking 3|Gg bro\n|\n|t:|1733861898\n|move|p2a: Inteleon|Hydro Pump|p1a: Espeon\n|-damage|p1a: Espeon|32/246\n|move|p1a: Espeon|Morning Sun|p1a: Espeon\n|-heal|p1a: Espeon|155/246\n|\n|upkeep\n|turn|33\n|-message|Draking 3 forfeited.\n|\n|win|AnonymousBW\n|raw|AnonymousBW's rating: 1572 &rarr; <strong>1591</strong><br />(+19 for winning)\n|raw|Draking 3's rating: 1546 &rarr; <strong>1527</strong><br />(-19 for losing)\n", "inputlog": ">version bfd83cad13791eb5a5a409923076391caf6fb4d4\n>start {\"formatid\":\"gen9randombattle\",\"seed\":[21293,50789,44744,45243],\"rated\":\"Rated battle\"}\n>player p1 {\"name\":\"AnonymousBW\",\"avatar\":\"lucas\",\"rating\":1572,\"seed\":[26017,36314,22052,34934]}\n>player p2 {\"name\":\"Draking 3\",\"avatar\":\"lance\",\"rating\":1546,\"seed\":[48351,60377,31194,9654]}\n>p1 move thunderbolt\n>p2 switch 5\n>p1 switch 4\n>p2 move knockoff\n>p1 move surf\n>p2 switch 5\n>p1 move roost\n>p2 move calmmind\n>p1 move bravebird\n>p2 move calmmind\n>p1 move bravebird\n>p2 move moonlight\n>chat \u2606Draking 3|Mf\n>p2 switch 2\n>p1 move bravebird\n>p2 move psychoboost\n>p1 switch 4\n>p1 move shadowball\n>p2 switch 5\n>p1 move shadowball\n>p2 move knockoff\n>p1 move shadowball\n>p2 move energyball\n>p1 move shadowball\n>p2 move knockoff\n>p2 switch 4\n>p1 move voltswitch\n>p2 move quiverdance terastallize\n>p1 move alluringvoice\n>p2 move quiverdance\n>p1 switch 3\n>p2 move revelationdance\n>p1 move poltergeist\n>p2 move revelationdance\n>p1 switch 2\n>p1 move bodyslam\n>p2 move hurricane\n>p1 move bodyslam\n>p2 move hurricane\n>p1 move bodyslam\n>p2 move roost\n>p1 move bodyslam\n>p2 move roost\n>p2 switch 5\n>p1 move knockoff\n>p2 move superpower\n>p1 switch 3\n>p1 move thunderbolt\n>p2 switch 3\n>p1 move thunderbolt\n>p2 move earthpower\n>p1 switch 5\n>p1 move thunderwave\n>p2 move blueflare\n>p1 move terablast\n>p2 move blueflare\n>p1 move terablast\n>p2 move blueflare\n>p1 move terablast\n>p2 move blueflare\n>p2 switch 3\n>p1 move thunderwave terastallize\n>p2 move knockoff\n>p1 move shadowball\n>p2 move psychoboost\n>p2 switch 6\n>p1 move thunderwave\n>p2 move hydropump\n>p1 switch 6\n>p1 move calmmind\n>p2 move hydropump\n>chat \u2606Draking 3|Omg\n>chat \u2606AnonymousBW|gg\n>p1 move calmmind\n>p2 move hydropump\n>chat \u2606Draking 3|Gg bro \n>p1 move morningsun\n>p2 move hydropump\n>forcelose p2", "uploadtime": 1733861906, "views": 1, "formatid": "gen9randombattle", "rating": 1527, "private": 0, "password": null}