{"id": "gen9randombattle-2260047895", "format": "[Gen 9] Random Battle", "players": ["billcena", "go faster ffs"], "log": "|j|\u2606billcena\n|j|\u2606go faster ffs\n|t:|1733795447\n|gametype|singles\n|player|p1|billcena|2|1354\n|player|p2|go faster ffs|veteran|1403\n|teamsize|p1|6\n|teamsize|p2|6\n|gen|9\n|tier|[Gen 9] Random Battle\n|rated|\n|rule|Species Clause: Limit one of each Pok\u00e9mon\n|rule|HP Percentage Mod: HP is shown in percentages\n|rule|Sleep Clause Mod: Limit one foe put to sleep\n|rule|Illusion Level Mod: Illusion disguises the Pok\u00e9mon's true level\n|\n|t:|1733795447\n|start\n|switch|p1a: Wugtrio|Wugtrio, L91, F|212/212\n|switch|p2a: Latias|Latias, L79, F|256/256\n|turn|1\n|\n|t:|1733795470\n|switch|p2a: Tatsugiri|Tatsugiri-Droopy, L87, F|260/260\n|move|p1a: Wugtrio|Throat Chop|p2a: Tatsugiri\n|-damage|p2a: Tatsugiri|134/260\n|-start|p2a: Tatsugiri|Throat Chop|[silent]\n|\n|upkeep\n|turn|2\n|inactive|Battle timer is ON: inactive players will automatically lose when time's up. (requested by billcena)\n|\n|t:|1733795479\n|move|p1a: Wugtrio|Throat Chop|p2a: Tatsugiri\n|-damage|p2a: Tatsugiri|14/260\n|move|p2a: Tatsugiri|Draco Meteor|p1a: Wugtrio\n|-damage|p1a: Wugtrio|32/212\n|-unboost|p2a: Tatsugiri|spa|2\n|\n|-end|p2a: Tatsugiri|Throat Chop|[silent]\n|upkeep\n|turn|3\n|\n|t:|1733795486\n|switch|p2a: Quaquaval|Quaquaval, L79, F|264/264\n|move|p1a: Wugtrio|Throat Chop|p2a: Quaquaval\n|-resisted|p2a: Quaquaval\n|-damage|p2a: Quaquaval|210/264\n|-start|p2a: Quaquaval|Throat Chop|[silent]\n|\n|upkeep\n|turn|4\n|\n|t:|1733795498\n|move|p1a: Wugtrio|Throat Chop|p2a: Quaquaval\n|-resisted|p2a: Quaquaval\n|-damage|p2a: Quaquaval|151/264\n|move|p2a: Quaquaval|Aqua Step|p1a: Wugtrio\n|-resisted|p1a: Wugtrio\n|-crit|p1a: Wugtrio\n|-damage|p1a: Wugtrio|0 fnt\n|-boost|p2a: Quaquaval|spe|1\n|-ability|p1a: Wugtrio|Gooey\n|-unboost|p2a: Quaquaval|spe|1\n|faint|p1a: Wugtrio\n|-ability|p2a: Quaquaval|Moxie|boost\n|-boost|p2a: Quaquaval|atk|1\n|-damage|p2a: Quaquaval|125/264|[from] item: Life Orb\n|\n|-end|p2a: Quaquaval|Throat Chop|[silent]\n|upkeep\n|\n|t:|1733795503\n|switch|p1a: Hypno|Hypno, L95, M|315/315\n|turn|5\n|inactive|go faster ffs has 120 seconds left.\n|\n|t:|1733795539\n|switch|p2a: Probopass|Probopass, L92, M|260/260\n|move|p1a: Hypno|Psychic Noise|p2a: Probopass\n|-resisted|p2a: Probopass\n|-damage|p2a: Probopass|234/260\n|-start|p2a: Probopass|move: Heal Block\n|\n|upkeep\n|turn|6\n|\n|t:|1733795546\n|move|p1a: Hypno|Thunder Wave|p2a: Probopass|[miss]\n|-miss|p1a: Hypno|p2a: Probopass\n|move|p2a: Probopass|Iron Defense|p2a: Probopass\n|-boost|p2a: Probopass|def|2\n|\n|-end|p2a: Probopass|move: Heal Block\n|upkeep\n|turn|7\n|\n|t:|1733795550\n|move|p1a: Hypno|Encore|p2a: Probopass\n|-start|p2a: Probopass|Encore\n|move|p2a: Probopass|Iron Defense|p2a: Probopass\n|-boost|p2a: Probopass|def|2\n|\n|upkeep\n|turn|8\n|\n|t:|1733795558\n|switch|p2a: Gumshoos|Gumshoos, L95, F|321/321\n|move|p1a: Hypno|Thunder Wave|p2a: Gumshoos\n|-status|p2a: Gumshoos|par\n|\n|upkeep\n|turn|9\n|\n|t:|1733795562\n|move|p1a: Hypno|Knock Off|p2a: Gumshoos\n|-damage|p2a: Gumshoos|240/321 par\n|-enditem|p2a: Gumshoos|Choice Band|[from] move: Knock Off|[of] p1a: Hypno\n|move|p2a: Gumshoos|Knock Off|p1a: Hypno\n|-supereffective|p1a: Hypno\n|-damage|p1a: Hypno|111/315\n|-enditem|p1a: Hypno|Leftovers|[from] move: Knock Off|[of] p2a: Gumshoos\n|\n|upkeep\n|turn|10\n|\n|t:|1733795569\n|move|p1a: Hypno|Encore|p2a: Gumshoos\n|-start|p2a: Gumshoos|Encore\n|move|p2a: Gumshoos|Knock Off|p1a: Hypno\n|-supereffective|p1a: Hypno\n|-damage|p1a: Hypno|0 fnt\n|faint|p1a: Hypno\n|\n|upkeep\n|\n|t:|1733795574\n|switch|p1a: Arceus|Arceus-Dark, L71|288/288\n|turn|11\n|\n|t:|1733795579\n|switch|p2a: Probopass|Probopass, L92, M|234/260\n|move|p1a: Arceus|Calm Mind|p1a: Arceus\n|-boost|p1a: Arceus|spa|1\n|-boost|p1a: Arceus|spd|1\n|\n|upkeep\n|turn|12\n|\n|t:|1733795585\n|move|p1a: Arceus|Judgment|p2a: Probopass\n|-damage|p2a: Probopass|134/260\n|move|p2a: Probopass|Iron Defense|p2a: Probopass\n|-boost|p2a: Probopass|def|2\n|\n|upkeep\n|turn|13\n|\n|t:|1733795592\n|-terastallize|p1a: Arceus|Fairy\n|move|p1a: Arceus|Calm Mind|p1a: Arceus\n|-boost|p1a: Arceus|spa|1\n|-boost|p1a: Arceus|spd|1\n|move|p2a: Probopass|Body Press|p1a: Arceus\n|-resisted|p1a: Arceus\n|-damage|p1a: Arceus|206/288\n|\n|upkeep\n|turn|14\n|\n|t:|1733795602\n|move|p1a: Arceus|Judgment|p2a: Probopass\n|-damage|p2a: Probopass|4/260\n|move|p2a: Probopass|Flash Cannon|p1a: Arceus\n|-supereffective|p1a: Arceus\n|-crit|p1a: Arceus\n|-damage|p1a: Arceus|0 fnt\n|faint|p1a: Arceus\n|\n|upkeep\n|c|\u2606billcena|believe it!\n|\n|t:|1733795616\n|switch|p1a: Ludicolo|Ludicolo, L90, F|290/290\n|turn|15\n|\n|t:|1733795630\n|switch|p2a: Tatsugiri|Tatsugiri-Droopy, L87, F|14/260\n|move|p1a: Ludicolo|Rain Dance|p1a: Ludicolo\n|-weather|RainDance\n|\n|-weather|RainDance|[upkeep]\n|upkeep\n|turn|16\n|c|\u2606billcena|things like that make me sad\n|\n|t:|1733795642\n|move|p1a: Ludicolo|Giga Drain|p2a: Tatsugiri\n|-damage|p2a: Tatsugiri|0 fnt\n|faint|p2a: Tatsugiri\n|-damage|p1a: Ludicolo|261/290|[from] item: Life Orb\n|\n|-weather|RainDance|[upkeep]\n|upkeep\n|\n|t:|1733795644\n|switch|p2a: Oricorio|Oricorio-Pom-Pom, L82, M|257/257\n|turn|17\n|\n|t:|1733795654\n|move|p1a: Ludicolo|Hydro Pump|p2a: Oricorio|[miss]\n|-miss|p1a: Ludicolo|p2a: Oricorio\n|move|p2a: Oricorio|Quiver Dance|p2a: Oricorio\n|-boost|p2a: Oricorio|spa|1\n|-boost|p2a: Oricorio|spd|1\n|-boost|p2a: Oricorio|spe|1\n|\n|-weather|RainDance|[upkeep]\n|upkeep\n|turn|18\n|c|\u2606billcena|at a core level\n|\n|t:|1733795663\n|switch|p1a: Golurk|Golurk, L87|297/297\n|move|p2a: Oricorio|Quiver Dance|p2a: Oricorio\n|-boost|p2a: Oricorio|spa|1\n|-boost|p2a: Oricorio|spd|1\n|-boost|p2a: Oricorio|spe|1\n|\n|-weather|RainDance|[upkeep]\n|upkeep\n|turn|19\n|\n|t:|1733795668\n|move|p2a: Oricorio|Hurricane|p1a: Golurk\n|-damage|p1a: Golurk|54/297\n|move|p1a: Golurk|Stone Edge|p2a: Oricorio\n|-supereffective|p2a: Oricorio\n|-damage|p2a: Oricorio|0 fnt\n|faint|p2a: Oricorio\n|-damage|p1a: Golurk|25/297|[from] item: Life Orb\n|\n|-weather|none\n|upkeep\n|\n|t:|1733795678\n|switch|p2a: Quaquaval|Quaquaval, L79, F|125/264\n|turn|20\n|\n|t:|1733795682\n|switch|p1a: Ludicolo|Ludicolo, L90, F|261/290\n|move|p2a: Quaquaval|Aqua Step|p1a: Ludicolo\n|-resisted|p1a: Ludicolo\n|-damage|p1a: Ludicolo|232/290\n|-boost|p2a: Quaquaval|spe|1\n|-damage|p2a: Quaquaval|99/264|[from] item: Life Orb\n|\n|upkeep\n|turn|21\n|\n|t:|1733795691\n|-terastallize|p2a: Quaquaval|Fighting\n|move|p2a: Quaquaval|Roost|p2a: Quaquaval\n|-heal|p2a: Quaquaval|231/264\n|move|p1a: Ludicolo|Rain Dance|p1a: Ludicolo\n|-weather|RainDance\n|\n|-weather|RainDance|[upkeep]\n|upkeep\n|turn|22\n|\n|t:|1733795699\n|move|p1a: Ludicolo|Hydro Pump|p2a: Quaquaval|[miss]\n|-miss|p1a: Ludicolo|p2a: Quaquaval\n|move|p2a: Quaquaval|Swords Dance|p2a: Quaquaval\n|-boost|p2a: Quaquaval|atk|2\n|\n|-weather|RainDance|[upkeep]\n|upkeep\n|turn|23\n|c|\u2606billcena|like\n|c|\u2606billcena|bro\n|n|!billcena|billcena\n|\n|t:|1733795707\n|move|p1a: Ludicolo|Hydro Pump|p2a: Quaquaval\n|-damage|p2a: Quaquaval|0 fnt\n|faint|p2a: Quaquaval\n|-damage|p1a: Ludicolo|203/290|[from] item: Life Orb\n|\n|-weather|RainDance|[upkeep]\n|upkeep\n|\n|t:|1733795717\n|switch|p2a: Gumshoos|Gumshoos, L95, F|240/321 par\n|turn|24\n|\n|t:|1733795720\n|move|p1a: Ludicolo|Giga Drain|p2a: Gumshoos\n|-damage|p2a: Gumshoos|98/321 par\n|-heal|p1a: Ludicolo|274/290|[from] drain|[of] p2a: Gumshoos\n|-damage|p1a: Ludicolo|245/290|[from] item: Life Orb\n|cant|p2a: Gumshoos|par\n|\n|-weather|RainDance|[upkeep]\n|upkeep\n|turn|25\n|\n|t:|1733795739\n|move|p1a: Ludicolo|Rain Dance||[still]\n|-fail|p1a: Ludicolo\n|move|p2a: Gumshoos|U-turn|p1a: Ludicolo\n|-supereffective|p1a: Ludicolo\n|-damage|p1a: Ludicolo|77/290\n|\n|t:|1733795741\n|switch|p2a: Latias|Latias, L79, F|256/256|[from] U-turn\n|\n|-weather|none\n|upkeep\n|turn|26\n|\n|t:|1733795745\n|move|p2a: Latias|Psyshock|p1a: Ludicolo\n|-damage|p1a: Ludicolo|0 fnt\n|faint|p1a: Ludicolo\n|\n|upkeep\n|\n|t:|1733795747\n|switch|p1a: Golurk|Golurk, L87|25/297\n|turn|27\n|\n|t:|1733795751\n|move|p2a: Latias|Psyshock|p1a: Golurk\n|-damage|p1a: Golurk|0 fnt\n|faint|p1a: Golurk\n|\n|upkeep\n|\n|t:|1733795753\n|switch|p1a: Regirock|Regirock, L83|268/268\n|turn|28\n|\n|t:|1733795759\n|move|p2a: Latias|Psyshock|p1a: Regirock\n|-damage|p1a: Regirock|214/268\n|move|p1a: Regirock|Curse|p1a: Regirock\n|-unboost|p1a: Regirock|spe|1\n|-boost|p1a: Regirock|atk|1\n|-boost|p1a: Regirock|def|1\n|\n|upkeep\n|turn|29\n|\n|t:|1733795779\n|move|p2a: Latias|Psyshock|p1a: Regirock\n|-damage|p1a: Regirock|180/268\n|move|p1a: Regirock|Stone Edge|p2a: Latias|[miss]\n|-miss|p1a: Regirock|p2a: Latias\n|\n|upkeep\n|turn|30\n|\n|t:|1733795787\n|move|p2a: Latias|Calm Mind|p2a: Latias\n|-boost|p2a: Latias|spa|1\n|-boost|p2a: Latias|spd|1\n|move|p1a: Regirock|Rest|p1a: Regirock\n|-status|p1a: Regirock|slp|[from] move: Rest\n|-heal|p1a: Regirock|268/268 slp|[silent]\n|-enditem|p1a: Regirock|Chesto Berry|[eat]\n|-curestatus|p1a: Regirock|slp|[msg]\n|\n|upkeep\n|turn|31\n|\n|t:|1733795792\n|move|p2a: Latias|Calm Mind|p2a: Latias\n|-boost|p2a: Latias|spa|1\n|-boost|p2a: Latias|spd|1\n|move|p1a: Regirock|Stone Edge|p2a: Latias\n|-damage|p2a: Latias|91/256\n|\n|upkeep\n|turn|32\n|\n|t:|1733795798\n|move|p2a: Latias|Recover|p2a: Latias\n|-heal|p2a: Latias|219/256\n|move|p1a: Regirock|Stone Edge|p2a: Latias\n|-damage|p2a: Latias|54/256\n|\n|upkeep\n|turn|33\n|\n|t:|1733795801\n|move|p2a: Latias|Recover|p2a: Latias\n|-heal|p2a: Latias|182/256\n|move|p1a: Regirock|Stone Edge|p2a: Latias|[miss]\n|-miss|p1a: Regirock|p2a: Latias\n|\n|upkeep\n|turn|34\n|\n|t:|1733795804\n|move|p2a: Latias|Psyshock|p1a: Regirock\n|-damage|p1a: Regirock|198/268\n|move|p1a: Regirock|Stone Edge|p2a: Latias\n|-damage|p2a: Latias|1/256\n|\n|upkeep\n|turn|35\n|\n|t:|1733795812\n|move|p2a: Latias|Draco Meteor|p1a: Regirock\n|-damage|p1a: Regirock|0 fnt\n|-unboost|p2a: Latias|spa|2\n|faint|p1a: Regirock\n|\n|win|go faster ffs\n", "inputlog": ">version bfd83cad13791eb5a5a409923076391caf6fb4d4\n>start {\"formatid\":\"gen9randombattle\",\"seed\":[12795,27163,65042,44439],\"rated\":\"Rated battle\"}\n>player p1 {\"name\":\"billcena\",\"avatar\":\"2\",\"rating\":1354,\"seed\":[56190,14169,16928,61389]}\n>player p2 {\"name\":\"go faster ffs\",\"avatar\":\"veteran\",\"rating\":1403,\"seed\":[50822,53358,57332,62997]}\n>p1 move throatchop\n>p2 switch 3\n>p1 move throatchop\n>p2 move dracometeor\n>p1 move throatchop\n>p2 switch 6\n>p1 move throatchop\n>p2 move aquastep\n>p1 switch 4\n>p1 move psychicnoise\n>p2 switch 4\n>p1 move thunderwave\n>p2 move irondefense\n>p1 move encore\n>p2 move bodypress\n>p1 move thunderwave\n>p2 switch 2\n>p1 move knockoff\n>p2 move knockoff\n>p1 move encore\n>p2 move uturn\n>p1 switch 6\n>p1 move calmmind\n>p2 switch 2\n>p1 move judgment\n>p2 move irondefense\n>p1 move calmmind terastallize\n>p2 move bodypress\n>p1 move judgment\n>p2 move flashcannon\n>chat \u2606billcena|believe it!\n>p1 switch 2\n>p1 move raindance\n>p2 switch 6\n>chat \u2606billcena|things like that make me sad\n>p1 move gigadrain\n>p2 move dracometeor\n>p2 switch 5\n>p1 move hydropump\n>p2 move quiverdance\n>chat \u2606billcena|at a core level\n>p1 switch 3\n>p2 move quiverdance\n>p1 move stoneedge\n>p2 move hurricane\n>p2 switch 4\n>p1 switch 3\n>p2 move aquastep\n>p1 move raindance\n>p2 move roost terastallize\n>p1 move hydropump\n>p2 move swordsdance\n>chat \u2606billcena|like\n>chat \u2606billcena|bro\n>chat \u2606billcena|fuck off\n>p1 move hydropump\n>p2 move swordsdance\n>p2 switch 2\n>p1 move gigadrain\n>p2 move uturn\n>p1 move raindance\n>p2 move uturn\n>p2 switch 3\n>p1 move raindance\n>p2 move psyshock\n>p1 switch 3\n>p1 move poltergeist\n>p2 move psyshock\n>p1 switch 5\n>p1 move curse\n>p2 move psyshock\n>p1 move stoneedge\n>p2 move psyshock\n>p1 move rest\n>p2 move calmmind\n>p1 move stoneedge\n>p2 move calmmind\n>p1 move stoneedge\n>p2 move recover\n>p1 move stoneedge\n>p2 move recover\n>p1 move stoneedge\n>p2 move psyshock\n>p1 move stoneedge\n>p2 move dracometeor", "uploadtime": 1733795705, "views": 5, "formatid": "gen9randombattle", "rating": null, "private": 0, "password": null}