{"id": "gen9randombattle-2260000001", "format": "[Gen 9] Random Battle", "players": ["Watsyy", "Djdjsjswj"], "log": "|j|\u2606Watsyy\n|j|\u2606Djdjsjswj\n|t:|1733789448\n|gametype|singles\n|player|p1|Watsyy|102|1000\n|player|p2|Djdjsjswj|fisherman-gen4|1028\n|teamsize|p1|6\n|teamsize|p2|6\n|gen|9\n|tier|[Gen 9] Random Battle\n|rated|\n|rule|Species Clause: Limit one of each Pok\u00e9mon\n|rule|HP Percentage Mod: HP is shown in percentages\n|rule|Sleep Clause Mod: Limit one foe put to sleep\n|rule|Illusion Level Mod: Illusion disguises the Pok\u00e9mon's true level\n|\n|t:|1733789448\n|start\n|switch|p1a: Cinderace|Cinderace, L77, M|249/249\n|switch|p2a: Florges|Florges-Orange, L85, F|271/271\n|turn|1\n|inactive|Battle timer is ON: inactive players will automatically lose when time's up. (requested by Djdjsjswj)\n|\n|t:|1733789475\n|-terastallize|p2a: Florges|Ground\n|move|p1a: Cinderace|Gunk Shot|p2a: Florges\n|-start|p1a: Cinderace|typechange|Poison|[from] ability: Libero\n|-resisted|p2a: Florges\n|-damage|p2a: Florges|156/271\n|-status|p2a: Florges|psn\n|move|p2a: Florges|Tera Blast|p1a: Cinderace|[anim] Tera Blast Ground\n|-supereffective|p1a: Cinderace\n|-damage|p1a: Cinderace|27/249\n|\n|-heal|p2a: Florges|172/271 psn|[from] item: Leftovers\n|-damage|p2a: Florges|139/271 psn|[from] psn\n|upkeep\n|turn|2\n|\n|t:|1733789492\n|switch|p2a: Talonflame|Talonflame, L83, M|265/265\n|move|p1a: Cinderace|Gunk Shot|p2a: Talonflame\n|-damage|p2a: Talonflame|46/265\n|-status|p2a: Talonflame|psn\n|\n|-damage|p2a: Talonflame|13/265 psn|[from] psn\n|upkeep\n|turn|3\n|\n|t:|1733789506\n|switch|p1a: Toedscruel|Toedscruel, L87, M|281/281\n|move|p2a: Talonflame|Brave Bird|p1a: Toedscruel\n|-supereffective|p1a: Toedscruel\n|-damage|p1a: Toedscruel|27/281\n|-damage|p2a: Talonflame|0 fnt|[from] Recoil\n|faint|p2a: Talonflame\n|\n|upkeep\n|\n|t:|1733789514\n|switch|p2a: Florges|Florges-Orange, L85, F, tera:Ground|139/271 psn\n|turn|4\n|\n|t:|1733789519\n|move|p1a: Toedscruel|Giga Drain|p2a: Florges\n|-supereffective|p2a: Florges\n|-damage|p2a: Florges|49/271 psn\n|-heal|p1a: Toedscruel|72/281|[from] drain|[of] p2a: Florges\n|move|p2a: Florges|Tera Blast|p1a: Toedscruel|[anim] Tera Blast Ground\n|-resisted|p1a: Toedscruel\n|-damage|p1a: Toedscruel|48/281\n|\n|-heal|p2a: Florges|65/271 psn|[from] item: Leftovers\n|-damage|p2a: Florges|32/271 psn|[from] psn\n|upkeep\n|turn|5\n|\n|t:|1733789533\n|switch|p2a: Pachirisu|Pachirisu, L96, F|271/271\n|move|p1a: Toedscruel|Giga Drain|p2a: Pachirisu\n|-damage|p2a: Pachirisu|231/271\n|-heal|p1a: Toedscruel|68/281|[from] drain|[of] p2a: Pachirisu\n|\n|upkeep\n|turn|6\n|\n|t:|1733789544\n|move|p2a: Pachirisu|Thunderbolt|p1a: Toedscruel\n|-immune|p1a: Toedscruel\n|move|p1a: Toedscruel|Earth Power|p2a: Pachirisu\n|-supereffective|p2a: Pachirisu\n|-damage|p2a: Pachirisu|133/271\n|\n|upkeep\n|turn|7\n|\n|t:|1733789553\n|move|p2a: Pachirisu|Super Fang|p1a: Toedscruel\n|-damage|p1a: Toedscruel|34/281\n|move|p1a: Toedscruel|Earth Power|p2a: Pachirisu\n|-supereffective|p2a: Pachirisu\n|-damage|p2a: Pachirisu|25/271\n|\n|upkeep\n|turn|8\n|\n|t:|1733789560\n|move|p2a: Pachirisu|Super Fang|p1a: Toedscruel\n|-damage|p1a: Toedscruel|17/281\n|move|p1a: Toedscruel|Giga Drain|p2a: Pachirisu\n|-damage|p2a: Pachirisu|0 fnt\n|-heal|p1a: Toedscruel|30/281|[from] drain|[of] p2a: Pachirisu\n|faint|p2a: Pachirisu\n|\n|upkeep\n|\n|t:|1733789568\n|switch|p2a: Skuntank|Skuntank, L84, F|310/310\n|turn|9\n|\n|t:|1733789578\n|move|p1a: Toedscruel|Giga Drain|p2a: Skuntank\n|-resisted|p2a: Skuntank\n|-damage|p2a: Skuntank|262/310\n|-heal|p1a: Toedscruel|54/281|[from] drain|[of] p2a: Skuntank\n|move|p2a: Skuntank|Gunk Shot|p1a: Toedscruel\n|-damage|p1a: Toedscruel|0 fnt\n|faint|p1a: Toedscruel\n|-damage|p2a: Skuntank|231/310|[from] item: Life Orb\n|\n|upkeep\n|\n|t:|1733789597\n|switch|p1a: Typhlosion|Typhlosion-Hisui, L83, M|257/257\n|turn|10\n|\n|t:|1733789606\n|move|p1a: Typhlosion|Shadow Ball|p2a: Skuntank\n|-resisted|p2a: Skuntank\n|-damage|p2a: Skuntank|135/310\n|move|p2a: Skuntank|Gunk Shot|p1a: Typhlosion|[miss]\n|-miss|p2a: Skuntank|p1a: Typhlosion\n|\n|upkeep\n|turn|11\n|\n|t:|1733789615\n|move|p1a: Typhlosion|Shadow Ball|p2a: Skuntank\n|-resisted|p2a: Skuntank\n|-damage|p2a: Skuntank|36/310\n|move|p2a: Skuntank|Gunk Shot|p1a: Typhlosion\n|-resisted|p1a: Typhlosion\n|-damage|p1a: Typhlosion|175/257\n|-damage|p2a: Skuntank|5/310|[from] item: Life Orb\n|\n|upkeep\n|turn|12\n|\n|t:|1733789625\n|move|p1a: Typhlosion|Shadow Ball|p2a: Skuntank\n|-resisted|p2a: Skuntank\n|-damage|p2a: Skuntank|0 fnt\n|faint|p2a: Skuntank\n|\n|upkeep\n|\n|t:|1733789638\n|switch|p2a: Rabsca|Rabsca, L91, F|284/284\n|turn|13\n|\n|t:|1733789645\n|move|p1a: Typhlosion|Shadow Ball|p2a: Rabsca\n|-supereffective|p2a: Rabsca\n|-damage|p2a: Rabsca|20/284\n|move|p2a: Rabsca|Revival Blessing|p2a: Rabsca\n|\n|t:|1733789653\n|-heal|p2: Talonflame|132/265|[from] move: Revival Blessing\n|\n|upkeep\n|turn|14\n|\n|t:|1733789663\n|switch|p2a: Florges|Florges-Orange, L85, F, tera:Ground|32/271 psn\n|move|p1a: Typhlosion|Shadow Ball|p2a: Florges\n|-damage|p2a: Florges|0 fnt\n|faint|p2a: Florges\n|\n|upkeep\n|\n|t:|1733789669\n|switch|p2a: Talonflame|Talonflame, L83, M|132/265\n|turn|15\n|\n|t:|1733789678\n|switch|p1a: Toxtricity|Toxtricity, L82, F|257/257\n|move|p2a: Talonflame|Brave Bird|p1a: Toxtricity\n|-resisted|p1a: Toxtricity\n|-damage|p1a: Toxtricity|191/257\n|-damage|p2a: Talonflame|110/265|[from] Recoil\n|\n|upkeep\n|turn|16\n|\n|t:|1733789694\n|switch|p2a: Rillaboom|Rillaboom, L79, F|288/288\n|-fieldstart|move: Grassy Terrain|[from] ability: Grassy Surge|[of] p2a: Rillaboom\n|move|p1a: Toxtricity|Overdrive|p2a: Rillaboom\n|-resisted|p2a: Rillaboom\n|-damage|p2a: Rillaboom|168/288\n|\n|-heal|p2a: Rillaboom|186/288|[from] Grassy Terrain\n|-heal|p1a: Toxtricity|207/257|[from] Grassy Terrain\n|upkeep\n|turn|17\n|\n|t:|1733789707\n|switch|p1a: Typhlosion|Typhlosion-Hisui, L83, M|175/257\n|move|p2a: Rillaboom|Swords Dance|p2a: Rillaboom\n|-boost|p2a: Rillaboom|atk|2\n|\n|-heal|p1a: Typhlosion|191/257|[from] Grassy Terrain\n|-heal|p2a: Rillaboom|204/288|[from] Grassy Terrain\n|upkeep\n|turn|18\n|\n|t:|1733789720\n|move|p1a: Typhlosion|Eruption|p2a: Rillaboom\n|-supereffective|p2a: Rillaboom\n|-damage|p2a: Rillaboom|0 fnt\n|faint|p2a: Rillaboom\n|\n|-heal|p1a: Typhlosion|207/257|[from] Grassy Terrain\n|upkeep\n|\n|t:|1733789727\n|switch|p2a: Talonflame|Talonflame, L83, M|110/265\n|turn|19\n|\n|t:|1733789733\n|switch|p1a: Toxtricity|Toxtricity, L82, F|207/257\n|move|p2a: Talonflame|Brave Bird|p1a: Toxtricity\n|-resisted|p1a: Toxtricity\n|-damage|p1a: Toxtricity|138/257\n|-damage|p2a: Talonflame|87/265|[from] Recoil\n|\n|-heal|p1a: Toxtricity|154/257|[from] Grassy Terrain\n|upkeep\n|turn|20\n|\n|t:|1733789744\n|move|p2a: Talonflame|Taunt|p1a: Toxtricity\n|-start|p1a: Toxtricity|move: Taunt\n|move|p1a: Toxtricity|Overdrive|p2a: Talonflame\n|-supereffective|p2a: Talonflame\n|-damage|p2a: Talonflame|0 fnt\n|faint|p2a: Talonflame\n|\n|-heal|p1a: Toxtricity|170/257|[from] Grassy Terrain\n|-fieldend|move: Grassy Terrain\n|upkeep\n|\n|t:|1733789753\n|switch|p2a: Rabsca|Rabsca, L91, F|20/284\n|turn|21\n|\n|t:|1733789759\n|move|p1a: Toxtricity|Overdrive|p2a: Rabsca\n|-damage|p2a: Rabsca|0 fnt\n|faint|p2a: Rabsca\n|\n|win|Watsyy\n|raw|Watsyy's rating: 1000 &rarr; <strong>1043</strong><br />(+43 for winning)\n|raw|Djdjsjswj's rating: 1028 &rarr; <strong>1013</strong><br />(-15 for losing)\n|l|\u2606Djdjsjswj\n|player|p2|\n", "inputlog": ">version bfd83cad13791eb5a5a409923076391caf6fb4d4\n>start {\"formatid\":\"gen9randombattle\",\"seed\":[17803,33494,43047,41289],\"rated\":\"Rated battle\"}\n>player p1 {\"name\":\"Watsyy\",\"avatar\":\"102\",\"rating\":1000,\"seed\":[14543,21192,48698,6826]}\n>player p2 {\"name\":\"Djdjsjswj\",\"avatar\":\"fisherman-gen4\",\"rating\":1028,\"seed\":[37903,27540,15750,20208]}\n>p1 move gunkshot\n>p2 move terablast terastallize\n>p1 move gunkshot\n>p2 switch 2\n>p1 switch 2\n>p2 move bravebird\n>p2 switch 2\n>p1 move gigadrain\n>p2 move terablast\n>p1 move gigadrain\n>p2 switch 3\n>p1 move earthpower\n>p2 move thunderbolt\n>p1 move earthpower\n>p2 move superfang\n>p1 move gigadrain\n>p2 move superfang\n>p2 switch 6\n>p1 move gigadrain\n>p2 move gunkshot\n>p1 switch 4\n>p1 move shadowball\n>p2 move gunkshot\n>p1 move shadowball\n>p2 move gunkshot\n>p1 move shadowball\n>p2 move toxicspikes\n>p2 switch 4\n>p1 move shadowball\n>p2 move revivalblessing\n>p2 switch 2\n>p1 move shadowball\n>p2 switch 3\n>p2 switch 2\n>p1 switch 3\n>p2 move bravebird\n>p1 move overdrive\n>p2 switch 5\n>p1 switch 3\n>p2 move swordsdance\n>p1 move eruption\n>p2 move knockoff\n>p2 switch 5\n>p1 switch 3\n>p2 move bravebird\n>p1 move overdrive\n>p2 move taunt\n>p2 switch 3\n>p1 move overdrive\n>p2 move bugbuzz", "uploadtime": 1733789773, "views": 12, "formatid": "gen9randombattle", "rating": 1013, "private": 0, "password": null}