{"id": "gen9randombattle-2260446511", "format": "[Gen 9] Random Battle", "players": ["iachi127", "ari_glitch"], "log": "|j|\u2606iachi127\n|j|\u2606ari_glitch\n|t:|1733852426\n|gametype|singles\n|player|p1|iachi127|2|1200\n|player|p2|ari_glitch|hilda|1159\n|teamsize|p1|6\n|teamsize|p2|6\n|gen|9\n|tier|[Gen 9] Random Battle\n|rated|\n|rule|Species Clause: Limit one of each Pok\u00e9mon\n|rule|HP Percentage Mod: HP is shown in percentages\n|rule|Sleep Clause Mod: Limit one foe put to sleep\n|rule|Illusion Level Mod: Illusion disguises the Pok\u00e9mon's true level\n|\n|t:|1733852426\n|start\n|switch|p1a: Lokix|Lokix, L82, F|251/251\n|switch|p2a: Tsareena|Tsareena, L87, F|267/267\n|turn|1\n|inactive|Battle timer is ON: inactive players will automatically lose when time's up. (requested by ari_glitch)\n|\n|t:|1733852437\n|move|p1a: Lokix|First Impression||[still]\n|cant|p2a: Tsareena|ability: Queenly Majesty|First Impression|[of] p1a: Lokix\n|move|p2a: Tsareena|U-turn|p1a: Lokix\n|-supereffective|p1a: Lokix\n|-damage|p1a: Lokix|113/251\n|\n|t:|1733852447\n|switch|p2a: Golduck|Golduck, L90, F|290/290|[from] U-turn\n|-ability|p2a: Golduck|Cloud Nine\n|\n|upkeep\n|turn|2\n|\n|t:|1733852457\n|move|p2a: Golduck|Ice Beam|p1a: Lokix\n|-damage|p1a: Lokix|0 fnt\n|faint|p1a: Lokix\n|\n|upkeep\n|\n|t:|1733852474\n|switch|p1a: Regigigas|Regigigas, L84|322/322\n|-start|p1a: Regigigas|ability: Slow Start\n|turn|3\n|inactive|ari_glitch has 120 seconds left.\n|\n|t:|1733852506\n|move|p2a: Golduck|Ice Beam|p1a: Regigigas\n|-damage|p1a: Regigigas|230/322\n|move|p1a: Regigigas|Substitute|p1a: Regigigas\n|-start|p1a: Regigigas|Substitute\n|-damage|p1a: Regigigas|150/322\n|\n|-heal|p1a: Regigigas|170/322|[from] item: Leftovers\n|upkeep\n|turn|4\n|inactive|ari_glitch has 120 seconds left.\n|\n|t:|1733852524\n|switch|p2a: Meowstic|Meowstic, L89, M|277/277\n|move|p1a: Regigigas|Protect||[still]\n|-fail|p1a: Regigigas\n|\n|-heal|p1a: Regigigas|190/322|[from] item: Leftovers\n|upkeep\n|turn|5\n|inactive|ari_glitch has 120 seconds left.\n|\n|t:|1733852554\n|move|p2a: Meowstic|Alluring Voice|p1a: Regigigas\n|-damage|p1a: Regigigas|143/322\n|move|p1a: Regigigas|Knock Off|p2a: Meowstic\n|-supereffective|p2a: Meowstic\n|-damage|p2a: Meowstic|165/277\n|-enditem|p2a: Meowstic|Light Clay|[from] move: Knock Off|[of] p1a: Regigigas\n|\n|-heal|p1a: Regigigas|163/322|[from] item: Leftovers\n|upkeep\n|turn|6\n|\n|t:|1733852564\n|move|p1a: Regigigas|Protect|p1a: Regigigas\n|-singleturn|p1a: Regigigas|Protect\n|move|p2a: Meowstic|Psychic Noise|p1a: Regigigas\n|-activate|p1a: Regigigas|move: Protect\n|\n|-heal|p1a: Regigigas|183/322|[from] item: Leftovers\n|upkeep\n|turn|7\n|\n|t:|1733852573\n|move|p2a: Meowstic|Psychic Noise|p1a: Regigigas\n|-damage|p1a: Regigigas|113/322\n|-start|p1a: Regigigas|move: Heal Block\n|move|p1a: Regigigas|Body Slam|p2a: Meowstic\n|-damage|p2a: Meowstic|95/277\n|\n|-end|p1a: Regigigas|Slow Start\n|upkeep\n|turn|8\n|inactive|ari_glitch has 120 seconds left.\n|\n|t:|1733852592\n|move|p2a: Meowstic|Psychic Noise|p1a: Regigigas\n|-crit|p1a: Regigigas\n|-damage|p1a: Regigigas|5/322\n|move|p1a: Regigigas|Knock Off|p2a: Meowstic\n|-supereffective|p2a: Meowstic\n|-damage|p2a: Meowstic|0 fnt\n|faint|p2a: Meowstic\n|\n|-end|p1a: Regigigas|move: Heal Block\n|upkeep\n|\n|t:|1733852604\n|switch|p2a: Cinccino|Cinccino, L83, F|260/260\n|turn|9\n|\n|t:|1733852616\n|-terastallize|p2a: Cinccino|Grass\n|move|p1a: Regigigas|Protect|p1a: Regigigas\n|-singleturn|p1a: Regigigas|Protect\n|move|p2a: Cinccino|Bullet Seed|p1a: Regigigas\n|-activate|p1a: Regigigas|move: Protect\n|\n|-heal|p1a: Regigigas|25/322|[from] item: Leftovers\n|upkeep\n|turn|10\n|\n|t:|1733852629\n|-end|p1a: Regigigas|Slow Start|[silent]\n|switch|p1a: Zebstrika|Zebstrika, L87, M|272/272\n|move|p2a: Cinccino|Bullet Seed|p1a: Zebstrika\n|-ability|p1a: Zebstrika|Sap Sipper|boost\n|-boost|p1a: Zebstrika|atk|1\n|\n|upkeep\n|turn|11\n|inactive|ari_glitch has 120 seconds left.\n|\n|t:|1733852643\n|move|p1a: Zebstrika|Supercell Slam|p2a: Cinccino\n|-resisted|p2a: Cinccino\n|-damage|p2a: Cinccino|116/260\n|-damage|p1a: Zebstrika|245/272|[from] item: Life Orb\n|move|p2a: Cinccino|U-turn|p1a: Zebstrika\n|-damage|p1a: Zebstrika|182/272\n|inactive|ari_glitch has 120 seconds left.\n|\n|t:|1733852650\n|switch|p2a: Krookodile|Krookodile, L80, F|283/283|[from] U-turn\n|-ability|p2a: Krookodile|Intimidate|boost\n|-unboost|p1a: Zebstrika|atk|1\n|\n|upkeep\n|turn|12\n|\n|t:|1733852665\n|switch|p1a: Dunsparce|Dunsparce, L86, M|312/312\n|move|p2a: Krookodile|Earthquake|p1a: Dunsparce\n|-damage|p1a: Dunsparce|202/312\n|-damage|p2a: Krookodile|255/283|[from] item: Life Orb\n|\n|upkeep\n|turn|13\n|\n|t:|1733852674\n|move|p2a: Krookodile|Knock Off|p1a: Dunsparce\n|-damage|p1a: Dunsparce|84/312\n|-enditem|p1a: Dunsparce|Eviolite|[from] move: Knock Off|[of] p2a: Krookodile\n|-damage|p2a: Krookodile|227/283|[from] item: Life Orb\n|move|p1a: Dunsparce|Roost|p1a: Dunsparce\n|-heal|p1a: Dunsparce|240/312\n|-singleturn|p1a: Dunsparce|move: Roost\n|\n|upkeep\n|turn|14\n|\n|t:|1733852681\n|move|p2a: Krookodile|Stone Edge|p1a: Dunsparce\n|-damage|p1a: Dunsparce|123/312\n|-damage|p2a: Krookodile|199/283|[from] item: Life Orb\n|move|p1a: Dunsparce|Coil|p1a: Dunsparce\n|-boost|p1a: Dunsparce|atk|1\n|-boost|p1a: Dunsparce|def|1\n|-boost|p1a: Dunsparce|accuracy|1\n|\n|upkeep\n|turn|15\n|\n|t:|1733852690\n|move|p2a: Krookodile|Stealth Rock|p1a: Dunsparce\n|-sidestart|p1: iachi127|move: Stealth Rock\n|move|p1a: Dunsparce|Roost|p1a: Dunsparce\n|-heal|p1a: Dunsparce|279/312\n|-singleturn|p1a: Dunsparce|move: Roost\n|\n|upkeep\n|turn|16\n|\n|t:|1733852699\n|switch|p2a: Golduck|Golduck, L90, F|290/290\n|-ability|p2a: Golduck|Cloud Nine\n|move|p1a: Dunsparce|Coil|p1a: Dunsparce\n|-boost|p1a: Dunsparce|atk|1\n|-boost|p1a: Dunsparce|def|1\n|-boost|p1a: Dunsparce|accuracy|1\n|\n|upkeep\n|turn|17\n|\n|t:|1733852707\n|move|p2a: Golduck|Ice Beam|p1a: Dunsparce\n|-damage|p1a: Dunsparce|138/312\n|move|p1a: Dunsparce|Body Slam|p2a: Golduck\n|-damage|p2a: Golduck|146/290\n|-status|p2a: Golduck|par\n|\n|upkeep\n|turn|18\n|\n|t:|1733852714\n|move|p1a: Dunsparce|Roost|p1a: Dunsparce\n|-heal|p1a: Dunsparce|294/312\n|-singleturn|p1a: Dunsparce|move: Roost\n|cant|p2a: Golduck|par\n|\n|upkeep\n|turn|19\n|\n|t:|1733852719\n|move|p1a: Dunsparce|Coil|p1a: Dunsparce\n|-boost|p1a: Dunsparce|atk|1\n|-boost|p1a: Dunsparce|def|1\n|-boost|p1a: Dunsparce|accuracy|1\n|move|p2a: Golduck|Ice Beam|p1a: Dunsparce\n|-damage|p1a: Dunsparce|173/312\n|\n|upkeep\n|turn|20\n|\n|t:|1733852725\n|move|p1a: Dunsparce|Roost|p1a: Dunsparce\n|-heal|p1a: Dunsparce|312/312\n|-singleturn|p1a: Dunsparce|move: Roost\n|cant|p2a: Golduck|par\n|\n|upkeep\n|turn|21\n|\n|t:|1733852730\n|move|p1a: Dunsparce|Coil|p1a: Dunsparce\n|-boost|p1a: Dunsparce|atk|1\n|-boost|p1a: Dunsparce|def|1\n|-boost|p1a: Dunsparce|accuracy|1\n|cant|p2a: Golduck|par\n|\n|upkeep\n|turn|22\n|\n|t:|1733852735\n|move|p1a: Dunsparce|Coil|p1a: Dunsparce\n|-boost|p1a: Dunsparce|atk|1\n|-boost|p1a: Dunsparce|def|1\n|-boost|p1a: Dunsparce|accuracy|1\n|cant|p2a: Golduck|par\n|\n|upkeep\n|turn|23\n|\n|t:|1733852740\n|move|p1a: Dunsparce|Coil|p1a: Dunsparce\n|-boost|p1a: Dunsparce|atk|1\n|-boost|p1a: Dunsparce|def|1\n|-boost|p1a: Dunsparce|accuracy|1\n|cant|p2a: Golduck|par\n|\n|upkeep\n|turn|24\n|c|\u2606iachi127|unforutunate\n|c|\u2606ari_glitch|XD LOL\n|\n|t:|1733852768\n|move|p1a: Dunsparce|Body Slam|p2a: Golduck\n|-damage|p2a: Golduck|0 fnt\n|faint|p2a: Golduck\n|\n|upkeep\n|\n|t:|1733852783\n|switch|p2a: Duraludon|Duraludon, L82, M|249/249\n|turn|25\n|c|\u2606iachi127|sorry gotta sweep wiht dunsparce rq\n|\n|t:|1733852791\n|move|p2a: Duraludon|Flash Cannon|p1a: Dunsparce\n|-damage|p1a: Dunsparce|198/312\n|move|p1a: Dunsparce|Earthquake|p2a: Duraludon\n|-supereffective|p2a: Duraludon\n|-damage|p2a: Duraludon|1/249\n|\n|upkeep\n|turn|26\n|\n|t:|1733852801\n|move|p2a: Duraludon|Draco Meteor|p1a: Dunsparce\n|-damage|p1a: Dunsparce|6/312\n|-unboost|p2a: Duraludon|spa|2\n|move|p1a: Dunsparce|Roost|p1a: Dunsparce\n|-heal|p1a: Dunsparce|162/312\n|-singleturn|p1a: Dunsparce|move: Roost\n|\n|upkeep\n|turn|27\n|\n|t:|1733852808\n|move|p2a: Duraludon|Body Press|p1a: Dunsparce\n|-supereffective|p1a: Dunsparce\n|-crit|p1a: Dunsparce\n|-damage|p1a: Dunsparce|0 fnt\n|faint|p1a: Dunsparce\n|\n|upkeep\n|c|\u2606iachi127|nice\n|\n|t:|1733852827\n|switch|p1a: Clodsire|Clodsire, L81, M|343/343\n|-damage|p1a: Clodsire|322/343|[from] Stealth Rock\n|turn|28\n|\n|t:|1733852834\n|move|p2a: Duraludon|Body Press|p1a: Clodsire\n|-resisted|p1a: Clodsire\n|-damage|p1a: Clodsire|281/343\n|move|p1a: Clodsire|Earthquake|p2a: Duraludon\n|-supereffective|p2a: Duraludon\n|-damage|p2a: Duraludon|0 fnt\n|faint|p2a: Duraludon\n|\n|-heal|p1a: Clodsire|302/343|[from] item: Leftovers\n|upkeep\n|\n|t:|1733852846\n|switch|p2a: Krookodile|Krookodile, L80, F|199/283\n|-ability|p2a: Krookodile|Intimidate|boost\n|-unboost|p1a: Clodsire|atk|1\n|turn|29\n|\n|t:|1733852853\n|move|p2a: Krookodile|Earthquake|p1a: Clodsire\n|-supereffective|p1a: Clodsire\n|-damage|p1a: Clodsire|0 fnt\n|faint|p1a: Clodsire\n|-damage|p2a: Krookodile|171/283|[from] item: Life Orb\n|\n|upkeep\n|\n|t:|1733852859\n|switch|p1a: Skuntank|Skuntank, L84, M|310/310\n|-damage|p1a: Skuntank|272/310|[from] Stealth Rock\n|turn|30\n|\n|t:|1733852874\n|move|p2a: Krookodile|Earthquake|p1a: Skuntank\n|-supereffective|p1a: Skuntank\n|-damage|p1a: Skuntank|0 fnt\n|faint|p1a: Skuntank\n|-damage|p2a: Krookodile|143/283|[from] item: Life Orb\n|\n|upkeep\n|\n|t:|1733852879\n|switch|p1a: Zebstrika|Zebstrika, L87, M|182/272\n|-damage|p1a: Zebstrika|148/272|[from] Stealth Rock\n|turn|31\n|\n|t:|1733852891\n|-terastallize|p1a: Zebstrika|Ground\n|move|p1a: Zebstrika|High Horsepower|p2a: Krookodile\n|-damage|p2a: Krookodile|0 fnt\n|faint|p2a: Krookodile\n|-damage|p1a: Zebstrika|121/272|[from] item: Life Orb\n|\n|upkeep\n|\n|t:|1733852898\n|switch|p2a: Tsareena|Tsareena, L87, F|267/267\n|turn|32\n|\n|t:|1733852904\n|move|p2a: Tsareena|High Jump Kick|p1a: Zebstrika\n|-damage|p1a: Zebstrika|0 fnt\n|faint|p1a: Zebstrika\n|\n|upkeep\n|\n|t:|1733852908\n|switch|p1a: Regigigas|Regigigas, L84|25/322\n|-damage|p1a: Regigigas|0 fnt|[from] Stealth Rock\n|faint|p1a: Regigigas\n|-end|p1a: Regigigas|Slow Start|[silent]\n|\n|win|ari_glitch\n|raw|iachi127's rating: 1200 &rarr; <strong>1172</strong><br />(-28 for losing)\n|raw|ari_glitch's rating: 1159 &rarr; <strong>1187</strong><br />(+28 for winning)\n|l|\u2606iachi127\n|player|p1|\n|c|\u2606ari_glitch|gg\n", "inputlog": ">version bfd83cad13791eb5a5a409923076391caf6fb4d4\n>start {\"formatid\":\"gen9randombattle\",\"seed\":[38743,31547,17196,37585],\"rated\":\"Rated battle\"}\n>player p1 {\"name\":\"iachi127\",\"avatar\":\"2\",\"rating\":1200,\"seed\":[15051,24329,15896,39314]}\n>player p2 {\"name\":\"ari_glitch\",\"avatar\":\"hilda\",\"rating\":1159,\"seed\":[47693,44707,55321,11218]}\n>p1 move firstimpression\n>p2 move uturn\n>p2 switch 5\n>p1 move knockoff\n>p2 move icebeam\n>p1 switch 4\n>p1 move substitute\n>p2 move icebeam\n>p1 move protect\n>p2 switch 6\n>p1 move knockoff\n>p2 move alluringvoice\n>p1 move protect\n>p2 move psychicnoise\n>p1 move bodyslam\n>p2 move psychicnoise\n>p1 move knockoff\n>p2 move psychicnoise\n>p2 switch 4\n>p1 move protect\n>p2 move bulletseed terastallize\n>p1 switch 3\n>p2 move bulletseed\n>p1 move supercellslam\n>p2 move uturn\n>p2 switch 2\n>p1 switch 6\n>p2 move earthquake\n>p1 move roost\n>p2 move knockoff\n>p1 move coil\n>p2 move stoneedge\n>p1 move roost\n>p2 move stealthrock\n>p1 move coil\n>p2 switch 6\n>p1 move bodyslam\n>p2 move icebeam\n>p1 move roost\n>p2 move icebeam\n>p1 move coil\n>p2 move icebeam\n>p1 move roost\n>p2 move icebeam\n>p1 move coil\n>p2 move icebeam\n>p1 move coil\n>p2 move icebeam\n>p1 move coil\n>p2 move icebeam\n>chat \u2606iachi127|unforutunate\n>chat \u2606ari_glitch|XD LOL\n>p1 move bodyslam\n>p2 move icebeam\n>p2 switch 3\n>chat \u2606iachi127|sorry gotta sweep wiht dunsparce rq\n>p1 move earthquake\n>p2 move flashcannon\n>p1 move roost\n>p2 move dracometeor\n>p1 move roost\n>p2 move bodypress\n>chat \u2606iachi127|nice\n>p1 switch 5\n>p1 move earthquake\n>p2 move bodypress\n>p2 switch 6\n>p1 move toxic\n>p2 move earthquake\n>p1 switch 2\n>p1 move gunkshot\n>p2 move earthquake\n>p1 switch 6\n>p1 move highhorsepower terastallize\n>p2 move earthquake\n>p2 switch 5\n>p1 move overheat\n>p2 move highjumpkick\n>p1 switch 3", "uploadtime": 1733852914, "views": 2, "formatid": "gen9randombattle", "rating": 1172, "private": 0, "password": null}