{"id": "gen9randombattle-2260804874", "format": "[Gen 9] Random Battle", "players": ["Wahbit", "RoboWahbit"], "log": "|j|\u2606Wahbit\n|j|\u2606RoboWahbit\n|t:|1733895073\n|gametype|singles\n|player|p1|Wahbit|169|\n|player|p2|RoboWahbit|101|\n|teamsize|p1|6\n|teamsize|p2|6\n|gen|9\n|tier|[Gen 9] Random Battle\n|rule|Species Clause: Limit one of each Pok\u00e9mon\n|rule|HP Percentage Mod: HP is shown in percentages\n|rule|Sleep Clause Mod: Limit one foe put to sleep\n|rule|Illusion Level Mod: Illusion disguises the Pok\u00e9mon's true level\n|\n|t:|1733895073\n|start\n|switch|p1a: Flamigo|Flamigo, L82, M|269/269\n|switch|p2a: Tatsugiri|Tatsugiri-Droopy, L87, M|260/260\n|turn|1\n|c|\u2606RoboWahbit|hf\n|inactive|Battle timer is ON: inactive players will automatically lose when time's up. (requested by RoboWahbit)\n|\n|t:|1733895080\n|move|p1a: Flamigo|U-turn|p2a: Tatsugiri\n|-damage|p2a: Tatsugiri|166/260\n|\n|t:|1733895086\n|switch|p1a: Manaphy|Manaphy, L78|284/284|[from] U-turn\n|move|p2a: Tatsugiri|Nasty Plot|p2a: Tatsugiri\n|-boost|p2a: Tatsugiri|spa|2\n|\n|upkeep\n|turn|2\n|\n|t:|1733895089\n|move|p1a: Manaphy|Energy Ball|p2a: Tatsugiri\n|-damage|p2a: Tatsugiri|118/260\n|move|p2a: Tatsugiri|Surf|p1a: Manaphy\n|-resisted|p1a: Manaphy\n|-crit|p1a: Manaphy\n|-damage|p1a: Manaphy|95/284\n|\n|-heal|p1a: Manaphy|112/284|[from] item: Leftovers\n|upkeep\n|turn|3\n|\n|t:|1733895102\n|move|p1a: Manaphy|Ice Beam|p2a: Tatsugiri\n|-damage|p2a: Tatsugiri|68/260\n|move|p2a: Tatsugiri|Rapid Spin|p1a: Manaphy\n|-damage|p1a: Manaphy|86/284\n|-boost|p2a: Tatsugiri|spe|1\n|\n|-heal|p1a: Manaphy|103/284|[from] item: Leftovers\n|upkeep\n|turn|4\n|\n|t:|1733895107\n|move|p2a: Tatsugiri|Surf|p1a: Manaphy\n|-resisted|p1a: Manaphy\n|-damage|p1a: Manaphy|0 fnt\n|faint|p1a: Manaphy\n|\n|upkeep\n|\n|t:|1733895111\n|switch|p1a: Umbreon|Umbreon, L84, M|297/297\n|turn|5\n|\n|t:|1733895116\n|move|p2a: Tatsugiri|Draco Meteor|p1a: Umbreon\n|-damage|p1a: Umbreon|48/297\n|-unboost|p2a: Tatsugiri|spa|2\n|move|p1a: Umbreon|Toxic|p2a: Tatsugiri\n|-status|p2a: Tatsugiri|tox\n|\n|-heal|p1a: Umbreon|66/297|[from] item: Leftovers\n|-damage|p2a: Tatsugiri|52/260 tox|[from] psn\n|upkeep\n|turn|6\n|\n|t:|1733895122\n|move|p1a: Umbreon|Protect|p1a: Umbreon\n|-singleturn|p1a: Umbreon|Protect\n|move|p2a: Tatsugiri|Surf|p1a: Umbreon\n|-activate|p1a: Umbreon|move: Protect\n|\n|-heal|p1a: Umbreon|84/297|[from] item: Leftovers\n|-damage|p2a: Tatsugiri|20/260 tox|[from] psn\n|upkeep\n|turn|7\n|\n|t:|1733895135\n|move|p2a: Tatsugiri|Surf|p1a: Umbreon\n|-damage|p1a: Umbreon|0 fnt\n|faint|p1a: Umbreon\n|\n|-damage|p2a: Tatsugiri|0 fnt|[from] psn\n|faint|p2a: Tatsugiri\n|upkeep\n|\n|t:|1733895139\n|switch|p2a: Blastoise|Blastoise, L80, M|258/258\n|switch|p1a: Torkoal|Torkoal, L88, F|266/266\n|-weather|SunnyDay|[from] ability: Drought|[of] p1a: Torkoal\n|turn|8\n|\n|t:|1733895146\n|switch|p2a: Incineroar|Incineroar, L82, F|290/290\n|-ability|p2a: Incineroar|Intimidate|boost\n|-unboost|p1a: Torkoal|atk|1\n|-terastallize|p1a: Torkoal|Dragon\n|move|p1a: Torkoal|Solar Beam||[still]\n|-prepare|p1a: Torkoal|Solar Beam\n|-anim|p1a: Torkoal|Solar Beam|p2a: Incineroar\n|-resisted|p2a: Incineroar\n|-damage|p2a: Incineroar|263/290\n|\n|-weather|SunnyDay|[upkeep]\n|upkeep\n|turn|9\n|\n|t:|1733895152\n|move|p2a: Incineroar|Knock Off|p1a: Torkoal\n|-damage|p1a: Torkoal|193/266\n|-enditem|p1a: Torkoal|Heavy-Duty Boots|[from] move: Knock Off|[of] p2a: Incineroar\n|move|p1a: Torkoal|Yawn|p2a: Incineroar\n|-start|p2a: Incineroar|move: Yawn|[of] p1a: Torkoal\n|\n|-weather|SunnyDay|[upkeep]\n|upkeep\n|turn|10\n|\n|t:|1733895161\n|switch|p1a: Groudon|Groudon, L72|263/263\n|move|p2a: Incineroar|U-turn|p1a: Groudon\n|-damage|p1a: Groudon|222/263\n|\n|t:|1733895161\n|switch|p2a: Blastoise|Blastoise, L80, M|258/258|[from] U-turn\n|\n|-weather|SunnyDay|[upkeep]\n|-heal|p1a: Groudon|238/263|[from] item: Leftovers\n|upkeep\n|turn|11\n|\n|t:|1733895182\n|switch|p1a: Bombirdier|Bombirdier, L85, M|258/258\n|move|p2a: Blastoise|Shell Smash|p2a: Blastoise\n|-unboost|p2a: Blastoise|def|1\n|-unboost|p2a: Blastoise|spd|1\n|-boost|p2a: Blastoise|atk|2\n|-boost|p2a: Blastoise|spa|2\n|-boost|p2a: Blastoise|spe|2\n|-enditem|p2a: Blastoise|White Herb\n|-clearnegativeboost|p2a: Blastoise|[silent]\n|\n|-weather|SunnyDay|[upkeep]\n|upkeep\n|turn|12\n|\n|t:|1733895191\n|move|p2a: Blastoise|Shell Smash|p2a: Blastoise\n|-unboost|p2a: Blastoise|def|1\n|-unboost|p2a: Blastoise|spd|1\n|-boost|p2a: Blastoise|atk|2\n|-boost|p2a: Blastoise|spa|2\n|-boost|p2a: Blastoise|spe|2\n|move|p1a: Bombirdier|Brave Bird|p2a: Blastoise\n|-damage|p2a: Blastoise|48/258\n|-damage|p1a: Bombirdier|189/258|[from] Recoil\n|\n|-weather|none\n|upkeep\n|turn|13\n|\n|t:|1733895193\n|move|p2a: Blastoise|Ice Beam|p1a: Bombirdier\n|-supereffective|p1a: Bombirdier\n|-damage|p1a: Bombirdier|0 fnt\n|faint|p1a: Bombirdier\n|\n|upkeep\n|\n|t:|1733895198\n|switch|p1a: Flamigo|Flamigo, L82, M|269/269\n|turn|14\n|\n|t:|1733895202\n|move|p2a: Blastoise|Ice Beam|p1a: Flamigo\n|-supereffective|p1a: Flamigo\n|-damage|p1a: Flamigo|0 fnt\n|faint|p1a: Flamigo\n|\n|upkeep\n|\n|t:|1733895208\n|switch|p1a: Groudon|Groudon, L72|238/263\n|-weather|SunnyDay|[from] ability: Drought|[of] p1a: Groudon\n|turn|15\n|-message|Wahbit forfeited.\n|\n|win|RoboWahbit\n|c|\u2606RoboWahbit|gg\n|l|\u2606Wahbit\n|player|p1|\n", "inputlog": ">version bfd83cad13791eb5a5a409923076391caf6fb4d4\n>start {\"formatid\":\"gen9randombattle\",\"seed\":[18818,35383,65476,10064]}\n>player p1 {\"name\":\"Wahbit\",\"avatar\":\"169\",\"rating\":0,\"seed\":[55202,32682,38610,54869]}\n>player p2 {\"name\":\"RoboWahbit\",\"avatar\":\"101\",\"rating\":0,\"seed\":[54956,54378,51632,54839]}\n>chat \u2606RoboWahbit|hf\n>p1 move uturn\n>p2 move nastyplot\n>p1 switch 5\n>p1 move energyball\n>p2 move surf\n>p1 move icebeam\n>p2 move rapidspin\n>p1 move icebeam\n>p2 move surf\n>p1 switch 2\n>p1 move toxic\n>p2 move dracometeor\n>p1 move protect\n>p2 move surf\n>p1 move wish\n>p2 move surf\n>p1 switch 4\n>p2 switch 4\n>p1 move solarbeam terastallize\n>p2 switch 5\n>p1 move yawn\n>p2 move knockoff\n>p1 switch 3\n>p2 move uturn\n>p2 switch 5\n>p1 switch 6\n>p2 move shellsmash\n>p1 move bravebird\n>p2 move shellsmash\n>p1 move bravebird\n>p2 move icebeam\n>p1 switch 5\n>p1 move throatchop\n>p2 move icebeam\n>p1 switch 6\n>forcelose p1", "uploadtime": 1733895212, "views": 1, "formatid": "gen9randombattle", "rating": null, "private": 0, "password": null}