{"id": "gen9randombattle-2259777199", "format": "[Gen 9] Random Battle", "players": ["fernsthedruids", "LTitan9"], "log": "|j|\u2606fernsthedruids\n|j|\u2606LTitan9\n|t:|1733765690\n|gametype|singles\n|player|p1|fernsthedruids|2|\n|player|p2|LTitan9|acetrainer|\n|teamsize|p1|6\n|teamsize|p2|6\n|gen|9\n|tier|[Gen 9] Random Battle\n|rule|Species Clause: Limit one of each Pok\u00e9mon\n|rule|HP Percentage Mod: HP is shown in percentages\n|rule|Sleep Clause Mod: Limit one foe put to sleep\n|rule|Illusion Level Mod: Illusion disguises the Pok\u00e9mon's true level\n|\n|t:|1733765690\n|start\n|switch|p1a: Vivillon|Vivillon-Tundra, L84, M|272/272\n|switch|p2a: Rotom|Rotom, L88|231/231\n|turn|1\n|\n|t:|1733765737\n|switch|p1a: Komala|Komala, L89, M|260/260\n|-ability|p1a: Komala|Comatose\n|move|p2a: Rotom|Volt Switch|p1a: Komala\n|-damage|p1a: Komala|161/260\n|-damage|p2a: Rotom|208/231|[from] item: Life Orb\n|\n|t:|1733765749\n|switch|p2a: Decidueye|Decidueye-Hisui, L87, F|295/295|[from] Volt Switch\n|\n|upkeep\n|turn|2\n|\n|t:|1733765778\n|move|p1a: Komala|Double-Edge|p2a: Decidueye\n|-crit|p2a: Decidueye\n|-damage|p2a: Decidueye|0 fnt\n|faint|p2a: Decidueye\n|-damage|p1a: Komala|64/260|[from] Recoil\n|\n|upkeep\n|\n|t:|1733765791\n|switch|p2a: Rotom|Rotom, L88|208/231\n|turn|3\n|l|\u2606LTitan9\n|player|p2|\n|j|\u2606LTitan9\n|player|p2|LTitan9|acetrainer|\n|\n|t:|1733765816\n|move|p2a: Rotom|Volt Switch|p1a: Komala\n|-damage|p1a: Komala|0 fnt\n|faint|p1a: Komala\n|-damage|p2a: Rotom|185/231|[from] item: Life Orb\n|\n|t:|1733765823\n|switch|p2a: Delphox|Delphox, L84, F|263/263|[from] Volt Switch\n|\n|upkeep\n|\n|t:|1733765872\n|switch|p1a: Hitmontop|Hitmontop, L88, M|231/231\n|-ability|p1a: Hitmontop|Intimidate|boost\n|-unboost|p2a: Delphox|atk|1\n|turn|4\n|\n|t:|1733765882\n|move|p1a: Hitmontop|Sucker Punch|p2a: Delphox\n|-supereffective|p2a: Delphox\n|-damage|p2a: Delphox|61/263\n|move|p2a: Delphox|Psyshock|p1a: Hitmontop\n|-supereffective|p1a: Hitmontop\n|-damage|p1a: Hitmontop|61/231\n|\n|upkeep\n|turn|5\n|\n|t:|1733765890\n|switch|p2a: Ariados|Ariados, L95, M|287/287\n|move|p1a: Hitmontop|Sucker Punch||[still]\n|-fail|p1a: Hitmontop\n|\n|upkeep\n|turn|6\n|\n|t:|1733765899\n|switch|p1a: Vivillon|Vivillon-Tundra, L84, M|272/272\n|move|p2a: Ariados|Sticky Web|p1a: Vivillon\n|-sidestart|p1: fernsthedruids|move: Sticky Web\n|\n|upkeep\n|turn|7\n|\n|t:|1733765906\n|move|p1a: Vivillon|Quiver Dance|p1a: Vivillon\n|-boost|p1a: Vivillon|spa|1\n|-boost|p1a: Vivillon|spd|1\n|-boost|p1a: Vivillon|spe|1\n|move|p2a: Ariados|Knock Off|p1a: Vivillon\n|-damage|p1a: Vivillon|155/272\n|-enditem|p1a: Vivillon|Heavy-Duty Boots|[from] move: Knock Off|[of] p2a: Ariados\n|\n|upkeep\n|turn|8\n|\n|t:|1733765919\n|move|p1a: Vivillon|Quiver Dance|p1a: Vivillon\n|-boost|p1a: Vivillon|spa|1\n|-boost|p1a: Vivillon|spd|1\n|-boost|p1a: Vivillon|spe|1\n|move|p2a: Ariados|Poison Jab|p1a: Vivillon\n|-damage|p1a: Vivillon|0 fnt\n|faint|p1a: Vivillon\n|\n|upkeep\n|\n|t:|1733765929\n|switch|p1a: Hitmontop|Hitmontop, L88, M|61/231\n|-activate|p1a: Hitmontop|move: Sticky Web\n|-unboost|p1a: Hitmontop|spe|1\n|-ability|p1a: Hitmontop|Intimidate|boost\n|-unboost|p2a: Ariados|atk|1\n|turn|9\n|\n|t:|1733765952\n|switch|p1a: Heracross|Heracross, L80, F|259/259\n|-activate|p1a: Heracross|move: Sticky Web\n|-unboost|p1a: Heracross|spe|1\n|move|p2a: Ariados|Poison Jab|p1a: Heracross\n|-damage|p1a: Heracross|178/259\n|\n|-status|p1a: Heracross|brn|[from] item: Flame Orb\n|upkeep\n|turn|10\n|\n|t:|1733765963\n|move|p2a: Ariados|Poison Jab|p1a: Heracross\n|-damage|p1a: Heracross|103/259 brn\n|move|p1a: Heracross|Trailblaze|p2a: Ariados\n|-resisted|p2a: Ariados\n|-damage|p2a: Ariados|272/287\n|-boost|p1a: Heracross|spe|1\n|\n|-damage|p1a: Heracross|87/259 brn|[from] brn\n|upkeep\n|turn|11\n|\n|t:|1733765974\n|move|p1a: Heracross|Facade|p2a: Ariados\n|-damage|p2a: Ariados|101/287\n|move|p2a: Ariados|Poison Jab|p1a: Heracross\n|-damage|p1a: Heracross|0 fnt\n|faint|p1a: Heracross\n|\n|upkeep\n|\n|t:|1733765984\n|switch|p1a: Drifblim|Drifblim, L86, M|396/396\n|turn|12\n|\n|t:|1733766003\n|move|p1a: Drifblim|Calm Mind|p1a: Drifblim\n|-boost|p1a: Drifblim|spa|1\n|-boost|p1a: Drifblim|spd|1\n|move|p2a: Ariados|Knock Off|p1a: Drifblim\n|-supereffective|p1a: Drifblim\n|-damage|p1a: Drifblim|228/396\n|-enditem|p1a: Drifblim|Sitrus Berry|[from] move: Knock Off|[of] p2a: Ariados\n|\n|upkeep\n|turn|13\n|\n|t:|1733766021\n|move|p1a: Drifblim|Strength Sap|p2a: Ariados\n|-unboost|p2a: Ariados|atk|1\n|-heal|p1a: Drifblim|378/396\n|move|p2a: Ariados|Knock Off|p1a: Drifblim\n|-supereffective|p1a: Drifblim\n|-damage|p1a: Drifblim|298/396\n|\n|upkeep\n|turn|14\n|\n|t:|1733766044\n|move|p1a: Drifblim|Calm Mind|p1a: Drifblim\n|-boost|p1a: Drifblim|spa|1\n|-boost|p1a: Drifblim|spd|1\n|move|p2a: Ariados|Knock Off|p1a: Drifblim\n|-supereffective|p1a: Drifblim\n|-damage|p1a: Drifblim|206/396\n|\n|upkeep\n|turn|15\n|\n|t:|1733766053\n|move|p1a: Drifblim|Strength Sap|p2a: Ariados\n|-unboost|p2a: Ariados|atk|1\n|-heal|p1a: Drifblim|318/396\n|move|p2a: Ariados|Knock Off|p1a: Drifblim\n|-supereffective|p1a: Drifblim\n|-damage|p1a: Drifblim|244/396\n|\n|upkeep\n|turn|16\n|\n|t:|1733766062\n|switch|p2a: Volcanion|Volcanion, L79|255/255\n|move|p1a: Drifblim|Air Slash|p2a: Volcanion\n|-damage|p2a: Volcanion|137/255\n|\n|upkeep\n|turn|17\n|\n|t:|1733766072\n|-terastallize|p1a: Drifblim|Ghost\n|-terastallize|p2a: Volcanion|Water\n|move|p1a: Drifblim|Shadow Ball|p2a: Volcanion\n|-damage|p2a: Volcanion|0 fnt\n|faint|p2a: Volcanion\n|\n|upkeep\n|\n|t:|1733766085\n|switch|p2a: Clawitzer|Clawitzer, L87, F|265/265\n|turn|18\n|\n|t:|1733766096\n|move|p1a: Drifblim|Strength Sap|p2a: Clawitzer\n|-unboost|p2a: Clawitzer|atk|1\n|-heal|p1a: Drifblim|396/396\n|move|p2a: Clawitzer|Water Pulse|p1a: Drifblim\n|-crit|p1a: Drifblim\n|-damage|p1a: Drifblim|0 fnt\n|faint|p1a: Drifblim\n|\n|upkeep\n|\n|t:|1733766109\n|switch|p1a: Hitmontop|Hitmontop, L88, M|61/231\n|-activate|p1a: Hitmontop|move: Sticky Web\n|-unboost|p1a: Hitmontop|spe|1\n|-ability|p1a: Hitmontop|Intimidate|boost\n|-unboost|p2a: Clawitzer|atk|1\n|turn|19\n|\n|t:|1733766116\n|move|p1a: Hitmontop|Sucker Punch|p2a: Clawitzer\n|-damage|p2a: Clawitzer|182/265\n|move|p2a: Clawitzer|Water Pulse|p1a: Hitmontop\n|-damage|p1a: Hitmontop|0 fnt\n|faint|p1a: Hitmontop\n|\n|upkeep\n|\n|t:|1733766124\n|switch|p1a: Excadrill|Excadrill, L79, F|303/303\n|-activate|p1a: Excadrill|move: Sticky Web\n|-unboost|p1a: Excadrill|spe|1\n|-ability|p1a: Excadrill|Mold Breaker\n|turn|20\n|\n|t:|1733766130\n|move|p2a: Clawitzer|Water Pulse|p1a: Excadrill\n|-supereffective|p1a: Excadrill\n|-damage|p1a: Excadrill|9/303\n|move|p1a: Excadrill|Rapid Spin|p2a: Clawitzer\n|-damage|p2a: Clawitzer|142/265\n|-boost|p1a: Excadrill|spe|1\n|-sideend|p1: fernsthedruids|Sticky Web|[from] move: Rapid Spin|[of] p1a: Excadrill\n|\n|upkeep\n|turn|21\n|\n|t:|1733766140\n|move|p1a: Excadrill|Earthquake|p2a: Clawitzer\n|-damage|p2a: Clawitzer|15/265\n|move|p2a: Clawitzer|Water Pulse|p1a: Excadrill\n|-supereffective|p1a: Excadrill\n|-damage|p1a: Excadrill|0 fnt\n|faint|p1a: Excadrill\n|\n|win|LTitan9\n", "inputlog": ">version bfd83cad13791eb5a5a409923076391caf6fb4d4\n>start {\"formatid\":\"gen9randombattle\",\"seed\":[19532,48951,24608,10776]}\n>player p1 {\"name\":\"fernsthedruids\",\"avatar\":\"2\",\"rating\":0,\"seed\":[7820,25577,56455,30871]}\n>player p2 {\"name\":\"LTitan9\",\"avatar\":\"acetrainer\",\"rating\":0,\"seed\":[15104,7880,52364,51482]}\n>p1 switch 6\n>p2 move voltswitch\n>p2 switch 4\n>p1 move doubleedge\n>p2 move triplearrows\n>p2 switch 4\n>p1 move doubleedge\n>p2 move voltswitch\n>p2 switch 3\n>p1 switch 5\n>p1 move suckerpunch\n>p2 move psyshock\n>p1 move suckerpunch\n>p2 switch 2\n>p1 switch 6\n>p2 move stickyweb\n>p1 move quiverdance\n>p2 move knockoff\n>p1 move quiverdance\n>p2 move poisonjab\n>p1 switch 6\n>p1 switch 3\n>p2 move poisonjab\n>p1 move trailblaze\n>p2 move poisonjab\n>p1 move facade\n>p2 move poisonjab\n>p1 switch 2\n>p1 move calmmind\n>p2 move knockoff\n>p1 move strengthsap\n>p2 move knockoff\n>p1 move calmmind\n>p2 move knockoff\n>p1 move strengthsap\n>p2 move knockoff\n>p1 move airslash\n>p2 switch 6\n>p1 move shadowball terastallize\n>p2 move steameruption terastallize\n>p2 switch 5\n>p1 move strengthsap\n>p2 move waterpulse\n>p1 switch 3\n>p1 move suckerpunch\n>p2 move waterpulse\n>p1 switch 4\n>p1 move rapidspin\n>p2 move waterpulse\n>p1 move earthquake\n>p2 move waterpulse", "uploadtime": 1733766145, "views": 2, "formatid": "gen9randombattle", "rating": null, "private": 0, "password": null}