{"id": "gen9randombattle-2206130657", "format": "[Gen 9] Random Battle", "players": ["RB2T Unstoppable", "xox11108"], "log": "|raw|<div class=\"broadcast-blue\"><strong>This battle is required to be public due to a player having a name starting with 'rb2t'.</div>\n|j|\u203dRB2T Unstoppable\n|j|\u2606xox11108\n|t:|1726867327\n|gametype|singles\n|player|p1|RB2T Unstoppable|kimonogirl|2202\n|player|p2|xox11108|hilbert|2235\n|teamsize|p1|6\n|teamsize|p2|6\n|gen|9\n|tier|[Gen 9] Random Battle\n|rated|\n|rule|Species Clause: Limit one of each Pok\u00e9mon\n|rule|HP Percentage Mod: HP is shown in percentages\n|rule|Sleep Clause Mod: Limit one foe put to sleep\n|rule|Illusion Level Mod: Illusion disguises the Pok\u00e9mon's true level\n|\n|t:|1726867327\n|start\n|switch|p1a: Lucario|Lucario, L84, F|255/255\n|switch|p2a: Terrakion|Terrakion, L79|273/273\n|turn|1\n|inactive|Battle timer is ON: inactive players will automatically lose when time's up. (requested by xox11108)\n|inactive|RB2T Unstoppable also wants the timer to be on.\n|inactive|RB2T Unstoppable has 120 seconds left.\n|inactive|xox11108 has 120 seconds left.\n|\n|t:|1726867372\n|switch|p1a: Latios|Latios, L78, M|253/253\n|move|p2a: Terrakion|Earthquake|p1a: Latios\n|-immune|p1a: Latios|[from] ability: Levitate\n|\n|upkeep\n|turn|2\n|\n|t:|1726867383\n|switch|p2a: Bellibolt|Bellibolt, L84, M|320/320\n|move|p1a: Latios|Luster Purge|p2a: Bellibolt\n|-damage|p2a: Bellibolt|181/320\n|-unboost|p2a: Bellibolt|spd|1\n|-start|p2a: Bellibolt|Charge|Luster Purge|[from] ability: Electromorphosis\n|\n|-heal|p2a: Bellibolt|201/320|[from] item: Leftovers\n|upkeep\n|turn|3\n|\n|t:|1726867390\n|switch|p2a: Lokix|Lokix, L82, F|251/251\n|move|p1a: Latios|Draco Meteor|p2a: Lokix|[miss]\n|-miss|p1a: Latios|p2a: Lokix\n|\n|upkeep\n|turn|4\n|\n|t:|1726867399\n|switch|p1a: Alomomola|Alomomola, L87, M|429/429\n|move|p2a: Lokix|Swords Dance|p2a: Lokix\n|-boost|p2a: Lokix|atk|2\n|\n|upkeep\n|turn|5\n|\n|t:|1726867405\n|move|p2a: Lokix|Swords Dance|p2a: Lokix\n|-boost|p2a: Lokix|atk|2\n|move|p1a: Alomomola|Flip Turn|p2a: Lokix\n|-damage|p2a: Lokix|188/251\n|\n|t:|1726867408\n|switch|p1a: Lucario|Lucario, L84, F|255/255|[from] Flip Turn\n|\n|upkeep\n|turn|6\n|\n|t:|1726867432\n|switch|p1a: Alomomola|Alomomola, L87, M|429/429\n|move|p2a: Lokix|Leech Life|p1a: Alomomola\n|-damage|p1a: Alomomola|90/429\n|-heal|p2a: Lokix|251/251|[from] drain|[of] p1a: Alomomola\n|-damage|p2a: Lokix|226/251|[from] item: Life Orb\n|\n|-heal|p1a: Alomomola|116/429|[from] item: Leftovers\n|upkeep\n|turn|7\n|\n|t:|1726867443\n|move|p2a: Lokix|Knock Off|p1a: Alomomola\n|-damage|p1a: Alomomola|0 fnt\n|-enditem|p1a: Alomomola|Leftovers|[from] move: Knock Off|[of] p2a: Lokix\n|faint|p1a: Alomomola\n|-damage|p2a: Lokix|201/251|[from] item: Life Orb\n|\n|upkeep\n|\n|t:|1726867446\n|switch|p1a: Lucario|Lucario, L84, F|255/255\n|turn|8\n|\n|t:|1726867451\n|move|p1a: Lucario|Close Combat|p2a: Lokix\n|-damage|p2a: Lokix|0 fnt\n|-unboost|p1a: Lucario|def|1\n|-unboost|p1a: Lucario|spd|1\n|faint|p2a: Lokix\n|\n|upkeep\n|\n|t:|1726867456\n|switch|p2a: Seviper|Seviper, L93, F|287/287\n|turn|9\n|\n|t:|1726867461\n|switch|p1a: Bronzong|Bronzong, L88|261/261\n|move|p2a: Seviper|Trailblaze|p1a: Bronzong\n|-resisted|p1a: Bronzong\n|-damage|p1a: Bronzong|245/261\n|-boost|p2a: Seviper|spe|1\n|\n|-heal|p1a: Bronzong|261/261|[from] item: Leftovers\n|upkeep\n|turn|10\n|\n|t:|1726867469\n|switch|p2a: Bellibolt|Bellibolt, L84, M|201/320\n|move|p1a: Bronzong|Hypnosis|p2a: Bellibolt\n|-status|p2a: Bellibolt|slp|[from] move: Hypnosis\n|\n|-heal|p2a: Bellibolt|221/320 slp|[from] item: Leftovers\n|upkeep\n|turn|11\n|\n|t:|1726867476\n|switch|p2a: Terrakion|Terrakion, L79|273/273\n|move|p1a: Bronzong|Earthquake|p2a: Terrakion\n|-supereffective|p2a: Terrakion\n|-damage|p2a: Terrakion|131/273\n|\n|upkeep\n|turn|12\n|\n|t:|1726867495\n|move|p2a: Terrakion|Close Combat|p1a: Bronzong\n|-damage|p1a: Bronzong|108/261\n|-unboost|p2a: Terrakion|def|1\n|-unboost|p2a: Terrakion|spd|1\n|move|p1a: Bronzong|Psychic Noise|p2a: Terrakion\n|-supereffective|p2a: Terrakion\n|-damage|p2a: Terrakion|0 fnt\n|faint|p2a: Terrakion\n|\n|-heal|p1a: Bronzong|124/261|[from] item: Leftovers\n|upkeep\n|\n|t:|1726867498\n|switch|p2a: Blastoise|Blastoise, L80, F|258/258\n|turn|13\n|\n|t:|1726867522\n|switch|p1a: Latios|Latios, L78, M|253/253\n|move|p2a: Blastoise|Shell Smash|p2a: Blastoise\n|-unboost|p2a: Blastoise|def|1\n|-unboost|p2a: Blastoise|spd|1\n|-boost|p2a: Blastoise|atk|2\n|-boost|p2a: Blastoise|spa|2\n|-boost|p2a: Blastoise|spe|2\n|-enditem|p2a: Blastoise|White Herb\n|-clearnegativeboost|p2a: Blastoise|[silent]\n|\n|upkeep\n|turn|14\n|\n|t:|1726867526\n|move|p2a: Blastoise|Ice Beam|p1a: Latios\n|-supereffective|p1a: Latios\n|-damage|p1a: Latios|73/253\n|move|p1a: Latios|Draco Meteor|p2a: Blastoise\n|-damage|p2a: Blastoise|105/258\n|-unboost|p1a: Latios|spa|2\n|\n|upkeep\n|turn|15\n|\n|t:|1726867538\n|move|p2a: Blastoise|Hydro Pump|p1a: Latios\n|-resisted|p1a: Latios\n|-damage|p1a: Latios|0 fnt\n|faint|p1a: Latios\n|\n|upkeep\n|\n|t:|1726867540\n|switch|p1a: Lucario|Lucario, L84, F|255/255\n|turn|16\n|\n|t:|1726867552\n|-terastallize|p1a: Lucario|Normal\n|move|p1a: Lucario|Extreme Speed|p2a: Blastoise\n|-damage|p2a: Blastoise|0 fnt\n|faint|p2a: Blastoise\n|\n|upkeep\n|\n|t:|1726867560\n|switch|p2a: Regidrago|Regidrago, L77|435/435\n|turn|17\n|\n|t:|1726867569\n|switch|p1a: Vigoroth|Vigoroth, L85, F|275/275\n|move|p2a: Regidrago|Dragon Dance|p2a: Regidrago\n|-boost|p2a: Regidrago|atk|1\n|-boost|p2a: Regidrago|spe|1\n|\n|upkeep\n|turn|18\n|\n|t:|1726867580\n|-terastallize|p2a: Regidrago|Dragon\n|move|p2a: Regidrago|Outrage|p1a: Vigoroth\n|-damage|p1a: Vigoroth|45/275\n|move|p1a: Vigoroth|Body Slam|p2a: Regidrago\n|-damage|p2a: Regidrago|317/435\n|\n|upkeep\n|turn|19\n|\n|t:|1726867595\n|move|p2a: Regidrago|Outrage|p1a: Vigoroth|[from]lockedmove\n|-damage|p1a: Vigoroth|0 fnt\n|faint|p1a: Vigoroth\n|\n|upkeep\n|\n|t:|1726867603\n|switch|p1a: Klawf|Klawf, L90, F|272/272\n|turn|20\n|\n|t:|1726867610\n|move|p2a: Regidrago|Outrage|p1a: Klawf|[from]lockedmove\n|-damage|p1a: Klawf|38/272\n|-start|p2a: Regidrago|confusion|[fatigue]\n|-enditem|p2a: Regidrago|Lum Berry|[eat]\n|-end|p2a: Regidrago|confusion\n|move|p1a: Klawf|Stone Edge|p2a: Regidrago\n|-damage|p2a: Regidrago|44/435\n|-damage|p1a: Klawf|11/272|[from] item: Life Orb\n|\n|upkeep\n|turn|21\n|-message|xox11108 forfeited.\n|\n|win|RB2T Unstoppable\n|raw|RB2T Unstoppable's rating: 2202 &rarr; <strong>2224</strong><br />(+22 for winning)\n|raw|xox11108's rating: 2235 &rarr; <strong>2213</strong><br />(-22 for losing)\n|l|\u2606xox11108\n|player|p2|\n", "inputlog": ">version ddf5848a381b6afa3b8db755b9bdef59b522c4eb\n>start {\"formatid\":\"gen9randombattle\",\"seed\":[4268,41484,16287,19861],\"rated\":\"Rated battle\"}\n>player p1 {\"name\":\"RB2T Unstoppable\",\"avatar\":\"kimonogirl\",\"rating\":2202,\"seed\":[34649,1975,60747,36992]}\n>player p2 {\"name\":\"xox11108\",\"avatar\":\"hilbert\",\"rating\":2235,\"seed\":[20633,18273,50093,3611]}\n>p1 switch 4\n>p2 move earthquake\n>p1 move lusterpurge\n>p2 switch 6\n>p1 move dracometeor\n>p2 switch 4\n>p1 switch 6\n>p2 move swordsdance\n>p1 move flipturn\n>p2 move swordsdance\n>p1 switch 4\n>p1 switch 4\n>p2 move leechlife\n>p1 move scald\n>p2 move knockoff\n>p1 switch 4\n>p1 move closecombat\n>p2 move leechlife\n>p2 switch 3\n>p1 switch 3\n>p2 move trailblaze\n>p1 move hypnosis\n>p2 switch 4\n>p1 move earthquake\n>p2 switch 6\n>p1 move psychicnoise\n>p2 move closecombat\n>p2 switch 2\n>p1 switch 6\n>p2 move shellsmash\n>p1 move dracometeor\n>p2 move icebeam\n>p1 move dracometeor\n>p2 move hydropump\n>p1 switch 3\n>p1 move extremespeed terastallize\n>p2 move icebeam\n>p2 switch 5\n>p1 switch 2\n>p2 move dragondance\n>p1 move bodyslam\n>p2 move outrage terastallize\n>p1 move bodyslam\n>p2 move outrage\n>p1 switch 5\n>p1 move stoneedge\n>p2 move outrage\n>forcelose p2", "uploadtime": 1726867617, "views": 86, "formatid": "gen9randombattle", "rating": 2213, "private": 0, "password": null}