{"id": "gen9randombattle-2241085979", "format": "[Gen 9] Random Battle", "players": ["sebeck", "useemstohavefun"], "log": "|badge|p2|bronze|gen9randombattle|100-3\n|uhtml|medal-msg|<div class=\"broadcast-blue\">Curious what those medals under the avatar are? PS now has Ladder Seasons! For more information, check out the <a href=\"https://www.smogon.com/forums/threads/3740067/\">thread on Smogon.</a></div>\n|j|\u2606sebeck\n|j|\u2606useemstohavefun\n|t:|1731244890\n|gametype|singles\n|player|p1|sebeck|maxie-gen3|2220\n|player|p2|useemstohavefun|thorton|2339\n|teamsize|p1|6\n|teamsize|p2|6\n|gen|9\n|tier|[Gen 9] Random Battle\n|rated|\n|rule|Species Clause: Limit one of each Pok\u00e9mon\n|rule|HP Percentage Mod: HP is shown in percentages\n|rule|Sleep Clause Mod: Limit one foe put to sleep\n|rule|Illusion Level Mod: Illusion disguises the Pok\u00e9mon's true level\n|\n|t:|1731244890\n|start\n|switch|p1a: Clefable|Clefable, L83, M|293/293\n|switch|p2a: Mienshao|Mienshao, L83, F|243/243\n|turn|1\n|inactive|Battle timer is ON: inactive players will automatically lose when time's up. (requested by sebeck)\n|inactive|useemstohavefun also wants the timer to be on.\n|j| Fullerton\n|inactive|useemstohavefun has 120 seconds left.\n|\n|t:|1731244941\n|switch|p2a: Hypno|Hypno, L95, M|315/315\n|move|p1a: Clefable|Stealth Rock|p2a: Hypno\n|-sidestart|p2: useemstohavefun|move: Stealth Rock\n|\n|upkeep\n|turn|2\n|\n|t:|1731244950\n|move|p2a: Hypno|Encore|p1a: Clefable\n|-start|p1a: Clefable|Encore\n|move|p1a: Clefable|Stealth Rock||[still]\n|-fail|p1a: Clefable\n|\n|upkeep\n|turn|3\n|\n|t:|1731244955\n|switch|p1a: Vespiquen|Vespiquen, L98, F|296/296\n|-ability|p1a: Vespiquen|Pressure\n|move|p2a: Hypno|Thunder Wave|p1a: Vespiquen\n|-status|p1a: Vespiquen|par\n|\n|upkeep\n|turn|4\n|\n|t:|1731244967\n|move|p2a: Hypno|Knock Off|p1a: Vespiquen\n|-damage|p1a: Vespiquen|242/296 par\n|-enditem|p1a: Vespiquen|Heavy-Duty Boots|[from] move: Knock Off|[of] p2a: Hypno\n|cant|p1a: Vespiquen|par\n|\n|upkeep\n|turn|5\n|\n|t:|1731244988\n|switch|p2a: Lapras|Lapras, L87, F|367/367\n|-damage|p2a: Lapras|276/367|[from] Stealth Rock\n|move|p1a: Vespiquen|U-turn|p2a: Lapras\n|-damage|p2a: Lapras|180/367\n|\n|t:|1731245002\n|switch|p1a: Deoxys|Deoxys, L74|196/196|[from] U-turn\n|-ability|p1a: Deoxys|Pressure\n|\n|upkeep\n|turn|6\n|\n|t:|1731245009\n|move|p1a: Deoxys|Superpower|p2a: Lapras\n|-supereffective|p2a: Lapras\n|-damage|p2a: Lapras|0 fnt\n|-unboost|p1a: Deoxys|atk|1\n|-unboost|p1a: Deoxys|def|1\n|faint|p2a: Lapras\n|-damage|p1a: Deoxys|177/196|[from] item: Life Orb\n|\n|upkeep\n|\n|t:|1731245018\n|switch|p2a: Hypno|Hypno, L95, M|315/315\n|-damage|p2a: Hypno|276/315|[from] Stealth Rock\n|turn|7\n|\n|t:|1731245025\n|switch|p1a: Vespiquen|Vespiquen, L98, F|242/296 par\n|-ability|p1a: Vespiquen|Pressure\n|move|p2a: Hypno|Knock Off|p1a: Vespiquen\n|-damage|p1a: Vespiquen|206/296 par\n|\n|-heal|p2a: Hypno|295/315|[from] item: Leftovers\n|upkeep\n|turn|8\n|\n|t:|1731245036\n|move|p2a: Hypno|Psychic Noise|p1a: Vespiquen\n|-damage|p1a: Vespiquen|146/296 par\n|-start|p1a: Vespiquen|move: Heal Block\n|move|p1a: Vespiquen|U-turn|p2a: Hypno\n|-supereffective|p2a: Hypno\n|-damage|p2a: Hypno|121/315\n|\n|t:|1731245048\n|switch|p1a: Deoxys|Deoxys, L74|177/196|[from] U-turn\n|-ability|p1a: Deoxys|Pressure\n|\n|-heal|p2a: Hypno|140/315|[from] item: Leftovers\n|upkeep\n|turn|9\n|\n|t:|1731245055\n|-terastallize|p2a: Hypno|Dark\n|move|p1a: Deoxys|Knock Off|p2a: Hypno\n|-resisted|p2a: Hypno\n|-damage|p2a: Hypno|93/315\n|-enditem|p2a: Hypno|Leftovers|[from] move: Knock Off|[of] p1a: Deoxys\n|-damage|p1a: Deoxys|158/196|[from] item: Life Orb\n|move|p2a: Hypno|Knock Off|p1a: Deoxys\n|-supereffective|p1a: Deoxys\n|-damage|p1a: Deoxys|0 fnt\n|-enditem|p1a: Deoxys|Life Orb|[from] move: Knock Off|[of] p2a: Hypno\n|faint|p1a: Deoxys\n|\n|upkeep\n|\n|t:|1731245074\n|switch|p1a: Indeedee|Indeedee-F, L90, F|272/272\n|-fieldstart|move: Psychic Terrain|[from] ability: Psychic Surge|[of] p1a: Indeedee\n|turn|10\n|\n|t:|1731245081\n|move|p1a: Indeedee|Dazzling Gleam|p2a: Hypno\n|-supereffective|p2a: Hypno\n|-damage|p2a: Hypno|0 fnt\n|faint|p2a: Hypno\n|-damage|p1a: Indeedee|245/272|[from] item: Life Orb\n|\n|upkeep\n|j| Gregrrr\n|\n|t:|1731245105\n|switch|p2a: Galvantula|Galvantula, L82, F|249/249\n|turn|11\n|\n|t:|1731245116\n|move|p2a: Galvantula|Sticky Web|p1a: Indeedee\n|-sidestart|p1: sebeck|move: Sticky Web\n|move|p1a: Indeedee|Psychic|p2a: Galvantula\n|-damage|p2a: Galvantula|0 fnt\n|faint|p2a: Galvantula\n|-damage|p1a: Indeedee|218/272|[from] item: Life Orb\n|\n|upkeep\n|\n|t:|1731245122\n|switch|p2a: Mienshao|Mienshao, L83, F|243/243\n|-damage|p2a: Mienshao|228/243|[from] Stealth Rock\n|turn|12\n|\n|t:|1731245139\n|switch|p1a: Corviknight|Corviknight, L80, M|288/288\n|move|p2a: Mienshao|Knock Off|p1a: Corviknight\n|-crit|p1a: Corviknight\n|-damage|p1a: Corviknight|127/288\n|-enditem|p1a: Corviknight|Leftovers|[from] move: Knock Off|[of] p2a: Mienshao\n|\n|upkeep\n|turn|13\n|\n|t:|1731245145\n|switch|p2a: Electivire|Electivire, L84, M|263/263\n|-damage|p2a: Electivire|231/263|[from] Stealth Rock\n|move|p1a: Corviknight|Defog|p2a: Electivire\n|-unboost|p2a: Electivire|evasion|1\n|-sideend|p2: useemstohavefun|Stealth Rock|[from] move: Defog|[of] p1a: Corviknight\n|-sideend|p1: sebeck|Sticky Web|[from] move: Defog|[of] p1a: Corviknight\n|-fieldend|move: Psychic Terrain\n|\n|upkeep\n|turn|14\n|\n|t:|1731245163\n|switch|p1a: Vespiquen|Vespiquen, L98, F|146/296 par\n|-ability|p1a: Vespiquen|Pressure\n|move|p2a: Electivire|Supercell Slam|p1a: Vespiquen\n|-supereffective|p1a: Vespiquen\n|-damage|p1a: Vespiquen|0 fnt\n|faint|p1a: Vespiquen\n|-damage|p2a: Electivire|205/263|[from] item: Life Orb\n|\n|upkeep\n|\n|t:|1731245169\n|switch|p1a: Eternatus|Eternatus, L69|308/308\n|-ability|p1a: Eternatus|Pressure\n|turn|15\n|\n|t:|1731245192\n|-terastallize|p1a: Eternatus|Water\n|move|p1a: Eternatus|Dynamax Cannon|p2a: Electivire\n|-damage|p2a: Electivire|100/263\n|move|p2a: Electivire|Earthquake|p1a: Eternatus\n|-damage|p1a: Eternatus|178/308\n|-damage|p2a: Electivire|74/263|[from] item: Life Orb\n|\n|-heal|p1a: Eternatus|197/308|[from] item: Leftovers\n|upkeep\n|turn|16\n|\n|t:|1731245212\n|switch|p2a: Okidogi|Okidogi, L77, M|262/262\n|move|p1a: Eternatus|Dynamax Cannon|p2a: Okidogi\n|-damage|p2a: Okidogi|148/262\n|\n|-heal|p1a: Eternatus|216/308|[from] item: Leftovers\n|-heal|p2a: Okidogi|164/262|[from] item: Leftovers\n|upkeep\n|turn|17\n|\n|t:|1731245229\n|switch|p1a: Indeedee|Indeedee-F, L90, F|218/272\n|-fieldstart|move: Psychic Terrain|[from] ability: Psychic Surge|[of] p1a: Indeedee\n|move|p2a: Okidogi|Drain Punch|p1a: Indeedee\n|-damage|p1a: Indeedee|119/272\n|-heal|p2a: Okidogi|214/262|[from] drain|[of] p1a: Indeedee\n|\n|-heal|p2a: Okidogi|230/262|[from] item: Leftovers\n|upkeep\n|turn|18\n|\n|t:|1731245242\n|switch|p2a: Electivire|Electivire, L84, M|74/263\n|move|p1a: Indeedee|Psychic|p2a: Electivire\n|-damage|p2a: Electivire|0 fnt\n|faint|p2a: Electivire\n|-damage|p1a: Indeedee|92/272|[from] item: Life Orb\n|\n|upkeep\n|\n|t:|1731245246\n|switch|p2a: Mienshao|Mienshao, L83, F|228/243\n|turn|19\n|\n|t:|1731245258\n|switch|p1a: Corviknight|Corviknight, L80, M|127/288\n|move|p2a: Mienshao|High Jump Kick|p1a: Corviknight\n|-damage|p1a: Corviknight|0 fnt\n|faint|p1a: Corviknight\n|\n|upkeep\n|\n|t:|1731245260\n|switch|p1a: Clefable|Clefable, L83, M|293/293\n|turn|20\n|\n|t:|1731245273\n|switch|p2a: Okidogi|Okidogi, L77, M|230/262\n|switch|p1a: Indeedee|Indeedee-F, L90, F|92/272\n|\n|-heal|p2a: Okidogi|246/262|[from] item: Leftovers\n|upkeep\n|turn|21\n|j| mew741\n|\n|t:|1731245281\n|move|p1a: Indeedee|Psychic|p2a: Okidogi\n|-supereffective|p2a: Okidogi\n|-damage|p2a: Okidogi|0 fnt\n|faint|p2a: Okidogi\n|-damage|p1a: Indeedee|65/272|[from] item: Life Orb\n|\n|-fieldend|move: Psychic Terrain\n|upkeep\n|\n|t:|1731245285\n|switch|p2a: Mienshao|Mienshao, L83, F|228/243\n|turn|22\n|\n|t:|1731245292\n|move|p2a: Mienshao|Poison Jab|p1a: Indeedee\n|-damage|p1a: Indeedee|0 fnt\n|faint|p1a: Indeedee\n|\n|upkeep\n|\n|t:|1731245303\n|switch|p1a: Clefable|Clefable, L83, M|293/293\n|turn|23\n|\n|t:|1731245307\n|move|p2a: Mienshao|Poison Jab|p1a: Clefable\n|-supereffective|p1a: Clefable\n|-damage|p1a: Clefable|69/293\n|move|p1a: Clefable|Moonblast|p2a: Mienshao\n|-supereffective|p2a: Mienshao\n|-damage|p2a: Mienshao|0 fnt\n|faint|p2a: Mienshao\n|\n|win|sebeck\n|raw|sebeck's rating: 2220 &rarr; <strong>2247</strong><br />(+27 for winning)\n|raw|useemstohavefun's rating: 2339 &rarr; <strong>2312</strong><br />(-27 for losing)\n|l| mew741\n|l|\u2606sebeck\n|player|p1|\n|c|\u2606useemstohavefun|gg\n", "inputlog": ">version 6cf2ed9506aaf20327444a00a9388215acbf9fb2\n>start {\"formatid\":\"gen9randombattle\",\"seed\":[17609,57612,55814,40993],\"rated\":\"Rated battle\"}\n>player p1 {\"name\":\"sebeck\",\"avatar\":\"maxie-gen3\",\"rating\":2220,\"seed\":[10916,17760,49858,19743]}\n>player p2 {\"name\":\"useemstohavefun\",\"avatar\":\"thorton\",\"rating\":2339,\"seed\":[9631,19518,4397,27738]}\n>p1 move stealthrock\n>p2 switch 2\n>p1 move knockoff\n>p2 move encore\n>p1 switch 4\n>p2 move thunderwave\n>p1 move uturn\n>p2 move knockoff\n>p1 move uturn\n>p2 switch 5\n>p1 switch 5\n>p1 move superpower\n>p2 move icebeam\n>p2 switch 5\n>p1 switch 5\n>p2 move knockoff\n>p1 move uturn\n>p2 move psychicnoise\n>p1 switch 5\n>p1 move knockoff\n>p2 move knockoff terastallize\n>p1 switch 3\n>p1 move dazzlinggleam\n>p2 move knockoff\n>p2 switch 3\n>p1 move psychic\n>p2 move stickyweb\n>p2 switch 2\n>p1 switch 6\n>p2 move knockoff\n>p1 move defog\n>p2 switch 6\n>p1 switch 5\n>p2 move supercellslam\n>p1 switch 2\n>p1 move dynamaxcannon terastallize\n>p2 move earthquake\n>p1 move dynamaxcannon\n>p2 switch 4\n>p1 switch 6\n>p2 move drainpunch\n>p1 move psychic\n>p2 switch 4\n>p2 switch 6\n>p1 switch 5\n>p2 move highjumpkick\n>p1 switch 4\n>p1 switch 5\n>p2 switch 4\n>p1 move psychic\n>p2 move knockoff\n>p2 switch 4\n>p1 move psychic\n>p2 move poisonjab\n>p1 switch 5\n>p1 move moonblast\n>p2 move poisonjab", "uploadtime": 1731245317, "views": 32, "formatid": "gen9randombattle", "rating": 2247, "private": 0, "password": null}