{"id": "gen9randombattle-2102550695", "format": "[Gen 9] Random Battle", "players": ["Soul Dew Latias", "stinkypokeeee"], "log": "|uhtml|medal-msg|<div class=\"broadcast-blue\">Curious what those medals under the avatar are? PS now has Ladder Seasons! For more information, check out the <a href=\"https://www.smogon.com/forums/threads/3740067/\">thread on Smogon.</a></div>\n|badge|p2|bronze|gen9randombattle|100-1\n|uhtml|medal-msg|<div class=\"broadcast-blue\">Curious what those medals under the avatar are? PS now has Ladder Seasons! For more information, check out the <a href=\"https://www.smogon.com/forums/threads/3740067/\">thread on Smogon.</a></div>\n|j|\u2606Soul Dew Latias\n|j|\u2606stinkypokeeee\n|t:|1713016791\n|gametype|singles\n|player|p1|Soul Dew Latias|#teamskymin|2258\n|player|p2|stinkypokeeee|marshal|2336\n|teamsize|p1|6\n|teamsize|p2|6\n|gen|9\n|tier|[Gen 9] Random Battle\n|rated|\n|rule|Species Clause: Limit one of each Pok\u00e9mon\n|rule|HP Percentage Mod: HP is shown in percentages\n|rule|Sleep Clause Mod: Limit one foe put to sleep\n|rule|Illusion Level Mod: Illusion disguises the Pok\u00e9mon's true level\n|\n|t:|1713016791\n|start\n|switch|p1a: Gastrodon|Gastrodon, L86, F|331/331\n|switch|p2a: Zekrom|Zekrom, L71|259/259\n|-ability|p2a: Zekrom|Teravolt\n|turn|1\n|inactive|Battle timer is ON: inactive players will automatically lose when time's up. (requested by stinkypokeeee)\n|\n|t:|1713016812\n|switch|p2a: Bronzong|Bronzong, L88|261/261\n|move|p1a: Gastrodon|Surf|p2a: Bronzong\n|-damage|p2a: Bronzong|188/261\n|\n|-heal|p2a: Bronzong|204/261|[from] item: Leftovers\n|upkeep\n|turn|2\n|\n|t:|1713016817\n|switch|p1a: Espeon|Espeon, L84, F|246/246\n|move|p2a: Bronzong|Iron Defense|p2a: Bronzong\n|-boost|p2a: Bronzong|def|2\n|\n|-heal|p2a: Bronzong|220/261|[from] item: Leftovers\n|upkeep\n|turn|3\n|\n|t:|1713016826\n|switch|p1a: Houndstone|Houndstone, L86, F|264/264\n|switch|p2a: Chi-Yu|Chi-Yu, L77|211/211\n|-ability|p2a: Chi-Yu|Beads of Ruin\n|\n|upkeep\n|turn|4\n|\n|t:|1713016833\n|move|p2a: Chi-Yu|Dark Pulse|p1a: Houndstone\n|-supereffective|p1a: Houndstone\n|-damage|p1a: Houndstone|0 fnt\n|faint|p1a: Houndstone\n|\n|upkeep\n|\n|t:|1713016839\n|switch|p1a: Gastrodon|Gastrodon, L86, F|331/331\n|turn|5\n|\n|t:|1713016844\n|switch|p2a: Chimecho|Chimecho, L94, M|293/293\n|move|p1a: Gastrodon|Surf|p2a: Chimecho\n|-damage|p2a: Chimecho|214/293\n|\n|-heal|p2a: Chimecho|232/293|[from] item: Leftovers\n|upkeep\n|turn|6\n|\n|t:|1713016849\n|switch|p1a: Pincurchin|Pincurchin, L99, M|255/255\n|-fieldstart|move: Electric Terrain|[from] ability: Electric Surge|[of] p1a: Pincurchin\n|move|p2a: Chimecho|Psychic Noise|p1a: Pincurchin\n|-damage|p1a: Pincurchin|177/255\n|-start|p1a: Pincurchin|move: Heal Block\n|\n|-heal|p2a: Chimecho|250/293|[from] item: Leftovers\n|upkeep\n|turn|7\n|\n|t:|1713016861\n|switch|p2a: Zekrom|Zekrom, L71|259/259\n|-ability|p2a: Zekrom|Teravolt\n|move|p1a: Pincurchin|Zing Zap|p2a: Zekrom\n|-resisted|p2a: Zekrom\n|-damage|p2a: Zekrom|225/259\n|\n|-heal|p2a: Zekrom|241/259|[from] item: Leftovers\n|-end|p1a: Pincurchin|move: Heal Block\n|upkeep\n|turn|8\n|\n|t:|1713016865\n|switch|p1a: Gastrodon|Gastrodon, L86, F|331/331\n|move|p2a: Zekrom|Dragon Dance|p2a: Zekrom\n|-boost|p2a: Zekrom|atk|1\n|-boost|p2a: Zekrom|spe|1\n|\n|-heal|p2a: Zekrom|257/259|[from] item: Leftovers\n|upkeep\n|turn|9\n|\n|t:|1713016871\n|move|p2a: Zekrom|Outrage|p1a: Gastrodon\n|-damage|p1a: Gastrodon|84/331\n|move|p1a: Gastrodon|Earthquake|p2a: Zekrom\n|-supereffective|p2a: Zekrom\n|-damage|p2a: Zekrom|87/259\n|\n|-heal|p2a: Zekrom|103/259|[from] item: Leftovers\n|-heal|p1a: Gastrodon|104/331|[from] item: Leftovers\n|upkeep\n|turn|10\n|\n|t:|1713016874\n|move|p2a: Zekrom|Outrage|p1a: Gastrodon|[from]lockedmove\n|-crit|p1a: Gastrodon\n|-damage|p1a: Gastrodon|0 fnt\n|faint|p1a: Gastrodon\n|-start|p2a: Zekrom|confusion|[fatigue]\n|\n|-heal|p2a: Zekrom|119/259|[from] item: Leftovers\n|-fieldend|move: Electric Terrain\n|upkeep\n|\n|t:|1713016877\n|switch|p1a: Zamazenta|Zamazenta, L72|251/251\n|-ability|p1a: Zamazenta|Dauntless Shield|boost\n|-boost|p1a: Zamazenta|def|1\n|turn|11\n|\n|t:|1713016903\n|switch|p2a: Chimecho|Chimecho, L94, M|250/293\n|move|p1a: Zamazenta|Close Combat|p2a: Chimecho\n|-resisted|p2a: Chimecho\n|-damage|p2a: Chimecho|168/293\n|-unboost|p1a: Zamazenta|def|1\n|-unboost|p1a: Zamazenta|spd|1\n|\n|-heal|p2a: Chimecho|186/293|[from] item: Leftovers\n|upkeep\n|turn|12\n|\n|t:|1713016911\n|switch|p1a: Pincurchin|Pincurchin, L99, M|177/255\n|-fieldstart|move: Electric Terrain|[from] ability: Electric Surge|[of] p1a: Pincurchin\n|move|p2a: Chimecho|Psychic Noise|p1a: Pincurchin\n|-damage|p1a: Pincurchin|87/255\n|-start|p1a: Pincurchin|move: Heal Block\n|\n|-heal|p2a: Chimecho|204/293|[from] item: Leftovers\n|upkeep\n|turn|13\n|\n|t:|1713016928\n|switch|p2a: Zekrom|Zekrom, L71|119/259\n|-ability|p2a: Zekrom|Teravolt\n|switch|p1a: Espeon|Espeon, L84, F|246/246\n|\n|-heal|p2a: Zekrom|135/259|[from] item: Leftovers\n|upkeep\n|turn|14\n|\n|t:|1713016943\n|switch|p2a: Chi-Yu|Chi-Yu, L77|211/211\n|-ability|p2a: Chi-Yu|Beads of Ruin\n|-terastallize|p1a: Espeon|Psychic\n|move|p1a: Espeon|Psychic|p2a: Chi-Yu\n|-immune|p2a: Chi-Yu\n|\n|upkeep\n|turn|15\n|\n|t:|1713016954\n|switch|p1a: Zamazenta|Zamazenta, L72|251/251\n|move|p2a: Chi-Yu|Overheat|p1a: Zamazenta\n|-damage|p1a: Zamazenta|0 fnt\n|-unboost|p2a: Chi-Yu|spa|2\n|faint|p1a: Zamazenta\n|\n|upkeep\n|\n|t:|1713016956\n|switch|p1a: Espeon|Espeon, L84, F, tera:Psychic|246/246\n|turn|16\n|\n|t:|1713016966\n|switch|p2a: Inteleon|Inteleon, L81, F|246/246\n|move|p1a: Espeon|Calm Mind|p1a: Espeon\n|-boost|p1a: Espeon|spa|1\n|-boost|p1a: Espeon|spd|1\n|\n|-fieldend|move: Electric Terrain\n|upkeep\n|turn|17\n|c|\u2606Soul Dew Latias|Man\n|\n|t:|1713016979\n|move|p2a: Inteleon|U-turn|p1a: Espeon\n|-supereffective|p1a: Espeon\n|-damage|p1a: Espeon|126/246\n|\n|t:|1713016982\n|switch|p2a: Chi-Yu|Chi-Yu, L77|211/211|[from] U-turn\n|-ability|p2a: Chi-Yu|Beads of Ruin\n|move|p1a: Espeon|Alluring Voice|p2a: Chi-Yu\n|-damage|p2a: Chi-Yu|86/211\n|-damage|p1a: Espeon|102/246|[from] item: Life Orb\n|\n|upkeep\n|turn|18\n|c|\u2606Soul Dew Latias|This is a wretched matchup\n|c|\u2606stinkypokeeee|ya lol\n|c|\u2606stinkypokeeee|sorry\n|\n|t:|1713016997\n|switch|p2a: Bronzong|Bronzong, L88|220/261\n|move|p1a: Espeon|Alluring Voice|p2a: Bronzong\n|-resisted|p2a: Bronzong\n|-damage|p2a: Bronzong|163/261\n|-damage|p1a: Espeon|78/246|[from] item: Life Orb\n|\n|-heal|p2a: Bronzong|179/261|[from] item: Leftovers\n|upkeep\n|turn|19\n|\n|t:|1713017014\n|move|p1a: Espeon|Morning Sun|p1a: Espeon\n|-heal|p1a: Espeon|201/246\n|move|p2a: Bronzong|Iron Head|p1a: Espeon\n|-damage|p1a: Espeon|86/246\n|\n|-heal|p2a: Bronzong|195/261|[from] item: Leftovers\n|upkeep\n|turn|20\n|j| gokupichu\n|\n|t:|1713017022\n|switch|p1a: Cryogonal|Cryogonal, L88|284/284\n|move|p2a: Bronzong|Iron Head|p1a: Cryogonal\n|-supereffective|p1a: Cryogonal\n|-damage|p1a: Cryogonal|24/284\n|\n|-heal|p2a: Bronzong|211/261|[from] item: Leftovers\n|upkeep\n|turn|21\n|-message|Soul Dew Latias forfeited.\n|\n|win|stinkypokeeee\n|raw|Soul Dew Latias's rating: 2258 &rarr; <strong>2242</strong><br />(-16 for losing)\n|raw|stinkypokeeee's rating: 2336 &rarr; <strong>2352</strong><br />(+16 for winning)\n|l|\u2606Soul Dew Latias\n|player|p1|\n", "inputlog": ">version efdfcdfea264166c4836bf13eeff278fa6fb4aae\n>start {\"formatid\":\"gen9randombattle\",\"seed\":[46341,28971,53938,57697],\"rated\":\"Rated battle\"}\n>player p1 {\"name\":\"Soul Dew Latias\",\"avatar\":\"#teamskymin\",\"rating\":2258,\"seed\":[30866,15181,5316,16238]}\n>player p2 {\"name\":\"stinkypokeeee\",\"avatar\":\"marshal\",\"rating\":2336,\"seed\":[60566,11436,21761,28315]}\n>p1 move surf\n>p2 switch 2\n>p1 switch 5\n>p2 move irondefense\n>p1 switch 3\n>p2 switch 5\n>p1 move bodypress\n>p2 move darkpulse\n>p1 switch 5\n>p1 move surf\n>p2 switch 3\n>p1 switch 4\n>p2 move psychicnoise\n>p1 move zingzap\n>p2 switch 2\n>p1 switch 4\n>p2 move dragondance\n>p1 move earthquake\n>p2 move outrage\n>p1 move earthquake\n>p2 move outrage\n>p1 switch 2\n>p1 move closecombat\n>p2 switch 2\n>p1 switch 4\n>p2 move psychicnoise\n>p1 switch 3\n>p2 switch 2\n>p1 move psychic terastallize\n>p2 switch 3\n>p1 switch 4\n>p2 move overheat\n>p1 switch 4\n>p1 move calmmind\n>p2 switch 6\n>chat \u2606Soul Dew Latias|Man\n>p1 move alluringvoice\n>p2 move uturn\n>p2 switch 6\n>chat \u2606Soul Dew Latias|This is a wretched matchup\n>chat \u2606stinkypokeeee|ya lol\n>chat \u2606stinkypokeeee|sorry\n>p1 move alluringvoice\n>p2 switch 5\n>p1 move morningsun\n>p2 move ironhead\n>p1 switch 6\n>p2 move ironhead\n>forcelose p1", "uploadtime": 1713017030, "views": 259, "formatid": "gen9randombattle", "rating": 2242, "private": 0, "password": null}