{"id": "gen9randombattle-2260811600", "format": "[Gen 9] Random Battle", "players": ["sp00nerr", "imillwuwuwu"], "log": "|j|\u2606sp00nerr\n|j|\u2606imillwuwuwu\n|t:|1733896324\n|gametype|singles\n|player|p1|sp00nerr|266|1250\n|player|p2|imillwuwuwu|101|1268\n|teamsize|p1|6\n|teamsize|p2|6\n|gen|9\n|tier|[Gen 9] Random Battle\n|rated|\n|rule|Species Clause: Limit one of each Pok\u00e9mon\n|rule|HP Percentage Mod: HP is shown in percentages\n|rule|Sleep Clause Mod: Limit one foe put to sleep\n|rule|Illusion Level Mod: Illusion disguises the Pok\u00e9mon's true level\n|\n|t:|1733896324\n|start\n|switch|p1a: Gyarados|Gyarados, L79, M|280/280\n|switch|p2a: Greedent|Greedent, L86, F|347/347\n|turn|1\n|\n|t:|1733896337\n|switch|p1a: Hippowdon|Hippowdon, L82, M|311/311\n|-weather|Sandstorm|[from] ability: Sand Stream|[of] p1a: Hippowdon\n|move|p2a: Greedent|Knock Off|p1a: Hippowdon\n|-damage|p1a: Hippowdon|254/311\n|-enditem|p1a: Hippowdon|Leftovers|[from] move: Knock Off|[of] p2a: Greedent\n|\n|-weather|Sandstorm|[upkeep]\n|-damage|p2a: Greedent|326/347|[from] Sandstorm\n|upkeep\n|turn|2\n|\n|t:|1733896356\n|move|p1a: Hippowdon|Curse|p1a: Hippowdon\n|-unboost|p1a: Hippowdon|spe|1\n|-boost|p1a: Hippowdon|atk|1\n|-boost|p1a: Hippowdon|def|1\n|move|p2a: Greedent|Knock Off|p1a: Hippowdon\n|-damage|p1a: Hippowdon|228/311\n|\n|-weather|Sandstorm|[upkeep]\n|-damage|p2a: Greedent|305/347|[from] Sandstorm\n|upkeep\n|turn|3\n|\n|t:|1733896370\n|switch|p2a: Chesnaught|Chesnaught, L84, F|285/285\n|move|p1a: Hippowdon|Curse|p1a: Hippowdon\n|-unboost|p1a: Hippowdon|spe|1\n|-boost|p1a: Hippowdon|atk|1\n|-boost|p1a: Hippowdon|def|1\n|\n|-weather|Sandstorm|[upkeep]\n|-damage|p2a: Chesnaught|268/285|[from] Sandstorm\n|-heal|p2a: Chesnaught|285/285|[from] item: Leftovers\n|upkeep\n|turn|4\n|\n|t:|1733896390\n|move|p2a: Chesnaught|Spikes|p1a: Hippowdon\n|-sidestart|p1: sp00nerr|Spikes\n|move|p1a: Hippowdon|Earthquake|p2a: Chesnaught\n|-resisted|p2a: Chesnaught\n|-damage|p2a: Chesnaught|201/285\n|\n|-weather|Sandstorm|[upkeep]\n|-damage|p2a: Chesnaught|184/285|[from] Sandstorm\n|-heal|p2a: Chesnaught|201/285|[from] item: Leftovers\n|upkeep\n|turn|5\n|\n|t:|1733896400\n|switch|p1a: Rabsca|Rabsca, L91, M|284/284\n|move|p2a: Chesnaught|Spikes|p1a: Rabsca\n|-sidestart|p1: sp00nerr|Spikes\n|\n|-weather|none\n|-heal|p2a: Chesnaught|218/285|[from] item: Leftovers\n|upkeep\n|turn|6\n|\n|t:|1733896409\n|switch|p2a: Greedent|Greedent, L86, F|305/347\n|move|p1a: Rabsca|Trick Room|p1a: Rabsca\n|-fieldstart|move: Trick Room|[of] p1a: Rabsca\n|\n|upkeep\n|turn|7\n|\n|t:|1733896416\n|move|p2a: Greedent|Swords Dance|p2a: Greedent\n|-boost|p2a: Greedent|atk|2\n|move|p1a: Rabsca|Psychic|p2a: Greedent\n|-damage|p2a: Greedent|176/347\n|\n|upkeep\n|turn|8\n|\n|t:|1733896418\n|move|p2a: Greedent|Knock Off|p1a: Rabsca\n|-supereffective|p1a: Rabsca\n|-damage|p1a: Rabsca|6/284\n|-enditem|p1a: Rabsca|Heavy-Duty Boots|[from] move: Knock Off|[of] p2a: Greedent\n|move|p1a: Rabsca|Psychic|p2a: Greedent\n|-damage|p2a: Greedent|31/347\n|-enditem|p2a: Greedent|Sitrus Berry|[eat]\n|-heal|p2a: Greedent|117/347|[from] item: Sitrus Berry\n|-heal|p2a: Greedent|232/347|[from] ability: Cheek Pouch\n|\n|upkeep\n|turn|9\n|\n|t:|1733896423\n|switch|p1a: Hippowdon|Hippowdon, L82, M|228/311\n|-damage|p1a: Hippowdon|177/311|[from] Spikes\n|-weather|Sandstorm|[from] ability: Sand Stream|[of] p1a: Hippowdon\n|move|p2a: Greedent|Knock Off|p1a: Hippowdon\n|-damage|p1a: Hippowdon|96/311\n|\n|-weather|Sandstorm|[upkeep]\n|-damage|p2a: Greedent|211/347|[from] Sandstorm\n|upkeep\n|turn|10\n|\n|t:|1733896429\n|move|p2a: Greedent|Body Slam|p1a: Hippowdon\n|-damage|p1a: Hippowdon|0 fnt\n|faint|p1a: Hippowdon\n|\n|-weather|Sandstorm|[upkeep]\n|-damage|p2a: Greedent|190/347|[from] Sandstorm\n|-fieldend|move: Trick Room\n|upkeep\n|\n|t:|1733896448\n|switch|p1a: Keldeo|Keldeo-Resolute, L79|273/273\n|-damage|p1a: Keldeo|228/273|[from] Spikes\n|turn|11\n|\n|t:|1733896454\n|move|p1a: Keldeo|Substitute|p1a: Keldeo\n|-start|p1a: Keldeo|Substitute\n|-damage|p1a: Keldeo|160/273\n|move|p2a: Greedent|Body Slam|p1a: Keldeo\n|-end|p1a: Keldeo|Substitute\n|\n|-weather|Sandstorm|[upkeep]\n|-damage|p1a: Keldeo|143/273|[from] Sandstorm\n|-damage|p2a: Greedent|169/347|[from] Sandstorm\n|-heal|p1a: Keldeo|160/273|[from] item: Leftovers\n|upkeep\n|turn|12\n|\n|t:|1733896460\n|move|p1a: Keldeo|Secret Sword|p2a: Greedent\n|-supereffective|p2a: Greedent\n|-damage|p2a: Greedent|0 fnt\n|faint|p2a: Greedent\n|\n|-weather|Sandstorm|[upkeep]\n|-damage|p1a: Keldeo|143/273|[from] Sandstorm\n|-heal|p1a: Keldeo|160/273|[from] item: Leftovers\n|upkeep\n|inactive|Battle timer is ON: inactive players will automatically lose when time's up. (requested by sp00nerr)\n|\n|t:|1733896472\n|switch|p2a: Chesnaught|Chesnaught, L84, F|218/285\n|turn|13\n|\n|t:|1733896479\n|move|p1a: Keldeo|Secret Sword|p2a: Chesnaught\n|-damage|p2a: Chesnaught|143/285\n|move|p2a: Chesnaught|Wood Hammer|p1a: Keldeo\n|-supereffective|p1a: Keldeo\n|-damage|p1a: Keldeo|0 fnt\n|faint|p1a: Keldeo\n|-damage|p2a: Chesnaught|90/285|[from] Recoil\n|\n|-weather|none\n|-heal|p2a: Chesnaught|107/285|[from] item: Leftovers\n|upkeep\n|\n|t:|1733896484\n|switch|p1a: Kleavor|Kleavor, L78, F|237/237\n|turn|14\n|\n|t:|1733896489\n|move|p1a: Kleavor|X-Scissor|p2a: Chesnaught\n|-damage|p2a: Chesnaught|0 fnt\n|faint|p2a: Chesnaught\n|\n|upkeep\n|\n|t:|1733896497\n|switch|p2a: Iron Moth|Iron Moth, L78|253/253\n|turn|15\n|\n|t:|1733896503\n|move|p2a: Iron Moth|Fire Blast|p1a: Kleavor\n|-damage|p1a: Kleavor|0 fnt\n|faint|p1a: Kleavor\n|\n|upkeep\n|\n|t:|1733896530\n|switch|p1a: Rabsca|Rabsca, L91, M|6/284\n|-damage|p1a: Rabsca|0 fnt|[from] Spikes\n|faint|p1a: Rabsca\n|\n|t:|1733896532\n|switch|p1a: Cobalion|Cobalion, L80|277/277\n|-damage|p1a: Cobalion|231/277|[from] Spikes\n|turn|16\n|\n|t:|1733896537\n|-terastallize|p1a: Cobalion|Ghost\n|move|p1a: Cobalion|Stone Edge|p2a: Iron Moth|[miss]\n|-miss|p1a: Cobalion|p2a: Iron Moth\n|move|p2a: Iron Moth|Fire Blast|p1a: Cobalion\n|-damage|p1a: Cobalion|0 fnt\n|faint|p1a: Cobalion\n|\n|upkeep\n|-message|sp00nerr forfeited.\n|\n|win|imillwuwuwu\n|raw|sp00nerr's rating: 1250 &rarr; <strong>1226</strong><br />(-24 for losing)\n|raw|imillwuwuwu's rating: 1268 &rarr; <strong>1292</strong><br />(+24 for winning)\n|l|\u2606sp00nerr\n|player|p1|\n", "inputlog": ">version bfd83cad13791eb5a5a409923076391caf6fb4d4\n>start {\"formatid\":\"gen9randombattle\",\"seed\":[32677,54919,27275,39408],\"rated\":\"Rated battle\"}\n>player p1 {\"name\":\"sp00nerr\",\"avatar\":\"266\",\"rating\":1250,\"seed\":[19795,1647,8891,26637]}\n>player p2 {\"name\":\"imillwuwuwu\",\"avatar\":\"101\",\"rating\":1268,\"seed\":[47822,1181,28996,31259]}\n>p1 switch 2\n>p2 move knockoff\n>p1 move curse\n>p2 move knockoff\n>p1 move curse\n>p2 switch 4\n>p1 move earthquake\n>p2 move spikes\n>p1 switch 3\n>p2 move spikes\n>p1 move trickroom\n>p2 switch 4\n>p1 move psychic\n>p2 move swordsdance\n>p1 move psychic\n>p2 move knockoff\n>p1 switch 3\n>p2 move knockoff\n>p1 move slackoff\n>p2 move bodyslam\n>p1 switch 4\n>p1 move substitute\n>p2 move bodyslam\n>p1 move secretsword\n>p2 move bodyslam\n>p2 switch 4\n>p1 move secretsword\n>p2 move woodhammer\n>p1 switch 5\n>p1 move xscissor\n>p2 move woodhammer\n>p2 switch 5\n>p1 move stoneaxe\n>p2 move fireblast\n>p1 switch 3\n>p1 switch 6\n>p1 move stoneedge terastallize\n>p2 move fireblast\n>forcelose p1", "uploadtime": 1733896557, "views": 1, "formatid": "gen9randombattle", "rating": 1226, "private": 0, "password": null}