{"id": "gen9randombattle-2260347383", "format": "[Gen 9] Random Battle", "players": ["hugofuck", "asdfadsf1"], "log": "|j|\u2606hugofuck\n|j|\u2606asdfadsf1\n|t:|1733842534\n|gametype|singles\n|player|p1|hugofuck|pryce|1022\n|player|p2|asdfadsf1|266|1061\n|teamsize|p1|6\n|teamsize|p2|6\n|gen|9\n|tier|[Gen 9] Random Battle\n|rated|\n|rule|Species Clause: Limit one of each Pok\u00e9mon\n|rule|HP Percentage Mod: HP is shown in percentages\n|rule|Sleep Clause Mod: Limit one foe put to sleep\n|rule|Illusion Level Mod: Illusion disguises the Pok\u00e9mon's true level\n|\n|t:|1733842534\n|start\n|switch|p1a: Tropius|Tropius, L91, M|328/328\n|switch|p2a: Kyurem|Kyurem-White, L73|303/303\n|-ability|p2a: Kyurem|Turboblaze\n|turn|1\n|\n|t:|1733842601\n|move|p2a: Kyurem|Freeze-Dry|p1a: Tropius\n|-supereffective|p1a: Tropius\n|-damage|p1a: Tropius|4/328\n|-enditem|p1a: Tropius|Sitrus Berry|[eat]\n|-heal|p1a: Tropius|86/328|[from] item: Sitrus Berry\n|move|p1a: Tropius|Leech Seed|p2a: Kyurem\n|-start|p2a: Kyurem|move: Leech Seed\n|\n|-damage|p2a: Kyurem|266/303|[from] Leech Seed|[of] p1a: Tropius\n|-heal|p1a: Tropius|123/328|[silent]\n|upkeep\n|turn|2\n|\n|t:|1733842611\n|move|p1a: Tropius|Protect|p1a: Tropius\n|-singleturn|p1a: Tropius|Protect\n|move|p2a: Kyurem|Freeze-Dry|p1a: Tropius\n|-activate|p1a: Tropius|move: Protect\n|\n|-damage|p2a: Kyurem|229/303|[from] Leech Seed|[of] p1a: Tropius\n|-heal|p1a: Tropius|160/328|[silent]\n|-item|p1a: Tropius|Sitrus Berry|[from] ability: Harvest\n|upkeep\n|-enditem|p1a: Tropius|Sitrus Berry|[eat]\n|-heal|p1a: Tropius|242/328|[from] item: Sitrus Berry\n|turn|3\n|\n|t:|1733842623\n|move|p2a: Kyurem|Freeze-Dry|p1a: Tropius\n|-supereffective|p1a: Tropius\n|-damage|p1a: Tropius|0 fnt\n|faint|p1a: Tropius\n|\n|upkeep\n|\n|t:|1733842637\n|switch|p1a: Garganacl|Garganacl, L80, F|291/291\n|turn|4\n|\n|t:|1733842649\n|switch|p2a: Blastoise|Blastoise, L80, M|258/258\n|move|p1a: Garganacl|Earthquake|p2a: Blastoise\n|-damage|p2a: Blastoise|192/258\n|\n|upkeep\n|turn|5\n|\n|t:|1733842656\n|switch|p1a: Raikou|Raikou, L81|278/278\n|-ability|p1a: Raikou|Pressure\n|move|p2a: Blastoise|Shell Smash|p2a: Blastoise\n|-unboost|p2a: Blastoise|def|1\n|-unboost|p2a: Blastoise|spd|1\n|-boost|p2a: Blastoise|atk|2\n|-boost|p2a: Blastoise|spa|2\n|-boost|p2a: Blastoise|spe|2\n|-enditem|p2a: Blastoise|White Herb\n|-clearnegativeboost|p2a: Blastoise|[silent]\n|\n|upkeep\n|turn|6\n|\n|t:|1733842670\n|-terastallize|p2a: Blastoise|Grass\n|move|p2a: Blastoise|Shell Smash|p2a: Blastoise\n|-unboost|p2a: Blastoise|def|1\n|-unboost|p2a: Blastoise|spd|1\n|-boost|p2a: Blastoise|atk|2\n|-boost|p2a: Blastoise|spa|2\n|-boost|p2a: Blastoise|spe|2\n|move|p1a: Raikou|Thunderbolt|p2a: Blastoise\n|-resisted|p2a: Blastoise\n|-damage|p2a: Blastoise|119/258\n|-status|p2a: Blastoise|par\n|\n|upkeep\n|turn|7\n|\n|t:|1733842684\n|move|p2a: Blastoise|Ice Beam|p1a: Raikou\n|-damage|p1a: Raikou|117/278\n|move|p1a: Raikou|Shadow Ball|p2a: Blastoise\n|-damage|p2a: Blastoise|42/258 par\n|\n|-heal|p1a: Raikou|134/278|[from] item: Leftovers\n|upkeep\n|turn|8\n|\n|t:|1733842704\n|move|p2a: Blastoise|Ice Beam|p1a: Raikou\n|-damage|p1a: Raikou|0 fnt\n|faint|p1a: Raikou\n|\n|upkeep\n|\n|t:|1733842709\n|switch|p1a: Iron Leaves|Iron Leaves, L80|275/275\n|turn|9\n|\n|t:|1733842713\n|move|p2a: Blastoise|Ice Beam|p1a: Iron Leaves\n|-supereffective|p1a: Iron Leaves\n|-damage|p1a: Iron Leaves|0 fnt\n|faint|p1a: Iron Leaves\n|-end|p1a: Iron Leaves|Quark Drive|[silent]\n|\n|upkeep\n|l|\u2606hugofuck\n|player|p1|\n|inactive|Battle timer is ON: inactive players will automatically lose when time's up. (requested by asdfadsf1)\n|inactive|hugofuck has 30 seconds to reconnect!\n|inactive|hugofuck has 20 seconds to reconnect!\n|inactive|hugofuck has 15 seconds to reconnect!\n|inactive|hugofuck has 10 seconds to reconnect!\n|inactive|hugofuck has 5 seconds to reconnect!\n|-message|hugofuck lost due to inactivity.\n|\n|win|asdfadsf1\n|raw|hugofuck's rating: 1022 &rarr; <strong>1010</strong><br />(-12 for losing)\n|raw|asdfadsf1's rating: 1061 &rarr; <strong>1088</strong><br />(+27 for winning)\n", "inputlog": ">version bfd83cad13791eb5a5a409923076391caf6fb4d4\n>start {\"formatid\":\"gen9randombattle\",\"seed\":[14431,2834,23978,56385],\"rated\":\"Rated battle\"}\n>player p1 {\"name\":\"hugofuck\",\"avatar\":\"pryce\",\"rating\":1022,\"seed\":[9388,58058,64810,34039]}\n>player p2 {\"name\":\"asdfadsf1\",\"avatar\":\"266\",\"rating\":1061,\"seed\":[47358,58244,23719,26481]}\n>p1 move leechseed\n>p2 move freezedry\n>p1 move protect\n>p2 move freezedry\n>p1 move substitute\n>p2 move freezedry\n>p1 switch 3\n>p1 move earthquake\n>p2 switch 5\n>p1 switch 4\n>p2 move shellsmash\n>p1 move thunderbolt\n>p2 move shellsmash terastallize\n>p1 move shadowball\n>p2 move icebeam\n>p1 move shadowball\n>p2 move icebeam\n>p1 switch 5\n>p1 move leafblade\n>p2 move icebeam\n>forcelose p1", "uploadtime": 1733842798, "views": 1, "formatid": "gen9randombattle", "rating": 1010, "private": 0, "password": null}