{"id": "gen9randombattle-2114131994", "format": "[Gen 9] Random Battle", "players": ["gsf777", "guts1999"], "log": "|badge|p1|silver|gen9randombattle|30-1\n|html|<div class=\"broadcast-red\"><strong>This battle is required to be public due to one or more player having a season medal.</strong><br />During the public phase, you can discuss the state of the ladder <a href=\"/seasondiscussion\">in a special chatroom.</a></div>\n|uhtml|medal-msg|<div class=\"broadcast-blue\">Curious what those medals under the avatar are? PS now has Ladder Seasons! For more information, check out the <a href=\"https://www.smogon.com/forums/threads/3740067/\">thread on Smogon.</a></div>\n|raw|<div class=\"broadcast-blue\"><strong>This battle is required to be public due to a player having a name starting with 'medal'.</div>\n|j|\u203dgsf777\n|j|\u2606guts1999\n|t:|1714408790\n|gametype|singles\n|player|p1|gsf777|cyrus|2422\n|player|p2|guts1999|alder|2387\n|teamsize|p1|6\n|teamsize|p2|6\n|gen|9\n|tier|[Gen 9] Random Battle\n|rated|\n|rule|Species Clause: Limit one of each Pok\u00e9mon\n|rule|HP Percentage Mod: HP is shown in percentages\n|rule|Sleep Clause Mod: Limit one foe put to sleep\n|rule|Illusion Level Mod: Illusion disguises the Pok\u00e9mon's true level\n|\n|t:|1714408790\n|start\n|switch|p1a: Rhydon|Rhydon, L85, F|317/317\n|switch|p2a: Reshiram|Reshiram, L76|277/277\n|-ability|p2a: Reshiram|Turboblaze\n|turn|1\n|inactive|Battle timer is ON: inactive players will automatically lose when time's up. (requested by gsf777)\n|\n|t:|1714408817\n|switch|p2a: Golurk|Golurk, L87|297/297\n|move|p1a: Rhydon|Stealth Rock|p2a: Golurk\n|-sidestart|p2: guts1999|move: Stealth Rock\n|\n|upkeep\n|turn|2\n|\n|t:|1714408837\n|switch|p1a: Moltres|Moltres-Galar, L80|275/275\n|move|p2a: Golurk|Dynamic Punch|p1a: Moltres\n|-damage|p1a: Moltres|133/275\n|-start|p1a: Moltres|confusion\n|-ability|p1a: Moltres|Berserk|boost\n|-boost|p1a: Moltres|spa|1\n|\n|upkeep\n|turn|3\n|\n|t:|1714408844\n|-activate|p1a: Moltres|confusion\n|move|p1a: Moltres|Fiery Wrath|p2a: Golurk\n|-supereffective|p2a: Golurk\n|-damage|p2a: Golurk|0 fnt\n|faint|p2a: Golurk\n|\n|upkeep\n|\n|t:|1714408855\n|switch|p2a: Arceus|Arceus-Fairy, L69|280/280\n|-damage|p2a: Arceus|245/280|[from] Stealth Rock\n|turn|4\n|\n|t:|1714408867\n|switch|p1a: Ogerpon|Ogerpon-Hearthflame, L74, F|239/239\n|-ability|p1a: Ogerpon|Mold Breaker\n|move|p2a: Arceus|Judgment|p1a: Ogerpon\n|-resisted|p1a: Ogerpon\n|-damage|p1a: Ogerpon|186/239\n|\n|upkeep\n|turn|5\n|\n|t:|1714408876\n|switch|p2a: Reshiram|Reshiram, L76|277/277\n|-ability|p2a: Reshiram|Turboblaze\n|move|p1a: Ogerpon|Ivy Cudgel|p2a: Reshiram|[anim] Ivy Cudgel Fire\n|-resisted|p2a: Reshiram\n|-damage|p2a: Reshiram|247/277\n|\n|upkeep\n|turn|6\n|j| CutePokesOnly\n|\n|t:|1714408893\n|switch|p2a: Gurdurr|Gurdurr, L85, M|283/283\n|-damage|p2a: Gurdurr|266/283|[from] Stealth Rock\n|move|p1a: Ogerpon|Knock Off|p2a: Gurdurr\n|-resisted|p2a: Gurdurr\n|-damage|p2a: Gurdurr|239/283\n|-enditem|p2a: Gurdurr|Eviolite|[from] move: Knock Off|[of] p1a: Ogerpon\n|\n|upkeep\n|turn|7\n|\n|t:|1714408904\n|switch|p1a: Giratina|Giratina-Origin, L72|335/335\n|move|p2a: Gurdurr|Drain Punch|p1a: Giratina\n|-immune|p1a: Giratina\n|\n|upkeep\n|turn|8\n|\n|t:|1714408917\n|switch|p1a: Pincurchin|Pincurchin, L99, F|255/255\n|-fieldstart|move: Electric Terrain|[from] ability: Electric Surge|[of] p1a: Pincurchin\n|move|p2a: Gurdurr|Knock Off|p1a: Pincurchin\n|-damage|p1a: Pincurchin|197/255\n|-enditem|p1a: Pincurchin|Leftovers|[from] move: Knock Off|[of] p2a: Gurdurr\n|\n|upkeep\n|turn|9\n|\n|t:|1714408923\n|move|p2a: Gurdurr|Drain Punch|p1a: Pincurchin\n|-damage|p1a: Pincurchin|122/255\n|-heal|p2a: Gurdurr|277/283|[from] drain|[of] p1a: Pincurchin\n|move|p1a: Pincurchin|Toxic Spikes|p2a: Gurdurr\n|-sidestart|p2: guts1999|move: Toxic Spikes\n|\n|upkeep\n|turn|10\n|\n|t:|1714408929\n|move|p2a: Gurdurr|Drain Punch|p1a: Pincurchin\n|-damage|p1a: Pincurchin|46/255\n|-heal|p2a: Gurdurr|283/283|[from] drain|[of] p1a: Pincurchin\n|move|p1a: Pincurchin|Recover|p1a: Pincurchin\n|-heal|p1a: Pincurchin|174/255\n|\n|upkeep\n|turn|11\n|\n|t:|1714408937\n|move|p2a: Gurdurr|Drain Punch|p1a: Pincurchin\n|-crit|p1a: Pincurchin\n|-damage|p1a: Pincurchin|63/255\n|move|p1a: Pincurchin|Recover|p1a: Pincurchin\n|-heal|p1a: Pincurchin|191/255\n|\n|upkeep\n|turn|12\n|\n|t:|1714408942\n|switch|p1a: Giratina|Giratina-Origin, L72|335/335\n|move|p2a: Gurdurr|Drain Punch|p1a: Giratina\n|-immune|p1a: Giratina\n|\n|-fieldend|move: Electric Terrain\n|upkeep\n|turn|13\n|\n|t:|1714408946\n|move|p1a: Giratina|Draco Meteor|p2a: Gurdurr\n|-damage|p2a: Gurdurr|66/283\n|-unboost|p1a: Giratina|spa|2\n|move|p2a: Gurdurr|Defog|p1a: Giratina\n|-unboost|p1a: Giratina|evasion|1\n|-sideend|p2: guts1999|Toxic Spikes|[from] move: Defog|[of] p2a: Gurdurr\n|-sideend|p2: guts1999|Stealth Rock|[from] move: Defog|[of] p2a: Gurdurr\n|\n|upkeep\n|turn|14\n|\n|t:|1714408954\n|move|p1a: Giratina|Earthquake|p2a: Gurdurr\n|-damage|p2a: Gurdurr|2/283\n|move|p2a: Gurdurr|Knock Off|p1a: Giratina\n|-supereffective|p1a: Giratina\n|-damage|p1a: Giratina|235/335\n|\n|upkeep\n|turn|15\n|\n|t:|1714408960\n|move|p1a: Giratina|Earthquake|p2a: Gurdurr\n|-damage|p2a: Gurdurr|0 fnt\n|faint|p2a: Gurdurr\n|\n|upkeep\n|\n|t:|1714408975\n|switch|p2a: Arceus|Arceus-Fairy, L69|245/280\n|turn|16\n|\n|t:|1714408990\n|switch|p1a: Ogerpon|Ogerpon-Hearthflame, L74, F|186/239\n|-ability|p1a: Ogerpon|Mold Breaker\n|move|p2a: Arceus|Calm Mind|p2a: Arceus\n|-boost|p2a: Arceus|spa|1\n|-boost|p2a: Arceus|spd|1\n|\n|upkeep\n|turn|17\n|\n|t:|1714409000\n|move|p2a: Arceus|Earth Power|p1a: Ogerpon\n|-damage|p1a: Ogerpon|100/239\n|move|p1a: Ogerpon|Ivy Cudgel|p2a: Arceus|[anim] Ivy Cudgel Fire\n|-damage|p2a: Arceus|137/280\n|\n|upkeep\n|turn|18\n|\n|t:|1714409010\n|move|p2a: Arceus|Earth Power|p1a: Ogerpon\n|-damage|p1a: Ogerpon|12/239\n|move|p1a: Ogerpon|Ivy Cudgel|p2a: Arceus|[anim] Ivy Cudgel Fire\n|-damage|p2a: Arceus|32/280\n|\n|upkeep\n|turn|19\n|\n|t:|1714409022\n|move|p2a: Arceus|Earth Power|p1a: Ogerpon\n|-damage|p1a: Ogerpon|0 fnt\n|faint|p1a: Ogerpon\n|\n|upkeep\n|\n|t:|1714409033\n|switch|p1a: Rhydon|Rhydon, L85, F|317/317\n|turn|20\n|\n|t:|1714409054\n|move|p2a: Arceus|Recover|p2a: Arceus\n|-heal|p2a: Arceus|172/280\n|move|p1a: Rhydon|Earthquake|p2a: Arceus\n|-damage|p2a: Arceus|28/280\n|\n|upkeep\n|turn|21\n|\n|t:|1714409064\n|move|p2a: Arceus|Earth Power|p1a: Rhydon\n|-supereffective|p1a: Rhydon\n|-damage|p1a: Rhydon|153/317\n|move|p1a: Rhydon|Earthquake|p2a: Arceus\n|-damage|p2a: Arceus|0 fnt\n|faint|p2a: Arceus\n|\n|upkeep\n|inactive|guts1999 has 120 seconds left.\n|\n|t:|1714409087\n|switch|p2a: Latias|Latias, L79, F|256/256\n|turn|22\n|\n|t:|1714409108\n|move|p2a: Latias|Draco Meteor|p1a: Rhydon\n|-damage|p1a: Rhydon|0 fnt\n|-unboost|p2a: Latias|spa|2\n|faint|p1a: Rhydon\n|\n|upkeep\n|\n|t:|1714409117\n|switch|p1a: Gurdurr|Gurdurr, L85, M|283/283\n|turn|23\n|\n|t:|1714409137\n|move|p2a: Latias|Calm Mind|p2a: Latias\n|-boost|p2a: Latias|spa|1\n|-boost|p2a: Latias|spd|1\n|move|p1a: Gurdurr|Bulk Up|p1a: Gurdurr\n|-boost|p1a: Gurdurr|atk|1\n|-boost|p1a: Gurdurr|def|1\n|\n|upkeep\n|turn|24\n|inactive|guts1999 has 120 seconds left.\n|\n|t:|1714409159\n|switch|p2a: Reshiram|Reshiram, L76|247/277\n|-ability|p2a: Reshiram|Turboblaze\n|move|p1a: Gurdurr|Knock Off|p2a: Reshiram\n|-damage|p2a: Reshiram|124/277\n|-enditem|p2a: Reshiram|Heavy-Duty Boots|[from] move: Knock Off|[of] p1a: Gurdurr\n|\n|upkeep\n|turn|25\n|inactive|guts1999 has 120 seconds left.\n|\n|t:|1714409170\n|move|p2a: Reshiram|Flare Blitz|p1a: Gurdurr\n|-damage|p1a: Gurdurr|225/283\n|-damage|p2a: Reshiram|105/277|[from] Recoil\n|move|p1a: Gurdurr|Drain Punch|p2a: Reshiram\n|-damage|p2a: Reshiram|0 fnt\n|-heal|p1a: Gurdurr|278/283|[from] drain|[of] p2a: Reshiram\n|faint|p2a: Reshiram\n|\n|upkeep\n|\n|t:|1714409175\n|switch|p2a: Latias|Latias, L79, F|256/256\n|turn|26\n|inactive|guts1999 has 120 seconds left.\n|\n|t:|1714409195\n|-terastallize|p1a: Gurdurr|Steel\n|move|p2a: Latias|Draco Meteor|p1a: Gurdurr\n|-resisted|p1a: Gurdurr\n|-damage|p1a: Gurdurr|206/283\n|-unboost|p2a: Latias|spa|2\n|move|p1a: Gurdurr|Knock Off|p2a: Latias\n|-supereffective|p2a: Latias\n|-damage|p2a: Latias|16/256\n|-enditem|p2a: Latias|Soul Dew|[from] move: Knock Off|[of] p1a: Gurdurr\n|\n|upkeep\n|turn|27\n|\n|t:|1714409203\n|move|p1a: Gurdurr|Mach Punch|p2a: Latias\n|-resisted|p2a: Latias\n|-damage|p2a: Latias|0 fnt\n|faint|p2a: Latias\n|\n|upkeep\n|\n|t:|1714409208\n|switch|p2a: Jirachi|Jirachi, L80|291/291\n|turn|28\n|inactive|guts1999 has 120 seconds left.\n|\n|t:|1714409220\n|-terastallize|p2a: Jirachi|Water\n|move|p2a: Jirachi|Body Slam|p1a: Gurdurr\n|-resisted|p1a: Gurdurr\n|-crit|p1a: Gurdurr\n|-damage|p1a: Gurdurr|177/283\n|-status|p1a: Gurdurr|par\n|move|p1a: Gurdurr|Knock Off|p2a: Jirachi\n|-damage|p2a: Jirachi|135/291\n|-enditem|p2a: Jirachi|Leftovers|[from] move: Knock Off|[of] p1a: Gurdurr\n|\n|upkeep\n|turn|29\n|l| CutePokesOnly\n|inactive|guts1999 has 120 seconds left.\n|\n|t:|1714409231\n|move|p1a: Gurdurr|Mach Punch|p2a: Jirachi\n|-damage|p2a: Jirachi|35/291\n|move|p2a: Jirachi|Iron Head|p1a: Gurdurr\n|-resisted|p1a: Gurdurr\n|-damage|p1a: Gurdurr|159/283 par\n|\n|upkeep\n|turn|30\n|\n|t:|1714409233\n|cant|p1a: Gurdurr|par\n|move|p2a: Jirachi|Wish|p2a: Jirachi\n|\n|upkeep\n|turn|31\n|\n|t:|1714409235\n|move|p2a: Jirachi|Protect|p2a: Jirachi\n|-singleturn|p2a: Jirachi|Protect\n|cant|p1a: Gurdurr|par\n|\n|-heal|p2a: Jirachi|180/291|[from] move: Wish|[wisher] Jirachi\n|upkeep\n|turn|32\n|\n|t:|1714409241\n|move|p1a: Gurdurr|Mach Punch|p2a: Jirachi\n|-damage|p2a: Jirachi|78/291\n|move|p2a: Jirachi|Wish|p2a: Jirachi\n|\n|upkeep\n|turn|33\n|\n|t:|1714409246\n|move|p2a: Jirachi|Protect|p2a: Jirachi\n|-singleturn|p2a: Jirachi|Protect\n|move|p1a: Gurdurr|Bulk Up|p1a: Gurdurr\n|-boost|p1a: Gurdurr|atk|1\n|-boost|p1a: Gurdurr|def|1\n|\n|-heal|p2a: Jirachi|223/291|[from] move: Wish|[wisher] Jirachi\n|upkeep\n|turn|34\n|\n|t:|1714409253\n|move|p2a: Jirachi|Iron Head|p1a: Gurdurr\n|-resisted|p1a: Gurdurr\n|-damage|p1a: Gurdurr|146/283 par\n|cant|p1a: Gurdurr|flinch\n|\n|upkeep\n|turn|35\n|\n|t:|1714409259\n|move|p2a: Jirachi|Wish|p2a: Jirachi\n|move|p1a: Gurdurr|Drain Punch|p2a: Jirachi\n|-damage|p2a: Jirachi|0 fnt\n|-heal|p1a: Gurdurr|258/283 par|[from] drain|[of] p2a: Jirachi\n|faint|p2a: Jirachi\n|\n|win|gsf777\n|raw|gsf777's rating: 2422 &rarr; <strong>2440</strong><br />(+18 for winning)\n|raw|guts1999's rating: 2387 &rarr; <strong>2369</strong><br />(-18 for losing)\n", "inputlog": ">version b84337b8f7878220839aa0c41b4e8e9021e31424\n>start {\"formatid\":\"gen9randombattle\",\"seed\":[44298,23522,13235,49166],\"rated\":\"Rated battle\"}\n>player p1 {\"name\":\"gsf777\",\"avatar\":\"cyrus\",\"rating\":2422,\"seed\":[19026,39527,59745,53718]}\n>player p2 {\"name\":\"guts1999\",\"avatar\":\"alder\",\"rating\":2387,\"seed\":[1253,55611,5879,32082]}\n>p1 move stealthrock\n>p2 switch 4\n>p1 switch 2\n>p2 move dynamicpunch\n>p1 move fierywrath\n>p2 move dynamicpunch\n>p2 switch 5\n>p1 switch 4\n>p2 move judgment\n>p1 move ivycudgel\n>p2 switch 4\n>p1 move knockoff\n>p2 switch 6\n>p1 switch 5\n>p2 move drainpunch\n>p1 switch 3\n>p2 move knockoff\n>p1 move toxicspikes\n>p2 move drainpunch\n>p1 move recover\n>p2 move drainpunch\n>p1 move recover\n>p2 move drainpunch\n>p1 switch 3\n>p2 move drainpunch\n>p1 move dracometeor\n>p2 move defog\n>p1 move earthquake\n>p2 move knockoff\n>p1 move earthquake\n>p2 move drainpunch\n>p2 switch 4\n>p1 switch 5\n>p2 move calmmind\n>p1 move ivycudgel\n>p2 move earthpower\n>p1 move ivycudgel\n>p2 move earthpower\n>p1 move ivycudgel\n>p2 move earthpower\n>p1 switch 2\n>p1 move earthquake\n>p2 move recover\n>p1 move earthquake\n>p2 move earthpower\n>p2 switch 3\n>p1 move megahorn\n>p2 move dracometeor\n>p1 switch 6\n>p1 move bulkup\n>p2 move calmmind\n>p1 move knockoff\n>p2 switch 6\n>p1 move drainpunch\n>p2 move flareblitz\n>p2 switch 6\n>p1 move knockoff terastallize\n>p2 move dracometeor\n>p1 move machpunch\n>p2 move dracometeor\n>p2 switch 2\n>p1 move knockoff\n>p2 move bodyslam terastallize\n>p1 move machpunch\n>p2 move ironhead\n>p1 move machpunch\n>p2 move wish\n>p1 move drainpunch\n>p2 move protect\n>p1 move machpunch\n>p2 move wish\n>p1 move bulkup\n>p2 move protect\n>p1 move drainpunch\n>p2 move ironhead\n>p1 move drainpunch\n>p2 move wish", "uploadtime": 1714409273, "views": 241, "formatid": "gen9randombattle", "rating": 2369, "private": 0, "password": null}