{"id": "gen9randombattle-2260341598", "format": "[Gen 9] Random Battle", "players": ["heybetch", "Zeta026"], "log": "|j|\u2606heybetch\n|j|\u2606Zeta026\n|t:|1733841911\n|gametype|singles\n|player|p1|heybetch|102|1777\n|player|p2|Zeta026|gentleman-gen4|1830\n|teamsize|p1|6\n|teamsize|p2|6\n|gen|9\n|tier|[Gen 9] Random Battle\n|rated|\n|rule|Species Clause: Limit one of each Pok\u00e9mon\n|rule|HP Percentage Mod: HP is shown in percentages\n|rule|Sleep Clause Mod: Limit one foe put to sleep\n|rule|Illusion Level Mod: Illusion disguises the Pok\u00e9mon's true level\n|\n|t:|1733841911\n|start\n|switch|p1a: Lugia|Lugia, L72|272/272\n|switch|p2a: Sylveon|Sylveon, L85, M|300/300\n|turn|1\n|inactive|Battle timer is ON: inactive players will automatically lose when time's up. (requested by Zeta026)\n|\n|t:|1733841939\n|switch|p1a: Abomasnow|Abomasnow, L85, M|291/291\n|-weather|Snow|[from] ability: Snow Warning|[of] p1a: Abomasnow\n|switch|p2a: Blissey|Blissey, L84, F|566/566\n|\n|-weather|Snow|[upkeep]\n|upkeep\n|turn|2\n|\n|t:|1733841963\n|move|p1a: Abomasnow|Wood Hammer|p2a: Blissey\n|-damage|p2a: Blissey|169/566\n|-damage|p1a: Abomasnow|160/291|[from] Recoil\n|move|p2a: Blissey|Thunder Wave|p1a: Abomasnow\n|-status|p1a: Abomasnow|par\n|\n|-weather|Snow|[upkeep]\n|-heal|p2a: Blissey|204/566|[from] item: Leftovers\n|upkeep\n|turn|3\n|inactive|Zeta026 has 120 seconds left.\n|\n|t:|1733841992\n|move|p2a: Blissey|Stealth Rock|p1a: Abomasnow\n|-sidestart|p1: heybetch|move: Stealth Rock\n|move|p1a: Abomasnow|Aurora Veil|p1a: Abomasnow\n|-sidestart|p1: heybetch|move: Aurora Veil\n|\n|-weather|Snow|[upkeep]\n|-heal|p2a: Blissey|239/566|[from] item: Leftovers\n|upkeep\n|turn|4\n|inactive|Zeta026 has 120 seconds left.\n|\n|t:|1733842005\n|move|p2a: Blissey|Soft-Boiled|p2a: Blissey\n|-heal|p2a: Blissey|522/566\n|move|p1a: Abomasnow|Wood Hammer|p2a: Blissey\n|-damage|p2a: Blissey|137/566\n|-damage|p1a: Abomasnow|33/291 par|[from] Recoil\n|\n|-weather|Snow|[upkeep]\n|-heal|p2a: Blissey|172/566|[from] item: Leftovers\n|upkeep\n|turn|5\n|inactive|Zeta026 has 120 seconds left.\n|\n|t:|1733842014\n|move|p2a: Blissey|Seismic Toss|p1a: Abomasnow\n|-damage|p1a: Abomasnow|0 fnt\n|faint|p1a: Abomasnow\n|\n|-weather|none\n|-heal|p2a: Blissey|207/566|[from] item: Leftovers\n|upkeep\n|l|\u2606heybetch\n|inactive|heybetch disconnected and has a minute to reconnect!\n|player|p1|\n|j|\u2606heybetch\n|inactive|heybetch reconnected and has 130 seconds left.\n|player|p1|heybetch|102|\n|c|\u2606heybetch|this game is fckn stupid\n|n|\u203dheybetch|heybetch\n|c|~|/log heybetch was locked from talking by Artemis for a week. (\u2606heybetch:   is fckn stupid)\n|c|~|/raw <small>This action was done automatically. Want to learn more about the AI? <a href=\"https://www.smogon.com/forums/threads/3570628/#post-9056769\">Visit the information thread</a>.</small>\n|inactive|heybetch has 120 seconds left.\n|\n|t:|1733842071\n|switch|p1a: Raichu|Raichu, L88, F|249/249\n|-damage|p1a: Raichu|218/249|[from] Stealth Rock\n|turn|6\n|inactive|Zeta026 has 120 seconds left.\n|l|\u203dheybetch\n|inactive|heybetch disconnected and has a minute to reconnect!\n|player|p1|\n|\n|t:|1733842110\n|move|p1a: Raichu|Nasty Plot|p1a: Raichu\n|-boost|p1a: Raichu|spa|2\n|move|p2a: Blissey|Soft-Boiled|p2a: Blissey\n|-heal|p2a: Blissey|490/566\n|\n|-heal|p2a: Blissey|525/566|[from] item: Leftovers\n|upkeep\n|turn|7\n|j|\u203dheybetch\n|inactive|heybetch reconnected and has 115 seconds left.\n|player|p1|heybetch|102|\n|n|\u203dheybetch|heybetch\n|n|\u203dheybetch|heybetch\n|\n|t:|1733842123\n|move|p1a: Raichu|Nasty Plot|p1a: Raichu\n|-boost|p1a: Raichu|spa|2\n|move|p2a: Blissey|Seismic Toss|p1a: Raichu\n|-damage|p1a: Raichu|134/249\n|\n|-heal|p2a: Blissey|560/566|[from] item: Leftovers\n|upkeep\n|turn|8\n|\n|t:|1733842152\n|move|p1a: Raichu|Thunderbolt|p2a: Blissey\n|-damage|p2a: Blissey|262/566\n|-damage|p1a: Raichu|110/249|[from] item: Life Orb\n|move|p2a: Blissey|Seismic Toss|p1a: Raichu\n|-damage|p1a: Raichu|26/249\n|\n|-heal|p2a: Blissey|297/566|[from] item: Leftovers\n|upkeep\n|turn|9\n|inactive|heybetch has 120 seconds left.\n|\n|t:|1733842159\n|-terastallize|p1a: Raichu|Water\n|move|p1a: Raichu|Surf|p2a: Blissey\n|-damage|p2a: Blissey|24/566\n|-damage|p1a: Raichu|2/249|[from] item: Life Orb\n|move|p2a: Blissey|Seismic Toss|p1a: Raichu\n|-damage|p1a: Raichu|0 fnt\n|faint|p1a: Raichu\n|\n|-heal|p2a: Blissey|59/566|[from] item: Leftovers\n|upkeep\n|inactive|heybetch has 120 seconds left.\n|\n|t:|1733842176\n|switch|p1a: Politoed|Politoed, L88, F|302/302\n|-damage|p1a: Politoed|265/302|[from] Stealth Rock\n|-weather|RainDance|[from] ability: Drizzle|[of] p1a: Politoed\n|turn|10\n|inactive|Zeta026 has 90 seconds left.\n|\n|t:|1733842208\n|move|p1a: Politoed|Surf|p2a: Blissey\n|-damage|p2a: Blissey|0 fnt\n|faint|p2a: Blissey\n|\n|-weather|RainDance|[upkeep]\n|-heal|p1a: Politoed|283/302|[from] item: Leftovers\n|-sideend|p1: heybetch|move: Aurora Veil\n|upkeep\n|l|\u203dheybetch\n|inactive|heybetch disconnected and has a minute to reconnect!\n|player|p1|\n|\n|t:|1733842227\n|switch|p2a: Scyther|Scyther, L82, M|249/249\n|turn|11\n|j|\u203dheybetch\n|inactive|heybetch reconnected and has 130 seconds left.\n|player|p1|heybetch|102|\n|n|\u203dheybetch|heybetch\n|n|\u203dheybetch|heybetch\n|n|\u203dheybetch|heybetch\n|\n|t:|1733842241\n|move|p2a: Scyther|Dual Wingbeat|p1a: Politoed\n|-damage|p1a: Politoed|213/302\n|-damage|p1a: Politoed|135/302\n|-hitcount|p1a: Politoed|2\n|move|p1a: Politoed|Hypnosis|p2a: Scyther|[miss]\n|-miss|p1a: Politoed|p2a: Scyther\n|\n|-weather|RainDance|[upkeep]\n|-heal|p1a: Politoed|153/302|[from] item: Leftovers\n|upkeep\n|turn|12\n|inactive|Zeta026 has 90 seconds left.\n|\n|t:|1733842269\n|move|p2a: Scyther|Dual Wingbeat|p1a: Politoed\n|-damage|p1a: Politoed|78/302\n|-damage|p1a: Politoed|6/302\n|-hitcount|p1a: Politoed|2\n|move|p1a: Politoed|Hypnosis|p2a: Scyther\n|-status|p2a: Scyther|slp|[from] move: Hypnosis\n|\n|-weather|RainDance|[upkeep]\n|-heal|p1a: Politoed|24/302|[from] item: Leftovers\n|upkeep\n|turn|13\n|\n|t:|1733842277\n|cant|p2a: Scyther|slp\n|move|p1a: Politoed|Ice Beam|p2a: Scyther\n|-supereffective|p2a: Scyther\n|-damage|p2a: Scyther|113/249 slp\n|\n|-weather|RainDance|[upkeep]\n|-heal|p1a: Politoed|42/302|[from] item: Leftovers\n|upkeep\n|turn|14\n|\n|t:|1733842284\n|-curestatus|p2a: Scyther|slp|[msg]\n|move|p2a: Scyther|U-turn|p1a: Politoed\n|-damage|p1a: Politoed|0 fnt\n|faint|p1a: Politoed\n|\n|t:|1733842292\n|switch|p2a: Sylveon|Sylveon, L85, M|300/300|[from] U-turn\n|\n|-weather|none\n|upkeep\n|\n|t:|1733842302\n|switch|p1a: Chimecho|Chimecho, L93, F|290/290\n|-damage|p1a: Chimecho|254/290|[from] Stealth Rock\n|turn|15\n|inactive|Zeta026 has 90 seconds left.\n|l|\u203dheybetch\n|inactive|heybetch disconnected and has a minute to reconnect!\n|player|p1|\n|j|\u203dheybetch\n|inactive|heybetch reconnected.\n|player|p1|heybetch|102|\n|n|\u203dheybetch|heybetch\n|n|\u203dheybetch|heybetch\n|n|\u203dheybetch|heybetch\n|n|\u203dheybetch|heybetch\n|\n|t:|1733842335\n|switch|p2a: Gothitelle|Gothitelle, L90, M|272/272\n|move|p1a: Chimecho|Cosmic Power|p1a: Chimecho\n|-boost|p1a: Chimecho|def|1\n|-boost|p1a: Chimecho|spd|1\n|\n|-heal|p1a: Chimecho|272/290|[from] item: Leftovers\n|upkeep\n|turn|16\n|\n|t:|1733842344\n|move|p2a: Gothitelle|Trick|p1a: Chimecho\n|-activate|p2a: Gothitelle|move: Trick|[of] p1a: Chimecho\n|-item|p1a: Chimecho|Choice Scarf|[from] move: Trick\n|-item|p2a: Gothitelle|Leftovers|[from] move: Trick\n|move|p1a: Chimecho|Stored Power|p2a: Gothitelle\n|-resisted|p2a: Gothitelle\n|-damage|p2a: Gothitelle|244/272\n|\n|-heal|p2a: Gothitelle|261/272|[from] item: Leftovers\n|upkeep\n|turn|17\n|-message|heybetch forfeited.\n|\n|win|Zeta026\n", "inputlog": ">version bfd83cad13791eb5a5a409923076391caf6fb4d4\n>start {\"formatid\":\"gen9randombattle\",\"seed\":[3567,65043,62869,61568],\"rated\":\"Rated battle\"}\n>player p1 {\"name\":\"heybetch\",\"avatar\":\"102\",\"rating\":1777,\"seed\":[17076,42675,25155,29824]}\n>player p2 {\"name\":\"Zeta026\",\"avatar\":\"gentleman-gen4\",\"rating\":1830,\"seed\":[25843,9505,57157,59636]}\n>p1 switch 5\n>p2 switch 4\n>p1 move woodhammer\n>p2 move thunderwave\n>p1 move auroraveil\n>p2 move stealthrock\n>p1 move woodhammer\n>p2 move softboiled\n>p1 move woodhammer\n>p2 move seismictoss\n>chat \u2606heybetch|this game is fckn stupid\n>p1 switch 4\n>p1 move nastyplot\n>p2 move softboiled\n>p1 move nastyplot\n>p2 move seismictoss\n>p1 move thunderbolt\n>p2 move seismictoss\n>p1 move surf terastallize\n>p2 move seismictoss\n>p1 switch 2\n>p1 move surf\n>p2 move thunderwave\n>p2 switch 3\n>p1 move hypnosis\n>p2 move dualwingbeat\n>p1 move hypnosis\n>p2 move dualwingbeat\n>p1 move icebeam\n>p2 move dualwingbeat\n>p1 move icebeam\n>p2 move uturn\n>p2 switch 4\n>p1 switch 3\n>p1 move cosmicpower\n>p2 switch 5\n>p1 move storedpower\n>p2 move trick\n>forcelose p1", "uploadtime": 1733842041, "views": 1, "formatid": "gen9randombattle", "rating": null, "private": 0, "password": null}