{"id": "gen9randombattle-2260099212", "format": "[Gen 9] Random Battle", "players": ["Poscidion", "M!RNL"], "log": "|j|\u203dPoscidion\n|j|\u2606M!RNL\n|t:|1733802271\n|gametype|singles\n|player|p1|Poscidion|169|1406\n|player|p2|M!RNL|n|1361\n|teamsize|p1|6\n|teamsize|p2|6\n|gen|9\n|tier|[Gen 9] Random Battle\n|rated|\n|rule|Species Clause: Limit one of each Pok\u00e9mon\n|rule|HP Percentage Mod: HP is shown in percentages\n|rule|Sleep Clause Mod: Limit one foe put to sleep\n|rule|Illusion Level Mod: Illusion disguises the Pok\u00e9mon's true level\n|\n|t:|1733802271\n|start\n|switch|p1a: Amoonguss|Amoonguss, L82, M|321/321\n|switch|p2a: Kyurem|Kyurem-White, L73|303/303\n|-ability|p2a: Kyurem|Turboblaze\n|turn|1\n|inactive|Battle timer is ON: inactive players will automatically lose when time's up. (requested by Poscidion)\n|inactive|M!RNL has 120 seconds left.\n|\n|t:|1733802319\n|move|p2a: Kyurem|Fusion Flare|p1a: Amoonguss\n|-supereffective|p1a: Amoonguss\n|-damage|p1a: Amoonguss|139/321\n|move|p1a: Amoonguss|Spore|p2a: Kyurem\n|-status|p2a: Kyurem|slp|[from] move: Spore\n|\n|-heal|p1a: Amoonguss|159/321|[from] item: Leftovers\n|upkeep\n|turn|2\n|\n|t:|1733802334\n|switch|p2a: Vikavolt|Vikavolt, L83, M|263/263\n|switch|p1a: Piloswine|Piloswine, L85, F|309/309\n|\n|upkeep\n|turn|3\n|inactive|M!RNL has 120 seconds left.\n|\n|t:|1733802384\n|move|p2a: Vikavolt|Sticky Web|p1a: Piloswine\n|-sidestart|p1: Poscidion|move: Sticky Web\n|move|p1a: Piloswine|Roar|p2a: Vikavolt\n|drag|p2a: Dragapult|Dragapult, L77, F|262/262\n|\n|upkeep\n|turn|4\n|\n|t:|1733802390\n|move|p2a: Dragapult|Will-O-Wisp|p1a: Piloswine\n|-status|p1a: Piloswine|brn\n|move|p1a: Piloswine|Icicle Crash|p2a: Dragapult\n|-supereffective|p2a: Dragapult\n|-damage|p2a: Dragapult|139/262\n|\n|-damage|p1a: Piloswine|290/309 brn|[from] brn\n|upkeep\n|turn|5\n|\n|t:|1733802404\n|switch|p2a: Palafin|Palafin, L77, M|281/281\n|move|p1a: Piloswine|Icicle Crash|p2a: Palafin\n|-resisted|p2a: Palafin\n|-damage|p2a: Palafin|253/281\n|\n|-heal|p2a: Palafin|270/281|[from] item: Leftovers\n|-damage|p1a: Piloswine|271/309 brn|[from] brn\n|upkeep\n|turn|6\n|\n|t:|1733802416\n|detailschange|p2a: Palafin|Palafin-Hero, L77, M\n|switch|p2a: Vikavolt|Vikavolt, L83, M|263/263\n|move|p1a: Piloswine|Roar|p2a: Vikavolt\n|drag|p2a: Kyurem|Kyurem-White, L73|303/303 slp\n|-ability|p2a: Kyurem|Turboblaze\n|\n|-damage|p1a: Piloswine|252/309 brn|[from] brn\n|upkeep\n|turn|7\n|\n|t:|1733802423\n|cant|p2a: Kyurem|slp\n|move|p1a: Piloswine|Earthquake|p2a: Kyurem\n|-damage|p2a: Kyurem|237/303 slp\n|\n|-damage|p1a: Piloswine|233/309 brn|[from] brn\n|upkeep\n|turn|8\n|\n|t:|1733802426\n|cant|p2a: Kyurem|slp\n|move|p1a: Piloswine|Roar|p2a: Kyurem\n|drag|p2a: Armarouge|Armarouge, L80, M|267/267\n|\n|-damage|p1a: Piloswine|214/309 brn|[from] brn\n|upkeep\n|turn|9\n|inactive|M!RNL has 120 seconds left.\n|\n|t:|1733802448\n|move|p2a: Armarouge|Armor Cannon|p1a: Piloswine\n|-supereffective|p1a: Piloswine\n|-damage|p1a: Piloswine|28/309 brn\n|-unboost|p2a: Armarouge|def|1\n|-unboost|p2a: Armarouge|spd|1\n|move|p1a: Piloswine|Earthquake|p2a: Armarouge\n|-supereffective|p2a: Armarouge\n|-damage|p2a: Armarouge|110/267\n|-ability|p2a: Armarouge|Weak Armor|boost\n|-unboost|p2a: Armarouge|def|1\n|-boost|p2a: Armarouge|spe|2\n|\n|-damage|p1a: Piloswine|9/309 brn|[from] brn\n|upkeep\n|turn|10\n|inactive|M!RNL has 120 seconds left.\n|\n|t:|1733802458\n|move|p1a: Piloswine|Ice Shard|p2a: Armarouge\n|-resisted|p2a: Armarouge\n|-damage|p2a: Armarouge|88/267\n|-ability|p2a: Armarouge|Weak Armor|boost\n|-unboost|p2a: Armarouge|def|1\n|-boost|p2a: Armarouge|spe|2\n|move|p2a: Armarouge|Armor Cannon|p1a: Piloswine\n|-supereffective|p1a: Piloswine\n|-damage|p1a: Piloswine|0 fnt\n|-unboost|p2a: Armarouge|def|1\n|-unboost|p2a: Armarouge|spd|1\n|faint|p1a: Piloswine\n|\n|upkeep\n|\n|t:|1733802462\n|switch|p1a: Politoed|Politoed, L88, F|302/302\n|-activate|p1a: Politoed|move: Sticky Web\n|-unboost|p1a: Politoed|spe|1\n|-weather|RainDance|[from] ability: Drizzle|[of] p1a: Politoed\n|turn|11\n|\n|t:|1733802472\n|switch|p2a: Vikavolt|Vikavolt, L83, M|263/263\n|move|p1a: Politoed|Ice Beam|p2a: Vikavolt\n|-damage|p2a: Vikavolt|183/263\n|\n|-weather|RainDance|[upkeep]\n|upkeep\n|turn|12\n|\n|t:|1733802494\n|move|p2a: Vikavolt|Thunderbolt|p1a: Politoed\n|-supereffective|p1a: Politoed\n|-damage|p1a: Politoed|84/302\n|move|p1a: Politoed|Ice Beam|p2a: Vikavolt\n|-damage|p2a: Vikavolt|103/263\n|\n|-weather|RainDance|[upkeep]\n|upkeep\n|turn|13\n|inactive|M!RNL has 120 seconds left.\n|\n|t:|1733802520\n|move|p2a: Vikavolt|Volt Switch|p1a: Politoed\n|-supereffective|p1a: Politoed\n|-damage|p1a: Politoed|0 fnt\n|faint|p1a: Politoed\n|inactive|M!RNL has 120 seconds left.\n|\n|t:|1733802525\n|switch|p2a: Armarouge|Armarouge, L80, M|88/267|[from] Volt Switch\n|\n|-weather|RainDance|[upkeep]\n|upkeep\n|\n|t:|1733802532\n|switch|p1a: Tornadus|Tornadus-Therian, L79, M|254/254\n|turn|14\n|inactive|M!RNL has 120 seconds left.\n|\n|t:|1733802568\n|switch|p2a: Vikavolt|Vikavolt, L83, M|103/263\n|move|p1a: Tornadus|Bleakwind Storm|p2a: Vikavolt\n|-damage|p2a: Vikavolt|0 fnt\n|faint|p2a: Vikavolt\n|\n|-weather|RainDance|[upkeep]\n|upkeep\n|inactive|M!RNL has 90 seconds left.\n|\n|t:|1733802585\n|switch|p2a: Dragapult|Dragapult, L77, F|139/262\n|turn|15\n|\n|t:|1733802591\n|move|p2a: Dragapult|Dragon Darts|p1a: Tornadus\n|-damage|p1a: Tornadus|191/254\n|-anim|p2a: Dragapult|Dragon Darts|p1a: Tornadus\n|-damage|p1a: Tornadus|125/254\n|move|p1a: Tornadus|Knock Off|p2a: Dragapult\n|-supereffective|p2a: Dragapult\n|-damage|p2a: Dragapult|0 fnt\n|-enditem|p2a: Dragapult|Heavy-Duty Boots|[from] move: Knock Off|[of] p1a: Tornadus\n|faint|p2a: Dragapult\n|\n|-weather|none\n|upkeep\n|inactive|M!RNL has 90 seconds left.\n|inactive|M!RNL has 60 seconds left.\n|inactive|M!RNL has 30 seconds left.\n|inactive|M!RNL has 20 seconds left.\n|inactive|M!RNL has 15 seconds left.\n|inactive|M!RNL has 10 seconds left.\n|inactive|M!RNL has 5 seconds left.\n|-message|M!RNL lost due to inactivity.\n|\n|win|Poscidion\n|raw|Poscidion's rating: 1406 &rarr; <strong>1423</strong><br />(+17 for winning)\n|raw|M!RNL's rating: 1361 &rarr; <strong>1344</strong><br />(-17 for losing)\n", "inputlog": ">version bfd83cad13791eb5a5a409923076391caf6fb4d4\n>start {\"formatid\":\"gen9randombattle\",\"seed\":[48952,3083,2703,21616],\"rated\":\"Rated battle\"}\n>player p1 {\"name\":\"Poscidion\",\"avatar\":\"169\",\"rating\":1406,\"seed\":[7853,55182,15028,31201]}\n>player p2 {\"name\":\"M!RNL\",\"avatar\":\"n\",\"rating\":1361,\"seed\":[3710,30217,30299,24238]}\n>p1 move spore\n>p2 move fusionflare\n>p1 switch 4\n>p2 switch 2\n>p1 move roar\n>p2 move stickyweb\n>p1 move iciclecrash\n>p2 move willowisp\n>p1 move iciclecrash\n>p2 switch 6\n>p1 move roar\n>p2 switch 5\n>p1 move earthquake\n>p2 move fusionflare\n>p1 move roar\n>p2 move fusionflare\n>p1 move earthquake\n>p2 move armorcannon\n>p1 move iceshard\n>p2 move armorcannon\n>p1 switch 3\n>p1 move icebeam\n>p2 switch 2\n>p1 move icebeam\n>p2 move thunderbolt\n>p1 move icebeam\n>p2 move voltswitch\n>p2 switch 2\n>p1 switch 6\n>p1 move bleakwindstorm\n>p2 switch 2\n>p2 switch 6\n>p1 move knockoff\n>p2 move dragondarts\n>forcelose p2", "uploadtime": 1733802700, "views": 17, "formatid": "gen9randombattle", "rating": 1344, "private": 0, "password": null}