{"id": "gen9randombattle-2259997182", "format": "[Gen 9] Random Battle", "players": ["swagporeon", "KingKurii"], "log": "|j|\u2606swagporeon\n|j|\u2606KingKurii\n|t:|1733789090\n|gametype|singles\n|player|p1|swagporeon|winona|1711\n|player|p2|KingKurii|2|1737\n|teamsize|p1|6\n|teamsize|p2|6\n|gen|9\n|tier|[Gen 9] Random Battle\n|rated|\n|rule|Species Clause: Limit one of each Pok\u00e9mon\n|rule|HP Percentage Mod: HP is shown in percentages\n|rule|Sleep Clause Mod: Limit one foe put to sleep\n|rule|Illusion Level Mod: Illusion disguises the Pok\u00e9mon's true level\n|\n|t:|1733789090\n|start\n|switch|p1a: Kleavor|Kleavor, L78, M|237/237\n|switch|p2a: Lycanroc|Lycanroc-Midnight, L89, M|296/296\n|turn|1\n|inactive|Battle timer is ON: inactive players will automatically lose when time's up. (requested by KingKurii)\n|\n|t:|1733789109\n|switch|p1a: Grimmsnarl|Grimmsnarl, L83, M|293/293\n|move|p2a: Lycanroc|Stone Edge|p1a: Grimmsnarl\n|-damage|p1a: Grimmsnarl|66/293\n|-damage|p2a: Lycanroc|267/296|[from] item: Life Orb\n|\n|-heal|p1a: Grimmsnarl|84/293|[from] item: Leftovers\n|upkeep\n|turn|2\n|\n|t:|1733789125\n|move|p1a: Grimmsnarl|Thunder Wave|p2a: Lycanroc\n|-status|p2a: Lycanroc|par\n|move|p2a: Lycanroc|Stone Edge|p1a: Grimmsnarl\n|-crit|p1a: Grimmsnarl\n|-damage|p1a: Grimmsnarl|0 fnt\n|faint|p1a: Grimmsnarl\n|-damage|p2a: Lycanroc|238/296 par|[from] item: Life Orb\n|\n|upkeep\n|\n|t:|1733789131\n|switch|p1a: Clawitzer|Clawitzer, L87, M|265/265\n|turn|3\n|inactive|KingKurii has 120 seconds left.\n|\n|t:|1733789165\n|switch|p2a: Toxicroak|Toxicroak, L84, M|277/277\n|move|p1a: Clawitzer|Water Pulse|p2a: Toxicroak\n|-immune|p2a: Toxicroak|[from] ability: Dry Skin\n|\n|upkeep\n|turn|4\n|\n|t:|1733789171\n|switch|p1a: Espeon|Espeon, L84, F|246/246\n|move|p2a: Toxicroak|Gunk Shot|p1a: Espeon\n|-damage|p1a: Espeon|3/246\n|-status|p1a: Espeon|psn\n|-damage|p2a: Toxicroak|250/277|[from] item: Life Orb\n|\n|-damage|p1a: Espeon|0 fnt|[from] psn\n|faint|p1a: Espeon\n|upkeep\n|\n|t:|1733789179\n|switch|p1a: Raikou|Raikou, L81|278/278\n|-ability|p1a: Raikou|Pressure\n|turn|5\n|\n|t:|1733789191\n|-terastallize|p2a: Toxicroak|Ground\n|move|p1a: Raikou|Thunderbolt|p2a: Toxicroak\n|-immune|p2a: Toxicroak\n|move|p2a: Toxicroak|Gunk Shot|p1a: Raikou\n|-crit|p1a: Raikou\n|-damage|p1a: Raikou|0 fnt\n|faint|p1a: Raikou\n|-damage|p2a: Toxicroak|223/277|[from] item: Life Orb\n|\n|upkeep\n|\n|t:|1733789210\n|switch|p1a: Vaporeon|Vaporeon, L86, M|364/364\n|turn|6\n|\n|t:|1733789216\n|move|p2a: Toxicroak|Gunk Shot|p1a: Vaporeon\n|-damage|p1a: Vaporeon|130/364\n|-status|p1a: Vaporeon|psn\n|-damage|p2a: Toxicroak|196/277|[from] item: Life Orb\n|move|p1a: Vaporeon|Ice Beam|p2a: Toxicroak\n|-supereffective|p2a: Toxicroak\n|-damage|p2a: Toxicroak|20/277\n|\n|-heal|p1a: Vaporeon|152/364 psn|[from] item: Leftovers\n|-damage|p1a: Vaporeon|107/364 psn|[from] psn\n|upkeep\n|turn|7\n|\n|t:|1733789226\n|move|p2a: Toxicroak|Earthquake|p1a: Vaporeon\n|-damage|p1a: Vaporeon|0 fnt\n|faint|p1a: Vaporeon\n|-damage|p2a: Toxicroak|0 fnt|[from] item: Life Orb\n|faint|p2a: Toxicroak\n|\n|upkeep\n|\n|t:|1733789249\n|switch|p2a: Zarude|Zarude-Dada, L78|292/292\n|switch|p1a: Clawitzer|Clawitzer, L87, M|265/265\n|turn|8\n|\n|t:|1733789257\n|-terastallize|p1a: Clawitzer|Dark\n|move|p2a: Zarude|Power Whip|p1a: Clawitzer\n|-damage|p1a: Clawitzer|64/265\n|move|p1a: Clawitzer|U-turn|p2a: Zarude\n|-supereffective|p2a: Zarude\n|-damage|p2a: Zarude|120/292\n|\n|t:|1733789260\n|switch|p1a: Kleavor|Kleavor, L78, M|237/237|[from] U-turn\n|\n|upkeep\n|turn|9\n|\n|t:|1733789267\n|move|p2a: Zarude|Power Whip|p1a: Kleavor\n|-damage|p1a: Kleavor|29/237\n|move|p1a: Kleavor|X-Scissor|p2a: Zarude\n|-supereffective|p2a: Zarude\n|-damage|p2a: Zarude|0 fnt\n|faint|p2a: Zarude\n|\n|upkeep\n|\n|t:|1733789276\n|switch|p2a: Noivern|Noivern, L82, M|274/274\n|turn|10\n|\n|t:|1733789287\n|move|p2a: Noivern|Flamethrower|p1a: Kleavor\n|-damage|p1a: Kleavor|0 fnt\n|faint|p1a: Kleavor\n|\n|upkeep\n|\n|t:|1733789288\n|switch|p1a: Clawitzer|Clawitzer, L87, M, tera:Dark|64/265\n|turn|11\n|\n|t:|1733789294\n|move|p2a: Noivern|Flamethrower|p1a: Clawitzer\n|-damage|p1a: Clawitzer|0 fnt\n|faint|p1a: Clawitzer\n|\n|win|KingKurii\n|raw|swagporeon's rating: 1711 &rarr; <strong>1692</strong><br />(-19 for losing)\n|raw|KingKurii's rating: 1737 &rarr; <strong>1756</strong><br />(+19 for winning)\n|l|\u2606swagporeon\n|player|p1|\n", "inputlog": ">version bfd83cad13791eb5a5a409923076391caf6fb4d4\n>start {\"formatid\":\"gen9randombattle\",\"seed\":[60189,13172,27110,6466],\"rated\":\"Rated battle\"}\n>player p1 {\"name\":\"swagporeon\",\"avatar\":\"winona\",\"rating\":1711,\"seed\":[20470,65412,33420,43708]}\n>player p2 {\"name\":\"KingKurii\",\"avatar\":\"2\",\"rating\":1737,\"seed\":[16067,10447,7359,45211]}\n>p1 switch 2\n>p2 move stoneedge\n>p1 move thunderwave\n>p2 move stoneedge\n>p1 switch 4\n>p1 move waterpulse\n>p2 switch 4\n>p1 switch 6\n>p2 move gunkshot\n>p1 switch 5\n>p1 move thunderbolt\n>p2 move gunkshot terastallize\n>p1 switch 3\n>p1 move icebeam\n>p2 move gunkshot\n>p1 move wish\n>p2 move earthquake\n>p1 switch 6\n>p2 switch 5\n>p1 move uturn terastallize\n>p2 move powerwhip\n>p1 switch 2\n>p1 move xscissor\n>p2 move powerwhip\n>p2 switch 6\n>p1 move stoneaxe\n>p2 move flamethrower\n>p1 switch 2\n>p1 move darkpulse\n>p2 move flamethrower", "uploadtime": 1733789309, "views": 9, "formatid": "gen9randombattle", "rating": 1692, "private": 0, "password": null}