{"id": "gen9randombattle-2160676041", "format": "[Gen 9] Random Battle", "players": ["ShadowQ8", "kfc_jayd"], "log": "|badge|p1|bronze|gen9randombattle|100-2\n|uhtml|medal-msg|<div class=\"broadcast-blue\">Curious what those medals under the avatar are? PS now has Ladder Seasons! For more information, check out the <a href=\"https://www.smogon.com/forums/threads/3740067/\">thread on Smogon.</a></div>\n|j|\u2606ShadowQ8\n|j|\u2606kfc_jayd\n|t:|1720950521\n|gametype|singles\n|player|p1|ShadowQ8|teamrocket|2341\n|player|p2|kfc_jayd|170|2221\n|teamsize|p1|6\n|teamsize|p2|6\n|gen|9\n|tier|[Gen 9] Random Battle\n|rated|\n|rule|Species Clause: Limit one of each Pok\u00e9mon\n|rule|HP Percentage Mod: HP is shown in percentages\n|rule|Sleep Clause Mod: Limit one foe put to sleep\n|rule|Illusion Level Mod: Illusion disguises the Pok\u00e9mon's true level\n|\n|t:|1720950521\n|start\n|switch|p1a: Hypno|Hypno, L95, F|315/315\n|switch|p2a: Hitmontop|Hitmontop, L88, M|231/231\n|turn|1\n|inactive|Battle timer is ON: inactive players will automatically lose when time's up. (requested by ShadowQ8)\n|inactive|kfc_jayd has 120 seconds left.\n|\n|t:|1720950558\n|switch|p2a: Stonjourner|Stonjourner, L91, F|330/330\n|move|p1a: Hypno|Toxic|p2a: Stonjourner\n|-status|p2a: Stonjourner|tox\n|\n|-damage|p2a: Stonjourner|310/330 tox|[from] psn\n|upkeep\n|turn|2\n|\n|t:|1720950570\n|move|p1a: Hypno|Focus Blast|p2a: Stonjourner|[miss]\n|-miss|p1a: Hypno|p2a: Stonjourner\n|move|p2a: Stonjourner|Stealth Rock|p1a: Hypno\n|-sidestart|p1: ShadowQ8|move: Stealth Rock\n|\n|-damage|p2a: Stonjourner|270/330 tox|[from] psn\n|upkeep\n|turn|3\n|\n|t:|1720950580\n|switch|p2a: Illumise|Illumise, L91, F|266/266\n|move|p1a: Hypno|Focus Blast|p2a: Illumise\n|-resisted|p2a: Illumise\n|-damage|p2a: Illumise|224/266\n|\n|upkeep\n|turn|4\n|\n|t:|1720950586\n|switch|p1a: Vespiquen|Vespiquen, L98, F|296/296\n|-ability|p1a: Vespiquen|Pressure\n|move|p2a: Illumise|Encore||[still]\n|-fail|p2a: Illumise\n|\n|upkeep\n|turn|5\n|\n|t:|1720950594\n|switch|p2a: Stonjourner|Stonjourner, L91, F|270/330 tox\n|move|p1a: Vespiquen|Hurricane|p2a: Stonjourner\n|-resisted|p2a: Stonjourner\n|-damage|p2a: Stonjourner|120/330 tox\n|\n|-damage|p2a: Stonjourner|100/330 tox|[from] psn\n|upkeep\n|turn|6\n|\n|t:|1720950612\n|switch|p1a: Metagross|Metagross, L79|256/256\n|-damage|p1a: Metagross|240/256|[from] Stealth Rock\n|move|p2a: Stonjourner|Heat Crash|p1a: Metagross\n|-supereffective|p1a: Metagross\n|-damage|p1a: Metagross|159/256\n|-enditem|p1a: Metagross|Weakness Policy\n|-boost|p1a: Metagross|atk|2|[from] item: Weakness Policy\n|-boost|p1a: Metagross|spa|2|[from] item: Weakness Policy\n|-damage|p2a: Stonjourner|67/330 tox|[from] item: Life Orb\n|\n|-damage|p2a: Stonjourner|27/330 tox|[from] psn\n|upkeep\n|turn|7\n|\n|t:|1720950628\n|switch|p1a: Vespiquen|Vespiquen, L98, F|296/296\n|-ability|p1a: Vespiquen|Pressure\n|move|p2a: Stonjourner|Earthquake|p1a: Vespiquen\n|-immune|p1a: Vespiquen\n|\n|-damage|p2a: Stonjourner|0 fnt|[from] psn\n|faint|p2a: Stonjourner\n|upkeep\n|\n|t:|1720950649\n|switch|p2a: Moltres|Moltres, L81|278/278\n|turn|8\n|\n|t:|1720950659\n|switch|p1a: Metagross|Metagross, L79|159/256\n|-damage|p1a: Metagross|143/256|[from] Stealth Rock\n|move|p2a: Moltres|Brave Bird|p1a: Metagross\n|-resisted|p1a: Metagross\n|-damage|p1a: Metagross|94/256\n|-damage|p2a: Moltres|262/278|[from] Recoil\n|\n|upkeep\n|turn|9\n|\n|t:|1720950664\n|move|p2a: Moltres|Scorching Sands|p1a: Metagross\n|-supereffective|p1a: Metagross\n|-damage|p1a: Metagross|0 fnt\n|faint|p1a: Metagross\n|\n|upkeep\n|\n|t:|1720950668\n|switch|p1a: Hypno|Hypno, L95, F|315/315\n|-damage|p1a: Hypno|276/315|[from] Stealth Rock\n|turn|10\n|\n|t:|1720950684\n|switch|p2a: Malamar|Malamar, L82, F|275/275\n|move|p1a: Hypno|Toxic|p2a: Malamar\n|-status|p2a: Malamar|tox\n|\n|-heal|p1a: Hypno|295/315|[from] item: Leftovers\n|-damage|p2a: Malamar|258/275 tox|[from] psn\n|upkeep\n|turn|11\n|\n|t:|1720950690\n|switch|p1a: Vespiquen|Vespiquen, L98, F|296/296\n|-ability|p1a: Vespiquen|Pressure\n|move|p2a: Malamar|Knock Off|p1a: Vespiquen\n|-damage|p1a: Vespiquen|227/296\n|-enditem|p1a: Vespiquen|Heavy-Duty Boots|[from] move: Knock Off|[of] p2a: Malamar\n|\n|-damage|p2a: Malamar|224/275 tox|[from] psn\n|upkeep\n|turn|12\n|\n|t:|1720950694\n|switch|p2a: Moltres|Moltres, L81|262/278\n|move|p1a: Vespiquen|U-turn|p2a: Moltres\n|-resisted|p2a: Moltres\n|-damage|p2a: Moltres|241/278\n|\n|t:|1720950704\n|switch|p1a: Hypno|Hypno, L95, F|295/315|[from] U-turn\n|-damage|p1a: Hypno|256/315|[from] Stealth Rock\n|\n|-heal|p1a: Hypno|275/315|[from] item: Leftovers\n|upkeep\n|turn|13\n|\n|t:|1720950716\n|switch|p2a: Malamar|Malamar, L82, F|224/275 tox\n|move|p1a: Hypno|Toxic|p2a: Malamar\n|-fail|p2a: Malamar|tox\n|\n|-heal|p1a: Hypno|294/315|[from] item: Leftovers\n|-damage|p2a: Malamar|207/275 tox|[from] psn\n|upkeep\n|turn|14\n|\n|t:|1720950724\n|move|p1a: Hypno|Protect|p1a: Hypno\n|-singleturn|p1a: Hypno|Protect\n|move|p2a: Malamar|Knock Off|p1a: Hypno\n|-activate|p1a: Hypno|move: Protect\n|\n|-heal|p1a: Hypno|313/315|[from] item: Leftovers\n|-damage|p2a: Malamar|173/275 tox|[from] psn\n|upkeep\n|turn|15\n|\n|t:|1720950729\n|switch|p1a: Vespiquen|Vespiquen, L98, F|227/296\n|-damage|p1a: Vespiquen|79/296|[from] Stealth Rock\n|-ability|p1a: Vespiquen|Pressure\n|move|p2a: Malamar|Knock Off|p1a: Vespiquen\n|-damage|p1a: Vespiquen|31/296\n|\n|-damage|p2a: Malamar|122/275 tox|[from] psn\n|upkeep\n|turn|16\n|\n|t:|1720950734\n|move|p2a: Malamar|Knock Off|p1a: Vespiquen\n|-damage|p1a: Vespiquen|0 fnt\n|faint|p1a: Vespiquen\n|\n|-damage|p2a: Malamar|54/275 tox|[from] psn\n|upkeep\n|\n|t:|1720950745\n|switch|p1a: Iron Bundle|Iron Bundle, L77|213/213\n|-damage|p1a: Iron Bundle|160/213|[from] Stealth Rock\n|turn|17\n|\n|t:|1720950754\n|switch|p2a: Hitmontop|Hitmontop, L88, M|231/231\n|move|p1a: Iron Bundle|Freeze-Dry|p2a: Hitmontop\n|-damage|p2a: Hitmontop|173/231\n|\n|-heal|p1a: Iron Bundle|173/213|[from] item: Leftovers\n|-heal|p2a: Hitmontop|187/231|[from] item: Leftovers\n|upkeep\n|turn|18\n|\n|t:|1720950766\n|move|p1a: Iron Bundle|Substitute|p1a: Iron Bundle\n|-start|p1a: Iron Bundle|Substitute\n|-damage|p1a: Iron Bundle|120/213\n|move|p2a: Hitmontop|Bulk Up|p2a: Hitmontop\n|-boost|p2a: Hitmontop|atk|1\n|-boost|p2a: Hitmontop|def|1\n|\n|-heal|p1a: Iron Bundle|133/213|[from] item: Leftovers\n|-heal|p2a: Hitmontop|201/231|[from] item: Leftovers\n|upkeep\n|turn|19\n|\n|t:|1720950778\n|move|p1a: Iron Bundle|Encore|p2a: Hitmontop\n|-start|p2a: Hitmontop|Encore\n|move|p2a: Hitmontop|Bulk Up|p2a: Hitmontop\n|-boost|p2a: Hitmontop|atk|1\n|-boost|p2a: Hitmontop|def|1\n|\n|-heal|p1a: Iron Bundle|146/213|[from] item: Leftovers\n|-heal|p2a: Hitmontop|215/231|[from] item: Leftovers\n|upkeep\n|turn|20\n|\n|t:|1720950789\n|switch|p2a: Illumise|Illumise, L91, F|224/266\n|move|p1a: Iron Bundle|Hydro Pump|p2a: Illumise\n|-damage|p2a: Illumise|106/266\n|\n|-heal|p1a: Iron Bundle|159/213|[from] item: Leftovers\n|upkeep\n|turn|21\n|\n|t:|1720950794\n|move|p2a: Illumise|Roost|p2a: Illumise\n|-heal|p2a: Illumise|239/266\n|-singleturn|p2a: Illumise|move: Roost\n|move|p1a: Iron Bundle|Encore|p2a: Illumise\n|-start|p2a: Illumise|Encore\n|\n|-heal|p1a: Iron Bundle|172/213|[from] item: Leftovers\n|upkeep\n|turn|22\n|\n|t:|1720950803\n|switch|p2a: Hitmontop|Hitmontop, L88, M|215/231\n|move|p1a: Iron Bundle|Freeze-Dry|p2a: Hitmontop\n|-damage|p2a: Hitmontop|148/231\n|-status|p2a: Hitmontop|frz\n|\n|-heal|p1a: Iron Bundle|185/213|[from] item: Leftovers\n|-heal|p2a: Hitmontop|162/231 frz|[from] item: Leftovers\n|upkeep\n|turn|23\n|\n|t:|1720950815\n|move|p1a: Iron Bundle|Freeze-Dry|p2a: Hitmontop\n|-damage|p2a: Hitmontop|96/231 frz\n|cant|p2a: Hitmontop|frz\n|\n|-heal|p1a: Iron Bundle|198/213|[from] item: Leftovers\n|-heal|p2a: Hitmontop|110/231 frz|[from] item: Leftovers\n|upkeep\n|turn|24\n|\n|t:|1720950819\n|move|p1a: Iron Bundle|Freeze-Dry|p2a: Hitmontop\n|-damage|p2a: Hitmontop|49/231 frz\n|cant|p2a: Hitmontop|frz\n|\n|-heal|p1a: Iron Bundle|211/213|[from] item: Leftovers\n|-heal|p2a: Hitmontop|63/231 frz|[from] item: Leftovers\n|upkeep\n|turn|25\n|\n|t:|1720950822\n|move|p1a: Iron Bundle|Hydro Pump|p2a: Hitmontop\n|-damage|p2a: Hitmontop|0 fnt\n|faint|p2a: Hitmontop\n|\n|-heal|p1a: Iron Bundle|213/213|[from] item: Leftovers\n|upkeep\n|\n|t:|1720950825\n|switch|p2a: Illumise|Illumise, L91, F|239/266\n|turn|26\n|\n|t:|1720950829\n|move|p1a: Iron Bundle|Freeze-Dry|p2a: Illumise\n|-damage|p2a: Illumise|161/266\n|move|p2a: Illumise|Bug Buzz|p1a: Iron Bundle\n|-damage|p1a: Iron Bundle|92/213\n|\n|-heal|p1a: Iron Bundle|105/213|[from] item: Leftovers\n|upkeep\n|turn|27\n|\n|t:|1720950838\n|-end|p1a: Iron Bundle|Quark Drive|[silent]\n|switch|p1a: Hypno|Hypno, L95, F|313/315\n|-damage|p1a: Hypno|274/315|[from] Stealth Rock\n|move|p2a: Illumise|Bug Buzz|p1a: Hypno\n|-supereffective|p1a: Hypno\n|-damage|p1a: Hypno|134/315\n|\n|-heal|p1a: Hypno|153/315|[from] item: Leftovers\n|upkeep\n|turn|28\n|\n|t:|1720950861\n|move|p2a: Illumise|Thunder Wave|p1a: Hypno|[miss]\n|-miss|p2a: Illumise|p1a: Hypno\n|move|p1a: Hypno|Toxic|p2a: Illumise|[miss]\n|-miss|p1a: Hypno|p2a: Illumise\n|\n|-heal|p1a: Hypno|172/315|[from] item: Leftovers\n|upkeep\n|turn|29\n|\n|t:|1720950869\n|move|p2a: Illumise|Thunder Wave|p1a: Hypno\n|-status|p1a: Hypno|par\n|cant|p1a: Hypno|par\n|\n|-heal|p1a: Hypno|191/315 par|[from] item: Leftovers\n|upkeep\n|turn|30\n|\n|t:|1720950875\n|switch|p2a: Malamar|Malamar, L82, F|54/275 tox\n|switch|p1a: Sunflora|Sunflora, F|312/312\n|-damage|p1a: Sunflora|273/312|[from] Stealth Rock\n|\n|-damage|p2a: Malamar|37/275 tox|[from] psn\n|upkeep\n|turn|31\n|\n|t:|1720950897\n|-terastallize|p2a: Malamar|Poison\n|move|p2a: Malamar|Rest|p2a: Malamar\n|-status|p2a: Malamar|slp|[from] move: Rest\n|-heal|p2a: Malamar|275/275 slp|[silent]\n|-enditem|p2a: Malamar|Chesto Berry|[eat]\n|-curestatus|p2a: Malamar|slp|[msg]\n|move|p1a: Sunflora|Sunny Day|p1a: Sunflora\n|-weather|SunnyDay\n|\n|-weather|SunnyDay|[upkeep]\n|upkeep\n|turn|32\n|\n|t:|1720950914\n|switch|p2a: Moltres|Moltres, L81|241/278\n|move|p1a: Sunflora|Weather Ball|p2a: Moltres\n|-resisted|p2a: Moltres\n|-damage|p2a: Moltres|140/278\n|-damage|p1a: Sunflora|242/312|[from] item: Life Orb\n|\n|-weather|SunnyDay|[upkeep]\n|upkeep\n|turn|33\n|inactive|ShadowQ8 has 120 seconds left.\n|\n|t:|1720950974\n|-terastallize|p1a: Sunflora|Fire\n|move|p1a: Sunflora|Weather Ball|p2a: Moltres\n|-resisted|p2a: Moltres\n|-damage|p2a: Moltres|0 fnt\n|faint|p2a: Moltres\n|-damage|p1a: Sunflora|211/312|[from] item: Life Orb\n|\n|-weather|SunnyDay|[upkeep]\n|upkeep\n|inactive|kfc_jayd has 120 seconds left.\n|\n|t:|1720951017\n|switch|p2a: Illumise|Illumise, L91, F|161/266\n|turn|34\n|\n|t:|1720951025\n|move|p2a: Illumise|Thunder Wave|p1a: Sunflora\n|-status|p1a: Sunflora|par\n|move|p1a: Sunflora|Weather Ball|p2a: Illumise\n|-supereffective|p2a: Illumise\n|-damage|p2a: Illumise|0 fnt\n|faint|p2a: Illumise\n|-damage|p1a: Sunflora|180/312 par|[from] item: Life Orb\n|\n|-weather|SunnyDay|[upkeep]\n|upkeep\n|inactive|kfc_jayd has 90 seconds left.\n|\n|t:|1720951047\n|switch|p2a: Raichu|Raichu-Alola, L87, F|246/246\n|turn|35\n|\n|t:|1720951054\n|move|p2a: Raichu|Nasty Plot|p2a: Raichu\n|-boost|p2a: Raichu|spa|2\n|cant|p1a: Sunflora|par\n|\n|-weather|none\n|upkeep\n|turn|36\n|\n|t:|1720951061\n|move|p2a: Raichu|Psyshock|p1a: Sunflora\n|-crit|p1a: Sunflora\n|-damage|p1a: Sunflora|0 fnt\n|faint|p1a: Sunflora\n|-damage|p2a: Raichu|222/246|[from] item: Life Orb\n|\n|upkeep\n|\n|t:|1720951070\n|switch|p1a: Hypno|Hypno, L95, F|191/315 par\n|-damage|p1a: Hypno|152/315 par|[from] Stealth Rock\n|turn|37\n|\n|t:|1720951074\n|move|p2a: Raichu|Thunderbolt|p1a: Hypno\n|-damage|p1a: Hypno|0 fnt\n|faint|p1a: Hypno\n|-damage|p2a: Raichu|198/246|[from] item: Life Orb\n|\n|upkeep\n|\n|t:|1720951089\n|switch|p1a: Iron Bundle|Iron Bundle, L77|105/213\n|-damage|p1a: Iron Bundle|52/213|[from] Stealth Rock\n|turn|38\n|\n|t:|1720951097\n|move|p1a: Iron Bundle|Freeze-Dry|p2a: Raichu\n|-damage|p2a: Raichu|122/246\n|move|p2a: Raichu|Psyshock|p1a: Iron Bundle\n|-damage|p1a: Iron Bundle|0 fnt\n|faint|p1a: Iron Bundle\n|-end|p1a: Iron Bundle|Quark Drive|[silent]\n|-damage|p2a: Raichu|98/246|[from] item: Life Orb\n|\n|upkeep\n|\n|t:|1720951102\n|switch|p1a: Blastoise|Blastoise, L80, F|258/258\n|-damage|p1a: Blastoise|226/258|[from] Stealth Rock\n|turn|39\n|inactive|kfc_jayd has 120 seconds left.\n|\n|t:|1720951124\n|move|p2a: Raichu|Psyshock|p1a: Blastoise\n|-damage|p1a: Blastoise|0 fnt\n|faint|p1a: Blastoise\n|-damage|p2a: Raichu|74/246|[from] item: Life Orb\n|\n|win|kfc_jayd\n|raw|ShadowQ8's rating: 2341 &rarr; <strong>2314</strong><br />(-27 for losing)\n|raw|kfc_jayd's rating: 2221 &rarr; <strong>2248</strong><br />(+27 for winning)\n|l|\u2606ShadowQ8\n|player|p1|\n", "inputlog": ">version f7ad7c1b8a6ce355e8dbcd95eca255f5f71ead83\n>start {\"formatid\":\"gen9randombattle\",\"seed\":[40654,2426,13954,31483],\"rated\":\"Rated battle\"}\n>player p1 {\"name\":\"ShadowQ8\",\"avatar\":\"teamrocket\",\"rating\":2341,\"seed\":[16029,60548,24409,21755]}\n>player p2 {\"name\":\"kfc_jayd\",\"avatar\":\"170\",\"rating\":2221,\"seed\":[14825,35045,17194,2286]}\n>p1 move toxic\n>p2 switch 2\n>p1 move focusblast\n>p2 move stealthrock\n>p1 move focusblast\n>p2 switch 6\n>p1 switch 3\n>p2 move encore\n>p1 move hurricane\n>p2 switch 6\n>p1 switch 2\n>p2 move heatcrash\n>p1 switch 2\n>p2 move earthquake\n>p2 switch 5\n>p1 switch 2\n>p2 move bravebird\n>p1 move knockoff\n>p2 move scorchingsands\n>p1 switch 3\n>p1 move toxic\n>p2 switch 3\n>p1 switch 2\n>p2 move knockoff\n>p1 move uturn\n>p2 switch 3\n>p1 switch 2\n>p1 move toxic\n>p2 switch 3\n>p1 move protect\n>p2 move knockoff\n>p1 switch 2\n>p2 move knockoff\n>p1 move roost\n>p2 move knockoff\n>p1 switch 6\n>p1 move freezedry\n>p2 switch 2\n>p1 move substitute\n>p2 move bulkup\n>p1 move encore\n>p2 move rapidspin\n>p1 move hydropump\n>p2 switch 6\n>p1 move encore\n>p2 move roost\n>p1 move freezedry\n>p2 switch 6\n>p1 move freezedry\n>p2 move closecombat\n>p1 move freezedry\n>p2 move closecombat\n>p1 move hydropump\n>p2 move closecombat\n>p2 switch 6\n>p1 move freezedry\n>p2 move bugbuzz\n>p1 switch 2\n>p2 move bugbuzz\n>p1 move toxic\n>p2 move thunderwave\n>p1 move toxic\n>p2 move thunderwave\n>p1 switch 4\n>p2 switch 2\n>p1 move sunnyday\n>p2 move rest terastallize\n>p1 move weatherball\n>p2 switch 3\n>p1 move weatherball terastallize\n>p2 move roost\n>p2 switch 2\n>p1 move weatherball\n>p2 move thunderwave\n>p2 switch 4\n>p1 move weatherball\n>p2 move nastyplot\n>p1 move earthpower\n>p2 move psyshock\n>p1 switch 4\n>p1 move toxic\n>p2 move thunderbolt\n>p1 switch 2\n>p1 move freezedry\n>p2 move psyshock\n>p1 switch 5\n>p1 move shellsmash\n>p2 move psyshock", "uploadtime": 1720951141, "views": 155, "formatid": "gen9randombattle", "rating": 2248, "private": 0, "password": null}