{"id": "gen9randombattle-2260332304", "format": "[Gen 9] Random Battle", "players": ["TrickyDicky68", "Tymek champion"], "log": "|j|\u2606TrickyDicky68\n|j|\u203dTymek champion\n|t:|1733840892\n|gametype|singles\n|player|p1|TrickyDicky68|1|1128\n|player|p2|Tymek champion|riley|1116\n|teamsize|p1|6\n|teamsize|p2|6\n|gen|9\n|tier|[Gen 9] Random Battle\n|rated|\n|rule|Species Clause: Limit one of each Pok\u00e9mon\n|rule|HP Percentage Mod: HP is shown in percentages\n|rule|Sleep Clause Mod: Limit one foe put to sleep\n|rule|Illusion Level Mod: Illusion disguises the Pok\u00e9mon's true level\n|\n|t:|1733840892\n|start\n|switch|p1a: Duraludon|Duraludon, L82, M|249/249\n|switch|p2a: Rillaboom|Rillaboom, L79, M|288/288\n|-fieldstart|move: Grassy Terrain|[from] ability: Grassy Surge|[of] p2a: Rillaboom\n|turn|1\n|\n|t:|1733840924\n|move|p1a: Duraludon|Stealth Rock|p2a: Rillaboom\n|-sidestart|p2: Tymek champion|move: Stealth Rock\n|move|p2a: Rillaboom|Knock Off|p1a: Duraludon\n|-damage|p1a: Duraludon|194/249\n|-enditem|p1a: Duraludon|Eviolite|[from] move: Knock Off|[of] p2a: Rillaboom\n|-damage|p2a: Rillaboom|260/288|[from] item: Life Orb\n|\n|-heal|p1a: Duraludon|209/249|[from] Grassy Terrain\n|-heal|p2a: Rillaboom|278/288|[from] Grassy Terrain\n|upkeep\n|turn|2\n|\n|t:|1733840946\n|move|p1a: Duraludon|Draco Meteor|p2a: Rillaboom\n|-damage|p2a: Rillaboom|88/288\n|-unboost|p1a: Duraludon|spa|2\n|move|p2a: Rillaboom|Swords Dance|p2a: Rillaboom\n|-boost|p2a: Rillaboom|atk|2\n|\n|-heal|p1a: Duraludon|224/249|[from] Grassy Terrain\n|-heal|p2a: Rillaboom|106/288|[from] Grassy Terrain\n|upkeep\n|turn|3\n|\n|t:|1733840980\n|move|p2a: Rillaboom|Grassy Glide|p1a: Duraludon\n|-resisted|p1a: Duraludon\n|-damage|p1a: Duraludon|181/249\n|-damage|p2a: Rillaboom|78/288|[from] item: Life Orb\n|move|p1a: Duraludon|Body Press|p2a: Rillaboom\n|-damage|p2a: Rillaboom|12/288\n|\n|-heal|p1a: Duraludon|196/249|[from] Grassy Terrain\n|-heal|p2a: Rillaboom|30/288|[from] Grassy Terrain\n|upkeep\n|turn|4\n|\n|t:|1733840995\n|move|p1a: Duraludon|Body Press|p2a: Rillaboom\n|-damage|p2a: Rillaboom|0 fnt\n|faint|p2a: Rillaboom\n|\n|-heal|p1a: Duraludon|211/249|[from] Grassy Terrain\n|upkeep\n|\n|t:|1733841001\n|switch|p2a: Volcanion|Volcanion, L79|255/255\n|-damage|p2a: Volcanion|192/255|[from] Stealth Rock\n|turn|5\n|\n|t:|1733841027\n|switch|p1a: Ting-Lu|Ting-Lu, L78|370/370\n|-ability|p1a: Ting-Lu|Vessel of Ruin\n|move|p2a: Volcanion|Flamethrower|p1a: Ting-Lu\n|-damage|p1a: Ting-Lu|271/370\n|\n|-heal|p2a: Volcanion|207/255|[from] Grassy Terrain\n|-heal|p1a: Ting-Lu|294/370|[from] Grassy Terrain\n|-heal|p1a: Ting-Lu|317/370|[from] item: Leftovers\n|-fieldend|move: Grassy Terrain\n|upkeep\n|turn|6\n|\n|t:|1733841042\n|move|p2a: Volcanion|Steam Eruption|p1a: Ting-Lu|[miss]\n|-miss|p2a: Volcanion|p1a: Ting-Lu\n|move|p1a: Ting-Lu|Earthquake|p2a: Volcanion\n|-supereffective|p2a: Volcanion\n|-damage|p2a: Volcanion|37/255\n|\n|-heal|p1a: Ting-Lu|340/370|[from] item: Leftovers\n|upkeep\n|turn|7\n|\n|t:|1733841060\n|switch|p1a: Masquerain|Masquerain, L87, F|264/264\n|-ability|p1a: Masquerain|Intimidate|boost\n|-unboost|p2a: Volcanion|atk|1\n|move|p2a: Volcanion|Steam Eruption|p1a: Masquerain\n|-crit|p1a: Masquerain\n|-damage|p1a: Masquerain|72/264\n|\n|upkeep\n|turn|8\n|\n|t:|1733841079\n|move|p1a: Masquerain|Hurricane|p2a: Volcanion\n|-damage|p2a: Volcanion|0 fnt\n|faint|p2a: Volcanion\n|\n|upkeep\n|\n|t:|1733841086\n|switch|p2a: Pachirisu|Pachirisu, L96, M|271/271\n|turn|9\n|\n|t:|1733841097\n|move|p2a: Pachirisu|Discharge|p1a: Masquerain\n|-supereffective|p1a: Masquerain\n|-damage|p1a: Masquerain|0 fnt\n|faint|p1a: Masquerain\n|\n|upkeep\n|\n|t:|1733841104\n|switch|p1a: Ting-Lu|Ting-Lu, L78|340/370\n|-ability|p1a: Ting-Lu|Vessel of Ruin\n|turn|10\n|\n|t:|1733841109\n|move|p2a: Pachirisu|Super Fang|p1a: Ting-Lu\n|-damage|p1a: Ting-Lu|170/370\n|move|p1a: Ting-Lu|Spikes|p2a: Pachirisu\n|-sidestart|p2: Tymek champion|Spikes\n|\n|-heal|p1a: Ting-Lu|193/370|[from] item: Leftovers\n|upkeep\n|turn|11\n|\n|t:|1733841116\n|move|p2a: Pachirisu|Super Fang|p1a: Ting-Lu\n|-damage|p1a: Ting-Lu|97/370\n|move|p1a: Ting-Lu|Earthquake|p2a: Pachirisu\n|-supereffective|p2a: Pachirisu\n|-damage|p2a: Pachirisu|43/271\n|\n|-heal|p1a: Ting-Lu|120/370|[from] item: Leftovers\n|upkeep\n|turn|12\n|\n|t:|1733841125\n|move|p2a: Pachirisu|Super Fang|p1a: Ting-Lu\n|-damage|p1a: Ting-Lu|60/370\n|move|p1a: Ting-Lu|Spikes|p2a: Pachirisu\n|-sidestart|p2: Tymek champion|Spikes\n|\n|-heal|p1a: Ting-Lu|83/370|[from] item: Leftovers\n|upkeep\n|turn|13\n|\n|t:|1733841131\n|move|p2a: Pachirisu|Super Fang|p1a: Ting-Lu\n|-damage|p1a: Ting-Lu|42/370\n|move|p1a: Ting-Lu|Spikes|p2a: Pachirisu\n|-sidestart|p2: Tymek champion|Spikes\n|\n|-heal|p1a: Ting-Lu|65/370|[from] item: Leftovers\n|upkeep\n|turn|14\n|\n|t:|1733841139\n|move|p2a: Pachirisu|Super Fang|p1a: Ting-Lu\n|-damage|p1a: Ting-Lu|33/370\n|move|p1a: Ting-Lu|Earthquake|p2a: Pachirisu\n|-supereffective|p2a: Pachirisu\n|-damage|p2a: Pachirisu|0 fnt\n|faint|p2a: Pachirisu\n|\n|-heal|p1a: Ting-Lu|56/370|[from] item: Leftovers\n|upkeep\n|\n|t:|1733841148\n|switch|p2a: Glastrier|Glastrier, L86|312/312\n|turn|15\n|\n|t:|1733841155\n|move|p1a: Ting-Lu|Heavy Slam|p2a: Glastrier\n|-supereffective|p2a: Glastrier\n|-damage|p2a: Glastrier|270/312\n|move|p2a: Glastrier|Icicle Crash|p1a: Ting-Lu\n|-supereffective|p1a: Ting-Lu\n|-damage|p1a: Ting-Lu|0 fnt\n|faint|p1a: Ting-Lu\n|-ability|p2a: Glastrier|Chilling Neigh|boost\n|-boost|p2a: Glastrier|atk|1\n|\n|upkeep\n|\n|t:|1733841173\n|switch|p1a: Blaziken|Blaziken, L76, M|247/247\n|turn|16\n|\n|t:|1733841188\n|move|p1a: Blaziken|Knock Off|p2a: Glastrier\n|-damage|p2a: Glastrier|206/312\n|-enditem|p2a: Glastrier|Heavy-Duty Boots|[from] move: Knock Off|[of] p1a: Blaziken\n|-damage|p1a: Blaziken|223/247|[from] item: Life Orb\n|move|p2a: Glastrier|High Horsepower|p1a: Blaziken\n|-supereffective|p1a: Blaziken\n|-damage|p1a: Blaziken|0 fnt\n|faint|p1a: Blaziken\n|-ability|p2a: Glastrier|Chilling Neigh|boost\n|-boost|p2a: Glastrier|atk|1\n|\n|upkeep\n|\n|t:|1733841208\n|switch|p1a: Duraludon|Duraludon, L82, M|211/249\n|turn|17\n|\n|t:|1733841213\n|move|p1a: Duraludon|Flash Cannon|p2a: Glastrier\n|-supereffective|p2a: Glastrier\n|-damage|p2a: Glastrier|54/312\n|move|p2a: Glastrier|High Horsepower|p1a: Duraludon\n|-supereffective|p1a: Duraludon\n|-damage|p1a: Duraludon|0 fnt\n|faint|p1a: Duraludon\n|-ability|p2a: Glastrier|Chilling Neigh|boost\n|-boost|p2a: Glastrier|atk|1\n|\n|upkeep\n|\n|t:|1733841221\n|switch|p1a: Excadrill|Excadrill, L79, M|303/303\n|-ability|p1a: Excadrill|Mold Breaker\n|turn|18\n|\n|t:|1733841226\n|move|p1a: Excadrill|Iron Head|p2a: Glastrier\n|-supereffective|p2a: Glastrier\n|-damage|p2a: Glastrier|0 fnt\n|faint|p2a: Glastrier\n|\n|upkeep\n|\n|t:|1733841232\n|switch|p2a: Leafeon|Leafeon, L88, F|258/258\n|-damage|p2a: Leafeon|226/258|[from] Stealth Rock\n|-damage|p2a: Leafeon|162/258|[from] Spikes\n|turn|19\n|\n|t:|1733841245\n|move|p2a: Leafeon|Leaf Blade|p1a: Excadrill\n|-damage|p1a: Excadrill|89/303\n|-damage|p2a: Leafeon|137/258|[from] item: Life Orb\n|move|p1a: Excadrill|Iron Head|p2a: Leafeon\n|-damage|p2a: Leafeon|70/258\n|\n|-heal|p1a: Excadrill|107/303|[from] item: Leftovers\n|upkeep\n|turn|20\n|\n|t:|1733841256\n|move|p2a: Leafeon|Leaf Blade|p1a: Excadrill\n|-damage|p1a: Excadrill|0 fnt\n|faint|p1a: Excadrill\n|-damage|p2a: Leafeon|45/258|[from] item: Life Orb\n|\n|upkeep\n|\n|t:|1733841288\n|switch|p1a: Reuniclus|Reuniclus, L88, F|337/337\n|turn|21\n|\n|t:|1733841300\n|move|p2a: Leafeon|Leaf Blade|p1a: Reuniclus\n|-damage|p1a: Reuniclus|168/337\n|-damage|p2a: Leafeon|20/258|[from] item: Life Orb\n|move|p1a: Reuniclus|Calm Mind|p1a: Reuniclus\n|-boost|p1a: Reuniclus|spa|1\n|-boost|p1a: Reuniclus|spd|1\n|\n|upkeep\n|turn|22\n|\n|t:|1733841309\n|move|p2a: Leafeon|Double-Edge|p1a: Reuniclus\n|-damage|p1a: Reuniclus|13/337\n|-damage|p2a: Leafeon|0 fnt|[from] Recoil\n|faint|p2a: Leafeon\n|move|p1a: Reuniclus|Recover|p1a: Reuniclus\n|-heal|p1a: Reuniclus|182/337\n|\n|upkeep\n|\n|t:|1733841316\n|switch|p2a: Morpeko|Morpeko, L88, M|245/245\n|turn|23\n|\n|t:|1733841323\n|-terastallize|p2a: Morpeko|Electric\n|-terastallize|p1a: Reuniclus|Steel\n|move|p2a: Morpeko|Aura Wheel|p1a: Reuniclus\n|-damage|p1a: Reuniclus|0 fnt\n|-boost|p2a: Morpeko|spe|1\n|faint|p1a: Reuniclus\n|\n|win|Tymek champion\n|raw|TrickyDicky68's rating: 1128 &rarr; <strong>1102</strong><br />(-26 for losing)\n|raw|Tymek champion's rating: 1116 &rarr; <strong>1142</strong><br />(+26 for winning)\n|l|\u2606TrickyDicky68\n|player|p1|\n", "inputlog": ">version bfd83cad13791eb5a5a409923076391caf6fb4d4\n>start {\"formatid\":\"gen9randombattle\",\"seed\":[52023,25737,59139,43918],\"rated\":\"Rated battle\"}\n>player p1 {\"name\":\"TrickyDicky68\",\"avatar\":\"1\",\"rating\":1128,\"seed\":[48519,15272,53761,1661]}\n>player p2 {\"name\":\"Tymek champion\",\"avatar\":\"riley\",\"rating\":1116,\"seed\":[51900,51185,32994,22817]}\n>p1 move stealthrock\n>p2 move knockoff\n>p1 move dracometeor\n>p2 move swordsdance\n>p1 move bodypress\n>p2 move grassyglide\n>p1 move bodypress\n>p2 move knockoff\n>p2 switch 6\n>p1 switch 4\n>p2 move flamethrower\n>p1 move earthquake\n>p2 move steameruption\n>p1 switch 5\n>p2 move steameruption\n>p1 move hurricane\n>p2 move flamethrower\n>p2 switch 5\n>p1 move stickyweb\n>p2 move discharge\n>p1 switch 5\n>p1 move spikes\n>p2 move superfang\n>p1 move earthquake\n>p2 move superfang\n>p1 move spikes\n>p2 move superfang\n>p1 move spikes\n>p2 move superfang\n>p1 move earthquake\n>p2 move superfang\n>p2 switch 2\n>p1 move heavyslam\n>p2 move iciclecrash\n>p1 switch 3\n>p1 move knockoff\n>p2 move highhorsepower\n>p1 switch 4\n>p1 move flashcannon\n>p2 move highhorsepower\n>p1 switch 2\n>p1 move ironhead\n>p2 move highhorsepower\n>p2 switch 3\n>p1 move ironhead\n>p2 move leafblade\n>p1 move ironhead\n>p2 move leafblade\n>p1 switch 6\n>p1 move calmmind\n>p2 move leafblade\n>p1 move recover\n>p2 move doubleedge\n>p2 switch 4\n>p1 move recover terastallize\n>p2 move aurawheel terastallize", "uploadtime": 1733841334, "views": 1, "formatid": "gen9randombattle", "rating": 1102, "private": 0, "password": null}