{"id": "gen9randombattle-2260769878", "format": "[Gen 9] Random Battle", "players": ["xinyazhili", "Zara home 001"], "log": "|j|\u2606xinyazhili\n|j|\u2606Zara home 001\n|t:|1733889402\n|gametype|singles\n|player|p1|xinyazhili|170|\n|player|p2|Zara home 001|266|\n|teamsize|p1|6\n|teamsize|p2|6\n|gen|9\n|tier|[Gen 9] Random Battle\n|rule|Species Clause: Limit one of each Pok\u00e9mon\n|rule|HP Percentage Mod: HP is shown in percentages\n|rule|Sleep Clause Mod: Limit one foe put to sleep\n|rule|Illusion Level Mod: Illusion disguises the Pok\u00e9mon's true level\n|\n|t:|1733889402\n|start\n|switch|p1a: Tyranitar|Tyranitar, L79, M|288/288\n|switch|p2a: Floatzel|Floatzel, L85, M|283/283\n|-weather|Sandstorm|[from] ability: Sand Stream|[of] p1a: Tyranitar\n|turn|1\n|inactive|Battle timer is ON: inactive players will automatically lose when time's up. (requested by xinyazhili)\n|\n|t:|1733889413\n|switch|p1a: Azumarill|Azumarill, L82, F|298/298\n|move|p2a: Floatzel|Wave Crash|p1a: Azumarill\n|-resisted|p1a: Azumarill\n|-damage|p1a: Azumarill|173/298\n|-damage|p2a: Floatzel|242/283|[from] Recoil\n|\n|-weather|Sandstorm|[upkeep]\n|-damage|p2a: Floatzel|225/283|[from] Sandstorm\n|-damage|p1a: Azumarill|155/298|[from] Sandstorm\n|upkeep\n|turn|2\n|\n|t:|1733889419\n|-terastallize|p2a: Floatzel|Water\n|move|p2a: Floatzel|Wave Crash|p1a: Azumarill\n|-resisted|p1a: Azumarill\n|-damage|p1a: Azumarill|0 fnt\n|faint|p1a: Azumarill\n|-damage|p2a: Floatzel|174/283|[from] Recoil\n|\n|-weather|Sandstorm|[upkeep]\n|-damage|p2a: Floatzel|157/283|[from] Sandstorm\n|upkeep\n|\n|t:|1733889422\n|switch|p1a: Breloom|Breloom, L82, M|233/233\n|turn|3\n|\n|t:|1733889426\n|move|p2a: Floatzel|Wave Crash|p1a: Breloom\n|-resisted|p1a: Breloom\n|-damage|p1a: Breloom|70/233\n|-damage|p2a: Floatzel|103/283|[from] Recoil\n|move|p1a: Breloom|Bullet Seed|p2a: Floatzel\n|-supereffective|p2a: Floatzel\n|-damage|p2a: Floatzel|0 fnt\n|faint|p2a: Floatzel\n|-hitcount|p2: Floatzel|1\n|-damage|p1a: Breloom|47/233|[from] item: Life Orb\n|\n|-weather|Sandstorm|[upkeep]\n|-damage|p1a: Breloom|33/233|[from] Sandstorm\n|upkeep\n|\n|t:|1733889433\n|switch|p2a: Diancie|Diancie, L82|216/216\n|turn|4\n|\n|t:|1733889439\n|move|p1a: Breloom|Spore|p2a: Diancie\n|-status|p2a: Diancie|slp|[from] move: Spore\n|cant|p2a: Diancie|slp\n|\n|-weather|Sandstorm|[upkeep]\n|-damage|p1a: Breloom|19/233|[from] Sandstorm\n|upkeep\n|turn|5\n|\n|t:|1733889442\n|switch|p2a: Eiscue|Eiscue, L88, M|272/272\n|move|p1a: Breloom|Bullet Seed|p2a: Eiscue\n|-activate|p2a: Eiscue|ability: Ice Face\n|-damage|p2a: Eiscue|272/272\n|detailschange|p2a: Eiscue|Eiscue-Noice, L88, M\n|-damage|p2a: Eiscue|202/272\n|-damage|p2a: Eiscue|128/272\n|-damage|p2a: Eiscue|58/272\n|-enditem|p2a: Eiscue|Salac Berry|[eat]\n|-boost|p2a: Eiscue|spe|1|[from] item: Salac Berry\n|-hitcount|p2a: Eiscue|4\n|-damage|p1a: Breloom|0 fnt|[from] item: Life Orb\n|faint|p1a: Breloom\n|\n|-weather|none\n|upkeep\n|\n|t:|1733889452\n|switch|p1a: Tyranitar|Tyranitar, L79, M|288/288\n|-weather|Sandstorm|[from] ability: Sand Stream|[of] p1a: Tyranitar\n|turn|6\n|\n|t:|1733889455\n|move|p2a: Eiscue|Liquidation|p1a: Tyranitar\n|-supereffective|p1a: Tyranitar\n|-damage|p1a: Tyranitar|190/288\n|move|p1a: Tyranitar|Knock Off|p2a: Eiscue\n|-damage|p2a: Eiscue|0 fnt\n|faint|p2a: Eiscue\n|\n|-weather|Sandstorm|[upkeep]\n|-heal|p1a: Tyranitar|208/288|[from] item: Leftovers\n|upkeep\n|\n|t:|1733889460\n|switch|p2a: Iron Boulder|Iron Boulder, L77|265/265\n|turn|7\n|\n|t:|1733889463\n|move|p2a: Iron Boulder|Close Combat|p1a: Tyranitar\n|-supereffective|p1a: Tyranitar\n|-damage|p1a: Tyranitar|0 fnt\n|-unboost|p2a: Iron Boulder|def|1\n|-unboost|p2a: Iron Boulder|spd|1\n|faint|p1a: Tyranitar\n|-damage|p2a: Iron Boulder|239/265|[from] item: Life Orb\n|\n|-weather|Sandstorm|[upkeep]\n|upkeep\n|\n|t:|1733889467\n|switch|p1a: Florges|Florges, L85, F|271/271\n|turn|8\n|\n|t:|1733889474\n|-end|p2a: Iron Boulder|Quark Drive|[silent]\n|switch|p2a: Iron Jugulis|Iron Jugulis, L78|275/275\n|move|p1a: Florges|Moonblast|p2a: Iron Jugulis\n|-supereffective|p2a: Iron Jugulis\n|-damage|p2a: Iron Jugulis|0 fnt\n|faint|p2a: Iron Jugulis\n|-end|p2a: Iron Jugulis|Quark Drive|[silent]\n|\n|-weather|Sandstorm|[upkeep]\n|-damage|p1a: Florges|255/271|[from] Sandstorm\n|-heal|p1a: Florges|271/271|[from] item: Leftovers\n|upkeep\n|\n|t:|1733889476\n|switch|p2a: Iron Boulder|Iron Boulder, L77|239/265\n|turn|9\n|\n|t:|1733889489\n|move|p2a: Iron Boulder|Swords Dance|p2a: Iron Boulder\n|-boost|p2a: Iron Boulder|atk|2\n|move|p1a: Florges|Moonblast|p2a: Iron Boulder\n|-damage|p2a: Iron Boulder|169/265\n|\n|-weather|Sandstorm|[upkeep]\n|-damage|p1a: Florges|255/271|[from] Sandstorm\n|-heal|p1a: Florges|271/271|[from] item: Leftovers\n|upkeep\n|turn|10\n|\n|t:|1733889495\n|move|p1a: Florges|Protect|p1a: Florges\n|-singleturn|p1a: Florges|Protect\n|move|p2a: Iron Boulder|Swords Dance|p2a: Iron Boulder\n|-boost|p2a: Iron Boulder|atk|2\n|\n|-weather|none\n|upkeep\n|turn|11\n|\n|t:|1733889498\n|-terastallize|p1a: Florges|Steel\n|move|p2a: Iron Boulder|Mighty Cleave|p1a: Florges\n|-resisted|p1a: Florges\n|-damage|p1a: Florges|21/271\n|-damage|p2a: Iron Boulder|143/265|[from] item: Life Orb\n|move|p1a: Florges|Moonblast|p2a: Iron Boulder\n|-damage|p2a: Iron Boulder|40/265\n|\n|-heal|p1a: Florges|37/271|[from] item: Leftovers\n|upkeep\n|turn|12\n|\n|t:|1733889502\n|move|p2a: Iron Boulder|Mighty Cleave|p1a: Florges\n|-resisted|p1a: Florges\n|-damage|p1a: Florges|0 fnt\n|faint|p1a: Florges\n|-damage|p2a: Iron Boulder|14/265|[from] item: Life Orb\n|\n|upkeep\n|\n|t:|1733889517\n|switch|p1a: Smeargle|Smeargle, L95, F|258/258\n|turn|13\n|\n|t:|1733889519\n|switch|p1a: Lumineon|Lumineon, L93, M|279/279\n|move|p2a: Iron Boulder|Mighty Cleave|p1a: Lumineon\n|-damage|p1a: Lumineon|0 fnt\n|faint|p1a: Lumineon\n|-damage|p2a: Iron Boulder|0 fnt|[from] item: Life Orb\n|faint|p2a: Iron Boulder\n|-end|p2a: Iron Boulder|Quark Drive|[silent]\n|\n|upkeep\n|\n|t:|1733889522\n|switch|p2a: Spectrier|Spectrier, L75|274/274\n|switch|p1a: Smeargle|Smeargle, L95, F|258/258\n|turn|14\n|\n|t:|1733889527\n|move|p2a: Spectrier|Will-O-Wisp|p1a: Smeargle|[miss]\n|-miss|p2a: Spectrier|p1a: Smeargle\n|move|p1a: Smeargle|Shell Smash|p1a: Smeargle\n|-unboost|p1a: Smeargle|def|1\n|-unboost|p1a: Smeargle|spd|1\n|-boost|p1a: Smeargle|atk|2\n|-boost|p1a: Smeargle|spa|2\n|-boost|p1a: Smeargle|spe|2\n|\n|upkeep\n|turn|15\n|\n|t:|1733889530\n|move|p1a: Smeargle|Power Trip|p2a: Spectrier\n|-supereffective|p2a: Spectrier\n|-damage|p2a: Spectrier|0 fnt\n|faint|p2a: Spectrier\n|\n|upkeep\n|\n|t:|1733889532\n|switch|p2a: Diancie|Diancie, L82|216/216 slp\n|turn|16\n|\n|t:|1733889537\n|move|p1a: Smeargle|Population Bomb|p2a: Diancie\n|-resisted|p2a: Diancie\n|-damage|p2a: Diancie|204/216 slp\n|-resisted|p2a: Diancie\n|-damage|p2a: Diancie|193/216 slp\n|-resisted|p2a: Diancie\n|-damage|p2a: Diancie|181/216 slp\n|-resisted|p2a: Diancie\n|-damage|p2a: Diancie|169/216 slp\n|-resisted|p2a: Diancie\n|-damage|p2a: Diancie|158/216 slp\n|-resisted|p2a: Diancie\n|-damage|p2a: Diancie|148/216 slp\n|-resisted|p2a: Diancie\n|-damage|p2a: Diancie|138/216 slp\n|-resisted|p2a: Diancie\n|-damage|p2a: Diancie|127/216 slp\n|-resisted|p2a: Diancie\n|-damage|p2a: Diancie|117/216 slp\n|-resisted|p2a: Diancie\n|-damage|p2a: Diancie|106/216 slp\n|-hitcount|p2a: Diancie|10\n|cant|p2a: Diancie|slp\n|\n|-heal|p2a: Diancie|119/216 slp|[from] item: Leftovers\n|upkeep\n|turn|17\n|\n|t:|1733889540\n|move|p1a: Smeargle|Power Trip|p2a: Diancie\n|-resisted|p2a: Diancie\n|-damage|p2a: Diancie|86/216 slp\n|-curestatus|p2a: Diancie|slp|[msg]\n|move|p2a: Diancie|Body Press|p1a: Smeargle\n|-supereffective|p1a: Smeargle\n|-damage|p1a: Smeargle|0 fnt\n|faint|p1a: Smeargle\n|\n|win|Zara home 001\n|l|\u2606xinyazhili\n|player|p1|\n", "inputlog": ">version bfd83cad13791eb5a5a409923076391caf6fb4d4\n>start {\"formatid\":\"gen9randombattle\",\"seed\":[5024,7087,31196,34696]}\n>player p1 {\"name\":\"xinyazhili\",\"avatar\":\"170\",\"rating\":0,\"seed\":[41365,19667,19774,15291]}\n>player p2 {\"name\":\"Zara home 001\",\"avatar\":\"266\",\"rating\":0,\"seed\":[1865,21229,38456,4307]}\n>p1 switch 5\n>p2 move wavecrash\n>p1 move playrough\n>p2 move wavecrash terastallize\n>p1 switch 4\n>p1 move bulletseed\n>p2 move wavecrash\n>p2 switch 3\n>p1 move spore\n>p2 move diamondstorm\n>p1 move bulletseed\n>p2 switch 6\n>p1 switch 5\n>p1 move knockoff\n>p2 move liquidation\n>p2 switch 4\n>p1 move knockoff\n>p2 move closecombat\n>p1 switch 6\n>p1 move moonblast\n>p2 switch 5\n>p2 switch 5\n>p1 move moonblast\n>p2 move swordsdance\n>p1 move protect\n>p2 move swordsdance\n>p1 move moonblast terastallize\n>p2 move mightycleave\n>p1 move moonblast\n>p2 move mightycleave\n>p1 switch 3\n>p1 switch 2\n>p2 move mightycleave\n>p1 switch 2\n>p2 switch 2\n>p1 move shellsmash\n>p2 move willowisp\n>p1 move powertrip\n>p2 move willowisp\n>p2 switch 6\n>p1 move populationbomb\n>p2 move bodypress\n>p1 move powertrip\n>p2 move bodypress", "uploadtime": 1733889552, "views": 9, "formatid": "gen9randombattle", "rating": null, "private": 0, "password": null}