{"id": "gen9randombattle-2152240027", "format": "[Gen 9] Random Battle", "players": ["padstar36", "elodin"], "log": "|badge|p2|bronze|gen9randombattle|100-1\n|html|<div class=\"broadcast-red\"><strong>This battle is required to be public due to one or more player having a season medal.</strong><br />During the public phase, you can discuss the state of the ladder <a href=\"/seasondiscussion\">in a special chatroom.</a></div>\n|uhtml|medal-msg|<div class=\"broadcast-blue\">Curious what those medals under the avatar are? PS now has Ladder Seasons! For more information, check out the <a href=\"https://www.smogon.com/forums/threads/3740067/\">thread on Smogon.</a></div>\n|raw|<div class=\"broadcast-blue\"><strong>This battle is required to be public due to a player having a name starting with 'medal'.</div>\n|j|\u2606padstar36\n|j|\u2606elodin\n|t:|1719681905\n|gametype|singles\n|player|p1|padstar36|ingo|2188\n|player|p2|elodin|#wcop2024brazil|2348\n|teamsize|p1|6\n|teamsize|p2|6\n|gen|9\n|tier|[Gen 9] Random Battle\n|rated|\n|rule|Species Clause: Limit one of each Pok\u00e9mon\n|rule|HP Percentage Mod: HP is shown in percentages\n|rule|Sleep Clause Mod: Limit one foe put to sleep\n|rule|Illusion Level Mod: Illusion disguises the Pok\u00e9mon's true level\n|\n|t:|1719681905\n|start\n|switch|p1a: Flamigo|Flamigo, L82, F|269/269\n|switch|p2a: Mightyena|Mightyena, L95, M|287/287\n|-ability|p2a: Mightyena|Intimidate|boost\n|-fail|p1a: Flamigo|unboost|Attack|[from] ability: Scrappy|[of] p1a: Flamigo\n|turn|1\n|inactive|Battle timer is ON: inactive players will automatically lose when time's up. (requested by elodin)\n|\n|t:|1719681921\n|switch|p2a: Enamorus|Enamorus-Therian, L83, F|259/259\n|move|p1a: Flamigo|Close Combat|p2a: Enamorus\n|-resisted|p2a: Enamorus\n|-damage|p2a: Enamorus|220/259\n|-unboost|p1a: Flamigo|def|1\n|-unboost|p1a: Flamigo|spd|1\n|-damage|p1a: Flamigo|243/269|[from] item: Life Orb\n|\n|upkeep\n|turn|2\n|\n|t:|1719681931\n|switch|p1a: Milotic|Milotic, L83, F|293/293\n|move|p2a: Enamorus|Moonblast|p1a: Milotic\n|-damage|p1a: Milotic|194/293\n|-unboost|p1a: Milotic|spa|1\n|-ability|p1a: Milotic|Competitive|boost\n|-boost|p1a: Milotic|spa|2\n|\n|-heal|p1a: Milotic|212/293|[from] item: Leftovers\n|upkeep\n|turn|3\n|\n|t:|1719681937\n|switch|p2a: Araquanid|Araquanid, L82, F|246/246\n|move|p1a: Milotic|Scald|p2a: Araquanid\n|-resisted|p2a: Araquanid\n|-damage|p2a: Araquanid|199/246\n|\n|-heal|p1a: Milotic|230/293|[from] item: Leftovers\n|upkeep\n|turn|4\n|\n|t:|1719681950\n|switch|p1a: Flamigo|Flamigo, L82, F|243/269\n|move|p2a: Araquanid|Sticky Web|p1a: Flamigo\n|-sidestart|p1: padstar36|move: Sticky Web\n|\n|upkeep\n|turn|5\n|\n|t:|1719681960\n|switch|p2a: Grumpig|Grumpig, L92, F|297/297\n|move|p1a: Flamigo|Brave Bird|p2a: Grumpig\n|-damage|p2a: Grumpig|109/297\n|-damage|p1a: Flamigo|181/269|[from] Recoil\n|-damage|p1a: Flamigo|155/269|[from] item: Life Orb\n|\n|-heal|p2a: Grumpig|127/297|[from] item: Leftovers\n|upkeep\n|turn|6\n|\n|t:|1719681974\n|switch|p1a: Milotic|Milotic, L83, F|230/293\n|-activate|p1a: Milotic|move: Sticky Web\n|-unboost|p1a: Milotic|spe|1\n|-ability|p1a: Milotic|Competitive|boost\n|-boost|p1a: Milotic|spa|2\n|move|p2a: Grumpig|Psyshock|p1a: Milotic\n|-damage|p1a: Milotic|118/293\n|\n|-heal|p2a: Grumpig|145/297|[from] item: Leftovers\n|-heal|p1a: Milotic|136/293|[from] item: Leftovers\n|upkeep\n|turn|7\n|\n|t:|1719681983\n|move|p2a: Grumpig|Nasty Plot|p2a: Grumpig\n|-boost|p2a: Grumpig|spa|2\n|move|p1a: Milotic|Recover|p1a: Milotic\n|-heal|p1a: Milotic|283/293\n|\n|-heal|p2a: Grumpig|163/297|[from] item: Leftovers\n|-heal|p1a: Milotic|293/293|[from] item: Leftovers\n|upkeep\n|turn|8\n|inactive|padstar36 has 120 seconds left.\n|\n|t:|1719682019\n|switch|p1a: Electrode|Electrode, L92|260/260\n|-activate|p1a: Electrode|move: Sticky Web\n|-unboost|p1a: Electrode|spe|1\n|move|p2a: Grumpig|Psyshock|p1a: Electrode\n|-damage|p1a: Electrode|59/260\n|\n|-heal|p2a: Grumpig|181/297|[from] item: Leftovers\n|upkeep\n|turn|9\n|inactive|padstar36 has 120 seconds left.\n|\n|t:|1719682029\n|move|p1a: Electrode|Explosion|p2a: Grumpig\n|-damage|p2a: Grumpig|20/297\n|faint|p1a: Electrode\n|move|p2a: Grumpig|Psyshock|p1: Electrode|[notarget]\n|-fail|p2a: Grumpig\n|\n|-heal|p2a: Grumpig|38/297|[from] item: Leftovers\n|upkeep\n|inactive|padstar36 has 120 seconds left.\n|\n|t:|1719682042\n|switch|p1a: Trevenant|Trevenant, L88, M|293/293\n|-activate|p1a: Trevenant|move: Sticky Web\n|-unboost|p1a: Trevenant|spe|1\n|turn|10\n|inactive|padstar36 has 120 seconds left.\n|\n|t:|1719682047\n|move|p2a: Grumpig|Shadow Ball|p1a: Trevenant\n|-supereffective|p1a: Trevenant\n|-damage|p1a: Trevenant|33/293\n|-unboost|p1a: Trevenant|spd|1\n|-enditem|p1a: Trevenant|Sitrus Berry|[eat]\n|-heal|p1a: Trevenant|106/293|[from] item: Sitrus Berry\n|move|p1a: Trevenant|Drain Punch|p2a: Grumpig\n|-resisted|p2a: Grumpig\n|-damage|p2a: Grumpig|2/297\n|-heal|p1a: Trevenant|124/293|[from] drain|[of] p2a: Grumpig\n|\n|-heal|p2a: Grumpig|20/297|[from] item: Leftovers\n|-item|p1a: Trevenant|Sitrus Berry|[from] ability: Harvest\n|upkeep\n|-enditem|p1a: Trevenant|Sitrus Berry|[eat]\n|-heal|p1a: Trevenant|197/293|[from] item: Sitrus Berry\n|turn|11\n|inactive|padstar36 has 120 seconds left.\n|\n|t:|1719682068\n|-terastallize|p1a: Trevenant|Dark\n|move|p2a: Grumpig|Shadow Ball|p1a: Trevenant\n|-resisted|p1a: Trevenant\n|-damage|p1a: Trevenant|109/293\n|move|p1a: Trevenant|Drain Punch|p2a: Grumpig\n|-resisted|p2a: Grumpig\n|-damage|p2a: Grumpig|0 fnt\n|-heal|p1a: Trevenant|119/293|[from] drain|[of] p2a: Grumpig\n|faint|p2a: Grumpig\n|\n|-item|p1a: Trevenant|Sitrus Berry|[from] ability: Harvest\n|upkeep\n|-enditem|p1a: Trevenant|Sitrus Berry|[eat]\n|-heal|p1a: Trevenant|192/293|[from] item: Sitrus Berry\n|\n|t:|1719682075\n|switch|p2a: Enamorus|Enamorus-Therian, L83, F|220/259\n|turn|12\n|\n|t:|1719682086\n|switch|p2a: Pikachu|Pikachu-World, L93, M|216/216\n|move|p1a: Trevenant|Poltergeist|p2a: Pikachu\n|-activate|p2a: Pikachu|move: Poltergeist|Light Ball\n|-damage|p2a: Pikachu|0 fnt\n|faint|p2a: Pikachu\n|\n|upkeep\n|\n|t:|1719682091\n|switch|p2a: Araquanid|Araquanid, L82, F|199/246\n|turn|13\n|\n|t:|1719682105\n|move|p1a: Trevenant|Protect|p1a: Trevenant\n|-singleturn|p1a: Trevenant|Protect\n|move|p2a: Araquanid|Leech Life|p1a: Trevenant\n|-activate|p1a: Trevenant|move: Protect\n|\n|-item|p1a: Trevenant|Sitrus Berry|[from] ability: Harvest\n|upkeep\n|turn|14\n|\n|t:|1719682112\n|move|p2a: Araquanid|Leech Life|p1a: Trevenant\n|-supereffective|p1a: Trevenant\n|-damage|p1a: Trevenant|60/293\n|-heal|p2a: Araquanid|246/246|[from] drain|[of] p1a: Trevenant\n|-enditem|p1a: Trevenant|Sitrus Berry|[eat]\n|-heal|p1a: Trevenant|133/293|[from] item: Sitrus Berry\n|move|p1a: Trevenant|Poltergeist|p2a: Araquanid\n|-activate|p2a: Araquanid|move: Poltergeist|Heavy-Duty Boots\n|-damage|p2a: Araquanid|110/246\n|\n|upkeep\n|turn|15\n|\n|t:|1719682118\n|move|p1a: Trevenant|Protect|p1a: Trevenant\n|-singleturn|p1a: Trevenant|Protect\n|move|p2a: Araquanid|Leech Life|p1a: Trevenant\n|-activate|p1a: Trevenant|move: Protect\n|\n|upkeep\n|turn|16\n|\n|t:|1719682124\n|switch|p1a: Flamigo|Flamigo, L82, F|155/269\n|move|p2a: Araquanid|Leech Life|p1a: Flamigo\n|-resisted|p1a: Flamigo\n|-damage|p1a: Flamigo|139/269\n|-heal|p2a: Araquanid|118/246|[from] drain|[of] p1a: Flamigo\n|\n|upkeep\n|turn|17\n|\n|t:|1719682134\n|switch|p2a: Mightyena|Mightyena, L95, M|287/287\n|-ability|p2a: Mightyena|Intimidate|boost\n|-fail|p1a: Flamigo|unboost|Attack|[from] ability: Scrappy|[of] p1a: Flamigo\n|move|p1a: Flamigo|Brave Bird|p2a: Mightyena\n|-damage|p2a: Mightyena|114/287\n|-damage|p1a: Flamigo|82/269|[from] Recoil\n|-damage|p1a: Flamigo|56/269|[from] item: Life Orb\n|\n|upkeep\n|turn|18\n|\n|t:|1719682140\n|move|p2a: Mightyena|Sucker Punch|p1a: Flamigo\n|-resisted|p1a: Flamigo\n|-damage|p1a: Flamigo|0 fnt\n|faint|p1a: Flamigo\n|\n|upkeep\n|\n|t:|1719682157\n|switch|p1a: Trevenant|Trevenant, L88, M, tera:Dark|133/293\n|-activate|p1a: Trevenant|move: Sticky Web\n|-unboost|p1a: Trevenant|spe|1\n|turn|19\n|\n|t:|1719682162\n|switch|p2a: Enamorus|Enamorus-Therian, L83, F|220/259\n|move|p1a: Trevenant|Poltergeist|p2a: Enamorus\n|-activate|p2a: Enamorus|move: Poltergeist|Weakness Policy\n|-crit|p2a: Enamorus\n|-damage|p2a: Enamorus|31/259\n|\n|-item|p1a: Trevenant|Sitrus Berry|[from] ability: Harvest\n|upkeep\n|-enditem|p1a: Trevenant|Sitrus Berry|[eat]\n|-heal|p1a: Trevenant|206/293|[from] item: Sitrus Berry\n|turn|20\n|\n|t:|1719682166\n|switch|p1a: Milotic|Milotic, L83, F|293/293\n|-activate|p1a: Milotic|move: Sticky Web\n|-unboost|p1a: Milotic|spe|1\n|-ability|p1a: Milotic|Competitive|boost\n|-boost|p1a: Milotic|spa|2\n|move|p2a: Enamorus|Moonblast|p1a: Milotic\n|-damage|p1a: Milotic|193/293\n|\n|-heal|p1a: Milotic|211/293|[from] item: Leftovers\n|upkeep\n|turn|21\n|\n|t:|1719682175\n|move|p2a: Enamorus|Moonblast|p1a: Milotic\n|-damage|p1a: Milotic|118/293\n|-unboost|p1a: Milotic|spa|1\n|-ability|p1a: Milotic|Competitive|boost\n|-boost|p1a: Milotic|spa|2\n|move|p1a: Milotic|Recover|p1a: Milotic\n|-heal|p1a: Milotic|265/293\n|\n|-heal|p1a: Milotic|283/293|[from] item: Leftovers\n|upkeep\n|turn|22\n|\n|t:|1719682180\n|move|p2a: Enamorus|Moonblast|p1a: Milotic\n|-damage|p1a: Milotic|184/293\n|-unboost|p1a: Milotic|spa|1\n|-ability|p1a: Milotic|Competitive|boost\n|-boost|p1a: Milotic|spa|2\n|move|p1a: Milotic|Scald|p2a: Enamorus\n|-crit|p2a: Enamorus\n|-damage|p2a: Enamorus|0 fnt\n|faint|p2a: Enamorus\n|\n|-heal|p1a: Milotic|202/293|[from] item: Leftovers\n|upkeep\n|\n|t:|1719682184\n|switch|p2a: Araquanid|Araquanid, L82, F|118/246\n|turn|23\n|\n|t:|1719682189\n|move|p1a: Milotic|Scald|p2a: Araquanid\n|-resisted|p2a: Araquanid\n|-damage|p2a: Araquanid|31/246\n|move|p2a: Araquanid|Leech Life|p1a: Milotic\n|-damage|p1a: Milotic|132/293\n|-heal|p2a: Araquanid|66/246|[from] drain|[of] p1a: Milotic\n|\n|-heal|p1a: Milotic|150/293|[from] item: Leftovers\n|upkeep\n|turn|24\n|\n|t:|1719682197\n|move|p1a: Milotic|Recover|p1a: Milotic\n|-heal|p1a: Milotic|293/293\n|move|p2a: Araquanid|Leech Life|p1a: Milotic\n|-damage|p1a: Milotic|221/293\n|-heal|p2a: Araquanid|102/246|[from] drain|[of] p1a: Milotic\n|\n|-heal|p1a: Milotic|239/293|[from] item: Leftovers\n|upkeep\n|turn|25\n|\n|t:|1719682199\n|move|p1a: Milotic|Scald|p2a: Araquanid\n|-resisted|p2a: Araquanid\n|-damage|p2a: Araquanid|8/246\n|move|p2a: Araquanid|Mirror Coat|p1a: Milotic\n|-damage|p1a: Milotic|51/293\n|\n|-heal|p1a: Milotic|69/293|[from] item: Leftovers\n|upkeep\n|turn|26\n|\n|t:|1719682202\n|move|p1a: Milotic|Recover|p1a: Milotic\n|-heal|p1a: Milotic|216/293\n|move|p2a: Araquanid|Leech Life|p1a: Milotic\n|-damage|p1a: Milotic|143/293\n|-heal|p2a: Araquanid|45/246|[from] drain|[of] p1a: Milotic\n|\n|-heal|p1a: Milotic|161/293|[from] item: Leftovers\n|upkeep\n|turn|27\n|\n|t:|1719682205\n|move|p1a: Milotic|Recover|p1a: Milotic\n|-heal|p1a: Milotic|293/293\n|move|p2a: Araquanid|Leech Life|p1a: Milotic\n|-damage|p1a: Milotic|226/293\n|-heal|p2a: Araquanid|79/246|[from] drain|[of] p1a: Milotic\n|\n|-heal|p1a: Milotic|244/293|[from] item: Leftovers\n|upkeep\n|turn|28\n|\n|t:|1719682208\n|move|p1a: Milotic|Scald|p2a: Araquanid\n|-resisted|p2a: Araquanid\n|-damage|p2a: Araquanid|0 fnt\n|faint|p2a: Araquanid\n|\n|-heal|p1a: Milotic|262/293|[from] item: Leftovers\n|upkeep\n|\n|t:|1719682209\n|switch|p2a: Spiritomb|Spiritomb, L90, F|236/236\n|turn|29\n|\n|t:|1719682212\n|move|p1a: Milotic|Scald|p2a: Spiritomb\n|-damage|p2a: Spiritomb|28/236\n|move|p2a: Spiritomb|Toxic|p1a: Milotic\n|-status|p1a: Milotic|tox\n|\n|-heal|p1a: Milotic|280/293 tox|[from] item: Leftovers\n|-heal|p2a: Spiritomb|42/236|[from] item: Leftovers\n|-damage|p1a: Milotic|262/293 tox|[from] psn\n|upkeep\n|turn|30\n|l|\u2606elodin\n|inactive|elodin disconnected and has a minute to reconnect!\n|player|p2|\n|inactive|elodin has 30 seconds to reconnect!\n|inactive|elodin has 20 seconds to reconnect!\n|inactive|elodin has 15 seconds to reconnect!\n|inactive|elodin has 10 seconds to reconnect!\n|inactive|elodin has 5 seconds to reconnect!\n|-message|elodin lost due to inactivity.\n|\n|win|padstar36\n|raw|padstar36's rating: 2188 &rarr; <strong>2217</strong><br />(+29 for winning)\n|raw|elodin's rating: 2348 &rarr; <strong>2319</strong><br />(-29 for losing)\n", "inputlog": ">version 021bb6b4147d783a3aa9da22896c4e1e173f1b61\n>start {\"formatid\":\"gen9randombattle\",\"seed\":[18067,40812,1538,59198],\"rated\":\"Rated battle\"}\n>player p1 {\"name\":\"padstar36\",\"avatar\":\"ingo\",\"rating\":2188,\"seed\":[22646,64824,41854,36997]}\n>player p2 {\"name\":\"elodin\",\"avatar\":\"#wcop2024brazil\",\"rating\":2348,\"seed\":[65001,34549,35782,28629]}\n>p1 move closecombat\n>p2 switch 2\n>p1 switch 3\n>p2 move moonblast\n>p1 move scald\n>p2 switch 5\n>p1 switch 3\n>p2 move stickyweb\n>p1 move bravebird\n>p2 switch 4\n>p1 switch 3\n>p2 move psyshock\n>p1 move recover\n>p2 move nastyplot\n>p1 switch 6\n>p2 move psyshock\n>p1 move explosion\n>p2 move psyshock\n>p1 switch 4\n>p1 move drainpunch\n>p2 move shadowball\n>p1 move drainpunch terastallize\n>p2 move shadowball\n>p2 switch 5\n>p1 move poltergeist\n>p2 switch 6\n>p2 switch 4\n>p1 move protect\n>p2 move leechlife\n>p1 move poltergeist\n>p2 move leechlife\n>p1 move protect\n>p2 move leechlife\n>p1 switch 3\n>p2 move leechlife\n>p1 move bravebird\n>p2 switch 2\n>p1 move bravebird\n>p2 move suckerpunch\n>p1 switch 3\n>p1 move poltergeist\n>p2 switch 6\n>p1 switch 6\n>p2 move moonblast\n>p1 move recover\n>p2 move moonblast\n>p1 move scald\n>p2 move moonblast\n>p2 switch 2\n>p1 move scald\n>p2 move leechlife\n>p1 move recover\n>p2 move leechlife\n>p1 move scald\n>p2 move mirrorcoat\n>p1 move recover\n>p2 move leechlife\n>p1 move recover\n>p2 move leechlife\n>p1 move scald\n>p2 move mirrorcoat\n>p2 switch 3\n>p1 move scald\n>p2 move toxic\n>forcelose p2", "uploadtime": 1719682360, "views": 184, "formatid": "gen9randombattle", "rating": 2217, "private": 0, "password": null}