{"id": "gen9randombattle-2260674862", "format": "[Gen 9] Random Battle", "players": ["Geoff Bridges", "ToxicWyvern"], "log": "|j|\u2606Geoff Bridges\n|j|\u2606ToxicWyvern\n|t:|1733876920\n|gametype|singles\n|player|p1|Geoff Bridges|1|1584\n|player|p2|ToxicWyvern|ethan|1635\n|teamsize|p1|6\n|teamsize|p2|6\n|gen|9\n|tier|[Gen 9] Random Battle\n|rated|\n|rule|Species Clause: Limit one of each Pok\u00e9mon\n|rule|HP Percentage Mod: HP is shown in percentages\n|rule|Sleep Clause Mod: Limit one foe put to sleep\n|rule|Illusion Level Mod: Illusion disguises the Pok\u00e9mon's true level\n|\n|t:|1733876920\n|start\n|switch|p1a: Pyroar|Pyroar, L88, F|295/295\n|switch|p2a: Zebstrika|Zebstrika, L87, M|272/272\n|-ability|p1a: Pyroar|Unnerve\n|turn|1\n|\n|t:|1733876931\n|move|p2a: Zebstrika|High Horsepower|p1a: Pyroar\n|-supereffective|p1a: Pyroar\n|-damage|p1a: Pyroar|87/295\n|-damage|p2a: Zebstrika|245/272|[from] item: Life Orb\n|move|p1a: Pyroar|Hyper Voice|p2a: Zebstrika\n|-damage|p2a: Zebstrika|113/272\n|\n|upkeep\n|turn|2\n|\n|t:|1733876945\n|switch|p1a: Brute Bonnet|Brute Bonnet, L81|312/312\n|move|p2a: Zebstrika|High Horsepower|p1a: Brute Bonnet\n|-resisted|p1a: Brute Bonnet\n|-damage|p1a: Brute Bonnet|263/312\n|-damage|p2a: Zebstrika|86/272|[from] item: Life Orb\n|\n|upkeep\n|turn|3\n|\n|t:|1733876968\n|move|p2a: Zebstrika|Volt Switch|p1a: Brute Bonnet\n|-resisted|p1a: Brute Bonnet\n|-damage|p1a: Brute Bonnet|219/312\n|-damage|p2a: Zebstrika|59/272|[from] item: Life Orb\n|\n|t:|1733876970\n|switch|p2a: Glimmora|Glimmora, L75, F|248/248|[from] Volt Switch\n|-item|p2a: Glimmora|Air Balloon\n|move|p1a: Brute Bonnet|Crunch|p2a: Glimmora\n|-damage|p2a: Glimmora|98/248\n|-activate|p2a: Glimmora|ability: Toxic Debris\n|-sidestart|p1: Geoff Bridges|move: Toxic Spikes\n|-enditem|p2a: Glimmora|Air Balloon\n|\n|upkeep\n|turn|4\n|\n|t:|1733876980\n|move|p2a: Glimmora|Stealth Rock|p1a: Brute Bonnet\n|-sidestart|p1: Geoff Bridges|move: Stealth Rock\n|move|p1a: Brute Bonnet|Crunch|p2a: Glimmora\n|-damage|p2a: Glimmora|0 fnt\n|-activate|p2a: Glimmora|ability: Toxic Debris\n|-sidestart|p1: Geoff Bridges|move: Toxic Spikes\n|faint|p2a: Glimmora\n|\n|upkeep\n|\n|t:|1733876985\n|switch|p2a: Hariyama|Hariyama, L87, F|392/392\n|turn|5\n|\n|t:|1733876991\n|move|p2a: Hariyama|Close Combat|p1a: Brute Bonnet\n|-supereffective|p1a: Brute Bonnet\n|-damage|p1a: Brute Bonnet|0 fnt\n|-unboost|p2a: Hariyama|def|1\n|-unboost|p2a: Hariyama|spd|1\n|faint|p1a: Brute Bonnet\n|-end|p1a: Brute Bonnet|Protosynthesis|[silent]\n|\n|upkeep\n|\n|t:|1733876994\n|switch|p1a: Cinccino|Cinccino, L83, M|260/260\n|-status|p1a: Cinccino|tox\n|-damage|p1a: Cinccino|228/260 tox|[from] Stealth Rock\n|turn|6\n|\n|t:|1733876997\n|-terastallize|p1a: Cinccino|Grass\n|move|p1a: Cinccino|Tidy Up|p1a: Cinccino\n|-sideend|p1: Geoff Bridges|Toxic Spikes\n|-sideend|p1: Geoff Bridges|Stealth Rock\n|-activate|p1a: Cinccino|move: Tidy Up\n|-boost|p1a: Cinccino|atk|1\n|-boost|p1a: Cinccino|spe|1\n|move|p2a: Hariyama|Close Combat|p1a: Cinccino\n|-damage|p1a: Cinccino|23/260 tox\n|-unboost|p2a: Hariyama|def|1\n|-unboost|p2a: Hariyama|spd|1\n|\n|-damage|p1a: Cinccino|7/260 tox|[from] psn\n|upkeep\n|turn|7\n|\n|t:|1733877006\n|switch|p2a: Zebstrika|Zebstrika, L87, M|59/272\n|move|p1a: Cinccino|Tail Slap|p2a: Zebstrika\n|-damage|p2a: Zebstrika|0 fnt\n|faint|p2a: Zebstrika\n|-hitcount|p2: Zebstrika|1\n|\n|-damage|p1a: Cinccino|0 fnt|[from] psn\n|faint|p1a: Cinccino\n|upkeep\n|\n|t:|1733877011\n|switch|p2a: Hariyama|Hariyama, L87, F|392/392\n|switch|p1a: Pyroar|Pyroar, L88, F|87/295\n|-ability|p1a: Pyroar|Unnerve\n|turn|8\n|\n|t:|1733877021\n|move|p1a: Pyroar|Will-O-Wisp|p2a: Hariyama\n|-status|p2a: Hariyama|brn\n|move|p2a: Hariyama|Close Combat|p1a: Pyroar\n|-supereffective|p1a: Pyroar\n|-damage|p1a: Pyroar|0 fnt\n|-unboost|p2a: Hariyama|def|1\n|-unboost|p2a: Hariyama|spd|1\n|faint|p1a: Pyroar\n|\n|-damage|p2a: Hariyama|368/392 brn|[from] brn\n|upkeep\n|\n|t:|1733877027\n|switch|p1a: Calyrex|Calyrex-Shadow, L64|235/235\n|-ability|p1a: Calyrex|As One\n|-ability|p1a: Calyrex|Unnerve\n|turn|9\n|\n|t:|1733877033\n|switch|p2a: Tyranitar|Tyranitar, L79, M|288/288\n|-weather|Sandstorm|[from] ability: Sand Stream|[of] p2a: Tyranitar\n|move|p1a: Calyrex|Psyshock|p2a: Tyranitar\n|-immune|p2a: Tyranitar\n|\n|-weather|Sandstorm|[upkeep]\n|-damage|p1a: Calyrex|221/235|[from] Sandstorm\n|upkeep\n|turn|10\n|\n|t:|1733877037\n|switch|p1a: Tatsugiri|Tatsugiri-Stretchy, L87, M|260/260\n|move|p2a: Tyranitar|Dragon Dance|p2a: Tyranitar\n|-boost|p2a: Tyranitar|atk|1\n|-boost|p2a: Tyranitar|spe|1\n|\n|-weather|Sandstorm|[upkeep]\n|-damage|p1a: Tatsugiri|244/260|[from] Sandstorm\n|upkeep\n|turn|11\n|\n|t:|1733877044\n|move|p2a: Tyranitar|Knock Off|p1a: Tatsugiri\n|-damage|p1a: Tatsugiri|9/260\n|-enditem|p1a: Tatsugiri|Heavy-Duty Boots|[from] move: Knock Off|[of] p2a: Tyranitar\n|move|p1a: Tatsugiri|Hydro Pump|p2a: Tyranitar\n|-supereffective|p2a: Tyranitar\n|-damage|p2a: Tyranitar|106/288\n|\n|-weather|Sandstorm|[upkeep]\n|-damage|p1a: Tatsugiri|0 fnt|[from] Sandstorm\n|faint|p1a: Tatsugiri\n|-heal|p2a: Tyranitar|124/288|[from] item: Leftovers\n|upkeep\n|\n|t:|1733877053\n|switch|p1a: Deoxys|Deoxys-Speed, L82|216/216\n|-ability|p1a: Deoxys|Pressure\n|turn|12\n|\n|t:|1733877075\n|-terastallize|p2a: Tyranitar|Ghost\n|move|p1a: Deoxys|Knock Off|p2a: Tyranitar\n|-supereffective|p2a: Tyranitar\n|-damage|p2a: Tyranitar|12/288\n|-enditem|p2a: Tyranitar|Leftovers|[from] move: Knock Off|[of] p1a: Deoxys\n|move|p2a: Tyranitar|Knock Off|p1a: Deoxys\n|-supereffective|p1a: Deoxys\n|-damage|p1a: Deoxys|0 fnt\n|-enditem|p1a: Deoxys|Leftovers|[from] move: Knock Off|[of] p2a: Tyranitar\n|faint|p1a: Deoxys\n|\n|-weather|Sandstorm|[upkeep]\n|-damage|p2a: Tyranitar|0 fnt|[from] Sandstorm\n|faint|p2a: Tyranitar\n|upkeep\n|\n|t:|1733877085\n|switch|p1a: Calyrex|Calyrex-Shadow, L64|221/235\n|switch|p2a: Frosmoth|Frosmoth, L82, M|249/249\n|-ability|p1a: Calyrex|As One\n|-ability|p1a: Calyrex|Unnerve\n|turn|13\n|\n|t:|1733877094\n|move|p1a: Calyrex|Nasty Plot|p1a: Calyrex\n|-boost|p1a: Calyrex|spa|2\n|move|p2a: Frosmoth|Quiver Dance|p2a: Frosmoth\n|-boost|p2a: Frosmoth|spa|1\n|-boost|p2a: Frosmoth|spd|1\n|-boost|p2a: Frosmoth|spe|1\n|\n|-weather|none\n|upkeep\n|turn|14\n|\n|t:|1733877098\n|move|p2a: Frosmoth|Ice Beam|p1a: Calyrex\n|-damage|p1a: Calyrex|40/235\n|move|p1a: Calyrex|Psyshock|p2a: Frosmoth\n|-damage|p2a: Frosmoth|113/249\n|-damage|p1a: Calyrex|17/235|[from] item: Life Orb\n|\n|upkeep\n|turn|15\n|-message|Geoff Bridges forfeited.\n|\n|win|ToxicWyvern\n|raw|Geoff Bridges's rating: 1584 &rarr; <strong>1567</strong><br />(-17 for losing)\n|raw|ToxicWyvern's rating: 1635 &rarr; <strong>1652</strong><br />(+17 for winning)\n|l|\u2606Geoff Bridges\n|player|p1|\n|c|\u2606ToxicWyvern|gg\n", "inputlog": ">version bfd83cad13791eb5a5a409923076391caf6fb4d4\n>start {\"formatid\":\"gen9randombattle\",\"seed\":[58972,26054,22415,20201],\"rated\":\"Rated battle\"}\n>player p1 {\"name\":\"Geoff Bridges\",\"avatar\":\"1\",\"rating\":1584,\"seed\":[47018,63694,53358,31085]}\n>player p2 {\"name\":\"ToxicWyvern\",\"avatar\":\"ethan\",\"rating\":1635,\"seed\":[3373,25241,18014,52640]}\n>p1 move hypervoice\n>p2 move highhorsepower\n>p1 switch 2\n>p2 move highhorsepower\n>p1 move crunch\n>p2 move voltswitch\n>p2 switch 3\n>p1 move crunch\n>p2 move stealthrock\n>p2 switch 6\n>p1 move crunch\n>p2 move closecombat\n>p1 switch 6\n>p1 move tidyup terastallize\n>p2 move closecombat\n>p1 move tailslap\n>p2 switch 3\n>p1 switch 2\n>p2 switch 3\n>p1 move willowisp\n>p2 move closecombat\n>p1 switch 4\n>p1 move psyshock\n>p2 switch 2\n>p1 switch 3\n>p2 move dragondance\n>p1 move hydropump\n>p2 move knockoff\n>p1 switch 5\n>p1 move knockoff\n>p2 move knockoff terastallize\n>p1 switch 3\n>p2 switch 4\n>p1 move nastyplot\n>p2 move quiverdance\n>p1 move psyshock\n>p2 move icebeam\n>forcelose p1", "uploadtime": 1733877119, "views": 1, "formatid": "gen9randombattle", "rating": 1567, "private": 0, "password": null}