{"id": "gen9randombattle-2119179490", "format": "[Gen 9] Random Battle", "players": ["Slim Workshop", "Wakandius_PMSD"], "log": "|badge|p2|silver|gen9randombattle|30-1\n|uhtml|medal-msg|<div class=\"broadcast-blue\">Curious what those medals under the avatar are? PS now has Ladder Seasons! For more information, check out the <a href=\"https://www.smogon.com/forums/threads/3740067/\">thread on Smogon.</a></div>\n|j|\u2606Slim Workshop\n|j|\u2606Wakandius_PMSD\n|t:|1715023252\n|gametype|singles\n|player|p1|Slim Workshop|102|2201\n|player|p2|Wakandius_PMSD|101|2391\n|teamsize|p1|6\n|teamsize|p2|6\n|gen|9\n|tier|[Gen 9] Random Battle\n|rated|\n|rule|Species Clause: Limit one of each Pok\u00e9mon\n|rule|HP Percentage Mod: HP is shown in percentages\n|rule|Sleep Clause Mod: Limit one foe put to sleep\n|rule|Illusion Level Mod: Illusion disguises the Pok\u00e9mon's true level\n|\n|t:|1715023252\n|start\n|switch|p1a: Mesprit|Mesprit, L85|275/275\n|switch|p2a: Revavroom|Revavroom, L79, M|256/256\n|turn|1\n|\n|t:|1715023275\n|switch|p2a: Wo-Chien|Wo-Chien, L83|277/277\n|-ability|p2a: Wo-Chien|Tablets of Ruin\n|move|p1a: Mesprit|Psychic|p2a: Wo-Chien\n|-immune|p2a: Wo-Chien\n|\n|upkeep\n|turn|2\n|inactive|Battle timer is ON: inactive players will automatically lose when time's up. (requested by Wakandius_PMSD)\n|\n|t:|1715023314\n|switch|p1a: Heatran|Heatran, L79, F|273/273\n|-item|p1a: Heatran|Air Balloon\n|move|p2a: Wo-Chien|Knock Off|p1a: Heatran\n|-damage|p1a: Heatran|182/273\n|-enditem|p1a: Heatran|Air Balloon\n|\n|upkeep\n|turn|3\n|\n|t:|1715023330\n|switch|p2a: Dunsparce|Dunsparce, L86, M|312/312\n|move|p1a: Heatran|Stealth Rock|p2a: Dunsparce\n|-sidestart|p2: Wakandius_PMSD|move: Stealth Rock\n|\n|upkeep\n|turn|4\n|\n|t:|1715023339\n|move|p1a: Heatran|Lava Plume|p2a: Dunsparce\n|-damage|p2a: Dunsparce|237/312\n|move|p2a: Dunsparce|Body Slam|p1a: Heatran\n|-resisted|p1a: Heatran\n|-damage|p1a: Heatran|148/273\n|\n|upkeep\n|turn|5\n|\n|t:|1715023343\n|move|p1a: Heatran|Lava Plume|p2a: Dunsparce\n|-damage|p2a: Dunsparce|167/312\n|move|p2a: Dunsparce|Earthquake|p1a: Heatran\n|-supereffective|p1a: Heatran\n|-damage|p1a: Heatran|0 fnt\n|faint|p1a: Heatran\n|\n|upkeep\n|\n|t:|1715023348\n|switch|p1a: Victreebel|Victreebel, L90, F|290/290\n|turn|6\n|\n|t:|1715023353\n|move|p1a: Victreebel|Swords Dance|p1a: Victreebel\n|-boost|p1a: Victreebel|atk|2\n|move|p2a: Dunsparce|Roost|p2a: Dunsparce\n|-heal|p2a: Dunsparce|312/312\n|-singleturn|p2a: Dunsparce|move: Roost\n|\n|upkeep\n|turn|7\n|\n|t:|1715023355\n|move|p1a: Victreebel|Power Whip|p2a: Dunsparce\n|-damage|p2a: Dunsparce|0 fnt\n|faint|p2a: Dunsparce\n|-damage|p1a: Victreebel|261/290|[from] item: Life Orb\n|\n|upkeep\n|c|\u2606Slim Workshop|that was a threat\n|\n|t:|1715023365\n|switch|p2a: Weezing|Weezing, L88, F|258/258\n|-damage|p2a: Weezing|226/258|[from] Stealth Rock\n|turn|8\n|c|\u2606Slim Workshop|why is a dudunsparce so good\n|\n|t:|1715023372\n|move|p1a: Victreebel|Power Whip|p2a: Weezing\n|-resisted|p2a: Weezing\n|-damage|p2a: Weezing|62/258\n|-damage|p1a: Victreebel|232/290|[from] item: Life Orb\n|move|p2a: Weezing|Will-O-Wisp|p1a: Victreebel|[miss]\n|-miss|p2a: Weezing|p1a: Victreebel\n|\n|-heal|p2a: Weezing|78/258|[from] item: Leftovers\n|upkeep\n|turn|9\n|\n|t:|1715023387\n|move|p1a: Victreebel|Poison Jab|p2a: Weezing\n|-resisted|p2a: Weezing\n|-damage|p2a: Weezing|0 fnt\n|faint|p2a: Weezing\n|-damage|p1a: Victreebel|203/290|[from] item: Life Orb\n|\n|upkeep\n|c|\u2606Slim Workshop|not even a dudunsparce\n|c|\u2606Slim Workshop|the eviolite fuck\n|\n|t:|1715023394\n|switch|p2a: Revavroom|Revavroom, L79, M|256/256\n|-damage|p2a: Revavroom|240/256|[from] Stealth Rock\n|turn|10\n|\n|t:|1715023400\n|move|p2a: Revavroom|Iron Head|p1a: Victreebel\n|-damage|p1a: Victreebel|73/290\n|-damage|p2a: Revavroom|215/256|[from] item: Life Orb\n|move|p1a: Victreebel|Power Whip|p2a: Revavroom\n|-resisted|p2a: Revavroom\n|-damage|p2a: Revavroom|114/256\n|-damage|p1a: Victreebel|44/290|[from] item: Life Orb\n|\n|upkeep\n|turn|11\n|\n|t:|1715023407\n|move|p1a: Victreebel|Sucker Punch|p2a: Revavroom\n|-damage|p2a: Revavroom|0 fnt\n|faint|p2a: Revavroom\n|-damage|p1a: Victreebel|15/290|[from] item: Life Orb\n|\n|upkeep\n|\n|t:|1715023412\n|switch|p2a: Pawmot|Pawmot, L80, M|243/243\n|-damage|p2a: Pawmot|228/243|[from] Stealth Rock\n|turn|12\n|\n|t:|1715023417\n|move|p2a: Pawmot|Revival Blessing|p2a: Pawmot\n|\n|t:|1715023419\n|-heal|p2: Dunsparce|156/312|[from] move: Revival Blessing\n|move|p1a: Victreebel|Poison Jab|p2a: Pawmot\n|-damage|p2a: Pawmot|0 fnt\n|faint|p2a: Pawmot\n|-damage|p1a: Victreebel|0 fnt|[from] item: Life Orb\n|faint|p1a: Victreebel\n|\n|upkeep\n|\n|t:|1715023426\n|switch|p2a: Wo-Chien|Wo-Chien, L83|277/277\n|switch|p1a: Feraligatr|Feraligatr, L80, F|267/267\n|-damage|p2a: Wo-Chien|243/277|[from] Stealth Rock\n|-ability|p2a: Wo-Chien|Tablets of Ruin\n|turn|13\n|\n|t:|1715023431\n|move|p1a: Feraligatr|Dragon Dance|p1a: Feraligatr\n|-boost|p1a: Feraligatr|atk|1\n|-boost|p1a: Feraligatr|spe|1\n|move|p2a: Wo-Chien|Leech Seed|p1a: Feraligatr\n|-start|p1a: Feraligatr|move: Leech Seed\n|\n|-heal|p2a: Wo-Chien|260/277|[from] item: Leftovers\n|-damage|p1a: Feraligatr|234/267|[from] Leech Seed|[of] p2a: Wo-Chien\n|-heal|p2a: Wo-Chien|277/277|[silent]\n|upkeep\n|turn|14\n|\n|t:|1715023435\n|move|p2a: Wo-Chien|Protect|p2a: Wo-Chien\n|-singleturn|p2a: Wo-Chien|Protect\n|move|p1a: Feraligatr|Dragon Dance|p1a: Feraligatr\n|-boost|p1a: Feraligatr|atk|1\n|-boost|p1a: Feraligatr|spe|1\n|\n|-damage|p1a: Feraligatr|201/267|[from] Leech Seed|[of] p2a: Wo-Chien\n|upkeep\n|turn|15\n|\n|t:|1715023437\n|move|p1a: Feraligatr|Ice Punch|p2a: Wo-Chien\n|-supereffective|p2a: Wo-Chien\n|-crit|p2a: Wo-Chien\n|-damage|p2a: Wo-Chien|0 fnt\n|faint|p2a: Wo-Chien\n|\n|upkeep\n|\n|t:|1715023440\n|switch|p2a: Alcremie|Alcremie-Ruby-Cream, L90, F|263/263\n|-damage|p2a: Alcremie|231/263|[from] Stealth Rock\n|turn|16\n|c|\u2606Slim Workshop|what a passive bitch tbh\n|\n|t:|1715023447\n|move|p1a: Feraligatr|Liquidation|p2a: Alcremie\n|-damage|p2a: Alcremie|0 fnt\n|faint|p2a: Alcremie\n|\n|upkeep\n|\n|t:|1715023450\n|switch|p2a: Dunsparce|Dunsparce, L86, M|156/312\n|-damage|p2a: Dunsparce|117/312|[from] Stealth Rock\n|turn|17\n|-message|Wakandius_PMSD forfeited.\n|\n|win|Slim Workshop\n|raw|Slim Workshop's rating: 2201 &rarr; <strong>2231</strong><br />(+30 for winning)\n|raw|Wakandius_PMSD's rating: 2391 &rarr; <strong>2361</strong><br />(-30 for losing)\n|l|\u2606Wakandius_PMSD\n|player|p2|\n", "inputlog": ">version 2cc90ceb603322b9c7a55380fd27efd5fc357af5\n>start {\"formatid\":\"gen9randombattle\",\"seed\":[48825,20607,36972,58922],\"rated\":\"Rated battle\"}\n>player p1 {\"name\":\"Slim Workshop\",\"avatar\":\"102\",\"rating\":2201,\"seed\":[37024,63056,9290,13208]}\n>player p2 {\"name\":\"Wakandius_PMSD\",\"avatar\":\"101\",\"rating\":2391,\"seed\":[41090,13335,5268,46957]}\n>p1 move psychic\n>p2 switch 4\n>p1 switch 3\n>p2 move knockoff\n>p1 move stealthrock\n>p2 switch 5\n>p1 move lavaplume\n>p2 move bodyslam\n>p1 move lavaplume\n>p2 move earthquake\n>p1 switch 2\n>p1 move swordsdance\n>p2 move roost\n>p1 move powerwhip\n>p2 move bodyslam\n>chat \u2606Slim Workshop|that was a threat\n>p2 switch 3\n>chat \u2606Slim Workshop|why is a dudunsparce so good\n>p1 move powerwhip\n>p2 move willowisp\n>p1 move poisonjab\n>p2 move willowisp\n>chat \u2606Slim Workshop|not even a dudunsparce\n>chat \u2606Slim Workshop|the eviolite fuck\n>p2 switch 4\n>p1 move powerwhip\n>p2 move ironhead\n>p1 move suckerpunch\n>p2 move ironhead\n>p2 switch 2\n>p1 move poisonjab\n>p2 move revivalblessing\n>p2 switch 3\n>p1 switch 4\n>p2 switch 5\n>p1 move dragondance\n>p2 move leechseed\n>p1 move dragondance\n>p2 move protect\n>p1 move icepunch\n>p2 move gigadrain\n>p2 switch 6\n>chat \u2606Slim Workshop|what a passive bitch tbh\n>p1 move liquidation\n>p2 move alluringvoice\n>p2 switch 3\n>forcelose p2", "uploadtime": 1715023459, "views": 227, "formatid": "gen9randombattle", "rating": 2231, "private": 0, "password": null}