{"id": "gen9randombattle-2054193521", "format": "[Gen 9] Random Battle", "players": ["Micael Lopes", "scyther225"], "log": "|j|\u2606Micael Lopes\n|j|\u2606scyther225\n|t:|1707342424\n|gametype|singles\n|player|p1|Micael Lopes|benga|2225\n|player|p2|scyther225|acetrainer-gen4dp|2234\n|teamsize|p1|6\n|teamsize|p2|6\n|gen|9\n|tier|[Gen 9] Random Battle\n|rated|\n|rule|Species Clause: Limit one of each Pok\u00e9mon\n|rule|HP Percentage Mod: HP is shown in percentages\n|rule|Sleep Clause Mod: Limit one foe put to sleep\n|rule|Illusion Level Mod: Illusion disguises the Pok\u00e9mon's true level\n|\n|t:|1707342424\n|start\n|switch|p1a: Ursaring|Ursaring, L84, M|288/288\n|switch|p2a: Rabsca|Rabsca, L91, F|284/284\n|turn|1\n|inactive|Battle timer is ON: inactive players will automatically lose when time's up. (requested by Micael Lopes)\n|\n|t:|1707342433\n|switch|p1a: Iron Jugulis|Iron Jugulis, L78|275/275\n|switch|p2a: Sandaconda|Sandaconda, L84, M|258/258\n|\n|upkeep\n|turn|2\n|\n|t:|1707342438\n|move|p1a: Iron Jugulis|Dark Pulse|p2a: Sandaconda\n|-damage|p2a: Sandaconda|93/258\n|move|p2a: Sandaconda|Glare|p1a: Iron Jugulis\n|-status|p1a: Iron Jugulis|par\n|\n|-heal|p2a: Sandaconda|109/258|[from] item: Leftovers\n|upkeep\n|turn|3\n|\n|t:|1707342443\n|move|p2a: Sandaconda|Stealth Rock|p1a: Iron Jugulis\n|-sidestart|p1: Micael Lopes|move: Stealth Rock\n|move|p1a: Iron Jugulis|Dark Pulse|p2a: Sandaconda\n|-damage|p2a: Sandaconda|0 fnt\n|faint|p2a: Sandaconda\n|\n|upkeep\n|\n|t:|1707342445\n|switch|p2a: Hitmontop|Hitmontop, L89, M|234/234\n|turn|4\n|\n|t:|1707342450\n|-end|p1a: Iron Jugulis|Quark Drive|[silent]\n|switch|p1a: Dondozo|Dondozo, L78, F|362/362\n|-damage|p1a: Dondozo|317/362|[from] Stealth Rock\n|move|p2a: Hitmontop|Bulk Up|p2a: Hitmontop\n|-boost|p2a: Hitmontop|atk|1\n|-boost|p2a: Hitmontop|def|1\n|\n|-heal|p1a: Dondozo|339/362|[from] item: Leftovers\n|upkeep\n|turn|5\n|\n|t:|1707342455\n|switch|p2a: Noctowl|Noctowl, L95, F|344/344\n|move|p1a: Dondozo|Curse|p1a: Dondozo\n|-unboost|p1a: Dondozo|spe|1\n|-boost|p1a: Dondozo|atk|1\n|-boost|p1a: Dondozo|def|1\n|\n|-heal|p1a: Dondozo|361/362|[from] item: Leftovers\n|upkeep\n|turn|6\n|\n|t:|1707342458\n|move|p2a: Noctowl|Hyper Voice|p1a: Dondozo\n|-damage|p1a: Dondozo|214/362\n|move|p1a: Dondozo|Wave Crash|p2a: Noctowl\n|-damage|p2a: Noctowl|109/344\n|-damage|p1a: Dondozo|136/362|[from] Recoil\n|\n|-heal|p1a: Dondozo|158/362|[from] item: Leftovers\n|upkeep\n|turn|7\n|\n|t:|1707342462\n|move|p2a: Noctowl|Hyper Voice|p1a: Dondozo\n|-damage|p1a: Dondozo|16/362\n|move|p1a: Dondozo|Rest|p1a: Dondozo\n|-status|p1a: Dondozo|slp|[from] move: Rest\n|-heal|p1a: Dondozo|362/362 slp|[silent]\n|\n|upkeep\n|turn|8\n|\n|t:|1707342465\n|move|p2a: Noctowl|Hyper Voice|p1a: Dondozo\n|-damage|p1a: Dondozo|209/362 slp\n|cant|p1a: Dondozo|slp\n|move|p1a: Dondozo|Sleep Talk|p1a: Dondozo\n|move|p1a: Dondozo|Rest||[from]move: Sleep Talk|[still]\n|-fail|p1a: Dondozo\n|\n|-heal|p1a: Dondozo|231/362 slp|[from] item: Leftovers\n|upkeep\n|turn|9\n|j| Tredix\n|\n|t:|1707342468\n|move|p2a: Noctowl|Hyper Voice|p1a: Dondozo\n|-damage|p1a: Dondozo|89/362 slp\n|cant|p1a: Dondozo|slp\n|move|p1a: Dondozo|Sleep Talk|p1a: Dondozo\n|move|p1a: Dondozo|Rest||[from]move: Sleep Talk|[still]\n|-fail|p1a: Dondozo\n|\n|-heal|p1a: Dondozo|111/362 slp|[from] item: Leftovers\n|upkeep\n|turn|10\n|\n|t:|1707342473\n|switch|p1a: Kyurem|Kyurem-White, L75|311/311\n|-damage|p1a: Kyurem|234/311|[from] Stealth Rock\n|-ability|p1a: Kyurem|Turboblaze\n|move|p2a: Noctowl|Hyper Voice|p1a: Kyurem\n|-damage|p1a: Kyurem|129/311\n|\n|upkeep\n|turn|11\n|\n|t:|1707342476\n|move|p1a: Kyurem|Freeze-Dry|p2a: Noctowl\n|-supereffective|p2a: Noctowl\n|-damage|p2a: Noctowl|0 fnt\n|faint|p2a: Noctowl\n|\n|upkeep\n|\n|t:|1707342480\n|switch|p2a: Hitmontop|Hitmontop, L89, M|234/234\n|turn|12\n|\n|t:|1707342488\n|switch|p1a: Gallade|Gallade, L82, M|246/246\n|-damage|p1a: Gallade|231/246|[from] Stealth Rock\n|move|p2a: Hitmontop|Rapid Spin|p1a: Gallade\n|-damage|p1a: Gallade|161/246\n|-boost|p2a: Hitmontop|spe|1\n|\n|upkeep\n|turn|13\n|\n|t:|1707342492\n|move|p2a: Hitmontop|Bulk Up|p2a: Hitmontop\n|-boost|p2a: Hitmontop|atk|1\n|-boost|p2a: Hitmontop|def|1\n|move|p1a: Gallade|Agility|p1a: Gallade\n|-boost|p1a: Gallade|spe|2\n|\n|upkeep\n|turn|14\n|\n|t:|1707342498\n|move|p1a: Gallade|Psycho Cut|p2a: Hitmontop\n|-supereffective|p2a: Hitmontop\n|-damage|p2a: Hitmontop|29/234\n|-damage|p1a: Gallade|137/246|[from] item: Life Orb\n|move|p2a: Hitmontop|Triple Axel|p1a: Gallade\n|-damage|p1a: Gallade|96/246\n|-hitcount|p1a: Gallade|1\n|\n|-heal|p2a: Hitmontop|43/234|[from] item: Leftovers\n|upkeep\n|turn|15\n|\n|t:|1707342507\n|move|p1a: Gallade|Psycho Cut|p2a: Hitmontop\n|-supereffective|p2a: Hitmontop\n|-damage|p2a: Hitmontop|0 fnt\n|faint|p2a: Hitmontop\n|-damage|p1a: Gallade|72/246|[from] item: Life Orb\n|\n|upkeep\n|\n|t:|1707342508\n|switch|p2a: Rabsca|Rabsca, L91, F|284/284\n|turn|16\n|\n|t:|1707342512\n|move|p1a: Gallade|Night Slash|p2a: Rabsca\n|-supereffective|p2a: Rabsca\n|-damage|p2a: Rabsca|68/284\n|-damage|p1a: Gallade|48/246|[from] item: Life Orb\n|move|p2a: Rabsca|Trick Room|p2a: Rabsca\n|-fieldstart|move: Trick Room|[of] p2a: Rabsca\n|\n|upkeep\n|turn|17\n|\n|t:|1707342521\n|move|p2a: Rabsca|Revival Blessing|p2a: Rabsca\n|\n|t:|1707342526\n|-heal|p2: Hitmontop|117/234|[from] move: Revival Blessing\n|move|p1a: Gallade|Night Slash|p2a: Rabsca\n|-supereffective|p2a: Rabsca\n|-damage|p2a: Rabsca|0 fnt\n|faint|p2a: Rabsca\n|-damage|p1a: Gallade|24/246|[from] item: Life Orb\n|\n|upkeep\n|\n|t:|1707342530\n|switch|p2a: Hitmontop|Hitmontop, L89, M|117/234\n|turn|18\n|\n|t:|1707342535\n|move|p2a: Hitmontop|Rapid Spin|p1a: Gallade\n|-damage|p1a: Gallade|0 fnt\n|-boost|p2a: Hitmontop|spe|1\n|faint|p1a: Gallade\n|\n|-heal|p2a: Hitmontop|131/234|[from] item: Leftovers\n|upkeep\n|\n|t:|1707342542\n|switch|p1a: Iron Jugulis|Iron Jugulis, L78|275/275 par\n|-damage|p1a: Iron Jugulis|207/275 par|[from] Stealth Rock\n|turn|19\n|\n|t:|1707342551\n|-terastallize|p2a: Hitmontop|Ice\n|move|p1a: Iron Jugulis|Hurricane|p2a: Hitmontop\n|-damage|p2a: Hitmontop|0 fnt\n|faint|p2a: Hitmontop\n|\n|upkeep\n|\n|t:|1707342562\n|switch|p2a: Seviper|Seviper, L93, F|287/287\n|turn|20\n|\n|t:|1707342564\n|move|p1a: Iron Jugulis|Hurricane|p2a: Seviper\n|-damage|p2a: Seviper|52/287\n|move|p2a: Seviper|Swords Dance|p2a: Seviper\n|-boost|p2a: Seviper|atk|2\n|\n|-heal|p2a: Seviper|69/287|[from] item: Leftovers\n|-fieldend|move: Trick Room\n|upkeep\n|turn|21\n|\n|t:|1707342571\n|move|p2a: Seviper|Trailblaze|p1a: Iron Jugulis\n|-resisted|p1a: Iron Jugulis\n|-damage|p1a: Iron Jugulis|161/275 par\n|-boost|p2a: Seviper|spe|1\n|move|p1a: Iron Jugulis|Hurricane|p2a: Seviper\n|-damage|p2a: Seviper|0 fnt\n|faint|p2a: Seviper\n|\n|upkeep\n|\n|t:|1707342575\n|switch|p2a: Salazzle|Salazzle, L82, F|246/246\n|turn|22\n|\n|t:|1707342579\n|move|p2a: Salazzle|Substitute|p2a: Salazzle\n|-start|p2a: Salazzle|Substitute\n|-damage|p2a: Salazzle|185/246\n|cant|p1a: Iron Jugulis|par\n|\n|-heal|p2a: Salazzle|200/246|[from] item: Leftovers\n|upkeep\n|turn|23\n|\n|t:|1707342584\n|move|p2a: Salazzle|Protect|p2a: Salazzle\n|-singleturn|p2a: Salazzle|Protect\n|cant|p1a: Iron Jugulis|par\n|\n|-heal|p2a: Salazzle|215/246|[from] item: Leftovers\n|upkeep\n|turn|24\n|\n|t:|1707342586\n|move|p2a: Salazzle|Flamethrower|p1a: Iron Jugulis\n|-damage|p1a: Iron Jugulis|52/275 par\n|move|p1a: Iron Jugulis|Hurricane|p2a: Salazzle|[miss]\n|-miss|p1a: Iron Jugulis|p2a: Salazzle\n|\n|-heal|p2a: Salazzle|230/246|[from] item: Leftovers\n|upkeep\n|turn|25\n|\n|t:|1707342590\n|move|p2a: Salazzle|Flamethrower|p1a: Iron Jugulis\n|-damage|p1a: Iron Jugulis|0 fnt\n|faint|p1a: Iron Jugulis\n|-end|p1a: Iron Jugulis|Quark Drive|[silent]\n|\n|-heal|p2a: Salazzle|245/246|[from] item: Leftovers\n|upkeep\n|\n|t:|1707342596\n|switch|p1a: Clawitzer|Clawitzer, L86, F|262/262\n|-damage|p1a: Clawitzer|230/262|[from] Stealth Rock\n|turn|26\n|\n|t:|1707342598\n|move|p2a: Salazzle|Toxic|p1a: Clawitzer\n|-status|p1a: Clawitzer|tox\n|move|p1a: Clawitzer|Water Pulse|p2a: Salazzle\n|-supereffective|p2a: Salazzle\n|-end|p2a: Salazzle|Substitute\n|\n|-heal|p2a: Salazzle|246/246|[from] item: Leftovers\n|-damage|p1a: Clawitzer|214/262 tox|[from] psn\n|upkeep\n|turn|27\n|\n|t:|1707342601\n|move|p2a: Salazzle|Substitute|p2a: Salazzle\n|-start|p2a: Salazzle|Substitute\n|-damage|p2a: Salazzle|185/246\n|move|p1a: Clawitzer|Water Pulse|p2a: Salazzle\n|-supereffective|p2a: Salazzle\n|-end|p2a: Salazzle|Substitute\n|\n|-heal|p2a: Salazzle|200/246|[from] item: Leftovers\n|-damage|p1a: Clawitzer|182/262 tox|[from] psn\n|upkeep\n|turn|28\n|\n|t:|1707342605\n|move|p2a: Salazzle|Protect|p2a: Salazzle\n|-singleturn|p2a: Salazzle|Protect\n|move|p1a: Clawitzer|Water Pulse|p2a: Salazzle\n|-activate|p2a: Salazzle|move: Protect\n|\n|-heal|p2a: Salazzle|215/246|[from] item: Leftovers\n|-damage|p1a: Clawitzer|134/262 tox|[from] psn\n|upkeep\n|turn|29\n|\n|t:|1707342607\n|move|p2a: Salazzle|Substitute|p2a: Salazzle\n|-start|p2a: Salazzle|Substitute\n|-damage|p2a: Salazzle|154/246\n|move|p1a: Clawitzer|Water Pulse|p2a: Salazzle\n|-supereffective|p2a: Salazzle\n|-end|p2a: Salazzle|Substitute\n|\n|-heal|p2a: Salazzle|169/246|[from] item: Leftovers\n|-damage|p1a: Clawitzer|70/262 tox|[from] psn\n|upkeep\n|turn|30\n|\n|t:|1707342609\n|move|p2a: Salazzle|Substitute|p2a: Salazzle\n|-start|p2a: Salazzle|Substitute\n|-damage|p2a: Salazzle|108/246\n|move|p1a: Clawitzer|Water Pulse|p2a: Salazzle\n|-supereffective|p2a: Salazzle\n|-end|p2a: Salazzle|Substitute\n|\n|-heal|p2a: Salazzle|123/246|[from] item: Leftovers\n|-damage|p1a: Clawitzer|0 fnt|[from] psn\n|faint|p1a: Clawitzer\n|upkeep\n|\n|t:|1707342612\n|switch|p1a: Kyurem|Kyurem-White, L75|129/311\n|-damage|p1a: Kyurem|52/311|[from] Stealth Rock\n|-ability|p1a: Kyurem|Turboblaze\n|turn|31\n|\n|t:|1707342615\n|move|p2a: Salazzle|Protect|p2a: Salazzle\n|-singleturn|p2a: Salazzle|Protect\n|move|p1a: Kyurem|Earth Power|p2a: Salazzle\n|-activate|p2a: Salazzle|move: Protect\n|\n|-heal|p2a: Salazzle|138/246|[from] item: Leftovers\n|upkeep\n|turn|32\n|-message|scyther225 forfeited.\n|\n|win|Micael Lopes\n|raw|Micael Lopes's rating: 2225 &rarr; <strong>2246</strong><br />(+21 for winning)\n|raw|scyther225's rating: 2234 &rarr; <strong>2213</strong><br />(-21 for losing)\n|l|\u2606scyther225\n|player|p2|\n|c|\u2606Micael Lopes|**Sexy game.**\n", "inputlog": ">version 3c31c0fa45f6e7960912a41a53961f1af98ec26e\n>start {\"formatid\":\"gen9randombattle\",\"seed\":[50350,12596,55089,58205],\"rated\":\"Rated battle\"}\n>player p1 {\"name\":\"Micael Lopes\",\"avatar\":\"benga\",\"rating\":2225,\"seed\":[43936,52311,9787,57009]}\n>player p2 {\"name\":\"scyther225\",\"avatar\":\"acetrainer-gen4dp\",\"rating\":2234,\"seed\":[54836,6391,62851,11799]}\n>p1 switch 6\n>p2 switch 5\n>p1 move darkpulse\n>p2 move glare\n>p1 move darkpulse\n>p2 move stealthrock\n>p2 switch 3\n>p1 switch 2\n>p2 move bulkup\n>p1 move curse\n>p2 switch 4\n>p1 move wavecrash\n>p2 move hypervoice\n>p1 move rest\n>p2 move hypervoice\n>p1 move sleeptalk\n>p2 move hypervoice\n>p1 move sleeptalk\n>p2 move hypervoice\n>p1 switch 5\n>p2 move hypervoice\n>p1 move freezedry\n>p2 move hypervoice\n>p2 switch 4\n>p1 switch 3\n>p2 move rapidspin\n>p1 move agility\n>p2 move bulkup\n>p1 move psychocut\n>p2 move tripleaxel\n>p1 move psychocut\n>p2 move rapidspin\n>p2 switch 5\n>p1 move nightslash\n>p2 move trickroom\n>p1 move nightslash\n>p2 move revivalblessing\n>p2 switch 5\n>p2 switch 5\n>p1 move psychocut\n>p2 move rapidspin\n>p1 switch 2\n>p1 move hurricane\n>p2 move rapidspin terastallize\n>p2 switch 2\n>p1 move hurricane\n>p2 move swordsdance\n>p1 move hurricane\n>p2 move trailblaze\n>p2 switch 6\n>p1 move hurricane\n>p2 move substitute\n>p1 move hurricane\n>p2 move protect\n>p1 move hurricane\n>p2 move flamethrower\n>p1 move hurricane\n>p2 move flamethrower\n>p1 switch 4\n>p1 move waterpulse\n>p2 move toxic\n>p1 move waterpulse\n>p2 move substitute\n>p1 move waterpulse\n>p2 move protect\n>p1 move waterpulse\n>p2 move substitute\n>p1 move waterpulse\n>p2 move substitute\n>p1 switch 3\n>p1 move earthpower\n>p2 move protect\n>forcelose p2", "uploadtime": 1707342632, "views": 256, "formatid": "gen9randombattle", "rating": 2213, "private": 0, "password": null}