{"id": "gen9randombattle-2177145551", "format": "[Gen 9] Random Battle", "players": ["Qiuescent", "Miff baby"], "log": "|j|\u203dQiuescent\n|j|\u2606Miff baby\n|t:|1723265811\n|gametype|singles\n|player|p1|Qiuescent|169|2193\n|player|p2|Miff baby|pokekid|2263\n|teamsize|p1|6\n|teamsize|p2|6\n|gen|9\n|tier|[Gen 9] Random Battle\n|rated|\n|rule|Species Clause: Limit one of each Pok\u00e9mon\n|rule|HP Percentage Mod: HP is shown in percentages\n|rule|Sleep Clause Mod: Limit one foe put to sleep\n|rule|Illusion Level Mod: Illusion disguises the Pok\u00e9mon's true level\n|\n|t:|1723265811\n|start\n|switch|p1a: Palkia|Palkia-Origin, L72|249/249\n|switch|p2a: Shiftry|Shiftry, L89, M|305/305\n|-ability|p1a: Palkia|Pressure\n|turn|1\n|\n|t:|1723265837\n|move|p1a: Palkia|Fire Blast|p2a: Shiftry\n|-supereffective|p2a: Shiftry\n|-damage|p2a: Shiftry|97/305\n|move|p2a: Shiftry|Leaf Storm|p1a: Palkia\n|-damage|p1a: Palkia|125/249\n|-unboost|p2a: Shiftry|spa|2\n|\n|upkeep\n|turn|2\n|\n|t:|1723265854\n|move|p1a: Palkia|Spacial Rend|p2a: Shiftry\n|-damage|p2a: Shiftry|0 fnt\n|faint|p2a: Shiftry\n|\n|upkeep\n|\n|t:|1723265862\n|switch|p2a: Dachsbun|Dachsbun, L91, F|252/252\n|turn|3\n|inactive|Battle timer is ON: inactive players will automatically lose when time's up. (requested by Miff baby)\n|\n|t:|1723265878\n|switch|p1a: Clefable|Clefable, L83, F|293/293\n|move|p2a: Dachsbun|Play Rough|p1a: Clefable\n|-damage|p1a: Clefable|190/293\n|\n|upkeep\n|turn|4\n|\n|t:|1723265905\n|move|p2a: Dachsbun|Play Rough|p1a: Clefable\n|-damage|p1a: Clefable|87/293\n|move|p1a: Clefable|Moonlight|p1a: Clefable\n|-heal|p1a: Clefable|233/293\n|\n|upkeep\n|turn|5\n|inactive|Miff baby has 120 seconds left.\n|\n|t:|1723265923\n|switch|p2a: Terapagos|Terapagos, L76, M|262/262\n|-activate|p2a: Terapagos|ability: Tera Shift\n|detailschange|p2a: Terapagos|Terapagos-Terastal, L76, M\n|-heal|p2a: Terapagos|269/269|[silent]\n|move|p1a: Clefable|Stealth Rock|p2a: Terapagos\n|-sidestart|p2: Miff baby|move: Stealth Rock\n|\n|upkeep\n|turn|6\n|\n|t:|1723265932\n|switch|p1a: Girafarig|Girafarig, L89, F|269/269\n|move|p2a: Terapagos|Calm Mind|p2a: Terapagos\n|-boost|p2a: Terapagos|spa|1\n|-boost|p2a: Terapagos|spd|1\n|\n|upkeep\n|turn|7\n|inactive|Miff baby has 120 seconds left.\n|\n|t:|1723265968\n|move|p1a: Girafarig|Psyshock|p2a: Terapagos\n|-activate|p2a: Terapagos|ability: Tera Shell\n|-resisted|p2a: Terapagos\n|-damage|p2a: Terapagos|230/269\n|move|p2a: Terapagos|Calm Mind|p2a: Terapagos\n|-boost|p2a: Terapagos|spa|1\n|-boost|p2a: Terapagos|spd|1\n|\n|upkeep\n|turn|8\n|\n|t:|1723265974\n|switch|p1a: Magnezone|Magnezone, L85|258/258\n|move|p2a: Terapagos|Tera Starstorm|p1a: Magnezone\n|-resisted|p1a: Magnezone\n|-damage|p1a: Magnezone|148/258\n|\n|upkeep\n|turn|9\n|\n|t:|1723265978\n|move|p1a: Magnezone|Body Press|p2a: Terapagos\n|-supereffective|p2a: Terapagos\n|-damage|p2a: Terapagos|100/269\n|move|p2a: Terapagos|Earth Power|p1a: Magnezone\n|-supereffective|p1a: Magnezone\n|-damage|p1a: Magnezone|0 fnt\n|faint|p1a: Magnezone\n|\n|upkeep\n|\n|t:|1723265982\n|switch|p1a: Pikachu|Pikachu-Partner, L93, M|216/216\n|turn|10\n|\n|t:|1723265990\n|switch|p2a: Sinistcha|Sinistcha-Masterpiece, L83|254/254\n|-damage|p2a: Sinistcha|223/254|[from] Stealth Rock\n|move|p1a: Pikachu|Volt Tackle|p2a: Sinistcha\n|-resisted|p2a: Sinistcha\n|-damage|p2a: Sinistcha|127/254\n|-damage|p1a: Pikachu|184/216|[from] Recoil\n|\n|-heal|p2a: Sinistcha|142/254|[from] item: Leftovers\n|upkeep\n|turn|11\n|inactive|Miff baby has 120 seconds left.\n|\n|t:|1723266019\n|switch|p2a: Tornadus|Tornadus-Therian, L79, M|254/254\n|-damage|p2a: Tornadus|191/254|[from] Stealth Rock\n|move|p1a: Pikachu|Knock Off|p2a: Tornadus\n|-damage|p2a: Tornadus|71/254\n|-enditem|p2a: Tornadus|Assault Vest|[from] move: Knock Off|[of] p1a: Pikachu\n|\n|upkeep\n|turn|12\n|-message|Miff baby forfeited.\n|\n|win|Qiuescent\n|raw|Qiuescent's rating: 2193 &rarr; <strong>2217</strong><br />(+24 for winning)\n|raw|Miff baby's rating: 2263 &rarr; <strong>2239</strong><br />(-24 for losing)\n|l|\u2606Miff baby\n|player|p2|\n", "inputlog": ">version 645aa3833dc4d492fc8695bcaa26b087252171ab\n>start {\"formatid\":\"gen9randombattle\",\"seed\":[35663,24175,28838,3378],\"rated\":\"Rated battle\"}\n>player p1 {\"name\":\"Qiuescent\",\"avatar\":\"169\",\"rating\":2193,\"seed\":[1328,50861,32523,61245]}\n>player p2 {\"name\":\"Miff baby\",\"avatar\":\"pokekid\",\"rating\":2263,\"seed\":[52417,14715,16345,38681]}\n>p1 move fireblast\n>p2 move leafstorm\n>p1 move spacialrend\n>p2 move knockoff\n>p2 switch 4\n>p1 switch 4\n>p2 move playrough\n>p1 move moonlight\n>p2 move playrough\n>p1 move stealthrock\n>p2 switch 3\n>p1 switch 3\n>p2 move calmmind\n>p1 move psyshock\n>p2 move calmmind\n>p1 switch 6\n>p2 move terastarstorm\n>p1 move bodypress\n>p2 move earthpower\n>p1 switch 5\n>p1 move volttackle\n>p2 switch 5\n>p1 move knockoff\n>p2 switch 6\n>forcelose p2", "uploadtime": 1723266024, "views": 126, "formatid": "gen9randombattle", "rating": 2217, "private": 0, "password": null}