{"id": "gen9randombattle-2211647690", "format": "[Gen 9] Random Battle", "players": ["aesf", "R3LT PEAPOD"], "log": "|badge|p2|silver|gen9randombattle|30-2\n|html|<div class=\"broadcast-red\"><strong>This battle is required to be public due to one or more player having a season medal.</strong><br />During the public phase, you can discuss the state of the ladder <a href=\"/seasondiscussion\">in a special chatroom.</a></div>\n|uhtml|medal-msg|<div class=\"broadcast-blue\">Curious what those medals under the avatar are? PS now has Ladder Seasons! For more information, check out the <a href=\"https://www.smogon.com/forums/threads/3740067/\">thread on Smogon.</a></div>\n|raw|<div class=\"broadcast-blue\"><strong>This battle is required to be public due to a player having a name starting with 'medal'.</div>\n|j|\u2606aesf\n|j|\u2606R3LT PEAPOD\n|t:|1727545841\n|gametype|singles\n|player|p1|aesf|#wcop2024ussouth|2308\n|player|p2|R3LT PEAPOD|picnicker|2433\n|teamsize|p1|6\n|teamsize|p2|6\n|gen|9\n|tier|[Gen 9] Random Battle\n|rated|\n|rule|Species Clause: Limit one of each Pok\u00e9mon\n|rule|HP Percentage Mod: HP is shown in percentages\n|rule|Sleep Clause Mod: Limit one foe put to sleep\n|rule|Illusion Level Mod: Illusion disguises the Pok\u00e9mon's true level\n|\n|t:|1727545841\n|start\n|switch|p1a: Great Tusk|Great Tusk, L77|304/304\n|switch|p2a: Electivire|Electivire, L84, F|263/263\n|turn|1\n|inactive|Battle timer is ON: inactive players will automatically lose when time's up. (requested by R3LT PEAPOD)\n|\n|t:|1727545872\n|switch|p2a: Enamorus|Enamorus, L79, F|247/247\n|move|p1a: Great Tusk|Headlong Rush|p2a: Enamorus\n|-immune|p2a: Enamorus\n|\n|upkeep\n|turn|2\n|\n|t:|1727545879\n|move|p2a: Enamorus|Superpower|p1a: Great Tusk\n|-damage|p1a: Great Tusk|241/304\n|-boost|p2a: Enamorus|atk|1\n|-boost|p2a: Enamorus|def|1\n|move|p1a: Great Tusk|Stone Edge|p2a: Enamorus\n|-supereffective|p2a: Enamorus\n|-damage|p2a: Enamorus|117/247\n|\n|-heal|p2a: Enamorus|132/247|[from] item: Leftovers\n|upkeep\n|turn|3\n|\n|t:|1727545886\n|-end|p1a: Great Tusk|Protosynthesis|[silent]\n|switch|p1a: Cobalion|Cobalion, L80|277/277\n|move|p2a: Enamorus|Play Rough|p1a: Cobalion\n|-damage|p1a: Cobalion|169/277\n|\n|-heal|p1a: Cobalion|186/277|[from] item: Leftovers\n|-heal|p2a: Enamorus|147/247|[from] item: Leftovers\n|upkeep\n|turn|4\n|\n|t:|1727545896\n|move|p1a: Cobalion|Flash Cannon|p2a: Enamorus\n|-supereffective|p2a: Enamorus\n|-damage|p2a: Enamorus|0 fnt\n|faint|p2a: Enamorus\n|\n|-heal|p1a: Cobalion|203/277|[from] item: Leftovers\n|upkeep\n|\n|t:|1727545907\n|switch|p2a: Medicham|Medicham, L86, M|243/243\n|turn|5\n|\n|t:|1727545911\n|switch|p1a: Haxorus|Haxorus, L77, F|219/219\n|move|p2a: Medicham|Close Combat|p1a: Haxorus\n|-immune|p1a: Haxorus\n|\n|upkeep\n|turn|6\n|\n|t:|1727545918\n|switch|p2a: Dewgong|Dewgong, L94, M|322/322\n|move|p1a: Haxorus|Bitter Malice|p2a: Dewgong\n|-damage|p2a: Dewgong|198/322\n|-unboost|p2a: Dewgong|atk|1\n|\n|upkeep\n|turn|7\n|\n|t:|1727545925\n|move|p1a: Haxorus|Bitter Malice|p2a: Dewgong\n|-damage|p2a: Dewgong|83/322\n|-unboost|p2a: Dewgong|atk|1\n|move|p2a: Dewgong|Ice Beam|p1a: Haxorus\n|-damage|p1a: Haxorus|101/219\n|replace|p1a: Zoroark|Zoroark-Hisui, L80, F\n|-end|p1a: Zoroark|Illusion\n|-hint|Illusion Level Mod is active, so this Pok\u00e9mon's true level was hidden.\n|\n|upkeep\n|turn|8\n|\n|t:|1727545928\n|move|p1a: Zoroark|Bitter Malice|p2a: Dewgong\n|-damage|p2a: Dewgong|0 fnt\n|faint|p2a: Dewgong\n|\n|upkeep\n|\n|t:|1727545933\n|switch|p2a: Electivire|Electivire, L84, F|263/263\n|turn|9\n|\n|t:|1727545941\n|switch|p1a: Great Tusk|Great Tusk, L77|241/304\n|move|p2a: Electivire|Ice Punch|p1a: Great Tusk\n|-supereffective|p1a: Great Tusk\n|-damage|p1a: Great Tusk|108/304\n|-damage|p2a: Electivire|237/263|[from] item: Life Orb\n|\n|upkeep\n|turn|10\n|\n|t:|1727545944\n|-end|p1a: Great Tusk|Protosynthesis|[silent]\n|switch|p1a: Cobalion|Cobalion, L80|203/277\n|move|p2a: Electivire|Ice Punch|p1a: Cobalion\n|-resisted|p1a: Cobalion\n|-damage|p1a: Cobalion|173/277\n|-status|p1a: Cobalion|frz\n|-damage|p2a: Electivire|211/263|[from] item: Life Orb\n|\n|-heal|p1a: Cobalion|190/277 frz|[from] item: Leftovers\n|upkeep\n|turn|11\n|\n|t:|1727545950\n|cant|p1a: Cobalion|frz\n|move|p2a: Electivire|Volt Switch|p1a: Cobalion\n|-damage|p1a: Cobalion|83/277 frz\n|-damage|p2a: Electivire|185/263|[from] item: Life Orb\n|\n|t:|1727545965\n|switch|p2a: Eiscue|Eiscue, L88, M|272/272|[from] Volt Switch\n|\n|-heal|p1a: Cobalion|100/277 frz|[from] item: Leftovers\n|upkeep\n|turn|12\n|\n|t:|1727545980\n|cant|p1a: Cobalion|frz\n|move|p2a: Eiscue|Substitute|p2a: Eiscue\n|-start|p2a: Eiscue|Substitute\n|-damage|p2a: Eiscue|204/272\n|\n|-heal|p1a: Cobalion|117/277 frz|[from] item: Leftovers\n|upkeep\n|turn|13\n|\n|t:|1727545990\n|cant|p1a: Cobalion|frz\n|move|p2a: Eiscue|Liquidation|p1a: Cobalion\n|-damage|p1a: Cobalion|73/277 frz\n|\n|-heal|p1a: Cobalion|90/277 frz|[from] item: Leftovers\n|upkeep\n|turn|14\n|\n|t:|1727545995\n|cant|p1a: Cobalion|frz\n|move|p2a: Eiscue|Liquidation|p1a: Cobalion\n|-damage|p1a: Cobalion|42/277 frz\n|\n|-heal|p1a: Cobalion|59/277 frz|[from] item: Leftovers\n|upkeep\n|turn|15\n|j| R3lt gloriousplays\n|\n|t:|1727545999\n|cant|p1a: Cobalion|frz\n|move|p2a: Eiscue|Liquidation|p1a: Cobalion\n|-damage|p1a: Cobalion|15/277 frz\n|\n|-heal|p1a: Cobalion|32/277 frz|[from] item: Leftovers\n|upkeep\n|turn|16\n|\n|t:|1727546001\n|cant|p1a: Cobalion|frz\n|move|p2a: Eiscue|Liquidation|p1a: Cobalion\n|-damage|p1a: Cobalion|0 fnt\n|faint|p1a: Cobalion\n|\n|upkeep\n|\n|t:|1727546002\n|switch|p1a: Haxorus|Haxorus, L77, F|101/219\n|turn|17\n|\n|t:|1727546014\n|move|p1a: Haxorus|Hyper Voice|p2a: Eiscue\n|-damage|p2a: Eiscue|59/272\n|-enditem|p2a: Eiscue|Salac Berry|[eat]\n|-boost|p2a: Eiscue|spe|1|[from] item: Salac Berry\n|move|p2a: Eiscue|Ice Spinner|p1a: Haxorus\n|-damage|p1a: Haxorus|0 fnt\n|replace|p1a: Zoroark|Zoroark-Hisui, L80, F\n|-end|p1a: Zoroark|Illusion\n|faint|p1a: Zoroark\n|\n|upkeep\n|\n|t:|1727546025\n|switch|p1a: Umbreon|Umbreon, L84, M|297/297\n|turn|18\n|\n|t:|1727546037\n|switch|p2a: Medicham|Medicham, L86, M|243/243\n|move|p1a: Umbreon|Foul Play|p2a: Medicham\n|-damage|p2a: Medicham|159/243\n|\n|upkeep\n|turn|19\n|\n|t:|1727546040\n|move|p1a: Umbreon|Protect|p1a: Umbreon\n|-singleturn|p1a: Umbreon|Protect\n|move|p2a: Medicham|Close Combat|p1a: Umbreon\n|-activate|p1a: Umbreon|move: Protect\n|\n|upkeep\n|turn|20\n|\n|t:|1727546052\n|switch|p2a: Eiscue|Eiscue, L88, M|59/272\n|-terastallize|p1a: Umbreon|Poison\n|move|p1a: Umbreon|Toxic|p2a: Eiscue\n|-status|p2a: Eiscue|tox\n|\n|-damage|p2a: Eiscue|42/272 tox|[from] psn\n|upkeep\n|turn|21\n|\n|t:|1727546057\n|move|p1a: Umbreon|Foul Play|p2a: Eiscue\n|-activate|p2a: Eiscue|ability: Ice Face\n|-damage|p2a: Eiscue|42/272 tox\n|detailschange|p2a: Eiscue|Eiscue-Noice, L88, M\n|move|p2a: Eiscue|Liquidation|p1a: Umbreon\n|-damage|p1a: Umbreon|252/297\n|\n|-heal|p1a: Umbreon|270/297|[from] item: Leftovers\n|-damage|p2a: Eiscue|8/272 tox|[from] psn\n|upkeep\n|turn|22\n|l| R3lt gloriousplays\n|\n|t:|1727546062\n|move|p1a: Umbreon|Protect|p1a: Umbreon\n|-singleturn|p1a: Umbreon|Protect\n|move|p2a: Eiscue|Liquidation|p1a: Umbreon\n|-activate|p1a: Umbreon|move: Protect\n|\n|-heal|p1a: Umbreon|288/297|[from] item: Leftovers\n|-damage|p2a: Eiscue|0 fnt|[from] psn\n|faint|p2a: Eiscue\n|upkeep\n|j| ermery\n|inactive|R3LT PEAPOD has 120 seconds left.\n|inactive|R3LT PEAPOD has 90 seconds left.\n|\n|t:|1727546122\n|switch|p2a: Bruxish|Bruxish, L85, M|254/254\n|turn|23\n|\n|t:|1727546147\n|switch|p1a: Great Tusk|Great Tusk, L77|108/304\n|move|p2a: Bruxish|Psychic Fangs|p1a: Great Tusk\n|-supereffective|p1a: Great Tusk\n|-damage|p1a: Great Tusk|0 fnt\n|faint|p1a: Great Tusk\n|-end|p1a: Great Tusk|Protosynthesis|[silent]\n|-damage|p2a: Bruxish|229/254|[from] item: Life Orb\n|\n|upkeep\n|\n|t:|1727546153\n|switch|p1a: Haxorus|Haxorus, L77, F|244/244\n|-ability|p1a: Haxorus|Mold Breaker\n|turn|24\n|\n|t:|1727546160\n|-terastallize|p2a: Bruxish|Psychic\n|move|p2a: Bruxish|Psychic Fangs|p1a: Haxorus\n|-damage|p1a: Haxorus|0 fnt\n|faint|p1a: Haxorus\n|-damage|p2a: Bruxish|204/254|[from] item: Life Orb\n|\n|upkeep\n|\n|t:|1727546165\n|switch|p1a: Mesprit|Mesprit, L85|275/275\n|turn|25\n|\n|t:|1727546173\n|switch|p2a: Medicham|Medicham, L86, M|159/243\n|move|p1a: Mesprit|Thunderbolt|p2a: Medicham\n|-damage|p2a: Medicham|46/243\n|\n|upkeep\n|turn|26\n|inactive|R3LT PEAPOD has 120 seconds left.\n|\n|t:|1727546178\n|switch|p1a: Umbreon|Umbreon, L84, M, tera:Poison|288/297\n|move|p2a: Medicham|Ice Punch|p1a: Umbreon\n|-damage|p1a: Umbreon|183/297\n|\n|-heal|p1a: Umbreon|201/297|[from] item: Leftovers\n|upkeep\n|turn|27\n|\n|t:|1727546181\n|move|p2a: Medicham|Ice Punch|p1a: Umbreon\n|-damage|p1a: Umbreon|96/297\n|move|p1a: Umbreon|Wish|p1a: Umbreon\n|\n|-heal|p1a: Umbreon|114/297|[from] item: Leftovers\n|upkeep\n|turn|28\n|\n|t:|1727546185\n|move|p1a: Umbreon|Protect|p1a: Umbreon\n|-singleturn|p1a: Umbreon|Protect\n|move|p2a: Medicham|Ice Punch|p1a: Umbreon\n|-activate|p1a: Umbreon|move: Protect\n|\n|-heal|p1a: Umbreon|262/297|[from] move: Wish|[wisher] Umbreon\n|-heal|p1a: Umbreon|280/297|[from] item: Leftovers\n|upkeep\n|turn|29\n|\n|t:|1727546187\n|move|p2a: Medicham|Ice Punch|p1a: Umbreon\n|-damage|p1a: Umbreon|181/297\n|-status|p1a: Umbreon|frz\n|cant|p1a: Umbreon|frz\n|\n|-heal|p1a: Umbreon|199/297 frz|[from] item: Leftovers\n|upkeep\n|turn|30\n|\n|t:|1727546194\n|move|p2a: Medicham|Ice Punch|p1a: Umbreon\n|-damage|p1a: Umbreon|109/297 frz\n|cant|p1a: Umbreon|frz\n|\n|-heal|p1a: Umbreon|127/297 frz|[from] item: Leftovers\n|upkeep\n|turn|31\n|\n|t:|1727546198\n|cant|p1a: Umbreon|frz\n|move|p2a: Medicham|Ice Punch|p1a: Umbreon\n|-damage|p1a: Umbreon|35/297 frz\n|\n|-heal|p1a: Umbreon|53/297 frz|[from] item: Leftovers\n|upkeep\n|turn|32\n|c|\u2606R3LT PEAPOD|Sorry\n|\n|t:|1727546202\n|cant|p1a: Umbreon|frz\n|move|p2a: Medicham|Ice Punch|p1a: Umbreon\n|-damage|p1a: Umbreon|0 fnt\n|faint|p1a: Umbreon\n|\n|upkeep\n|c|\u2606aesf|gg\n|-message|aesf forfeited.\n|\n|win|R3LT PEAPOD\n|raw|aesf's rating: 2308 &rarr; <strong>2295</strong><br />(-13 for losing)\n|raw|R3LT PEAPOD's rating: 2433 &rarr; <strong>2446</strong><br />(+13 for winning)\n|l|\u2606aesf\n|player|p1|\n|c|\u2606R3LT PEAPOD|I had no way to win without freeze\n|c|\u2606R3LT PEAPOD|Mb\n|c|\u2606R3LT PEAPOD|The zoro was a huge momentum killer\n", "inputlog": ">version 69ff0b2f47ddc97367302b06f7f2ae172fb214dd\n>start {\"formatid\":\"gen9randombattle\",\"seed\":[28692,60359,3470,53618],\"rated\":\"Rated battle\"}\n>player p1 {\"name\":\"aesf\",\"avatar\":\"#wcop2024ussouth\",\"rating\":2308,\"seed\":[8113,8572,5995,32085]}\n>player p2 {\"name\":\"R3LT PEAPOD\",\"avatar\":\"picnicker\",\"rating\":2433,\"seed\":[33815,46552,10872,38717]}\n>p1 move headlongrush\n>p2 switch 3\n>p1 move stoneedge\n>p2 move superpower\n>p1 switch 3\n>p2 move playrough\n>p1 move flashcannon\n>p2 move superpower\n>p2 switch 5\n>p1 switch 4\n>p2 move closecombat\n>p1 move bittermalice\n>p2 switch 2\n>p1 move bittermalice\n>p2 move icebeam\n>p1 move bittermalice\n>p2 move icebeam\n>p2 switch 3\n>p1 switch 3\n>p2 move icepunch\n>p1 switch 4\n>p2 move icepunch\n>p1 move aurasphere\n>p2 move voltswitch\n>p2 switch 6\n>p1 move flashcannon\n>p2 move substitute\n>p1 move flashcannon\n>p2 move liquidation\n>p1 move flashcannon\n>p2 move liquidation\n>p1 move flashcannon\n>p2 move liquidation\n>p1 move flashcannon\n>p2 move liquidation\n>p1 switch 3\n>p1 move hypervoice\n>p2 move icespinner\n>p1 switch 2\n>p1 move foulplay\n>p2 switch 2\n>p1 move protect\n>p2 move closecombat\n>p1 move toxic terastallize\n>p2 switch 2\n>p1 move foulplay\n>p2 move liquidation\n>p1 move protect\n>p2 move liquidation\n>p2 switch 4\n>p1 switch 4\n>p2 move psychicfangs\n>p1 switch 6\n>p1 move scaleshot\n>p2 move psychicfangs terastallize\n>p1 switch 5\n>p1 move thunderbolt\n>p2 switch 2\n>p1 switch 4\n>p2 move icepunch\n>p1 move wish\n>p2 move icepunch\n>p1 move protect\n>p2 move icepunch\n>p1 move wish\n>p2 move icepunch\n>p1 move foulplay\n>p2 move icepunch\n>p1 move protect\n>p2 move icepunch\n>chat \u2606R3LT PEAPOD|Sorry\n>p1 move protect\n>p2 move icepunch\n>chat \u2606aesf|gg\n>forcelose p1", "uploadtime": 1727546237, "views": 84, "formatid": "gen9randombattle", "rating": 2295, "private": 0, "password": null}