{"id": "gen9randombattle-2260382141", "format": "[Gen 9] Random Battle", "players": ["spare_1", "ZRMNoise"], "log": "|j|\u2606spare_1\n|j|\u2606ZRMNoise\n|t:|1733846100\n|gametype|singles\n|player|p1|spare_1|hilda-wonderlauncher|\n|player|p2|ZRMNoise|170|\n|teamsize|p1|6\n|teamsize|p2|6\n|gen|9\n|tier|[Gen 9] Random Battle\n|rule|Species Clause: Limit one of each Pok\u00e9mon\n|rule|HP Percentage Mod: HP is shown in percentages\n|rule|Sleep Clause Mod: Limit one foe put to sleep\n|rule|Illusion Level Mod: Illusion disguises the Pok\u00e9mon's true level\n|\n|t:|1733846100\n|start\n|switch|p1a: Zebstrika|Zebstrika, L87, F|272/272\n|switch|p2a: Mesprit|Mesprit, L85|275/275\n|turn|1\n|\n|t:|1733846130\n|switch|p2a: Mamoswine|Mamoswine, L81, F|311/311\n|move|p1a: Zebstrika|Supercell Slam|p2a: Mamoswine\n|-immune|p2a: Mamoswine\n|-damage|p1a: Zebstrika|136/272|[from] supercellslam\n|\n|upkeep\n|turn|2\n|\n|t:|1733846172\n|switch|p1a: Cinderace|Cinderace, L77, F|249/249\n|move|p2a: Mamoswine|Earthquake|p1a: Cinderace\n|-supereffective|p1a: Cinderace\n|-damage|p1a: Cinderace|0 fnt\n|faint|p1a: Cinderace\n|\n|upkeep\n|\n|t:|1733846202\n|switch|p1a: Mudsdale|Mudsdale, L84, F|305/305\n|turn|3\n|\n|t:|1733846242\n|switch|p2a: Forretress|Forretress, L84, F|263/263\n|-terastallize|p1a: Mudsdale|Steel\n|move|p1a: Mudsdale|Heavy Slam|p2a: Forretress\n|-resisted|p2a: Forretress\n|-damage|p2a: Forretress|213/263\n|\n|-heal|p2a: Forretress|229/263|[from] item: Leftovers\n|upkeep\n|turn|4\n|\n|t:|1733846255\n|move|p2a: Forretress|Stealth Rock|p1a: Mudsdale\n|-sidestart|p1: spare_1|move: Stealth Rock\n|move|p1a: Mudsdale|Stealth Rock|p2a: Forretress\n|-sidestart|p2: ZRMNoise|move: Stealth Rock\n|\n|-heal|p2a: Forretress|245/263|[from] item: Leftovers\n|upkeep\n|turn|5\n|\n|t:|1733846262\n|move|p2a: Forretress|Spikes|p1a: Mudsdale\n|-sidestart|p1: spare_1|Spikes\n|move|p1a: Mudsdale|Roar|p2a: Forretress\n|drag|p2a: Excadrill|Excadrill, L79, F|303/303\n|-damage|p2a: Excadrill|294/303|[from] Stealth Rock\n|-ability|p2a: Excadrill|Mold Breaker\n|\n|-heal|p2a: Excadrill|303/303|[from] item: Leftovers\n|upkeep\n|turn|6\n|\n|t:|1733846311\n|-terastallize|p2a: Excadrill|Grass\n|move|p2a: Excadrill|Swords Dance|p2a: Excadrill\n|-boost|p2a: Excadrill|atk|2\n|move|p1a: Mudsdale|Roar|p2a: Excadrill\n|drag|p2a: Mamoswine|Mamoswine, L81, F|311/311\n|-damage|p2a: Mamoswine|273/311|[from] Stealth Rock\n|\n|upkeep\n|turn|7\n|\n|t:|1733846334\n|move|p2a: Mamoswine|Icicle Crash|p1a: Mudsdale\n|-resisted|p1a: Mudsdale\n|-damage|p1a: Mudsdale|229/305\n|-ability|p1a: Mudsdale|Stamina|boost\n|-boost|p1a: Mudsdale|def|1\n|move|p1a: Mudsdale|Heavy Slam|p2a: Mamoswine\n|-supereffective|p2a: Mamoswine\n|-damage|p2a: Mamoswine|55/311\n|\n|-heal|p1a: Mudsdale|248/305|[from] item: Leftovers\n|upkeep\n|turn|8\n|\n|t:|1733846354\n|switch|p2a: Mandibuzz|Mandibuzz, L85, F|326/326\n|move|p1a: Mudsdale|Earthquake|p2a: Mandibuzz\n|-immune|p2a: Mandibuzz\n|\n|-heal|p1a: Mudsdale|267/305|[from] item: Leftovers\n|upkeep\n|turn|9\n|\n|t:|1733846381\n|switch|p2a: Forretress|Forretress, L84, F|245/263\n|-damage|p2a: Forretress|213/263|[from] Stealth Rock\n|move|p1a: Mudsdale|Roar|p2a: Forretress\n|drag|p2a: Mamoswine|Mamoswine, L81, F|55/311\n|-damage|p2a: Mamoswine|17/311|[from] Stealth Rock\n|\n|-heal|p1a: Mudsdale|286/305|[from] item: Leftovers\n|upkeep\n|turn|10\n|\n|t:|1733846402\n|move|p2a: Mamoswine|Earthquake|p1a: Mudsdale\n|-supereffective|p1a: Mudsdale\n|-damage|p1a: Mudsdale|76/305\n|-ability|p1a: Mudsdale|Stamina|boost\n|-boost|p1a: Mudsdale|def|1\n|move|p1a: Mudsdale|Heavy Slam|p2a: Mamoswine\n|-supereffective|p2a: Mamoswine\n|-damage|p2a: Mamoswine|0 fnt\n|faint|p2a: Mamoswine\n|\n|-heal|p1a: Mudsdale|95/305|[from] item: Leftovers\n|upkeep\n|\n|t:|1733846415\n|switch|p2a: Excadrill|Excadrill, L79, F, tera:Grass|303/303\n|-damage|p2a: Excadrill|266/303|[from] Stealth Rock\n|-ability|p2a: Excadrill|Mold Breaker\n|turn|11\n|\n|t:|1733846427\n|switch|p1a: Rillaboom|Rillaboom, L79, M|288/288\n|-damage|p1a: Rillaboom|252/288|[from] Stealth Rock\n|-damage|p1a: Rillaboom|216/288|[from] Spikes\n|-fieldstart|move: Grassy Terrain|[from] ability: Grassy Surge|[of] p1a: Rillaboom\n|move|p2a: Excadrill|Earthquake|p1a: Rillaboom\n|-resisted|p1a: Rillaboom\n|-damage|p1a: Rillaboom|185/288\n|\n|-heal|p2a: Excadrill|284/303|[from] Grassy Terrain\n|-heal|p2a: Excadrill|302/303|[from] item: Leftovers\n|-heal|p1a: Rillaboom|203/288|[from] Grassy Terrain\n|upkeep\n|turn|12\n|\n|t:|1733846455\n|move|p2a: Excadrill|Swords Dance|p2a: Excadrill\n|-boost|p2a: Excadrill|atk|2\n|move|p1a: Rillaboom|Knock Off|p2a: Excadrill\n|-damage|p2a: Excadrill|158/303\n|-enditem|p2a: Excadrill|Leftovers|[from] move: Knock Off|[of] p1a: Rillaboom\n|-damage|p1a: Rillaboom|175/288|[from] item: Life Orb\n|\n|-heal|p2a: Excadrill|176/303|[from] Grassy Terrain\n|-heal|p1a: Rillaboom|193/288|[from] Grassy Terrain\n|upkeep\n|turn|13\n|\n|t:|1733846479\n|move|p2a: Excadrill|Iron Head|p1a: Rillaboom\n|-damage|p1a: Rillaboom|4/288\n|move|p1a: Rillaboom|Knock Off|p2a: Excadrill\n|-damage|p2a: Excadrill|92/303\n|-damage|p1a: Rillaboom|0 fnt|[from] item: Life Orb\n|faint|p1a: Rillaboom\n|\n|-heal|p2a: Excadrill|110/303|[from] Grassy Terrain\n|upkeep\n|\n|t:|1733846518\n|switch|p1a: Zebstrika|Zebstrika, L87, F|136/272\n|-damage|p1a: Zebstrika|102/272|[from] Stealth Rock\n|-damage|p1a: Zebstrika|68/272|[from] Spikes\n|turn|14\n|\n|t:|1733846542\n|move|p1a: Zebstrika|Overheat|p2a: Excadrill\n|-supereffective|p2a: Excadrill\n|-damage|p2a: Excadrill|0 fnt\n|-unboost|p1a: Zebstrika|spa|2\n|faint|p2a: Excadrill\n|-damage|p1a: Zebstrika|41/272|[from] item: Life Orb\n|\n|-heal|p1a: Zebstrika|58/272|[from] Grassy Terrain\n|upkeep\n|\n|t:|1733846569\n|switch|p2a: Mesprit|Mesprit, L85|275/275\n|-damage|p2a: Mesprit|241/275|[from] Stealth Rock\n|turn|15\n|\n|t:|1733846601\n|switch|p2a: Forretress|Forretress, L84, F|213/263\n|-damage|p2a: Forretress|181/263|[from] Stealth Rock\n|move|p1a: Zebstrika|Supercell Slam|p2a: Forretress\n|-damage|p2a: Forretress|78/263\n|-damage|p1a: Zebstrika|31/272|[from] item: Life Orb\n|\n|-heal|p1a: Zebstrika|48/272|[from] Grassy Terrain\n|-heal|p2a: Forretress|94/263|[from] Grassy Terrain\n|-heal|p2a: Forretress|110/263|[from] item: Leftovers\n|-fieldend|move: Grassy Terrain\n|upkeep\n|turn|16\n|\n|t:|1733846616\n|move|p1a: Zebstrika|Overheat|p2a: Forretress\n|-supereffective|p2a: Forretress\n|-damage|p2a: Forretress|0 fnt\n|-unboost|p1a: Zebstrika|spa|2\n|faint|p2a: Forretress\n|-damage|p1a: Zebstrika|21/272|[from] item: Life Orb\n|\n|upkeep\n|\n|t:|1733846639\n|switch|p2a: Iron Thorns|Iron Thorns, L83|302/302\n|-damage|p2a: Iron Thorns|265/302|[from] Stealth Rock\n|-item|p2a: Iron Thorns|Air Balloon\n|turn|17\n|\n|t:|1733846666\n|move|p1a: Zebstrika|Supercell Slam|p2a: Iron Thorns\n|-resisted|p2a: Iron Thorns\n|-damage|p2a: Iron Thorns|205/302\n|-enditem|p2a: Iron Thorns|Air Balloon\n|-damage|p1a: Zebstrika|0 fnt|[from] item: Life Orb\n|faint|p1a: Zebstrika\n|move|p2a: Iron Thorns|Earthquake|p1: Zebstrika|[notarget]\n|-fail|p2a: Iron Thorns\n|\n|upkeep\n|\n|t:|1733846692\n|switch|p1a: Hoopa|Hoopa, L85|275/275\n|-damage|p1a: Hoopa|241/275|[from] Stealth Rock\n|-damage|p1a: Hoopa|207/275|[from] Spikes\n|turn|18\n|\n|t:|1733846722\n|move|p1a: Hoopa|Focus Blast|p2a: Iron Thorns\n|-supereffective|p2a: Iron Thorns\n|-damage|p2a: Iron Thorns|0 fnt\n|faint|p2a: Iron Thorns\n|-end|p2a: Iron Thorns|Quark Drive|[silent]\n|\n|upkeep\n|\n|t:|1733846730\n|switch|p2a: Mandibuzz|Mandibuzz, L85, F|326/326\n|turn|19\n|\n|t:|1733846738\n|move|p1a: Hoopa|Focus Blast|p2a: Mandibuzz|[miss]\n|-miss|p1a: Hoopa|p2a: Mandibuzz\n|move|p2a: Mandibuzz|Foul Play|p1a: Hoopa\n|-supereffective|p1a: Hoopa\n|-damage|p1a: Hoopa|0 fnt\n|faint|p1a: Hoopa\n|\n|upkeep\n|\n|t:|1733846753\n|switch|p1a: Mudsdale|Mudsdale, L84, F, tera:Steel|95/305\n|-damage|p1a: Mudsdale|76/305|[from] Stealth Rock\n|-damage|p1a: Mudsdale|38/305|[from] Spikes\n|turn|20\n|\n|t:|1733846760\n|move|p2a: Mandibuzz|Brave Bird|p1a: Mudsdale\n|-resisted|p1a: Mudsdale\n|-damage|p1a: Mudsdale|0 fnt\n|faint|p1a: Mudsdale\n|-damage|p2a: Mandibuzz|313/326|[from] Recoil\n|\n|upkeep\n|\n|t:|1733846769\n|switch|p1a: Pecharunt|Pecharunt, L77|262/262\n|-damage|p1a: Pecharunt|230/262|[from] Stealth Rock\n|-damage|p1a: Pecharunt|198/262|[from] Spikes\n|turn|21\n|\n|t:|1733846789\n|move|p2a: Mandibuzz|Foul Play|p1a: Pecharunt\n|-supereffective|p1a: Pecharunt\n|-damage|p1a: Pecharunt|102/262\n|move|p1a: Pecharunt|Parting Shot|p2a: Mandibuzz\n|-unboost|p2a: Mandibuzz|atk|1\n|-unboost|p2a: Mandibuzz|spa|1\n|\n|-heal|p1a: Pecharunt|118/262|[from] item: Leftovers\n|upkeep\n|turn|22\n|\n|t:|1733846815\n|move|p2a: Mandibuzz|Foul Play|p1a: Pecharunt\n|-supereffective|p1a: Pecharunt\n|-damage|p1a: Pecharunt|28/262\n|move|p1a: Pecharunt|Recover|p1a: Pecharunt\n|-heal|p1a: Pecharunt|159/262\n|\n|-heal|p1a: Pecharunt|175/262|[from] item: Leftovers\n|upkeep\n|turn|23\n|\n|t:|1733846856\n|move|p2a: Mandibuzz|Foul Play|p1a: Pecharunt\n|-supereffective|p1a: Pecharunt\n|-damage|p1a: Pecharunt|73/262\n|move|p1a: Pecharunt|Malignant Chain|p2a: Mandibuzz\n|-damage|p2a: Mandibuzz|235/326\n|\n|-heal|p1a: Pecharunt|89/262|[from] item: Leftovers\n|upkeep\n|turn|24\n|\n|t:|1733846868\n|move|p2a: Mandibuzz|Foul Play|p1a: Pecharunt\n|-supereffective|p1a: Pecharunt\n|-damage|p1a: Pecharunt|0 fnt\n|faint|p1a: Pecharunt\n|\n|win|ZRMNoise\n|l|\u2606spare_1\n|player|p1|\n", "inputlog": ">version bfd83cad13791eb5a5a409923076391caf6fb4d4\n>start {\"formatid\":\"gen9randombattle\",\"seed\":[31441,57774,1745,64647]}\n>player p1 {\"name\":\"spare_1\",\"avatar\":\"hilda-wonderlauncher\",\"rating\":0,\"seed\":[31920,53393,58249,1972]}\n>player p2 {\"name\":\"ZRMNoise\",\"avatar\":\"170\",\"rating\":0,\"seed\":[59426,2408,3927,55591]}\n>p1 move supercellslam\n>p2 switch 4\n>p1 switch 2\n>p2 move earthquake\n>p1 switch 5\n>p1 move heavyslam terastallize\n>p2 switch 2\n>p1 move stealthrock\n>p2 move stealthrock\n>p1 move roar\n>p2 move spikes\n>p1 move roar\n>p2 move swordsdance terastallize\n>p1 move heavyslam\n>p2 move iciclecrash\n>p1 move earthquake\n>p2 switch 5\n>p1 move roar\n>p2 switch 6\n>p1 move heavyslam\n>p2 move earthquake\n>p2 switch 2\n>p1 switch 6\n>p2 move earthquake\n>p1 move knockoff\n>p2 move swordsdance\n>p1 move knockoff\n>p2 move ironhead\n>p1 switch 2\n>p1 move overheat\n>p2 move ironhead\n>p2 switch 4\n>p1 move supercellslam\n>p2 switch 5\n>p1 move overheat\n>p2 move spikes\n>p2 switch 3\n>p1 move supercellslam\n>p2 move earthquake\n>p1 switch 4\n>p1 move focusblast\n>p2 move stoneedge\n>p2 switch 6\n>p1 move focusblast\n>p2 move foulplay\n>p1 switch 6\n>p1 move heavyslam\n>p2 move bravebird\n>p1 switch 3\n>p1 move partingshot\n>p2 move foulplay\n>p1 move recover\n>p2 move foulplay\n>p1 move malignantchain\n>p2 move foulplay\n>p1 move malignantchain\n>p2 move foulplay", "uploadtime": 1733846874, "views": 3, "formatid": "gen9randombattle", "rating": null, "private": 0, "password": null}