{"id": "gen9randombattle-2259886532", "format": "[Gen 9] Random Battle", "players": ["skinworms", "uu4ta"], "log": "|j|\u2606skinworms\n|j|\u2606uu4ta\n|t:|1733776524\n|gametype|singles\n|player|p1|skinworms|fisherman-gen4|\n|player|p2|uu4ta|n|\n|teamsize|p1|6\n|teamsize|p2|6\n|gen|9\n|tier|[Gen 9] Random Battle\n|rule|Species Clause: Limit one of each Pok\u00e9mon\n|rule|HP Percentage Mod: HP is shown in percentages\n|rule|Sleep Clause Mod: Limit one foe put to sleep\n|rule|Illusion Level Mod: Illusion disguises the Pok\u00e9mon's true level\n|\n|t:|1733776524\n|start\n|switch|p1a: Skarmory|Skarmory, L80, F|235/235\n|switch|p2a: Meloetta|Meloetta, L82|298/298\n|turn|1\n|\n|t:|1733776547\n|move|p2a: Meloetta|Triple Axel|p1a: Skarmory\n|-damage|p1a: Skarmory|225/235\n|-damage|p1a: Skarmory|203/235\n|-hitcount|p1a: Skarmory|2\n|-damage|p2a: Meloetta|269/298|[from] item: Life Orb\n|move|p1a: Skarmory|Spikes|p2a: Meloetta\n|-sidestart|p2: uu4ta|Spikes\n|\n|-heal|p1a: Skarmory|217/235|[from] item: Leftovers\n|upkeep\n|turn|2\n|\n|t:|1733776558\n|move|p2a: Meloetta|Knock Off|p1a: Skarmory\n|-damage|p1a: Skarmory|168/235\n|-enditem|p1a: Skarmory|Leftovers|[from] move: Knock Off|[of] p2a: Meloetta\n|-damage|p2a: Meloetta|240/298|[from] item: Life Orb\n|move|p1a: Skarmory|Spikes|p2a: Meloetta\n|-sidestart|p2: uu4ta|Spikes\n|\n|upkeep\n|turn|3\n|\n|t:|1733776572\n|move|p2a: Meloetta|Relic Song|p1a: Skarmory\n|-resisted|p1a: Skarmory\n|-damage|p1a: Skarmory|87/235\n|-formechange|p2a: Meloetta|Meloetta-Pirouette|[msg]\n|-damage|p2a: Meloetta|211/298|[from] item: Life Orb\n|move|p1a: Skarmory|Spikes|p2a: Meloetta\n|-sidestart|p2: uu4ta|Spikes\n|\n|upkeep\n|turn|4\n|\n|t:|1733776581\n|move|p2a: Meloetta|Relic Song|p1a: Skarmory\n|-resisted|p1a: Skarmory\n|-damage|p1a: Skarmory|40/235\n|-status|p1a: Skarmory|slp|[from] move: Relic Song\n|-formechange|p2a: Meloetta|Meloetta|[msg]\n|-damage|p2a: Meloetta|182/298|[from] item: Life Orb\n|cant|p1a: Skarmory|slp\n|\n|upkeep\n|turn|5\n|\n|t:|1733776591\n|move|p2a: Meloetta|Relic Song|p1a: Skarmory\n|-resisted|p1a: Skarmory\n|-damage|p1a: Skarmory|0 fnt\n|faint|p1a: Skarmory\n|-formechange|p2a: Meloetta|Meloetta-Pirouette|[msg]\n|-damage|p2a: Meloetta|153/298|[from] item: Life Orb\n|\n|upkeep\n|\n|t:|1733776650\n|switch|p1a: Golurk|Golurk, L87|297/297\n|turn|6\n|\n|t:|1733776661\n|move|p2a: Meloetta|Triple Axel|p1a: Golurk\n|-supereffective|p1a: Golurk\n|-damage|p1a: Golurk|250/297\n|-supereffective|p1a: Golurk\n|-damage|p1a: Golurk|156/297\n|-supereffective|p1a: Golurk\n|-damage|p1a: Golurk|26/297\n|-hitcount|p1a: Golurk|3\n|-damage|p2a: Meloetta|124/298|[from] item: Life Orb\n|move|p1a: Golurk|Earthquake|p2a: Meloetta\n|-damage|p2a: Meloetta|0 fnt\n|faint|p2a: Meloetta\n|\n|upkeep\n|\n|t:|1733776673\n|switch|p2a: Braviary|Braviary-Hisui, L85, M|326/326\n|turn|7\n|\n|t:|1733776700\n|switch|p1a: Vivillon|Vivillon-River, L84, M|272/272\n|move|p2a: Braviary|Esper Wing|p1a: Vivillon\n|-damage|p1a: Vivillon|70/272\n|-boost|p2a: Braviary|spe|1\n|\n|upkeep\n|turn|8\n|\n|t:|1733776720\n|move|p2a: Braviary|Esper Wing|p1a: Vivillon\n|-damage|p1a: Vivillon|0 fnt\n|-boost|p2a: Braviary|spe|1\n|faint|p1a: Vivillon\n|\n|upkeep\n|\n|t:|1733776743\n|switch|p1a: Persian|Persian-Alola, L86, M|252/252\n|turn|9\n|\n|t:|1733776753\n|switch|p2a: Swanna|Swanna, L88, M|275/275\n|move|p1a: Persian|Thunderbolt|p2a: Swanna\n|-supereffective|p2a: Swanna\n|-damage|p2a: Swanna|7/275\n|\n|upkeep\n|turn|10\n|\n|t:|1733776767\n|-terastallize|p2a: Swanna|Ground\n|move|p1a: Persian|Dark Pulse|p2a: Swanna\n|-damage|p2a: Swanna|0 fnt\n|faint|p2a: Swanna\n|\n|upkeep\n|\n|t:|1733776781\n|switch|p2a: Zekrom|Zekrom, L71|259/259\n|-damage|p2a: Zekrom|195/259|[from] Spikes\n|-ability|p2a: Zekrom|Teravolt\n|turn|11\n|\n|t:|1733776793\n|move|p1a: Persian|Nasty Plot|p1a: Persian\n|-boost|p1a: Persian|spa|2\n|move|p2a: Zekrom|Outrage|p1a: Persian\n|-damage|p1a: Persian|72/252\n|\n|-heal|p1a: Persian|87/252|[from] item: Leftovers\n|-heal|p2a: Zekrom|211/259|[from] item: Leftovers\n|upkeep\n|turn|12\n|\n|t:|1733776803\n|move|p1a: Persian|Hypnosis|p2a: Zekrom|[miss]\n|-miss|p1a: Persian|p2a: Zekrom\n|move|p2a: Zekrom|Outrage|p1a: Persian|[from]lockedmove\n|-damage|p1a: Persian|0 fnt\n|faint|p1a: Persian\n|\n|-heal|p2a: Zekrom|227/259|[from] item: Leftovers\n|upkeep\n|\n|t:|1733776816\n|switch|p1a: Bronzong|Bronzong, L88|261/261\n|turn|13\n|\n|t:|1733776819\n|move|p2a: Zekrom|Outrage|p1a: Bronzong|[from]lockedmove\n|-resisted|p1a: Bronzong\n|-damage|p1a: Bronzong|207/261\n|-start|p2a: Zekrom|confusion|[fatigue]\n|move|p1a: Bronzong|Hypnosis|p2a: Zekrom\n|-status|p2a: Zekrom|slp|[from] move: Hypnosis\n|\n|-heal|p2a: Zekrom|243/259 slp|[from] item: Leftovers\n|-heal|p1a: Bronzong|223/261|[from] item: Leftovers\n|upkeep\n|turn|14\n|\n|t:|1733776835\n|switch|p2a: Quagsire|Quagsire, L84, M|297/297\n|-damage|p2a: Quagsire|223/297|[from] Spikes\n|move|p1a: Bronzong|Stealth Rock|p2a: Quagsire\n|-sidestart|p2: uu4ta|move: Stealth Rock\n|\n|-heal|p1a: Bronzong|239/261|[from] item: Leftovers\n|-heal|p2a: Quagsire|241/297|[from] item: Leftovers\n|upkeep\n|turn|15\n|\n|t:|1733776858\n|move|p1a: Bronzong|Iron Head|p2a: Quagsire\n|-resisted|p2a: Quagsire\n|-damage|p2a: Quagsire|192/297\n|move|p2a: Quagsire|Earthquake|p1a: Bronzong\n|-immune|p1a: Bronzong|[from] ability: Levitate\n|\n|-heal|p1a: Bronzong|255/261|[from] item: Leftovers\n|-heal|p2a: Quagsire|210/297|[from] item: Leftovers\n|upkeep\n|turn|16\n|\n|t:|1733776917\n|move|p1a: Bronzong|Psychic Noise|p2a: Quagsire\n|-damage|p2a: Quagsire|125/297\n|-start|p2a: Quagsire|move: Heal Block\n|move|p2a: Quagsire|Ice Beam|p1a: Bronzong\n|-resisted|p1a: Bronzong\n|-damage|p1a: Bronzong|237/261\n|\n|-heal|p1a: Bronzong|253/261|[from] item: Leftovers\n|upkeep\n|turn|17\n|\n|t:|1733776928\n|switch|p2a: Zekrom|Zekrom, L71|243/259 slp\n|-damage|p2a: Zekrom|179/259 slp|[from] Spikes\n|-damage|p2a: Zekrom|147/259 slp|[from] Stealth Rock\n|-ability|p2a: Zekrom|Teravolt\n|move|p1a: Bronzong|Psychic Noise|p2a: Zekrom\n|-damage|p2a: Zekrom|65/259 slp\n|-start|p2a: Zekrom|move: Heal Block\n|\n|-heal|p1a: Bronzong|261/261|[from] item: Leftovers\n|upkeep\n|turn|18\n|\n|t:|1733776942\n|cant|p2a: Zekrom|slp\n|move|p1a: Bronzong|Hypnosis|p2a: Zekrom|[miss]\n|-miss|p1a: Bronzong|p2a: Zekrom\n|\n|-end|p2a: Zekrom|move: Heal Block\n|upkeep\n|turn|19\n|\n|t:|1733776949\n|-curestatus|p2a: Zekrom|slp|[msg]\n|move|p2a: Zekrom|Bolt Strike|p1a: Bronzong\n|-damage|p1a: Bronzong|149/261\n|move|p1a: Bronzong|Psychic Noise|p2a: Zekrom\n|-damage|p2a: Zekrom|0 fnt\n|faint|p2a: Zekrom\n|\n|-heal|p1a: Bronzong|165/261|[from] item: Leftovers\n|upkeep\n|\n|t:|1733776967\n|switch|p2a: Oinkologne|Oinkologne-F, L92, F|361/361\n|-damage|p2a: Oinkologne|271/361|[from] Spikes\n|-damage|p2a: Oinkologne|226/361|[from] Stealth Rock\n|turn|20\n|\n|t:|1733776978\n|move|p2a: Oinkologne|Body Slam|p1a: Bronzong\n|-resisted|p1a: Bronzong\n|-damage|p1a: Bronzong|123/261\n|move|p1a: Bronzong|Iron Head|p2a: Oinkologne\n|-damage|p2a: Oinkologne|130/361\n|\n|-heal|p2a: Oinkologne|152/361|[from] item: Leftovers\n|-heal|p1a: Bronzong|139/261|[from] item: Leftovers\n|upkeep\n|turn|21\n|\n|t:|1733776988\n|move|p2a: Oinkologne|Body Slam|p1a: Bronzong\n|-resisted|p1a: Bronzong\n|-damage|p1a: Bronzong|100/261\n|move|p1a: Bronzong|Iron Head|p2a: Oinkologne\n|-damage|p2a: Oinkologne|62/361\n|\n|-heal|p2a: Oinkologne|84/361|[from] item: Leftovers\n|-heal|p1a: Bronzong|116/261|[from] item: Leftovers\n|upkeep\n|turn|22\n|\n|t:|1733776997\n|move|p2a: Oinkologne|Rest|p2a: Oinkologne\n|-status|p2a: Oinkologne|slp|[from] move: Rest\n|-heal|p2a: Oinkologne|361/361 slp|[silent]\n|move|p1a: Bronzong|Iron Head|p2a: Oinkologne\n|-damage|p2a: Oinkologne|267/361 slp\n|\n|-heal|p2a: Oinkologne|289/361 slp|[from] item: Leftovers\n|-heal|p1a: Bronzong|132/261|[from] item: Leftovers\n|upkeep\n|turn|23\n|\n|t:|1733777007\n|cant|p2a: Oinkologne|slp\n|move|p2a: Oinkologne|Sleep Talk|p2a: Oinkologne\n|move|p2a: Oinkologne|Curse|p2a: Oinkologne|[from]move: Sleep Talk\n|-unboost|p2a: Oinkologne|spe|1\n|-boost|p2a: Oinkologne|atk|1\n|-boost|p2a: Oinkologne|def|1\n|move|p1a: Bronzong|Iron Head|p2a: Oinkologne\n|-damage|p2a: Oinkologne|219/361 slp\n|\n|-heal|p2a: Oinkologne|241/361 slp|[from] item: Leftovers\n|-heal|p1a: Bronzong|148/261|[from] item: Leftovers\n|upkeep\n|turn|24\n|\n|t:|1733777024\n|cant|p2a: Oinkologne|slp\n|move|p2a: Oinkologne|Sleep Talk|p2a: Oinkologne\n|move|p2a: Oinkologne|Curse|p2a: Oinkologne|[from]move: Sleep Talk\n|-unboost|p2a: Oinkologne|spe|1\n|-boost|p2a: Oinkologne|atk|1\n|-boost|p2a: Oinkologne|def|1\n|move|p1a: Bronzong|Iron Head|p2a: Oinkologne\n|-damage|p2a: Oinkologne|195/361 slp\n|\n|-heal|p1a: Bronzong|164/261|[from] item: Leftovers\n|-heal|p2a: Oinkologne|217/361 slp|[from] item: Leftovers\n|upkeep\n|turn|25\n|\n|t:|1733777038\n|move|p1a: Bronzong|Hypnosis|p2a: Oinkologne|[miss]\n|-miss|p1a: Bronzong|p2a: Oinkologne\n|-curestatus|p2a: Oinkologne|slp|[msg]\n|move|p2a: Oinkologne|Sleep Talk||[still]\n|-fail|p2a: Oinkologne\n|\n|-heal|p1a: Bronzong|180/261|[from] item: Leftovers\n|-heal|p2a: Oinkologne|239/361|[from] item: Leftovers\n|upkeep\n|turn|26\n|\n|t:|1733777051\n|move|p1a: Bronzong|Hypnosis|p2a: Oinkologne|[miss]\n|-miss|p1a: Bronzong|p2a: Oinkologne\n|move|p2a: Oinkologne|Body Slam|p1a: Bronzong\n|-resisted|p1a: Bronzong\n|-damage|p1a: Bronzong|105/261\n|\n|-heal|p1a: Bronzong|121/261|[from] item: Leftovers\n|-heal|p2a: Oinkologne|261/361|[from] item: Leftovers\n|upkeep\n|turn|27\n|\n|t:|1733777061\n|move|p1a: Bronzong|Hypnosis|p2a: Oinkologne|[miss]\n|-miss|p1a: Bronzong|p2a: Oinkologne\n|move|p2a: Oinkologne|Sleep Talk||[still]\n|-fail|p2a: Oinkologne\n|\n|-heal|p1a: Bronzong|137/261|[from] item: Leftovers\n|-heal|p2a: Oinkologne|283/361|[from] item: Leftovers\n|upkeep\n|turn|28\n|\n|t:|1733777070\n|move|p1a: Bronzong|Hypnosis|p2a: Oinkologne\n|-status|p2a: Oinkologne|slp|[from] move: Hypnosis\n|cant|p2a: Oinkologne|slp\n|\n|-heal|p1a: Bronzong|153/261|[from] item: Leftovers\n|-heal|p2a: Oinkologne|305/361 slp|[from] item: Leftovers\n|upkeep\n|turn|29\n|\n|t:|1733777083\n|move|p1a: Bronzong|Psychic Noise|p2a: Oinkologne\n|-damage|p2a: Oinkologne|235/361 slp\n|-start|p2a: Oinkologne|move: Heal Block\n|cant|p2a: Oinkologne|slp\n|move|p2a: Oinkologne|Sleep Talk|p2a: Oinkologne\n|cant|p2a: Oinkologne|move: Heal Block|Rest\n|\n|-heal|p1a: Bronzong|169/261|[from] item: Leftovers\n|upkeep\n|turn|30\n|\n|t:|1733777095\n|move|p1a: Bronzong|Psychic Noise|p2a: Oinkologne\n|-damage|p2a: Oinkologne|168/361 slp\n|-curestatus|p2a: Oinkologne|slp|[msg]\n|move|p2a: Oinkologne|Sleep Talk||[still]\n|-fail|p2a: Oinkologne\n|\n|-heal|p1a: Bronzong|185/261|[from] item: Leftovers\n|-end|p2a: Oinkologne|move: Heal Block\n|upkeep\n|turn|31\n|\n|t:|1733777106\n|move|p1a: Bronzong|Hypnosis|p2a: Oinkologne\n|-status|p2a: Oinkologne|slp|[from] move: Hypnosis\n|cant|p2a: Oinkologne|slp\n|\n|-heal|p1a: Bronzong|201/261|[from] item: Leftovers\n|-heal|p2a: Oinkologne|190/361 slp|[from] item: Leftovers\n|upkeep\n|turn|32\n|\n|t:|1733777117\n|move|p1a: Bronzong|Iron Head|p2a: Oinkologne\n|-damage|p2a: Oinkologne|141/361 slp\n|-curestatus|p2a: Oinkologne|slp|[msg]\n|cant|p2a: Oinkologne|flinch\n|\n|-heal|p1a: Bronzong|217/261|[from] item: Leftovers\n|-heal|p2a: Oinkologne|163/361|[from] item: Leftovers\n|upkeep\n|turn|33\n|\n|t:|1733777126\n|move|p1a: Bronzong|Hypnosis|p2a: Oinkologne\n|-status|p2a: Oinkologne|slp|[from] move: Hypnosis\n|cant|p2a: Oinkologne|slp\n|\n|-heal|p1a: Bronzong|233/261|[from] item: Leftovers\n|-heal|p2a: Oinkologne|185/361 slp|[from] item: Leftovers\n|upkeep\n|turn|34\n|\n|t:|1733777135\n|move|p1a: Bronzong|Iron Head|p2a: Oinkologne\n|-damage|p2a: Oinkologne|139/361 slp\n|cant|p2a: Oinkologne|slp\n|move|p2a: Oinkologne|Sleep Talk|p2a: Oinkologne\n|move|p2a: Oinkologne|Body Slam|p1a: Bronzong|[from]move: Sleep Talk\n|-resisted|p1a: Bronzong\n|-damage|p1a: Bronzong|156/261\n|\n|-heal|p1a: Bronzong|172/261|[from] item: Leftovers\n|-heal|p2a: Oinkologne|161/361 slp|[from] item: Leftovers\n|upkeep\n|turn|35\n|\n|t:|1733777147\n|move|p1a: Bronzong|Iron Head|p2a: Oinkologne\n|-damage|p2a: Oinkologne|112/361 slp\n|-curestatus|p2a: Oinkologne|slp|[msg]\n|cant|p2a: Oinkologne|flinch\n|\n|-heal|p1a: Bronzong|188/261|[from] item: Leftovers\n|-heal|p2a: Oinkologne|134/361|[from] item: Leftovers\n|upkeep\n|turn|36\n|\n|t:|1733777157\n|move|p1a: Bronzong|Hypnosis|p2a: Oinkologne\n|-status|p2a: Oinkologne|slp|[from] move: Hypnosis\n|cant|p2a: Oinkologne|slp\n|\n|-heal|p1a: Bronzong|204/261|[from] item: Leftovers\n|-heal|p2a: Oinkologne|156/361 slp|[from] item: Leftovers\n|upkeep\n|turn|37\n|\n|t:|1733777165\n|move|p1a: Bronzong|Iron Head|p2a: Oinkologne\n|-damage|p2a: Oinkologne|104/361 slp\n|cant|p2a: Oinkologne|slp\n|\n|-heal|p1a: Bronzong|220/261|[from] item: Leftovers\n|-heal|p2a: Oinkologne|126/361 slp|[from] item: Leftovers\n|upkeep\n|turn|38\n|\n|t:|1733777174\n|move|p1a: Bronzong|Iron Head|p2a: Oinkologne\n|-damage|p2a: Oinkologne|81/361 slp\n|-curestatus|p2a: Oinkologne|slp|[msg]\n|move|p2a: Oinkologne|Body Slam|p1a: Bronzong\n|-resisted|p1a: Bronzong\n|-damage|p1a: Bronzong|145/261\n|\n|-heal|p1a: Bronzong|161/261|[from] item: Leftovers\n|-heal|p2a: Oinkologne|103/361|[from] item: Leftovers\n|upkeep\n|turn|39\n|\n|t:|1733777184\n|move|p1a: Bronzong|Hypnosis|p2a: Oinkologne\n|-status|p2a: Oinkologne|slp|[from] move: Hypnosis\n|cant|p2a: Oinkologne|slp\n|\n|-heal|p1a: Bronzong|177/261|[from] item: Leftovers\n|-heal|p2a: Oinkologne|125/361 slp|[from] item: Leftovers\n|upkeep\n|turn|40\n|\n|t:|1733777193\n|move|p1a: Bronzong|Iron Head|p2a: Oinkologne\n|-damage|p2a: Oinkologne|79/361 slp\n|cant|p2a: Oinkologne|slp\n|move|p2a: Oinkologne|Sleep Talk|p2a: Oinkologne\n|move|p2a: Oinkologne|Rest||[from]move: Sleep Talk|[still]\n|-fail|p2a: Oinkologne\n|\n|-heal|p1a: Bronzong|193/261|[from] item: Leftovers\n|-heal|p2a: Oinkologne|101/361 slp|[from] item: Leftovers\n|upkeep\n|turn|41\n|\n|t:|1733777205\n|move|p1a: Bronzong|Iron Head|p2a: Oinkologne\n|-damage|p2a: Oinkologne|55/361 slp\n|-curestatus|p2a: Oinkologne|slp|[msg]\n|cant|p2a: Oinkologne|flinch\n|\n|-heal|p1a: Bronzong|209/261|[from] item: Leftovers\n|-heal|p2a: Oinkologne|77/361|[from] item: Leftovers\n|upkeep\n|turn|42\n|\n|t:|1733777214\n|move|p1a: Bronzong|Hypnosis|p2a: Oinkologne|[miss]\n|-miss|p1a: Bronzong|p2a: Oinkologne\n|move|p2a: Oinkologne|Rest|p2a: Oinkologne\n|-status|p2a: Oinkologne|slp|[from] move: Rest\n|-heal|p2a: Oinkologne|361/361 slp|[silent]\n|\n|-heal|p1a: Bronzong|225/261|[from] item: Leftovers\n|upkeep\n|turn|43\n|\n|t:|1733777227\n|switch|p1a: Golurk|Golurk, L87|26/297\n|cant|p2a: Oinkologne|slp\n|move|p2a: Oinkologne|Sleep Talk|p2a: Oinkologne\n|move|p2a: Oinkologne|Body Slam|p1a: Golurk|[from]move: Sleep Talk\n|-immune|p1a: Golurk\n|\n|upkeep\n|turn|44\n|\n|t:|1733777241\n|switch|p2a: Braviary|Braviary-Hisui, L85, M|326/326\n|-damage|p2a: Braviary|245/326|[from] Stealth Rock\n|move|p1a: Golurk|Poltergeist|p2a: Braviary\n|-activate|p2a: Braviary|move: Poltergeist|Choice Specs\n|-supereffective|p2a: Braviary\n|-damage|p2a: Braviary|0 fnt\n|faint|p2a: Braviary\n|\n|upkeep\n|\n|t:|1733777250\n|switch|p2a: Quagsire|Quagsire, L84, M|125/297\n|-damage|p2a: Quagsire|51/297|[from] Spikes\n|-damage|p2a: Quagsire|33/297|[from] Stealth Rock\n|turn|45\n|\n|t:|1733777271\n|move|p1a: Golurk|Poltergeist|p2a: Quagsire\n|-activate|p2a: Quagsire|move: Poltergeist|Leftovers\n|-damage|p2a: Quagsire|0 fnt\n|faint|p2a: Quagsire\n|\n|upkeep\n|\n|t:|1733777286\n|switch|p2a: Oinkologne|Oinkologne-F, L92, F|361/361 slp\n|-damage|p2a: Oinkologne|271/361 slp|[from] Spikes\n|-damage|p2a: Oinkologne|226/361 slp|[from] Stealth Rock\n|turn|46\n|-message|uu4ta forfeited.\n|\n|win|skinworms\n|l|\u2606uu4ta\n|player|p2|\n", "inputlog": ">version bfd83cad13791eb5a5a409923076391caf6fb4d4\n>start {\"formatid\":\"gen9randombattle\",\"seed\":[62796,44517,44383,58879]}\n>player p1 {\"name\":\"skinworms\",\"avatar\":\"fisherman-gen4\",\"rating\":0,\"seed\":[61364,14697,32397,1035]}\n>player p2 {\"name\":\"uu4ta\",\"avatar\":\"n\",\"rating\":0,\"seed\":[6494,53636,11288,29492]}\n>p1 move spikes\n>p2 move tripleaxel\n>p1 move spikes\n>p2 move knockoff\n>p1 move spikes\n>p2 move relicsong\n>p1 move bodypress\n>p2 move relicsong\n>p1 move roost\n>p2 move relicsong\n>p1 switch 5\n>p1 move earthquake\n>p2 move tripleaxel\n>p2 switch 6\n>p1 switch 2\n>p2 move esperwing\n>p1 move hurricane\n>p2 move esperwing\n>p1 switch 6\n>p1 move thunderbolt\n>p2 switch 3\n>p1 move darkpulse\n>p2 move defog terastallize\n>p2 switch 4\n>p1 move nastyplot\n>p2 move outrage\n>p1 move hypnosis\n>p2 move outrage\n>p1 switch 3\n>p1 move hypnosis\n>p2 move outrage\n>p1 move stealthrock\n>p2 switch 2\n>p1 move ironhead\n>p2 move earthquake\n>p1 move psychicnoise\n>p2 move icebeam\n>p1 move psychicnoise\n>p2 switch 2\n>p1 move hypnosis\n>p2 move boltstrike\n>p1 move psychicnoise\n>p2 move boltstrike\n>p2 switch 5\n>p1 move ironhead\n>p2 move bodyslam\n>p1 move ironhead\n>p2 move bodyslam\n>p1 move ironhead\n>p2 move rest\n>p1 move ironhead\n>p2 move sleeptalk\n>p1 move ironhead\n>p2 move sleeptalk\n>p1 move hypnosis\n>p2 move sleeptalk\n>p1 move hypnosis\n>p2 move bodyslam\n>p1 move hypnosis\n>p2 move sleeptalk\n>p1 move hypnosis\n>p2 move bodyslam\n>p1 move psychicnoise\n>p2 move sleeptalk\n>p1 move psychicnoise\n>p2 move sleeptalk\n>p1 move hypnosis\n>p2 move rest\n>p1 move ironhead\n>p2 move sleeptalk\n>p1 move hypnosis\n>p2 move rest\n>p1 move ironhead\n>p2 move sleeptalk\n>p1 move ironhead\n>p2 move sleeptalk\n>p1 move hypnosis\n>p2 move bodyslam\n>p1 move ironhead\n>p2 move bodyslam\n>p1 move ironhead\n>p2 move bodyslam\n>p1 move hypnosis\n>p2 move rest\n>p1 move ironhead\n>p2 move sleeptalk\n>p1 move ironhead\n>p2 move sleeptalk\n>p1 move hypnosis\n>p2 move rest\n>p1 switch 2\n>p2 move sleeptalk\n>p1 move poltergeist\n>p2 switch 3\n>p2 switch 2\n>p1 move poltergeist\n>p2 move icebeam\n>p2 switch 3\n>forcelose p2", "uploadtime": 1733777298, "views": 16, "formatid": "gen9randombattle", "rating": null, "private": 0, "password": null}