{"id": "gen9randombattle-2260346209", "format": "[Gen 9] Random Battle", "players": ["yash123124", "bmence"], "log": "|j|\u2606yash123124\n|j|\u203dbmence\n|t:|1733842405\n|gametype|singles\n|player|p1|yash123124|169|2210\n|player|p2|bmence|266|2238\n|teamsize|p1|6\n|teamsize|p2|6\n|gen|9\n|tier|[Gen 9] Random Battle\n|rated|\n|rule|Species Clause: Limit one of each Pok\u00e9mon\n|rule|HP Percentage Mod: HP is shown in percentages\n|rule|Sleep Clause Mod: Limit one foe put to sleep\n|rule|Illusion Level Mod: Illusion disguises the Pok\u00e9mon's true level\n|\n|t:|1733842405\n|start\n|switch|p1a: Slowbro|Slowbro, L85, F|300/300\n|switch|p2a: Bellossom|Bellossom, L84, M|263/263\n|turn|1\n|\n|t:|1733842432\n|switch|p1a: Kleavor|Kleavor, L78, M|237/237\n|move|p2a: Bellossom|Sleep Powder|p1a: Kleavor|[miss]\n|-miss|p2a: Bellossom|p1a: Kleavor\n|\n|upkeep\n|turn|2\n|\n|t:|1733842458\n|move|p1a: Kleavor|X-Scissor|p2a: Bellossom\n|-supereffective|p2a: Bellossom\n|-damage|p2a: Bellossom|5/263\n|move|p2a: Bellossom|Quiver Dance|p2a: Bellossom\n|-boost|p2a: Bellossom|spa|1\n|-boost|p2a: Bellossom|spd|1\n|-boost|p2a: Bellossom|spe|1\n|\n|-heal|p2a: Bellossom|21/263|[from] item: Leftovers\n|upkeep\n|turn|3\n|\n|t:|1733842492\n|switch|p1a: Hydreigon|Hydreigon, L79, F|275/275\n|move|p2a: Bellossom|Strength Sap|p1a: Hydreigon\n|-unboost|p1a: Hydreigon|atk|1\n|-heal|p2a: Bellossom|232/263\n|\n|-heal|p2a: Bellossom|248/263|[from] item: Leftovers\n|upkeep\n|turn|4\n|\n|t:|1733842499\n|move|p1a: Hydreigon|U-turn|p2a: Bellossom\n|-supereffective|p2a: Bellossom\n|-damage|p2a: Bellossom|186/263\n|\n|t:|1733842506\n|switch|p1a: Slowbro|Slowbro, L85, F|300/300|[from] U-turn\n|move|p2a: Bellossom|Quiver Dance|p2a: Bellossom\n|-boost|p2a: Bellossom|spa|1\n|-boost|p2a: Bellossom|spd|1\n|-boost|p2a: Bellossom|spe|1\n|\n|-heal|p2a: Bellossom|202/263|[from] item: Leftovers\n|upkeep\n|turn|5\n|\n|t:|1733842510\n|move|p2a: Bellossom|Sleep Powder|p1a: Slowbro\n|-status|p1a: Slowbro|slp|[from] move: Sleep Powder\n|cant|p1a: Slowbro|slp\n|\n|-heal|p2a: Bellossom|218/263|[from] item: Leftovers\n|upkeep\n|turn|6\n|\n|t:|1733842521\n|switch|p1a: Lokix|Lokix, L82, M|251/251\n|move|p2a: Bellossom|Quiver Dance|p2a: Bellossom\n|-boost|p2a: Bellossom|spa|1\n|-boost|p2a: Bellossom|spd|1\n|-boost|p2a: Bellossom|spe|1\n|\n|-heal|p2a: Bellossom|234/263|[from] item: Leftovers\n|upkeep\n|turn|7\n|\n|t:|1733842527\n|-terastallize|p2a: Bellossom|Water\n|-terastallize|p1a: Lokix|Bug\n|move|p1a: Lokix|First Impression|p2a: Bellossom\n|-damage|p2a: Bellossom|86/263\n|move|p2a: Bellossom|Giga Drain|p1a: Lokix\n|-resisted|p1a: Lokix\n|-damage|p1a: Lokix|129/251\n|-heal|p2a: Bellossom|147/263|[from] drain|[of] p1a: Lokix\n|\n|-heal|p2a: Bellossom|163/263|[from] item: Leftovers\n|upkeep\n|turn|8\n|\n|t:|1733842554\n|move|p2a: Bellossom|Giga Drain|p1a: Lokix\n|-resisted|p1a: Lokix\n|-damage|p1a: Lokix|0 fnt\n|-heal|p2a: Bellossom|228/263|[from] drain|[of] p1a: Lokix\n|faint|p1a: Lokix\n|\n|-heal|p2a: Bellossom|244/263|[from] item: Leftovers\n|upkeep\n|\n|t:|1733842559\n|switch|p1a: Gallade|Gallade, L81, M|243/243\n|turn|9\n|\n|t:|1733842565\n|move|p2a: Bellossom|Giga Drain|p1a: Gallade\n|-damage|p1a: Gallade|99/243\n|-heal|p2a: Bellossom|263/263|[from] drain|[of] p1a: Gallade\n|move|p1a: Gallade|Sacred Sword|p2a: Bellossom\n|-damage|p2a: Bellossom|75/263\n|-damage|p1a: Gallade|75/243|[from] item: Life Orb\n|\n|-heal|p2a: Bellossom|91/263|[from] item: Leftovers\n|upkeep\n|turn|10\n|\n|t:|1733842571\n|move|p2a: Bellossom|Giga Drain|p1a: Gallade\n|-damage|p1a: Gallade|0 fnt\n|-heal|p2a: Bellossom|129/263|[from] drain|[of] p1a: Gallade\n|faint|p1a: Gallade\n|\n|-heal|p2a: Bellossom|145/263|[from] item: Leftovers\n|upkeep\n|-message|yash123124 forfeited.\n|\n|win|bmence\n|raw|yash123124's rating: 2210 &rarr; <strong>2192</strong><br />(-18 for losing)\n|raw|bmence's rating: 2238 &rarr; <strong>2256</strong><br />(+18 for winning)\n|l|\u2606yash123124\n|player|p1|\n", "inputlog": ">version bfd83cad13791eb5a5a409923076391caf6fb4d4\n>start {\"formatid\":\"gen9randombattle\",\"seed\":[57449,22024,46222,30202],\"rated\":\"Rated battle\"}\n>player p1 {\"name\":\"yash123124\",\"avatar\":\"169\",\"rating\":2210,\"seed\":[22456,55911,55830,11503]}\n>player p2 {\"name\":\"bmence\",\"avatar\":\"266\",\"rating\":2238,\"seed\":[43718,38377,42149,51525]}\n>p1 switch 6\n>p2 move sleeppowder\n>p1 move xscissor\n>p2 move quiverdance\n>p1 switch 3\n>p2 move strengthsap\n>p1 move uturn\n>p2 move quiverdance\n>p1 switch 6\n>p1 move psychicnoise\n>p2 move sleeppowder\n>p1 switch 2\n>p2 move quiverdance\n>p1 move firstimpression terastallize\n>p2 move gigadrain terastallize\n>p1 move uturn\n>p2 move gigadrain\n>p1 switch 5\n>p1 move sacredsword\n>p2 move gigadrain\n>p1 move agility\n>p2 move gigadrain\n>forcelose p1", "uploadtime": 1733842581, "views": 1, "formatid": "gen9randombattle", "rating": 2192, "private": 0, "password": null}