{"id": "gen9randombattle-2260854455", "format": "[Gen 9] Random Battle", "players": ["Mksmkslslss", "Nucl3arReactios"], "log": "|j|\u2606Mksmkslslss\n|j|\u2606Nucl3arReactios\n|t:|1733904791\n|gametype|singles\n|player|p1|Mksmkslslss|101|1000\n|player|p2|Nucl3arReactios|169|1000\n|teamsize|p1|6\n|teamsize|p2|6\n|gen|9\n|tier|[Gen 9] Random Battle\n|rated|\n|rule|Species Clause: Limit one of each Pok\u00e9mon\n|rule|HP Percentage Mod: HP is shown in percentages\n|rule|Sleep Clause Mod: Limit one foe put to sleep\n|rule|Illusion Level Mod: Illusion disguises the Pok\u00e9mon's true level\n|\n|t:|1733904791\n|start\n|switch|p1a: Eternatus|Eternatus, L69|308/308\n|switch|p2a: Clodsire|Clodsire, L81, M|343/343\n|-ability|p1a: Eternatus|Pressure\n|turn|1\n|\n|t:|1733904805\n|move|p1a: Eternatus|Dynamax Cannon|p2a: Clodsire\n|-damage|p2a: Clodsire|252/343\n|move|p2a: Clodsire|Earthquake|p1a: Eternatus\n|-supereffective|p1a: Eternatus\n|-damage|p1a: Eternatus|132/308\n|\n|-heal|p2a: Clodsire|273/343|[from] item: Leftovers\n|upkeep\n|turn|2\n|\n|t:|1733904816\n|move|p1a: Eternatus|Recover|p1a: Eternatus\n|-heal|p1a: Eternatus|286/308\n|move|p2a: Clodsire|Curse|p2a: Clodsire\n|-unboost|p2a: Clodsire|spe|1\n|-boost|p2a: Clodsire|atk|1\n|-boost|p2a: Clodsire|def|1\n|\n|-heal|p2a: Clodsire|294/343|[from] item: Leftovers\n|upkeep\n|turn|3\n|\n|t:|1733904825\n|move|p1a: Eternatus|Fire Blast|p2a: Clodsire\n|-damage|p2a: Clodsire|227/343\n|move|p2a: Clodsire|Curse|p2a: Clodsire\n|-unboost|p2a: Clodsire|spe|1\n|-boost|p2a: Clodsire|atk|1\n|-boost|p2a: Clodsire|def|1\n|\n|-heal|p2a: Clodsire|248/343|[from] item: Leftovers\n|upkeep\n|turn|4\n|\n|t:|1733904841\n|move|p1a: Eternatus|Sludge Bomb|p2a: Clodsire\n|-resisted|p2a: Clodsire\n|-damage|p2a: Clodsire|226/343\n|move|p2a: Clodsire|Recover|p2a: Clodsire\n|-heal|p2a: Clodsire|343/343\n|\n|upkeep\n|turn|5\n|\n|t:|1733904848\n|move|p1a: Eternatus|Dynamax Cannon|p2a: Clodsire\n|-damage|p2a: Clodsire|247/343\n|move|p2a: Clodsire|Earthquake|p1a: Eternatus\n|-supereffective|p1a: Eternatus\n|-damage|p1a: Eternatus|0 fnt\n|faint|p1a: Eternatus\n|\n|-heal|p2a: Clodsire|268/343|[from] item: Leftovers\n|upkeep\n|\n|t:|1733904858\n|switch|p1a: Drednaw|Drednaw, L81, F|278/278\n|turn|6\n|\n|t:|1733904876\n|-terastallize|p1a: Drednaw|Water\n|move|p1a: Drednaw|Liquidation|p2a: Clodsire\n|-heal|p2a: Clodsire|343/343|[from] ability: Water Absorb|[of] p1a: Drednaw\n|move|p2a: Clodsire|Earthquake|p1a: Drednaw\n|-damage|p1a: Drednaw|97/278\n|\n|upkeep\n|turn|7\n|\n|t:|1733904885\n|move|p1a: Drednaw|Earthquake|p2a: Clodsire\n|-supereffective|p2a: Clodsire\n|-damage|p2a: Clodsire|243/343\n|move|p2a: Clodsire|Curse|p2a: Clodsire\n|-unboost|p2a: Clodsire|spe|1\n|-boost|p2a: Clodsire|atk|1\n|-boost|p2a: Clodsire|def|1\n|\n|-heal|p2a: Clodsire|264/343|[from] item: Leftovers\n|upkeep\n|turn|8\n|\n|t:|1733904896\n|move|p1a: Drednaw|Shell Smash|p1a: Drednaw\n|-unboost|p1a: Drednaw|def|1\n|-unboost|p1a: Drednaw|spd|1\n|-boost|p1a: Drednaw|atk|2\n|-boost|p1a: Drednaw|spa|2\n|-boost|p1a: Drednaw|spe|2\n|-enditem|p1a: Drednaw|White Herb\n|-clearnegativeboost|p1a: Drednaw|[silent]\n|move|p2a: Clodsire|Recover|p2a: Clodsire\n|-heal|p2a: Clodsire|343/343\n|\n|upkeep\n|turn|9\n|\n|t:|1733904907\n|move|p1a: Drednaw|Earthquake|p2a: Clodsire\n|-supereffective|p2a: Clodsire\n|-damage|p2a: Clodsire|189/343\n|move|p2a: Clodsire|Earthquake|p1a: Drednaw\n|-damage|p1a: Drednaw|0 fnt\n|faint|p1a: Drednaw\n|\n|-heal|p2a: Clodsire|210/343|[from] item: Leftovers\n|upkeep\n|\n|t:|1733904915\n|switch|p1a: Klawf|Klawf, L90, F|272/272\n|turn|10\n|\n|t:|1733904928\n|move|p1a: Klawf|Knock Off|p2a: Clodsire\n|-damage|p2a: Clodsire|168/343\n|-enditem|p2a: Clodsire|Leftovers|[from] move: Knock Off|[of] p1a: Klawf\n|move|p2a: Clodsire|Earthquake|p1a: Klawf\n|-supereffective|p1a: Klawf\n|-damage|p1a: Klawf|0 fnt\n|faint|p1a: Klawf\n|\n|upkeep\n|\n|t:|1733904936\n|switch|p1a: Vespiquen|Vespiquen, L98, F|296/296\n|-ability|p1a: Vespiquen|Pressure\n|turn|11\n|\n|t:|1733904944\n|move|p1a: Vespiquen|Air Slash|p2a: Clodsire\n|-damage|p2a: Clodsire|80/343\n|move|p2a: Clodsire|Recover|p2a: Clodsire\n|-heal|p2a: Clodsire|252/343\n|\n|upkeep\n|turn|12\n|\n|t:|1733904952\n|move|p1a: Vespiquen|Air Slash|p2a: Clodsire\n|-damage|p2a: Clodsire|168/343\n|move|p2a: Clodsire|Recover|p2a: Clodsire\n|-heal|p2a: Clodsire|340/343\n|\n|upkeep\n|turn|13\n|\n|t:|1733904958\n|move|p1a: Vespiquen|Air Slash|p2a: Clodsire\n|-damage|p2a: Clodsire|253/343\n|move|p2a: Clodsire|Poison Jab|p1a: Vespiquen\n|-damage|p1a: Vespiquen|161/296\n|\n|upkeep\n|turn|14\n|\n|t:|1733904966\n|move|p1a: Vespiquen|Roost|p1a: Vespiquen\n|-heal|p1a: Vespiquen|296/296\n|-singleturn|p1a: Vespiquen|move: Roost\n|move|p2a: Clodsire|Poison Jab|p1a: Vespiquen\n|-crit|p1a: Vespiquen\n|-damage|p1a: Vespiquen|92/296\n|\n|upkeep\n|turn|15\n|\n|t:|1733904975\n|move|p1a: Vespiquen|Air Slash|p2a: Clodsire\n|-damage|p2a: Clodsire|163/343\n|cant|p2a: Clodsire|flinch\n|\n|upkeep\n|turn|16\n|\n|t:|1733904982\n|move|p1a: Vespiquen|Air Slash|p2a: Clodsire\n|-damage|p2a: Clodsire|70/343\n|move|p2a: Clodsire|Recover|p2a: Clodsire\n|-heal|p2a: Clodsire|242/343\n|\n|upkeep\n|turn|17\n|\n|t:|1733904987\n|move|p1a: Vespiquen|Air Slash|p2a: Clodsire\n|-damage|p2a: Clodsire|161/343\n|move|p2a: Clodsire|Recover|p2a: Clodsire\n|-heal|p2a: Clodsire|333/343\n|\n|upkeep\n|turn|18\n|\n|t:|1733904994\n|move|p1a: Vespiquen|Air Slash|p2a: Clodsire\n|-crit|p2a: Clodsire\n|-damage|p2a: Clodsire|192/343\n|cant|p2a: Clodsire|flinch\n|\n|upkeep\n|turn|19\n|\n|t:|1733905000\n|move|p1a: Vespiquen|Air Slash|p2a: Clodsire\n|-damage|p2a: Clodsire|98/343\n|move|p2a: Clodsire|Poison Jab|p1a: Vespiquen\n|-damage|p1a: Vespiquen|0 fnt\n|faint|p1a: Vespiquen\n|\n|upkeep\n|\n|t:|1733905006\n|switch|p1a: Oinkologne|Oinkologne-F, L92, F|361/361\n|turn|20\n|\n|t:|1733905013\n|move|p1a: Oinkologne|Curse|p1a: Oinkologne\n|-unboost|p1a: Oinkologne|spe|1\n|-boost|p1a: Oinkologne|atk|1\n|-boost|p1a: Oinkologne|def|1\n|move|p2a: Clodsire|Recover|p2a: Clodsire\n|-heal|p2a: Clodsire|270/343\n|\n|upkeep\n|turn|21\n|\n|t:|1733905026\n|move|p1a: Oinkologne|Curse|p1a: Oinkologne\n|-unboost|p1a: Oinkologne|spe|1\n|-boost|p1a: Oinkologne|atk|1\n|-boost|p1a: Oinkologne|def|1\n|move|p2a: Clodsire|Poison Jab|p1a: Oinkologne\n|-damage|p1a: Oinkologne|270/361\n|\n|-heal|p1a: Oinkologne|292/361|[from] item: Leftovers\n|upkeep\n|turn|22\n|\n|t:|1733905035\n|move|p1a: Oinkologne|Body Slam|p2a: Clodsire\n|-damage|p2a: Clodsire|159/343\n|move|p2a: Clodsire|Poison Jab|p1a: Oinkologne\n|-damage|p1a: Oinkologne|196/361\n|\n|-heal|p1a: Oinkologne|218/361|[from] item: Leftovers\n|upkeep\n|turn|23\n|\n|t:|1733905044\n|move|p1a: Oinkologne|Body Slam|p2a: Clodsire\n|-damage|p2a: Clodsire|51/343\n|move|p2a: Clodsire|Recover|p2a: Clodsire\n|-heal|p2a: Clodsire|223/343\n|\n|-heal|p1a: Oinkologne|240/361|[from] item: Leftovers\n|upkeep\n|turn|24\n|\n|t:|1733905052\n|move|p1a: Oinkologne|Sleep Talk||[still]\n|-fail|p1a: Oinkologne\n|move|p2a: Clodsire|Earthquake|p1a: Oinkologne\n|-damage|p1a: Oinkologne|126/361\n|\n|-heal|p1a: Oinkologne|148/361|[from] item: Leftovers\n|upkeep\n|turn|25\n|\n|t:|1733905060\n|move|p1a: Oinkologne|Sleep Talk||[still]\n|-fail|p1a: Oinkologne\n|move|p2a: Clodsire|Poison Jab|p1a: Oinkologne\n|-damage|p1a: Oinkologne|57/361\n|\n|-heal|p1a: Oinkologne|79/361|[from] item: Leftovers\n|upkeep\n|turn|26\n|\n|t:|1733905067\n|move|p1a: Oinkologne|Sleep Talk||[still]\n|-fail|p1a: Oinkologne\n|move|p2a: Clodsire|Curse|p2a: Clodsire\n|-unboost|p2a: Clodsire|spe|1\n|-boost|p2a: Clodsire|atk|1\n|-boost|p2a: Clodsire|def|1\n|\n|-heal|p1a: Oinkologne|101/361|[from] item: Leftovers\n|upkeep\n|turn|27\n|\n|t:|1733905077\n|move|p1a: Oinkologne|Sleep Talk||[still]\n|-fail|p1a: Oinkologne\n|move|p2a: Clodsire|Poison Jab|p1a: Oinkologne\n|-damage|p1a: Oinkologne|0 fnt\n|faint|p1a: Oinkologne\n|\n|upkeep\n|\n|t:|1733905084\n|switch|p1a: Goodra|Goodra, L85, M|292/292\n|turn|28\n|\n|t:|1733905088\n|move|p1a: Goodra|Draco Meteor|p2a: Clodsire\n|-crit|p2a: Clodsire\n|-damage|p2a: Clodsire|19/343\n|-unboost|p1a: Goodra|spa|2\n|move|p2a: Clodsire|Earthquake|p1a: Goodra\n|-damage|p1a: Goodra|0 fnt\n|faint|p1a: Goodra\n|\n|win|Nucl3arReactios\n|raw|Mksmkslslss's rating: 1000 &rarr; <strong>1000</strong><br />(+0 for losing)\n|raw|Nucl3arReactios's rating: 1000 &rarr; <strong>1040</strong><br />(+40 for winning)\n|l|\u2606Mksmkslslss\n|player|p1|\n", "inputlog": ">version bfd83cad13791eb5a5a409923076391caf6fb4d4\n>start {\"formatid\":\"gen9randombattle\",\"seed\":[64246,39378,41478,35467],\"rated\":\"Rated battle\"}\n>player p1 {\"name\":\"Mksmkslslss\",\"avatar\":\"101\",\"rating\":1000,\"seed\":[4351,5425,23660,19864]}\n>player p2 {\"name\":\"Nucl3arReactios\",\"avatar\":\"169\",\"rating\":1000,\"seed\":[5921,22027,58183,3884]}\n>p1 move dynamaxcannon\n>p2 move earthquake\n>p1 move recover\n>p2 move curse\n>p1 move fireblast\n>p2 move curse\n>p1 move sludgebomb\n>p2 move recover\n>p1 move dynamaxcannon\n>p2 move earthquake\n>p1 switch 3\n>p1 move liquidation terastallize\n>p2 move earthquake\n>p1 move earthquake\n>p2 move curse\n>p1 move shellsmash\n>p2 move recover\n>p1 move earthquake\n>p2 move earthquake\n>p1 switch 2\n>p1 move knockoff\n>p2 move earthquake\n>p1 switch 4\n>p1 move airslash\n>p2 move recover\n>p1 move airslash\n>p2 move recover\n>p1 move airslash\n>p2 move poisonjab\n>p1 move roost\n>p2 move poisonjab\n>p1 move airslash\n>p2 move poisonjab\n>p1 move airslash\n>p2 move recover\n>p1 move airslash\n>p2 move recover\n>p1 move airslash\n>p2 move poisonjab\n>p1 move airslash\n>p2 move poisonjab\n>p1 switch 5\n>p1 move curse\n>p2 move recover\n>p1 move curse\n>p2 move poisonjab\n>p1 move bodyslam\n>p2 move poisonjab\n>p1 move bodyslam\n>p2 move recover\n>p1 move sleeptalk\n>p2 move earthquake\n>p1 move sleeptalk\n>p2 move poisonjab\n>p1 move sleeptalk\n>p2 move curse\n>p1 move sleeptalk\n>p2 move poisonjab\n>p1 switch 6\n>p1 move dracometeor\n>p2 move earthquake", "uploadtime": 1733905104, "views": 1, "formatid": "gen9randombattle", "rating": 1000, "private": 0, "password": null}