{"id": "gen9randombattle-2013834659", "format": "[Gen 9] Random Battle", "players": ["pokeblade101", "MasterJ007"], "log": "|j|\u2606pokeblade101\n|j|\u2606MasterJ007\n|t:|1702856485\n|gametype|singles\n|player|p1|pokeblade101|#helpstaffxmas|2325\n|player|p2|MasterJ007|biker|2315\n|teamsize|p1|6\n|teamsize|p2|6\n|gen|9\n|tier|[Gen 9] Random Battle\n|rated|\n|rule|Species Clause: Limit one of each Pok\u00e9mon\n|rule|HP Percentage Mod: HP is shown in percentages\n|rule|Sleep Clause Mod: Limit one foe put to sleep\n|rule|Illusion Level Mod: Illusion disguises the Pok\u00e9mon's true level\n|\n|t:|1702856485\n|start\n|switch|p1a: Gastrodon|Gastrodon-East, L85, F|327/327\n|switch|p2a: Veluza|Veluza, L85, F|292/292\n|turn|1\n|inactive|Battle timer is ON: inactive players will automatically lose when time's up. (requested by MasterJ007)\n|inactive|MasterJ007 has 120 seconds left.\n|\n|t:|1702856524\n|move|p2a: Veluza|Fillet Away|p2a: Veluza\n|-boost|p2a: Veluza|atk|2\n|-boost|p2a: Veluza|spa|2\n|-boost|p2a: Veluza|spe|2\n|-damage|p2a: Veluza|146/292\n|-enditem|p2a: Veluza|Sitrus Berry|[eat]\n|-heal|p2a: Veluza|219/292|[from] item: Sitrus Berry\n|move|p1a: Gastrodon|Earthquake|p2a: Veluza\n|-damage|p2a: Veluza|105/292\n|\n|upkeep\n|turn|2\n|inactive|pokeblade101 has 120 seconds left.\n|\n|t:|1702856578\n|move|p2a: Veluza|Psycho Cut|p1a: Gastrodon\n|-damage|p1a: Gastrodon|41/327\n|move|p1a: Gastrodon|Earthquake|p2a: Veluza\n|-damage|p2a: Veluza|0 fnt\n|faint|p2a: Veluza\n|\n|-heal|p1a: Gastrodon|61/327|[from] item: Leftovers\n|upkeep\n|\n|t:|1702856593\n|switch|p2a: Porygon2|Porygon2, L84|280/280\n|-ability|p2a: Porygon2|Storm Drain|[from] ability: Trace|[of] p1a: Gastrodon\n|turn|3\n|\n|t:|1702856599\n|switch|p1a: Slowking|Slowking-Galar, L85, M|300/300\n|move|p2a: Porygon2|Tri Attack|p1a: Slowking\n|-damage|p1a: Slowking|222/300\n|\n|-heal|p1a: Slowking|240/300|[from] item: Leftovers\n|upkeep\n|turn|4\n|\n|t:|1702856604\n|move|p2a: Porygon2|Tri Attack|p1a: Slowking\n|-damage|p1a: Slowking|159/300\n|move|p1a: Slowking|Sludge Bomb|p2a: Porygon2\n|-damage|p2a: Porygon2|214/280\n|-status|p2a: Porygon2|psn\n|\n|-heal|p1a: Slowking|177/300|[from] item: Leftovers\n|-damage|p2a: Porygon2|179/280 psn|[from] psn\n|upkeep\n|turn|5\n|inactive|pokeblade101 has 120 seconds left.\n|\n|t:|1702856610\n|move|p2a: Porygon2|Tri Attack|p1a: Slowking\n|-damage|p1a: Slowking|99/300\n|-status|p1a: Slowking|brn\n|move|p1a: Slowking|Psychic Noise|p2a: Porygon2\n|-damage|p2a: Porygon2|121/280 psn\n|-start|p2a: Porygon2|move: Heal Block\n|\n|-heal|p1a: Slowking|117/300 brn|[from] item: Leftovers\n|-damage|p2a: Porygon2|86/280 psn|[from] psn\n|-damage|p1a: Slowking|99/300 brn|[from] brn\n|upkeep\n|turn|6\n|\n|t:|1702856616\n|move|p2a: Porygon2|Tri Attack|p1a: Slowking\n|-damage|p1a: Slowking|23/300 brn\n|move|p1a: Slowking|Slack Off|p1a: Slowking\n|-heal|p1a: Slowking|173/300 brn\n|\n|-heal|p1a: Slowking|191/300 brn|[from] item: Leftovers\n|-damage|p2a: Porygon2|51/280 psn|[from] psn\n|-damage|p1a: Slowking|173/300 brn|[from] brn\n|-end|p2a: Porygon2|move: Heal Block\n|upkeep\n|turn|7\n|\n|t:|1702856621\n|move|p2a: Porygon2|Recover|p2a: Porygon2\n|-heal|p2a: Porygon2|191/280 psn\n|move|p1a: Slowking|Psychic Noise|p2a: Porygon2\n|-damage|p2a: Porygon2|136/280 psn\n|-start|p2a: Porygon2|move: Heal Block\n|\n|-heal|p1a: Slowking|191/300 brn|[from] item: Leftovers\n|-damage|p2a: Porygon2|101/280 psn|[from] psn\n|-damage|p1a: Slowking|173/300 brn|[from] brn\n|upkeep\n|turn|8\n|\n|t:|1702856625\n|switch|p2a: Corviknight|Corviknight, L80, F|288/288\n|move|p1a: Slowking|Slack Off|p1a: Slowking\n|-heal|p1a: Slowking|300/300 brn\n|\n|-damage|p1a: Slowking|282/300 brn|[from] brn\n|upkeep\n|turn|9\n|\n|t:|1702856628\n|move|p2a: Corviknight|Brave Bird|p1a: Slowking\n|-damage|p1a: Slowking|161/300 brn\n|-damage|p2a: Corviknight|248/288|[from] Recoil\n|move|p1a: Slowking|Thunder Wave|p2a: Corviknight\n|-status|p2a: Corviknight|par\n|\n|-heal|p1a: Slowking|179/300 brn|[from] item: Leftovers\n|-heal|p2a: Corviknight|266/288 par|[from] item: Leftovers\n|-damage|p1a: Slowking|161/300 brn|[from] brn\n|upkeep\n|turn|10\n|\n|t:|1702856633\n|switch|p1a: Raikou|Raikou, L80|275/275\n|-ability|p1a: Raikou|Pressure\n|move|p2a: Corviknight|U-turn|p1a: Raikou\n|-damage|p1a: Raikou|227/275\n|inactive|MasterJ007 has 120 seconds left.\n|\n|t:|1702856679\n|switch|p2a: Cinderace|Cinderace, L77, F|249/249|[from] U-turn\n|\n|-heal|p1a: Raikou|244/275|[from] item: Leftovers\n|upkeep\n|turn|11\n|inactive|pokeblade101 has 120 seconds left.\n|inactive|MasterJ007 has 90 seconds left.\n|c|\u2606MasterJ007|Brain went off of gen7 raikou knowledge whoops\n|\n|t:|1702856713\n|move|p1a: Raikou|Scald|p2a: Cinderace\n|-supereffective|p2a: Cinderace\n|-damage|p2a: Cinderace|93/249\n|move|p2a: Cinderace|U-turn|p1a: Raikou\n|-start|p2a: Cinderace|typechange|Bug|[from] ability: Libero\n|-damage|p1a: Raikou|126/275\n|inactive|MasterJ007 has 90 seconds left.\n|\n|t:|1702856725\n|switch|p2a: Rayquaza|Rayquaza, L72|270/270|[from] U-turn\n|-ability|p2a: Rayquaza|Air Lock\n|\n|-heal|p1a: Raikou|143/275|[from] item: Leftovers\n|upkeep\n|turn|12\n|\n|t:|1702856736\n|move|p1a: Raikou|Thunderbolt|p2a: Rayquaza\n|-damage|p2a: Rayquaza|146/270\n|move|p2a: Rayquaza|Swords Dance|p2a: Rayquaza\n|-boost|p2a: Rayquaza|atk|2\n|\n|-heal|p1a: Raikou|160/275|[from] item: Leftovers\n|upkeep\n|turn|13\n|\n|t:|1702856751\n|-terastallize|p2a: Rayquaza|Normal\n|move|p2a: Rayquaza|Extreme Speed|p1a: Raikou\n|-damage|p1a: Raikou|0 fnt\n|faint|p1a: Raikou\n|\n|upkeep\n|\n|t:|1702856756\n|switch|p1a: Keldeo|Keldeo-Resolute, L80|277/277\n|turn|14\n|\n|t:|1702856769\n|switch|p2a: Porygon2|Porygon2, L84|101/280 psn\n|-ability|p2a: Porygon2|Justified|[from] ability: Trace|[of] p1a: Keldeo\n|move|p1a: Keldeo|Secret Sword|p2a: Porygon2\n|-supereffective|p2a: Porygon2\n|-damage|p2a: Porygon2|0 fnt\n|faint|p2a: Porygon2\n|\n|upkeep\n|\n|t:|1702856772\n|switch|p2a: Electrode|Electrode, L92|260/260\n|turn|15\n|\n|t:|1702856792\n|switch|p1a: Slowking|Slowking-Galar, L85, M|261/300 brn\n|move|p2a: Electrode|Foul Play|p1a: Slowking\n|-supereffective|p1a: Slowking\n|-damage|p1a: Slowking|181/300 brn\n|\n|-heal|p1a: Slowking|199/300 brn|[from] item: Leftovers\n|-damage|p1a: Slowking|181/300 brn|[from] brn\n|upkeep\n|turn|16\n|\n|t:|1702856798\n|switch|p1a: Gastrodon|Gastrodon-East, L85, F|61/327\n|move|p2a: Electrode|Thunderbolt|p1a: Gastrodon\n|-immune|p1a: Gastrodon\n|\n|-heal|p1a: Gastrodon|81/327|[from] item: Leftovers\n|upkeep\n|turn|17\n|\n|t:|1702856803\n|switch|p2a: Corviknight|Corviknight, L80, F|266/288 par\n|move|p1a: Gastrodon|Recover|p1a: Gastrodon\n|-heal|p1a: Gastrodon|245/327\n|\n|-heal|p1a: Gastrodon|265/327|[from] item: Leftovers\n|-heal|p2a: Corviknight|284/288 par|[from] item: Leftovers\n|upkeep\n|turn|18\n|\n|t:|1702856809\n|switch|p1a: Oricorio|Oricorio, L84, F|263/263\n|move|p2a: Corviknight|Brave Bird|p1a: Oricorio\n|-crit|p1a: Oricorio\n|-damage|p1a: Oricorio|56/263\n|-damage|p2a: Corviknight|216/288 par|[from] Recoil\n|\n|-heal|p2a: Corviknight|234/288 par|[from] item: Leftovers\n|upkeep\n|turn|19\n|\n|t:|1702856817\n|switch|p2a: Electrode|Electrode, L92|260/260\n|move|p1a: Oricorio|Roost|p1a: Oricorio\n|-heal|p1a: Oricorio|188/263\n|-singleturn|p1a: Oricorio|move: Roost\n|\n|upkeep\n|turn|20\n|\n|t:|1702856820\n|switch|p1a: Gastrodon|Gastrodon-East, L85, F|265/327\n|move|p2a: Electrode|Foul Play|p1a: Gastrodon\n|-damage|p1a: Gastrodon|183/327\n|\n|-heal|p1a: Gastrodon|203/327|[from] item: Leftovers\n|upkeep\n|turn|21\n|\n|t:|1702856825\n|switch|p2a: Corviknight|Corviknight, L80, F|234/288 par\n|move|p1a: Gastrodon|Recover|p1a: Gastrodon\n|-heal|p1a: Gastrodon|327/327\n|\n|-heal|p2a: Corviknight|252/288 par|[from] item: Leftovers\n|upkeep\n|turn|22\n|\n|t:|1702856828\n|switch|p1a: Oricorio|Oricorio, L84, F|188/263\n|move|p2a: Corviknight|U-turn|p1a: Oricorio\n|-resisted|p1a: Oricorio\n|-damage|p1a: Oricorio|177/263\n|\n|t:|1702856831\n|switch|p2a: Cinderace|Cinderace, L77, F|93/249|[from] U-turn\n|\n|upkeep\n|turn|23\n|\n|t:|1702856836\n|switch|p1a: Slowking|Slowking-Galar, L85, M|281/300 brn\n|move|p2a: Cinderace|Gunk Shot|p1a: Slowking|[miss]\n|-start|p2a: Cinderace|typechange|Poison|[from] ability: Libero\n|-miss|p2a: Cinderace|p1a: Slowking\n|\n|-heal|p1a: Slowking|299/300 brn|[from] item: Leftovers\n|-damage|p1a: Slowking|281/300 brn|[from] brn\n|upkeep\n|turn|24\n|\n|t:|1702856841\n|switch|p2a: Corviknight|Corviknight, L80, F|252/288 par\n|move|p1a: Slowking|Psychic Noise|p2a: Corviknight\n|-resisted|p2a: Corviknight\n|-damage|p2a: Corviknight|200/288 par\n|-start|p2a: Corviknight|move: Heal Block\n|\n|-heal|p1a: Slowking|299/300 brn|[from] item: Leftovers\n|-damage|p1a: Slowking|281/300 brn|[from] brn\n|upkeep\n|turn|25\n|\n|t:|1702856847\n|switch|p1a: Oricorio|Oricorio, L84, F|177/263\n|cant|p2a: Corviknight|par\n|\n|-end|p2a: Corviknight|move: Heal Block\n|upkeep\n|turn|26\n|\n|t:|1702856851\n|switch|p2a: Cinderace|Cinderace, L77, F|93/249\n|move|p1a: Oricorio|Revelation Dance|p2a: Cinderace\n|-resisted|p2a: Cinderace\n|-damage|p2a: Cinderace|34/249\n|\n|upkeep\n|turn|27\n|\n|t:|1702856854\n|switch|p1a: Slowking|Slowking-Galar, L85, M|300/300 brn\n|move|p2a: Cinderace|Pyro Ball|p1a: Slowking\n|-damage|p1a: Slowking|108/300 brn\n|\n|-heal|p1a: Slowking|126/300 brn|[from] item: Leftovers\n|-damage|p1a: Slowking|108/300 brn|[from] brn\n|upkeep\n|turn|28\n|\n|t:|1702856859\n|switch|p1a: Gastrodon|Gastrodon-East, L85, F|327/327\n|move|p2a: Cinderace|Pyro Ball|p1a: Gastrodon\n|-resisted|p1a: Gastrodon\n|-damage|p1a: Gastrodon|219/327\n|\n|-heal|p1a: Gastrodon|239/327|[from] item: Leftovers\n|upkeep\n|turn|29\n|\n|t:|1702856862\n|move|p2a: Cinderace|Pyro Ball|p1a: Gastrodon|[miss]\n|-miss|p2a: Cinderace|p1a: Gastrodon\n|move|p1a: Gastrodon|Ice Beam|p2a: Cinderace\n|-resisted|p2a: Cinderace\n|-damage|p2a: Cinderace|0 fnt\n|faint|p2a: Cinderace\n|\n|-heal|p1a: Gastrodon|259/327|[from] item: Leftovers\n|upkeep\n|\n|t:|1702856865\n|switch|p2a: Rayquaza|Rayquaza, L72, tera:Normal|146/270\n|-ability|p2a: Rayquaza|Air Lock\n|turn|30\n|\n|t:|1702856869\n|move|p2a: Rayquaza|Dragon Ascent|p1a: Gastrodon\n|-damage|p1a: Gastrodon|102/327\n|-unboost|p2a: Rayquaza|def|1\n|-unboost|p2a: Rayquaza|spd|1\n|move|p1a: Gastrodon|Clear Smog|p2a: Rayquaza\n|-damage|p2a: Rayquaza|83/270\n|-clearboost|p2a: Rayquaza\n|\n|-heal|p1a: Gastrodon|122/327|[from] item: Leftovers\n|upkeep\n|turn|31\n|\n|t:|1702856892\n|switch|p1a: Keldeo|Keldeo-Resolute, L80|277/277\n|move|p2a: Rayquaza|Earthquake|p1a: Keldeo\n|-damage|p1a: Keldeo|198/277\n|\n|-heal|p1a: Keldeo|215/277|[from] item: Leftovers\n|upkeep\n|turn|32\n|c|\u2606MasterJ007|Not what I was expecting I\u2019ll call it a day there ggg\n|-message|MasterJ007 forfeited.\n|\n|win|pokeblade101\n|raw|pokeblade101's rating: 2325 &rarr; <strong>2344</strong><br />(+19 for winning)\n|raw|MasterJ007's rating: 2315 &rarr; <strong>2296</strong><br />(-19 for losing)\n|l|\u2606MasterJ007\n", "inputlog": ">version c5a52b44b1d453124507a89b97426f54618f246a\n>start {\"formatid\":\"gen9randombattle\",\"seed\":[35112,27167,31459,21159],\"rated\":\"Rated battle\"}\n>player p1 {\"name\":\"pokeblade101\",\"avatar\":\"#helpstaffxmas\",\"rating\":2325,\"seed\":[36500,17652,15656,33577]}\n>player p2 {\"name\":\"MasterJ007\",\"avatar\":\"biker\",\"rating\":2315,\"seed\":[26805,59173,5973,45466]}\n>p1 move earthquake\n>p2 move filletaway\n>p1 move earthquake\n>p2 move psychocut\n>p2 switch 2\n>p1 switch 6\n>p2 move triattack\n>p1 move sludgebomb\n>p2 move triattack\n>p1 move psychicnoise\n>p2 move triattack\n>p1 move slackoff\n>p2 move triattack\n>p1 move psychicnoise\n>p2 move recover\n>p1 move slackoff\n>p2 switch 3\n>p1 move thunderwave\n>p2 move bravebird\n>p1 switch 5\n>p2 move uturn\n>p2 switch 6\n>chat \u2606MasterJ007|Brain went off of gen7 raikou knowledge whoops \n>p1 move scald\n>p2 move uturn\n>p2 switch 4\n>p1 move thunderbolt\n>p2 move swordsdance\n>p1 move thunderbolt\n>p2 move extremespeed terastallize\n>p1 switch 3\n>p1 move secretsword\n>p2 switch 3\n>p2 switch 5\n>p1 switch 5\n>p2 move foulplay\n>p1 switch 6\n>p2 move thunderbolt\n>p1 move recover\n>p2 switch 6\n>p1 switch 4\n>p2 move bravebird\n>p1 move roost\n>p2 switch 6\n>p1 switch 4\n>p2 move foulplay\n>p1 move recover\n>p2 switch 6\n>p1 switch 4\n>p2 move uturn\n>p2 switch 4\n>p1 switch 6\n>p2 move gunkshot\n>p1 move psychicnoise\n>p2 switch 4\n>p1 switch 6\n>p2 move uturn\n>p1 move revelationdance\n>p2 switch 4\n>p1 switch 6\n>p2 move pyroball\n>p1 switch 4\n>p2 move pyroball\n>p1 move icebeam\n>p2 move pyroball\n>p2 switch 3\n>p1 move clearsmog\n>p2 move dragonascent\n>p1 switch 5\n>p2 move earthquake\n>chat \u2606MasterJ007|Not what I was expecting I\u2019ll call it a day there ggg\n>forcelose p2", "uploadtime": 1702856918, "views": 275, "formatid": "gen9randombattle", "rating": 2296, "private": 0, "password": null}