{"id": "gen9randombattle-2260340491", "format": "[Gen 9] Random Battle", "players": ["Madhwan", "padhayi"], "log": "|j|\u2606Madhwan\n|j|\u2606padhayi\n|t:|1733841797\n|gametype|singles\n|player|p1|Madhwan|101|\n|player|p2|padhayi|102|\n|teamsize|p1|6\n|teamsize|p2|6\n|gen|9\n|tier|[Gen 9] Random Battle\n|rule|Species Clause: Limit one of each Pok\u00e9mon\n|rule|HP Percentage Mod: HP is shown in percentages\n|rule|Sleep Clause Mod: Limit one foe put to sleep\n|rule|Illusion Level Mod: Illusion disguises the Pok\u00e9mon's true level\n|\n|t:|1733841797\n|start\n|switch|p1a: Galvantula|Galvantula, L82, M|249/249\n|switch|p2a: Sinistcha|Sinistcha, L83|254/254\n|turn|1\n|\n|t:|1733841823\n|move|p1a: Galvantula|Bug Buzz|p2a: Sinistcha\n|-damage|p2a: Sinistcha|151/254\n|move|p2a: Sinistcha|Strength Sap|p1a: Galvantula\n|-unboost|p1a: Galvantula|atk|1\n|-heal|p2a: Sinistcha|254/254\n|\n|upkeep\n|turn|2\n|\n|t:|1733841835\n|move|p1a: Galvantula|Sticky Web|p2a: Sinistcha\n|-sidestart|p2: padhayi|move: Sticky Web\n|move|p2a: Sinistcha|Strength Sap|p1a: Galvantula\n|-unboost|p1a: Galvantula|atk|1\n|\n|upkeep\n|turn|3\n|\n|t:|1733841841\n|move|p1a: Galvantula|Sticky Web||[still]\n|-fail|p1a: Galvantula\n|move|p2a: Sinistcha|Shadow Ball|p1a: Galvantula\n|-damage|p1a: Galvantula|113/249\n|-unboost|p1a: Galvantula|spd|1\n|\n|upkeep\n|turn|4\n|\n|t:|1733841852\n|move|p1a: Galvantula|Thunder|p2a: Sinistcha\n|-resisted|p2a: Sinistcha\n|-damage|p2a: Sinistcha|191/254\n|move|p2a: Sinistcha|Shadow Ball|p1a: Galvantula\n|-damage|p1a: Galvantula|0 fnt\n|faint|p1a: Galvantula\n|\n|-heal|p2a: Sinistcha|206/254|[from] item: Leftovers\n|upkeep\n|\n|t:|1733841876\n|switch|p1a: Mewtwo|Mewtwo, L72|272/272\n|-ability|p1a: Mewtwo|Unnerve\n|turn|5\n|\n|t:|1733841891\n|-terastallize|p2a: Sinistcha|Steel\n|move|p1a: Mewtwo|Dark Pulse|p2a: Sinistcha\n|-damage|p2a: Sinistcha|116/254\n|-damage|p1a: Mewtwo|245/272|[from] item: Life Orb\n|move|p2a: Sinistcha|Calm Mind|p2a: Sinistcha\n|-boost|p2a: Sinistcha|spa|1\n|-boost|p2a: Sinistcha|spd|1\n|\n|-heal|p2a: Sinistcha|131/254|[from] item: Leftovers\n|upkeep\n|turn|6\n|\n|t:|1733841904\n|move|p1a: Mewtwo|Fire Blast|p2a: Sinistcha\n|-supereffective|p2a: Sinistcha\n|-damage|p2a: Sinistcha|56/254\n|-damage|p1a: Mewtwo|218/272|[from] item: Life Orb\n|move|p2a: Sinistcha|Strength Sap|p1a: Mewtwo\n|-unboost|p1a: Mewtwo|atk|1\n|-heal|p2a: Sinistcha|219/254\n|\n|-heal|p2a: Sinistcha|234/254|[from] item: Leftovers\n|upkeep\n|turn|7\n|\n|t:|1733841919\n|switch|p1a: Perrserker|Perrserker, L89, M|269/269\n|move|p2a: Sinistcha|Matcha Gotcha|p1a: Perrserker\n|-resisted|p1a: Perrserker\n|-damage|p1a: Perrserker|185/269\n|-heal|p2a: Sinistcha|254/254|[from] drain|[of] p1a: Perrserker\n|-status|p1a: Perrserker|brn\n|\n|-damage|p1a: Perrserker|169/269 brn|[from] brn\n|upkeep\n|turn|8\n|\n|t:|1733841960\n|move|p2a: Sinistcha|Shadow Ball|p1a: Perrserker\n|-crit|p1a: Perrserker\n|-damage|p1a: Perrserker|0 fnt\n|faint|p1a: Perrserker\n|\n|upkeep\n|-message|Madhwan forfeited.\n|\n|win|padhayi\n|l|\u2606Madhwan\n|player|p1|\n", "inputlog": ">version bfd83cad13791eb5a5a409923076391caf6fb4d4\n>start {\"formatid\":\"gen9randombattle\",\"seed\":[38429,55914,23418,15645]}\n>player p1 {\"name\":\"Madhwan\",\"avatar\":\"101\",\"rating\":0,\"seed\":[21768,2616,17293,65010]}\n>player p2 {\"name\":\"padhayi\",\"avatar\":\"102\",\"rating\":0,\"seed\":[20008,55762,40408,63238]}\n>p1 move bugbuzz\n>p2 move strengthsap\n>p1 move stickyweb\n>p2 move strengthsap\n>p1 move stickyweb\n>p2 move shadowball\n>p1 move thunder\n>p2 move shadowball\n>p1 switch 5\n>p1 move darkpulse\n>p2 move calmmind terastallize\n>p1 move fireblast\n>p2 move strengthsap\n>p1 switch 2\n>p2 move matchagotcha\n>p1 move closecombat\n>p2 move shadowball\n>forcelose p1", "uploadtime": 1733842032, "views": 2, "formatid": "gen9randombattle", "rating": null, "private": 0, "password": null}