{"id": "gen9randombattle-2260884547", "format": "[Gen 9] Random Battle", "players": ["8centimetros", "Suharsha"], "log": "|j|\u26068centimetros\n|j|\u2606Suharsha\n|t:|1733910583\n|gametype|singles\n|player|p1|8centimetros|265|1054\n|player|p2|Suharsha|veteran|1106\n|teamsize|p1|6\n|teamsize|p2|6\n|gen|9\n|tier|[Gen 9] Random Battle\n|rated|\n|rule|Species Clause: Limit one of each Pok\u00e9mon\n|rule|HP Percentage Mod: HP is shown in percentages\n|rule|Sleep Clause Mod: Limit one foe put to sleep\n|rule|Illusion Level Mod: Illusion disguises the Pok\u00e9mon's true level\n|\n|t:|1733910583\n|start\n|switch|p1a: Gothitelle|Gothitelle, L90, F|272/272\n|switch|p2a: Mamoswine|Mamoswine, L81, M|311/311\n|turn|1\n|\n|t:|1733910604\n|move|p1a: Gothitelle|Focus Blast|p2a: Mamoswine\n|-supereffective|p2a: Mamoswine\n|-damage|p2a: Mamoswine|39/311\n|move|p2a: Mamoswine|Stealth Rock|p1a: Gothitelle\n|-sidestart|p1: 8centimetros|move: Stealth Rock\n|\n|upkeep\n|turn|2\n|inactive|Battle timer is ON: inactive players will automatically lose when time's up. (requested by 8centimetros)\n|c|\u26068centimetros|BRO MOVE\n|\n|t:|1733910657\n|move|p1a: Gothitelle|Focus Blast|p2a: Mamoswine|[miss]\n|-miss|p1a: Gothitelle|p2a: Mamoswine\n|move|p2a: Mamoswine|Earthquake|p1a: Gothitelle\n|-damage|p1a: Gothitelle|120/272\n|-damage|p2a: Mamoswine|8/311|[from] item: Life Orb\n|\n|upkeep\n|turn|3\n|c|\u26068centimetros|LIL INDIGGA\n|\n|t:|1733910670\n|-terastallize|p1a: Gothitelle|Flying\n|move|p1a: Gothitelle|Focus Blast|p2a: Mamoswine|[miss]\n|-miss|p1a: Gothitelle|p2a: Mamoswine\n|move|p2a: Mamoswine|Earthquake|p1a: Gothitelle\n|-immune|p1a: Gothitelle\n|\n|upkeep\n|turn|4\n|\n|t:|1733910688\n|move|p2a: Mamoswine|Ice Shard|p1a: Gothitelle\n|-supereffective|p1a: Gothitelle\n|-damage|p1a: Gothitelle|0 fnt\n|faint|p1a: Gothitelle\n|-damage|p2a: Mamoswine|0 fnt|[from] item: Life Orb\n|faint|p2a: Mamoswine\n|\n|upkeep\n|\n|t:|1733910698\n|switch|p2a: Piloswine|Piloswine, L85, M|309/309\n|switch|p1a: Slaking|Slaking, L84, F|389/389\n|-damage|p1a: Slaking|341/389|[from] Stealth Rock\n|turn|5\n|\n|t:|1733910714\n|move|p1a: Slaking|Giga Impact|p2a: Piloswine\n|-damage|p2a: Piloswine|140/309\n|-mustrecharge|p1a: Slaking\n|move|p2a: Piloswine|Roar|p1a: Slaking\n|drag|p1a: Flareon|Flareon, L90, F|263/263\n|-damage|p1a: Flareon|198/263|[from] Stealth Rock\n|\n|-status|p1a: Flareon|tox|[from] item: Toxic Orb\n|upkeep\n|turn|6\n|\n|t:|1733910741\n|move|p1a: Flareon|Facade|p2a: Piloswine\n|-damage|p2a: Piloswine|0 fnt\n|faint|p2a: Piloswine\n|\n|-damage|p1a: Flareon|182/263 tox|[from] psn\n|upkeep\n|l|\u26068centimetros\n|inactive|8centimetros disconnected and has a minute to reconnect!\n|player|p1|\n|inactive|Suharsha has 120 seconds left.\n|j|\u26068centimetros\n|inactive|8centimetros reconnected.\n|player|p1|8centimetros|265|\n|c|\u26068centimetros|GORDA PUTA\n|n|\u203d8centimetros|8centimetros\n|c|~|/log 8centimetros was locked from talking by Artemis. (\u26068centimetros: GORDA PUTA)\n|c|~|/raw <small>This action was done automatically. Want to learn more about the AI? <a href=\"https://www.smogon.com/forums/threads/3570628/#post-9056769\">Visit the information thread</a>.</small>\n|\n|t:|1733910771\n|switch|p2a: Mienshao|Mienshao, L83, M|244/244\n|turn|7\n|\n|t:|1733910783\n|move|p2a: Mienshao|Swords Dance|p2a: Mienshao\n|-boost|p2a: Mienshao|atk|2\n|move|p1a: Flareon|Flare Blitz|p2a: Mienshao\n|-damage|p2a: Mienshao|0 fnt\n|faint|p2a: Mienshao\n|-damage|p1a: Flareon|101/263 tox|[from] Recoil\n|\n|-damage|p1a: Flareon|69/263 tox|[from] psn\n|upkeep\n|\n|t:|1733910795\n|switch|p2a: Gouging Fire|Gouging Fire, L74|277/277\n|turn|8\n|\n|t:|1733910818\n|move|p2a: Gouging Fire|Heat Crash|p1a: Flareon\n|-resisted|p1a: Flareon\n|-damage|p1a: Flareon|0 fnt\n|faint|p1a: Flareon\n|\n|upkeep\n|\n|t:|1733910832\n|switch|p1a: Bellibolt|Bellibolt, L84, F|320/320\n|-damage|p1a: Bellibolt|280/320|[from] Stealth Rock\n|turn|9\n|\n|t:|1733910838\n|-end|p2a: Gouging Fire|Protosynthesis|[silent]\n|switch|p2a: Rotom|Rotom-Fan, L86|226/226\n|move|p1a: Bellibolt|Muddy Water|p2a: Rotom\n|-damage|p2a: Rotom|170/226\n|\n|-heal|p1a: Bellibolt|300/320|[from] item: Leftovers\n|upkeep\n|turn|10\n|inactive|Suharsha has 90 seconds left.\n|\n|t:|1733910864\n|move|p2a: Rotom|Will-O-Wisp|p1a: Bellibolt\n|-status|p1a: Bellibolt|brn\n|move|p1a: Bellibolt|Toxic|p2a: Rotom\n|-status|p2a: Rotom|tox\n|\n|-heal|p1a: Bellibolt|320/320 brn|[from] item: Leftovers\n|-damage|p2a: Rotom|156/226 tox|[from] psn\n|-damage|p1a: Bellibolt|300/320 brn|[from] brn\n|upkeep\n|turn|11\n|inactive|Suharsha has 90 seconds left.\n|\n|t:|1733910884\n|move|p2a: Rotom|Air Slash|p1a: Bellibolt\n|-resisted|p1a: Bellibolt\n|-damage|p1a: Bellibolt|255/320 brn\n|-start|p1a: Bellibolt|Charge|Air Slash|[from] ability: Electromorphosis\n|move|p1a: Bellibolt|Thunderbolt|p2a: Rotom\n|-damage|p2a: Rotom|0 fnt\n|faint|p2a: Rotom\n|-end|p1a: Bellibolt|Charge|[silent]\n|\n|-heal|p1a: Bellibolt|275/320 brn|[from] item: Leftovers\n|-damage|p1a: Bellibolt|255/320 brn|[from] brn\n|upkeep\n|inactive|Suharsha has 90 seconds left.\n|\n|t:|1733910897\n|switch|p2a: Skeledirge|Skeledirge, L79, M|294/294\n|turn|12\n|inactive|Suharsha has 90 seconds left.\n|\n|t:|1733910909\n|move|p2a: Skeledirge|Torch Song|p1a: Bellibolt\n|-damage|p1a: Bellibolt|168/320 brn\n|-boost|p2a: Skeledirge|spa|1\n|-start|p1a: Bellibolt|Charge|Torch Song|[from] ability: Electromorphosis\n|move|p1a: Bellibolt|Muddy Water|p2a: Skeledirge\n|-supereffective|p2a: Skeledirge\n|-damage|p2a: Skeledirge|144/294\n|\n|-heal|p1a: Bellibolt|188/320 brn|[from] item: Leftovers\n|-damage|p1a: Bellibolt|168/320 brn|[from] brn\n|upkeep\n|turn|13\n|inactive|Suharsha has 90 seconds left.\n|\n|t:|1733910933\n|move|p2a: Skeledirge|Shadow Ball|p1a: Bellibolt\n|-damage|p1a: Bellibolt|32/320 brn\n|-start|p1a: Bellibolt|Charge|Shadow Ball|[from] ability: Electromorphosis\n|move|p1a: Bellibolt|Thunderbolt|p2a: Skeledirge\n|-damage|p2a: Skeledirge|0 fnt\n|faint|p2a: Skeledirge\n|-end|p1a: Bellibolt|Charge|[silent]\n|\n|-heal|p1a: Bellibolt|52/320 brn|[from] item: Leftovers\n|-damage|p1a: Bellibolt|32/320 brn|[from] brn\n|upkeep\n|\n|t:|1733910946\n|switch|p2a: Gouging Fire|Gouging Fire, L74|277/277\n|turn|14\n|\n|t:|1733910955\n|move|p2a: Gouging Fire|Earthquake|p1a: Bellibolt\n|-supereffective|p1a: Bellibolt\n|-crit|p1a: Bellibolt\n|-damage|p1a: Bellibolt|0 fnt\n|faint|p1a: Bellibolt\n|\n|upkeep\n|\n|t:|1733910983\n|switch|p1a: Magmortar|Magmortar, L88, M|275/275\n|turn|15\n|inactive|Suharsha has 90 seconds left.\n|\n|t:|1733911006\n|move|p1a: Magmortar|Scorching Sands|p2a: Gouging Fire\n|-supereffective|p2a: Gouging Fire\n|-damage|p2a: Gouging Fire|131/277\n|move|p2a: Gouging Fire|Earthquake|p1a: Magmortar\n|-supereffective|p1a: Magmortar\n|-damage|p1a: Magmortar|137/275\n|\n|upkeep\n|turn|16\n|\n|t:|1733911014\n|-terastallize|p2a: Gouging Fire|Ground\n|move|p1a: Magmortar|Scorching Sands|p2a: Gouging Fire\n|-damage|p2a: Gouging Fire|58/277\n|-status|p2a: Gouging Fire|brn\n|move|p2a: Gouging Fire|Earthquake|p1a: Magmortar\n|-supereffective|p1a: Magmortar\n|-damage|p1a: Magmortar|34/275\n|\n|-damage|p2a: Gouging Fire|41/277 brn|[from] brn\n|upkeep\n|turn|17\n|\n|t:|1733911037\n|switch|p1a: Drifblim|Drifblim, L86, F|398/398\n|move|p2a: Gouging Fire|Outrage|p1a: Drifblim\n|-damage|p1a: Drifblim|305/398\n|\n|-damage|p2a: Gouging Fire|24/277 brn|[from] brn\n|upkeep\n|turn|18\n|\n|t:|1733911048\n|move|p1a: Drifblim|Strength Sap|p2a: Gouging Fire\n|-unboost|p2a: Gouging Fire|atk|1\n|-heal|p1a: Drifblim|398/398\n|move|p2a: Gouging Fire|Outrage|p1a: Drifblim|[from]lockedmove\n|-damage|p1a: Drifblim|336/398\n|\n|-damage|p2a: Gouging Fire|7/277 brn|[from] brn\n|upkeep\n|turn|19\n|\n|t:|1733911062\n|move|p1a: Drifblim|Strength Sap|p2a: Gouging Fire\n|-unboost|p2a: Gouging Fire|atk|1\n|-heal|p1a: Drifblim|398/398\n|move|p2a: Gouging Fire|Outrage|p1a: Drifblim|[from]lockedmove\n|-damage|p1a: Drifblim|354/398\n|-start|p2a: Gouging Fire|confusion|[fatigue]\n|\n|-damage|p2a: Gouging Fire|0 fnt|[from] brn\n|faint|p2a: Gouging Fire\n|-end|p2a: Gouging Fire|Protosynthesis|[silent]\n|\n|win|8centimetros\n|upkeep\n", "inputlog": ">version bfd83cad13791eb5a5a409923076391caf6fb4d4\n>start {\"formatid\":\"gen9randombattle\",\"seed\":[29069,33559,61104,38589],\"rated\":\"Rated battle\"}\n>player p1 {\"name\":\"8centimetros\",\"avatar\":\"265\",\"rating\":1054,\"seed\":[64774,784,15269,51417]}\n>player p2 {\"name\":\"Suharsha\",\"avatar\":\"veteran\",\"rating\":1106,\"seed\":[17895,30907,60938,63242]}\n>p1 move focusblast\n>p2 move stealthrock\n>chat \u26068centimetros|BRO MOVE\n>p1 move focusblast\n>p2 move earthquake\n>chat \u26068centimetros|LIL INDIGGA\n>p1 move focusblast terastallize\n>p2 move earthquake\n>p1 move focusblast\n>p2 move iceshard\n>p1 switch 6\n>p2 switch 2\n>p1 move gigaimpact\n>p2 move roar\n>p1 move facade\n>p2 move earthquake\n>chat \u26068centimetros|GORDA PUTA\n>p2 switch 5\n>p1 move flareblitz\n>p2 move swordsdance\n>p2 switch 4\n>p1 move facade\n>p2 move heatcrash\n>p1 switch 4\n>p1 move muddywater\n>p2 switch 6\n>p1 move toxic\n>p2 move willowisp\n>p1 move thunderbolt\n>p2 move airslash\n>p2 switch 3\n>p1 move muddywater\n>p2 move torchsong\n>p1 move thunderbolt\n>p2 move shadowball\n>p2 switch 6\n>p1 move slackoff\n>p2 move earthquake\n>p1 switch 2\n>p1 move scorchingsands\n>p2 move earthquake\n>p1 move scorchingsands\n>p2 move earthquake terastallize\n>p1 switch 5\n>p2 move outrage\n>p1 move strengthsap\n>p2 move outrage\n>p1 move strengthsap\n>p2 move outrage", "uploadtime": 1733910762, "views": 1, "formatid": "gen9randombattle", "rating": null, "private": 0, "password": null}