{"id": "gen9randombattle-2259943507", "format": "[Gen 9] Random Battle", "players": ["anothermoth", "lostamongthem"], "log": "|j|\u2606anothermoth\n|j|\u2606lostamongthem\n|t:|1733782611\n|gametype|singles\n|player|p1|anothermoth|rika|1778\n|player|p2|lostamongthem|266|1774\n|teamsize|p1|6\n|teamsize|p2|6\n|gen|9\n|tier|[Gen 9] Random Battle\n|rated|\n|rule|Species Clause: Limit one of each Pok\u00e9mon\n|rule|HP Percentage Mod: HP is shown in percentages\n|rule|Sleep Clause Mod: Limit one foe put to sleep\n|rule|Illusion Level Mod: Illusion disguises the Pok\u00e9mon's true level\n|\n|t:|1733782611\n|start\n|switch|p1a: Kingdra|Kingdra, L84, F|263/263\n|switch|p2a: Luvdisc|Luvdisc, M|247/247\n|turn|1\n|inactive|Battle timer is ON: inactive players will automatically lose when time's up. (requested by lostamongthem)\n|\n|t:|1733782626\n|move|p2a: Luvdisc|Whirlpool|p1a: Kingdra\n|-resisted|p1a: Kingdra\n|-damage|p1a: Kingdra|257/263\n|-activate|p1a: Kingdra|move: Whirlpool|[of] p2a: Luvdisc\n|move|p1a: Kingdra|Dragon Dance|p1a: Kingdra\n|-boost|p1a: Kingdra|atk|1\n|-boost|p1a: Kingdra|spe|1\n|\n|-damage|p1a: Kingdra|225/263|[from] move: Whirlpool|[partiallytrapped]\n|upkeep\n|turn|2\n|\n|t:|1733782639\n|move|p1a: Kingdra|Dragon Dance|p1a: Kingdra\n|-boost|p1a: Kingdra|atk|1\n|-boost|p1a: Kingdra|spe|1\n|move|p2a: Luvdisc|Substitute|p2a: Luvdisc\n|-start|p2a: Luvdisc|Substitute\n|-damage|p2a: Luvdisc|186/247\n|\n|-damage|p1a: Kingdra|193/263|[from] move: Whirlpool|[partiallytrapped]\n|upkeep\n|turn|3\n|\n|t:|1733782653\n|move|p1a: Kingdra|Dragon Dance|p1a: Kingdra\n|-boost|p1a: Kingdra|atk|1\n|-boost|p1a: Kingdra|spe|1\n|move|p2a: Luvdisc|Substitute|p2a: Luvdisc\n|-fail|p2a: Luvdisc|move: Substitute\n|\n|-damage|p1a: Kingdra|161/263|[from] move: Whirlpool|[partiallytrapped]\n|upkeep\n|turn|4\n|\n|t:|1733782664\n|move|p1a: Kingdra|Dragon Dance|p1a: Kingdra\n|-boost|p1a: Kingdra|atk|1\n|-boost|p1a: Kingdra|spe|1\n|move|p2a: Luvdisc|Substitute|p2a: Luvdisc\n|-fail|p2a: Luvdisc|move: Substitute\n|\n|-damage|p1a: Kingdra|129/263|[from] move: Whirlpool|[partiallytrapped]\n|upkeep\n|turn|5\n|\n|t:|1733782677\n|move|p1a: Kingdra|Dragon Dance|p1a: Kingdra\n|-boost|p1a: Kingdra|atk|1\n|-boost|p1a: Kingdra|spe|1\n|move|p2a: Luvdisc|Surf|p1a: Kingdra\n|-resisted|p1a: Kingdra\n|-damage|p1a: Kingdra|112/263\n|\n|-damage|p1a: Kingdra|80/263|[from] move: Whirlpool|[partiallytrapped]\n|upkeep\n|turn|6\n|\n|t:|1733782688\n|move|p1a: Kingdra|Dragon Dance|p1a: Kingdra\n|-boost|p1a: Kingdra|atk|1\n|-boost|p1a: Kingdra|spe|1\n|move|p2a: Luvdisc|Substitute|p2a: Luvdisc\n|-fail|p2a: Luvdisc|move: Substitute\n|\n|-end|p1a: Kingdra|Whirlpool|[partiallytrapped]\n|upkeep\n|turn|7\n|\n|t:|1733782697\n|move|p1a: Kingdra|Outrage|p2a: Luvdisc\n|-end|p2a: Luvdisc|Substitute\n|move|p2a: Luvdisc|Whirlpool|p1a: Kingdra\n|-resisted|p1a: Kingdra\n|-damage|p1a: Kingdra|73/263\n|-activate|p1a: Kingdra|move: Whirlpool|[of] p2a: Luvdisc\n|\n|-damage|p1a: Kingdra|41/263|[from] move: Whirlpool|[partiallytrapped]\n|upkeep\n|turn|8\n|\n|t:|1733782706\n|move|p1a: Kingdra|Outrage|p2a: Luvdisc|[from]lockedmove\n|-damage|p2a: Luvdisc|0 fnt\n|faint|p2a: Luvdisc\n|-start|p1a: Kingdra|confusion|[fatigue]\n|-enditem|p1a: Kingdra|Lum Berry|[eat]\n|-end|p1a: Kingdra|confusion\n|\n|-end|p1a: Kingdra|Whirlpool|[partiallytrapped]|[silent]\n|upkeep\n|\n|t:|1733782721\n|switch|p2a: Toedscruel|Toedscruel, L87, F|281/281\n|turn|9\n|\n|t:|1733782729\n|-terastallize|p2a: Toedscruel|Water\n|move|p1a: Kingdra|Outrage|p2a: Toedscruel\n|-damage|p2a: Toedscruel|0 fnt\n|faint|p2a: Toedscruel\n|\n|upkeep\n|\n|t:|1733782740\n|switch|p2a: Slowking|Slowking-Galar, L85, M|300/300\n|turn|10\n|\n|t:|1733782742\n|move|p1a: Kingdra|Outrage|p2a: Slowking|[from]lockedmove\n|-damage|p2a: Slowking|0 fnt\n|faint|p2a: Slowking\n|\n|upkeep\n|\n|t:|1733782759\n|switch|p2a: Qwilfish|Qwilfish-Hisui, L83, M|244/244\n|-ability|p2a: Qwilfish|Intimidate|boost\n|-unboost|p1a: Kingdra|atk|1\n|turn|11\n|\n|t:|1733782763\n|move|p1a: Kingdra|Outrage|p2a: Qwilfish|[from]lockedmove\n|-damage|p2a: Qwilfish|0 fnt\n|faint|p2a: Qwilfish\n|-start|p1a: Kingdra|confusion|[fatigue]\n|\n|upkeep\n|\n|t:|1733782766\n|switch|p2a: Raichu|Raichu, L88, M|249/249\n|turn|12\n|\n|t:|1733782773\n|-activate|p1a: Kingdra|confusion\n|-damage|p1a: Kingdra|0 fnt|[from] confusion\n|faint|p1a: Kingdra\n|move|p2a: Raichu|Thunderbolt|p1: Kingdra|[notarget]\n|-fail|p2a: Raichu\n|\n|upkeep\n|\n|t:|1733782791\n|switch|p1a: Zebstrika|Zebstrika, L87, M|272/272\n|turn|13\n|\n|t:|1733782798\n|switch|p2a: Darkrai|Darkrai, L77|234/234\n|move|p1a: Zebstrika|High Horsepower|p2a: Darkrai\n|-damage|p2a: Darkrai|129/234\n|-damage|p1a: Zebstrika|245/272|[from] item: Life Orb\n|\n|upkeep\n|turn|14\n|\n|t:|1733782806\n|move|p1a: Zebstrika|Supercell Slam|p2a: Darkrai\n|-damage|p2a: Darkrai|0 fnt\n|faint|p2a: Darkrai\n|-damage|p1a: Zebstrika|218/272|[from] item: Life Orb\n|\n|upkeep\n|-message|lostamongthem forfeited.\n|\n|win|anothermoth\n|raw|anothermoth's rating: 1778 &rarr; <strong>1798</strong><br />(+20 for winning)\n|raw|lostamongthem's rating: 1774 &rarr; <strong>1754</strong><br />(-20 for losing)\n|l|\u2606lostamongthem\n|player|p2|\n", "inputlog": ">version bfd83cad13791eb5a5a409923076391caf6fb4d4\n>start {\"formatid\":\"gen9randombattle\",\"seed\":[30006,65171,14451,34704],\"rated\":\"Rated battle\"}\n>player p1 {\"name\":\"anothermoth\",\"avatar\":\"rika\",\"rating\":1778,\"seed\":[54397,37578,6151,13489]}\n>player p2 {\"name\":\"lostamongthem\",\"avatar\":\"266\",\"rating\":1774,\"seed\":[46894,45789,3692,54270]}\n>p1 move dragondance\n>p2 move whirlpool\n>p1 move dragondance\n>p2 move substitute\n>p1 move dragondance\n>p2 move substitute\n>p1 move dragondance\n>p2 move substitute\n>p1 move dragondance\n>p2 move surf\n>p1 move dragondance\n>p2 move substitute\n>p1 move outrage\n>p2 move whirlpool\n>p1 move outrage\n>p2 move substitute\n>p2 switch 4\n>p1 move outrage\n>p2 move gigadrain terastallize\n>p2 switch 6\n>p1 move outrage\n>p2 move psychicnoise\n>p2 switch 3\n>p1 move outrage\n>p2 move crunch\n>p2 switch 5\n>p1 move outrage\n>p2 move thunderbolt\n>p1 switch 3\n>p1 move highhorsepower\n>p2 switch 2\n>p1 move supercellslam\n>p2 move hypnosis\n>forcelose p2", "uploadtime": 1733782819, "views": 8, "formatid": "gen9randombattle", "rating": 1754, "private": 0, "password": null}