{"id": "gen9randombattle-2260719878", "format": "[Gen 9] Random Battle", "players": ["localbard", "Rokuro222"], "log": "|j|\u2606localbard\n|j|\u2606Rokuro222\n|t:|1733882640\n|gametype|singles\n|player|p1|localbard|n|1943\n|player|p2|Rokuro222|steven-gen6|1998\n|teamsize|p1|6\n|teamsize|p2|6\n|gen|9\n|tier|[Gen 9] Random Battle\n|rated|\n|rule|Species Clause: Limit one of each Pok\u00e9mon\n|rule|HP Percentage Mod: HP is shown in percentages\n|rule|Sleep Clause Mod: Limit one foe put to sleep\n|rule|Illusion Level Mod: Illusion disguises the Pok\u00e9mon's true level\n|\n|t:|1733882640\n|start\n|switch|p1a: Thundurus|Thundurus, L80, M|258/258\n|switch|p2a: Arbok|Arbok, L87, M|246/246\n|-ability|p2a: Arbok|Intimidate|boost\n|-unboost|p1a: Thundurus|atk|1\n|-ability|p1a: Thundurus|Defiant|boost\n|-boost|p1a: Thundurus|atk|2\n|turn|1\n|inactive|Battle timer is ON: inactive players will automatically lose when time's up. (requested by localbard)\n|\n|t:|1733882669\n|move|p1a: Thundurus|Nasty Plot|p1a: Thundurus\n|-boost|p1a: Thundurus|spa|2\n|move|p2a: Arbok|Gunk Shot|p1a: Thundurus\n|-damage|p1a: Thundurus|83/258\n|-status|p1a: Thundurus|psn\n|\n|-damage|p1a: Thundurus|51/258 psn|[from] psn\n|upkeep\n|turn|2\n|\n|t:|1733882686\n|switch|p2a: Vileplume|Vileplume, L85, F|266/266\n|move|p1a: Thundurus|Thunderbolt|p2a: Vileplume\n|-resisted|p2a: Vileplume\n|-damage|p2a: Vileplume|165/266\n|\n|-heal|p2a: Vileplume|181/266|[from] item: Leftovers\n|-damage|p1a: Thundurus|19/258 psn|[from] psn\n|upkeep\n|turn|3\n|\n|t:|1733882695\n|move|p1a: Thundurus|Thunderbolt|p2a: Vileplume\n|-resisted|p2a: Vileplume\n|-damage|p2a: Vileplume|83/266\n|move|p2a: Vileplume|Strength Sap|p1a: Thundurus\n|-unboost|p1a: Thundurus|atk|1\n|-ability|p1a: Thundurus|Defiant|boost\n|-boost|p1a: Thundurus|atk|2\n|-heal|p2a: Vileplume|266/266\n|\n|-damage|p1a: Thundurus|0 fnt|[from] psn\n|faint|p1a: Thundurus\n|upkeep\n|\n|t:|1733882702\n|switch|p1a: Glalie|Glalie, L96, M|309/309\n|turn|4\n|\n|t:|1733882705\n|move|p1a: Glalie|Spikes|p2a: Vileplume\n|-sidestart|p2: Rokuro222|Spikes\n|move|p2a: Vileplume|Sleep Powder|p1a: Glalie\n|-status|p1a: Glalie|slp|[from] move: Sleep Powder\n|\n|upkeep\n|turn|5\n|\n|t:|1733882711\n|switch|p1a: Gliscor|Gliscor, L76, M|239/239\n|switch|p2a: Kyurem|Kyurem-Black, L71|295/295\n|-damage|p2a: Kyurem|259/295|[from] Spikes\n|-ability|p2a: Kyurem|Teravolt\n|\n|-status|p1a: Gliscor|tox|[from] item: Toxic Orb\n|upkeep\n|turn|6\n|\n|t:|1733882715\n|move|p1a: Gliscor|U-turn|p2a: Kyurem\n|-damage|p2a: Kyurem|215/295\n|\n|t:|1733882718\n|switch|p1a: Houndstone|Houndstone, L86, M|264/264|[from] U-turn\n|move|p2a: Kyurem|Icicle Spear|p1a: Houndstone\n|-damage|p1a: Houndstone|236/264\n|-damage|p1a: Houndstone|206/264\n|-crit|p1a: Houndstone\n|-damage|p1a: Houndstone|167/264\n|-damage|p1a: Houndstone|140/264\n|-hitcount|p1a: Houndstone|4\n|\n|upkeep\n|turn|7\n|\n|t:|1733882725\n|move|p2a: Kyurem|Icicle Spear|p1a: Houndstone\n|-crit|p1a: Houndstone\n|-damage|p1a: Houndstone|98/264\n|-damage|p1a: Houndstone|70/264\n|-damage|p1a: Houndstone|42/264\n|-damage|p1a: Houndstone|15/264\n|-hitcount|p1a: Houndstone|4\n|move|p1a: Houndstone|Poltergeist|p2a: Kyurem\n|-activate|p2a: Kyurem|move: Poltergeist|Loaded Dice\n|-damage|p2a: Kyurem|68/295\n|\n|upkeep\n|turn|8\n|\n|t:|1733882734\n|move|p1a: Houndstone|Shadow Sneak|p2a: Kyurem\n|-damage|p2a: Kyurem|14/295\n|move|p2a: Kyurem|Icicle Spear|p1a: Houndstone\n|-damage|p1a: Houndstone|0 fnt\n|faint|p1a: Houndstone\n|-hitcount|p1: Houndstone|1\n|\n|upkeep\n|\n|t:|1733882736\n|switch|p1a: Glalie|Glalie, L96, M|309/309 slp\n|turn|9\n|\n|t:|1733882740\n|cant|p1a: Glalie|slp\n|move|p2a: Kyurem|Dragon Dance|p2a: Kyurem\n|-boost|p2a: Kyurem|atk|1\n|-boost|p2a: Kyurem|spe|1\n|\n|upkeep\n|turn|10\n|\n|t:|1733882742\n|move|p2a: Kyurem|Scale Shot|p1a: Glalie|[miss]\n|-miss|p2a: Kyurem|p1a: Glalie\n|-curestatus|p1a: Glalie|slp|[msg]\n|move|p1a: Glalie|Spikes|p2a: Kyurem\n|-sidestart|p2: Rokuro222|Spikes\n|\n|upkeep\n|turn|11\n|\n|t:|1733882747\n|move|p2a: Kyurem|Scale Shot|p1a: Glalie\n|-crit|p1a: Glalie\n|-damage|p1a: Glalie|248/309\n|-damage|p1a: Glalie|202/309\n|-damage|p1a: Glalie|159/309\n|-damage|p1a: Glalie|117/309\n|-hitcount|p1a: Glalie|4\n|-unboost|p2a: Kyurem|def|1\n|-boost|p2a: Kyurem|spe|1\n|move|p1a: Glalie|Freeze-Dry|p2a: Kyurem\n|-damage|p2a: Kyurem|0 fnt\n|faint|p2a: Kyurem\n|\n|upkeep\n|inactive|Rokuro222 has 120 seconds left.\n|\n|t:|1733882786\n|switch|p2a: Falinks|Falinks, L84|246/246\n|-damage|p2a: Falinks|205/246|[from] Spikes\n|turn|12\n|inactive|localbard has 120 seconds left.\n|\n|t:|1733882826\n|move|p1a: Glalie|Freeze-Dry|p2a: Falinks\n|-damage|p2a: Falinks|97/246\n|move|p2a: Falinks|No Retreat|p2a: Falinks\n|-boost|p2a: Falinks|atk|1\n|-boost|p2a: Falinks|def|1\n|-boost|p2a: Falinks|spa|1\n|-boost|p2a: Falinks|spd|1\n|-boost|p2a: Falinks|spe|1\n|-start|p2a: Falinks|move: No Retreat\n|\n|upkeep\n|turn|13\n|inactive|localbard has 120 seconds left.\n|\n|t:|1733882832\n|move|p2a: Falinks|Knock Off|p1a: Glalie\n|-damage|p1a: Glalie|0 fnt\n|-enditem|p1a: Glalie|Heavy-Duty Boots|[from] move: Knock Off|[of] p2a: Falinks\n|faint|p1a: Glalie\n|-damage|p2a: Falinks|73/246|[from] item: Life Orb\n|\n|upkeep\n|inactive|localbard has 120 seconds left.\n|\n|t:|1733882857\n|switch|p1a: Drednaw|Drednaw, L81, F|278/278\n|turn|14\n|\n|t:|1733882881\n|switch|p1a: Gliscor|Gliscor, L76, M|239/239 tox\n|-terastallize|p2a: Falinks|Dark\n|move|p2a: Falinks|Knock Off|p1a: Gliscor\n|-damage|p1a: Gliscor|64/239 tox\n|-enditem|p1a: Gliscor|Toxic Orb|[from] move: Knock Off|[of] p2a: Falinks\n|-damage|p2a: Falinks|49/246|[from] item: Life Orb\n|\n|-heal|p1a: Gliscor|93/239 tox|[from] ability: Poison Heal\n|upkeep\n|turn|15\n|\n|t:|1733882896\n|move|p2a: Falinks|Knock Off|p1a: Gliscor\n|-damage|p1a: Gliscor|0 fnt\n|faint|p1a: Gliscor\n|-damage|p2a: Falinks|25/246|[from] item: Life Orb\n|\n|upkeep\n|\n|t:|1733882898\n|switch|p1a: Toxicroak|Toxicroak, L84, M|277/277\n|turn|16\n|\n|t:|1733882907\n|move|p2a: Falinks|Knock Off|p1a: Toxicroak\n|-resisted|p1a: Toxicroak\n|-damage|p1a: Toxicroak|142/277\n|-enditem|p1a: Toxicroak|Life Orb|[from] move: Knock Off|[of] p2a: Falinks\n|-damage|p2a: Falinks|1/246|[from] item: Life Orb\n|move|p1a: Toxicroak|Swords Dance|p1a: Toxicroak\n|-boost|p1a: Toxicroak|atk|2\n|\n|upkeep\n|turn|17\n|\n|t:|1733882910\n|move|p1a: Toxicroak|Sucker Punch|p2a: Falinks\n|-resisted|p2a: Falinks\n|-damage|p2a: Falinks|0 fnt\n|faint|p2a: Falinks\n|\n|upkeep\n|\n|t:|1733882912\n|switch|p2a: Arbok|Arbok, L87, M|246/246\n|-damage|p2a: Arbok|205/246|[from] Spikes\n|-ability|p2a: Arbok|Intimidate|boost\n|-unboost|p1a: Toxicroak|atk|1\n|turn|18\n|\n|t:|1733882919\n|move|p1a: Toxicroak|Gunk Shot|p2a: Arbok\n|-resisted|p2a: Arbok\n|-damage|p2a: Arbok|82/246\n|move|p2a: Arbok|Earthquake|p1a: Toxicroak\n|-supereffective|p1a: Toxicroak\n|-damage|p1a: Toxicroak|0 fnt\n|faint|p1a: Toxicroak\n|\n|-heal|p2a: Arbok|97/246|[from] item: Leftovers\n|upkeep\n|\n|t:|1733882922\n|switch|p1a: Drednaw|Drednaw, L81, F|278/278\n|turn|19\n|\n|t:|1733882929\n|move|p2a: Arbok|Trailblaze|p1a: Drednaw\n|-supereffective|p1a: Drednaw\n|-damage|p1a: Drednaw|114/278\n|-boost|p2a: Arbok|spe|1\n|move|p1a: Drednaw|Shell Smash|p1a: Drednaw\n|-unboost|p1a: Drednaw|def|1\n|-unboost|p1a: Drednaw|spd|1\n|-boost|p1a: Drednaw|atk|2\n|-boost|p1a: Drednaw|spa|2\n|-boost|p1a: Drednaw|spe|2\n|-enditem|p1a: Drednaw|White Herb\n|-clearnegativeboost|p1a: Drednaw|[silent]\n|\n|-heal|p2a: Arbok|112/246|[from] item: Leftovers\n|upkeep\n|turn|20\n|inactive|localbard has 120 seconds left.\n|\n|t:|1733882954\n|switch|p2a: Vileplume|Vileplume, L85, F|266/266\n|-damage|p2a: Vileplume|222/266|[from] Spikes\n|move|p1a: Drednaw|Liquidation|p2a: Vileplume\n|-resisted|p2a: Vileplume\n|-damage|p2a: Vileplume|118/266\n|\n|-heal|p2a: Vileplume|134/266|[from] item: Leftovers\n|upkeep\n|turn|21\n|\n|t:|1733882961\n|-terastallize|p1a: Drednaw|Dark\n|move|p1a: Drednaw|Crunch|p2a: Vileplume\n|-damage|p2a: Vileplume|0 fnt\n|-status|p1a: Drednaw|psn|[from] ability: Effect Spore|[of] p2a: Vileplume\n|faint|p2a: Vileplume\n|\n|-damage|p1a: Drednaw|80/278 psn|[from] psn\n|upkeep\n|\n|t:|1733882966\n|switch|p2a: Arbok|Arbok, L87, M|112/246\n|-damage|p2a: Arbok|71/246|[from] Spikes\n|-ability|p2a: Arbok|Intimidate|boost\n|-unboost|p1a: Drednaw|atk|1\n|turn|22\n|\n|t:|1733882970\n|switch|p2a: Gallade|Gallade, L81, M|243/243\n|-damage|p2a: Gallade|203/243|[from] Spikes\n|move|p1a: Drednaw|Crunch|p2a: Gallade\n|-damage|p2a: Gallade|0 fnt\n|faint|p2a: Gallade\n|\n|-damage|p1a: Drednaw|46/278 psn|[from] psn\n|upkeep\n|\n|t:|1733882976\n|switch|p2a: Arbok|Arbok, L87, M|71/246\n|-damage|p2a: Arbok|30/246|[from] Spikes\n|-ability|p2a: Arbok|Intimidate|boost\n|-unboost|p1a: Drednaw|atk|1\n|turn|23\n|\n|t:|1733882982\n|move|p1a: Drednaw|Crunch|p2a: Arbok\n|-damage|p2a: Arbok|0 fnt\n|faint|p2a: Arbok\n|\n|-damage|p1a: Drednaw|12/278 psn|[from] psn\n|upkeep\n|\n|t:|1733882984\n|switch|p2a: Drednaw|Drednaw, L81, M|278/278\n|-damage|p2a: Drednaw|232/278|[from] Spikes\n|turn|24\n|\n|t:|1733882988\n|move|p1a: Drednaw|Liquidation|p2a: Drednaw\n|-damage|p2a: Drednaw|135/278\n|move|p2a: Drednaw|Crunch|p1a: Drednaw\n|-resisted|p1a: Drednaw\n|-damage|p1a: Drednaw|0 fnt\n|faint|p1a: Drednaw\n|\n|win|Rokuro222\n|raw|localbard's rating: 1943 &rarr; <strong>1926</strong><br />(-17 for losing)\n|raw|Rokuro222's rating: 1998 &rarr; <strong>2015</strong><br />(+17 for winning)\n|l|\u2606localbard\n|player|p1|\n", "inputlog": ">version bfd83cad13791eb5a5a409923076391caf6fb4d4\n>start {\"formatid\":\"gen9randombattle\",\"seed\":[58959,60138,50864,11694],\"rated\":\"Rated battle\"}\n>player p1 {\"name\":\"localbard\",\"avatar\":\"n\",\"rating\":1943,\"seed\":[63772,33787,43480,890]}\n>player p2 {\"name\":\"Rokuro222\",\"avatar\":\"steven-gen6\",\"rating\":1998,\"seed\":[63411,18867,4814,42680]}\n>p1 move nastyplot\n>p2 move gunkshot\n>p1 move thunderbolt\n>p2 switch 2\n>p1 move thunderbolt\n>p2 move strengthsap\n>p1 switch 3\n>p1 move spikes\n>p2 move sleeppowder\n>p1 switch 5\n>p2 switch 3\n>p1 move uturn\n>p2 move iciclespear\n>p1 switch 6\n>p1 move poltergeist\n>p2 move iciclespear\n>p1 move shadowsneak\n>p2 move iciclespear\n>p1 switch 5\n>p1 move spikes\n>p2 move dragondance\n>p1 move spikes\n>p2 move scaleshot\n>p1 move freezedry\n>p2 move scaleshot\n>p2 switch 5\n>p1 move freezedry\n>p2 move noretreat\n>p1 move spikes\n>p2 move knockoff\n>p1 switch 4\n>p1 switch 6\n>p2 move knockoff terastallize\n>p1 move toxicspikes\n>p2 move knockoff\n>p1 switch 2\n>p1 move swordsdance\n>p2 move knockoff\n>p1 move suckerpunch\n>p2 move closecombat\n>p2 switch 2\n>p1 move gunkshot\n>p2 move earthquake\n>p1 switch 6\n>p1 move shellsmash\n>p2 move trailblaze\n>p1 move liquidation\n>p2 switch 3\n>p1 move crunch terastallize\n>p2 move gigadrain\n>p2 switch 3\n>p1 move crunch\n>p2 switch 4\n>p2 switch 4\n>p1 move crunch\n>p2 move trailblaze\n>p2 switch 6\n>p1 move liquidation\n>p2 move crunch", "uploadtime": 1733882994, "views": 3, "formatid": "gen9randombattle", "rating": 1926, "private": 0, "password": null}