{"id": "gen9randombattle-2132316878", "format": "[Gen 9] Random Battle", "players": ["Norman2!", "Delta 2777"], "log": "|badge|p1|silver|gen9randombattle|30-1\n|html|<div class=\"broadcast-red\"><strong>This battle is required to be public due to one or more player having a season medal.</strong><br />During the public phase, you can discuss the state of the ladder <a href=\"/seasondiscussion\">in a special chatroom.</a></div>\n|uhtml|medal-msg|<div class=\"broadcast-blue\">Curious what those medals under the avatar are? PS now has Ladder Seasons! For more information, check out the <a href=\"https://www.smogon.com/forums/threads/3740067/\">thread on Smogon.</a></div>\n|badge|p2|silver|gen9randombattle|30-1\n|uhtml|medal-msg|<div class=\"broadcast-blue\">Curious what those medals under the avatar are? PS now has Ladder Seasons! For more information, check out the <a href=\"https://www.smogon.com/forums/threads/3740067/\">thread on Smogon.</a></div>\n|j|\u203dNorman2!\n|j|\u2606Delta 2777\n|t:|1716920236\n|gametype|singles\n|player|p1|Norman2!|101|2401\n|player|p2|Delta 2777|102|2387\n|teamsize|p1|6\n|teamsize|p2|6\n|gen|9\n|tier|[Gen 9] Random Battle\n|rated|\n|rule|Species Clause: Limit one of each Pok\u00e9mon\n|rule|HP Percentage Mod: HP is shown in percentages\n|rule|Sleep Clause Mod: Limit one foe put to sleep\n|rule|Illusion Level Mod: Illusion disguises the Pok\u00e9mon's true level\n|\n|t:|1716920236\n|start\n|switch|p1a: Iron Thorns|Iron Thorns, L83|302/302\n|switch|p2a: Kricketune|Kricketune, L99, F|311/311\n|-item|p1a: Iron Thorns|Air Balloon\n|turn|1\n|inactive|Battle timer is ON: inactive players will automatically lose when time's up. (requested by Delta 2777)\n|\n|t:|1716920254\n|move|p2a: Kricketune|Taunt|p1a: Iron Thorns\n|-start|p1a: Iron Thorns|move: Taunt\n|move|p1a: Iron Thorns|Stone Edge|p2a: Kricketune\n|-supereffective|p2a: Kricketune\n|-enditem|p2a: Kricketune|Focus Sash\n|-damage|p2a: Kricketune|1/311\n|\n|upkeep\n|turn|2\n|\n|t:|1716920260\n|move|p2a: Kricketune|Sticky Web|p1a: Iron Thorns\n|-sidestart|p1: Norman2!|move: Sticky Web\n|move|p1a: Iron Thorns|Thunder Punch|p2a: Kricketune\n|-damage|p2a: Kricketune|0 fnt\n|faint|p2a: Kricketune\n|\n|upkeep\n|\n|t:|1716920268\n|switch|p2a: Basculin|Basculin, L86, M|261/261\n|turn|3\n|\n|t:|1716920277\n|-end|p1a: Iron Thorns|Quark Drive|[silent]\n|switch|p1a: Noivern|Noivern, L82, M|274/274\n|move|p2a: Basculin|Flip Turn|p1a: Noivern\n|-resisted|p1a: Noivern\n|-crit|p1a: Noivern\n|-damage|p1a: Noivern|177/274\n|\n|t:|1716920290\n|switch|p2a: Dachsbun|Dachsbun, L91, F|252/252|[from] Flip Turn\n|\n|upkeep\n|turn|4\n|inactive|Norman2! has 120 seconds left.\n|\n|t:|1716920324\n|switch|p1a: Chandelure|Chandelure, L83, M|235/235\n|-activate|p1a: Chandelure|move: Sticky Web\n|-unboost|p1a: Chandelure|spe|1\n|move|p2a: Dachsbun|Play Rough|p1a: Chandelure\n|-resisted|p1a: Chandelure\n|-damage|p1a: Chandelure|186/235\n|\n|upkeep\n|turn|5\n|\n|t:|1716920332\n|switch|p2a: Incineroar|Incineroar, L84, M|297/297\n|-ability|p2a: Incineroar|Intimidate|boost\n|-unboost|p1a: Chandelure|atk|1\n|move|p1a: Chandelure|Shadow Ball|p2a: Incineroar\n|-resisted|p2a: Incineroar\n|-damage|p2a: Incineroar|245/297\n|\n|upkeep\n|turn|6\n|\n|t:|1716920344\n|switch|p1a: Iron Thorns|Iron Thorns, L83|302/302\n|-item|p1a: Iron Thorns|Air Balloon\n|move|p2a: Incineroar|Knock Off|p1a: Iron Thorns\n|-damage|p1a: Iron Thorns|208/302\n|-enditem|p1a: Iron Thorns|Air Balloon\n|\n|upkeep\n|turn|7\n|\n|t:|1716920356\n|move|p1a: Iron Thorns|Stealth Rock|p2a: Incineroar\n|-sidestart|p2: Delta 2777|move: Stealth Rock\n|move|p2a: Incineroar|Will-O-Wisp|p1a: Iron Thorns\n|-status|p1a: Iron Thorns|brn\n|\n|-damage|p1a: Iron Thorns|190/302 brn|[from] brn\n|upkeep\n|turn|8\n|j| Teres bahji\n|\n|t:|1716920360\n|switch|p2a: Dachsbun|Dachsbun, L91, F|252/252\n|-damage|p2a: Dachsbun|221/252|[from] Stealth Rock\n|move|p1a: Iron Thorns|Stone Edge|p2a: Dachsbun\n|-damage|p2a: Dachsbun|173/252\n|\n|-heal|p2a: Dachsbun|188/252|[from] item: Leftovers\n|-damage|p1a: Iron Thorns|172/302 brn|[from] brn\n|upkeep\n|turn|9\n|\n|t:|1716920379\n|-end|p1a: Iron Thorns|Quark Drive|[silent]\n|switch|p1a: Chandelure|Chandelure, L83, M|186/235\n|-activate|p1a: Chandelure|move: Sticky Web\n|-unboost|p1a: Chandelure|spe|1\n|move|p2a: Dachsbun|Play Rough|p1a: Chandelure\n|-resisted|p1a: Chandelure\n|-damage|p1a: Chandelure|141/235\n|\n|-heal|p2a: Dachsbun|203/252|[from] item: Leftovers\n|upkeep\n|turn|10\n|\n|t:|1716920388\n|move|p2a: Dachsbun|Protect|p2a: Dachsbun\n|-singleturn|p2a: Dachsbun|Protect\n|move|p1a: Chandelure|Trick|p2a: Dachsbun\n|-activate|p2a: Dachsbun|move: Protect\n|\n|-heal|p2a: Dachsbun|218/252|[from] item: Leftovers\n|upkeep\n|turn|11\n|\n|t:|1716920399\n|switch|p2a: Basculin|Basculin, L86, M|261/261\n|-damage|p2a: Basculin|229/261|[from] Stealth Rock\n|switch|p1a: Palafin|Palafin, L77, M|281/281\n|-activate|p1a: Palafin|move: Sticky Web\n|-unboost|p1a: Palafin|spe|1\n|\n|upkeep\n|turn|12\n|\n|t:|1716920418\n|detailschange|p1a: Palafin|Palafin-Hero, L77, M\n|switch|p1a: Noivern|Noivern, L82, M|177/274\n|move|p2a: Basculin|Double-Edge|p1a: Noivern\n|-damage|p1a: Noivern|45/274\n|-damage|p2a: Basculin|185/261|[from] Recoil\n|\n|upkeep\n|turn|13\n|inactive|Delta 2777 has 120 seconds left.\n|\n|t:|1716920446\n|move|p1a: Noivern|Roost|p1a: Noivern\n|-heal|p1a: Noivern|182/274\n|-singleturn|p1a: Noivern|move: Roost\n|move|p2a: Basculin|Double-Edge|p1a: Noivern\n|-damage|p1a: Noivern|44/274\n|-damage|p2a: Basculin|139/261|[from] Recoil\n|\n|upkeep\n|turn|14\n|\n|t:|1716920449\n|switch|p2a: Dachsbun|Dachsbun, L91, F|218/252\n|-damage|p2a: Dachsbun|187/252|[from] Stealth Rock\n|move|p1a: Noivern|Roost|p1a: Noivern\n|-heal|p1a: Noivern|181/274\n|-singleturn|p1a: Noivern|move: Roost\n|\n|-heal|p2a: Dachsbun|202/252|[from] item: Leftovers\n|upkeep\n|turn|15\n|\n|t:|1716920461\n|switch|p1a: Chandelure|Chandelure, L83, M|141/235\n|-activate|p1a: Chandelure|move: Sticky Web\n|-unboost|p1a: Chandelure|spe|1\n|move|p2a: Dachsbun|Wish|p2a: Dachsbun\n|\n|-heal|p2a: Dachsbun|217/252|[from] item: Leftovers\n|upkeep\n|turn|16\n|\n|t:|1716920488\n|switch|p2a: Incineroar|Incineroar, L84, M|245/297\n|-ability|p2a: Incineroar|Intimidate|boost\n|-unboost|p1a: Chandelure|atk|1\n|move|p1a: Chandelure|Energy Ball|p2a: Incineroar\n|-resisted|p2a: Incineroar\n|-damage|p2a: Incineroar|204/297\n|\n|-heal|p2a: Incineroar|297/297|[from] move: Wish|[wisher] Dachsbun\n|upkeep\n|turn|17\n|\n|t:|1716920502\n|switch|p1a: Iron Thorns|Iron Thorns, L83|172/302 brn\n|-activate|p1a: Iron Thorns|move: Sticky Web\n|-unboost|p1a: Iron Thorns|spe|1\n|move|p2a: Incineroar|Parting Shot|p1a: Iron Thorns\n|-unboost|p1a: Iron Thorns|atk|1\n|-unboost|p1a: Iron Thorns|spa|1\n|\n|t:|1716920505\n|switch|p2a: Basculin|Basculin, L86, M|139/261|[from] Parting Shot\n|-damage|p2a: Basculin|107/261|[from] Stealth Rock\n|\n|-damage|p1a: Iron Thorns|154/302 brn|[from] brn\n|upkeep\n|turn|18\n|\n|t:|1716920511\n|-end|p1a: Iron Thorns|Quark Drive|[silent]\n|switch|p1a: Noivern|Noivern, L82, M|181/274\n|move|p2a: Basculin|Flip Turn|p1a: Noivern\n|-resisted|p1a: Noivern\n|-damage|p1a: Noivern|108/274\n|\n|t:|1716920520\n|switch|p2a: Dachsbun|Dachsbun, L91, F|217/252|[from] Flip Turn\n|-damage|p2a: Dachsbun|186/252|[from] Stealth Rock\n|\n|-heal|p2a: Dachsbun|201/252|[from] item: Leftovers\n|upkeep\n|turn|19\n|\n|t:|1716920523\n|switch|p1a: Chandelure|Chandelure, L83, M|141/235\n|-activate|p1a: Chandelure|move: Sticky Web\n|-unboost|p1a: Chandelure|spe|1\n|move|p2a: Dachsbun|Play Rough|p1a: Chandelure\n|-resisted|p1a: Chandelure\n|-damage|p1a: Chandelure|96/235\n|\n|-heal|p2a: Dachsbun|216/252|[from] item: Leftovers\n|upkeep\n|turn|20\n|\n|t:|1716920529\n|move|p2a: Dachsbun|Protect|p2a: Dachsbun\n|-singleturn|p2a: Dachsbun|Protect\n|move|p1a: Chandelure|Shadow Ball|p2a: Dachsbun\n|-activate|p2a: Dachsbun|move: Protect\n|\n|-heal|p2a: Dachsbun|231/252|[from] item: Leftovers\n|upkeep\n|turn|21\n|\n|t:|1716920537\n|move|p2a: Dachsbun|Wish|p2a: Dachsbun\n|move|p1a: Chandelure|Shadow Ball|p2a: Dachsbun\n|-damage|p2a: Dachsbun|126/252\n|\n|-heal|p2a: Dachsbun|141/252|[from] item: Leftovers\n|upkeep\n|turn|22\n|\n|t:|1716920555\n|move|p2a: Dachsbun|Play Rough|p1a: Chandelure\n|-resisted|p1a: Chandelure\n|-damage|p1a: Chandelure|51/235\n|move|p1a: Chandelure|Shadow Ball|p2a: Dachsbun\n|-damage|p2a: Dachsbun|32/252\n|\n|-heal|p2a: Dachsbun|158/252|[from] move: Wish|[wisher] Dachsbun\n|-heal|p2a: Dachsbun|173/252|[from] item: Leftovers\n|upkeep\n|turn|23\n|\n|t:|1716920562\n|switch|p1a: Palafin|Palafin-Hero, L77, M|281/281\n|-activate|p1a: Palafin|move: Sticky Web\n|-unboost|p1a: Palafin|spe|1\n|-activate|p1a: Palafin|ability: Zero to Hero\n|move|p2a: Dachsbun|Protect||[still]\n|-fail|p2a: Dachsbun\n|\n|-heal|p2a: Dachsbun|188/252|[from] item: Leftovers\n|upkeep\n|turn|24\n|\n|t:|1716920579\n|move|p2a: Dachsbun|Wish|p2a: Dachsbun\n|move|p1a: Palafin|Flip Turn|p2a: Dachsbun\n|-damage|p2a: Dachsbun|95/252\n|\n|t:|1716920584\n|switch|p1a: Glastrier|Glastrier, L86|312/312|[from] Flip Turn\n|\n|-heal|p2a: Dachsbun|110/252|[from] item: Leftovers\n|upkeep\n|turn|25\n|\n|t:|1716920610\n|move|p2a: Dachsbun|Body Press|p1a: Glastrier\n|-supereffective|p1a: Glastrier\n|-damage|p1a: Glastrier|210/312\n|move|p1a: Glastrier|Swords Dance|p1a: Glastrier\n|-boost|p1a: Glastrier|atk|2\n|\n|-heal|p2a: Dachsbun|236/252|[from] move: Wish|[wisher] Dachsbun\n|-heal|p2a: Dachsbun|251/252|[from] item: Leftovers\n|upkeep\n|turn|26\n|inactive|Delta 2777 has 120 seconds left.\n|inactive|Delta 2777 has 90 seconds left.\n|\n|t:|1716920676\n|move|p2a: Dachsbun|Body Press|p1a: Glastrier\n|-supereffective|p1a: Glastrier\n|-damage|p1a: Glastrier|100/312\n|move|p1a: Glastrier|Heavy Slam|p2a: Dachsbun\n|-supereffective|p2a: Dachsbun\n|-damage|p2a: Dachsbun|0 fnt\n|faint|p2a: Dachsbun\n|-ability|p1a: Glastrier|Chilling Neigh|boost\n|-boost|p1a: Glastrier|atk|1\n|\n|upkeep\n|\n|t:|1716920689\n|switch|p2a: Incineroar|Incineroar, L84, M|297/297\n|-ability|p2a: Incineroar|Intimidate|boost\n|-unboost|p1a: Glastrier|atk|1\n|turn|27\n|\n|t:|1716920701\n|-terastallize|p1a: Glastrier|Fighting\n|move|p2a: Incineroar|Flare Blitz|p1a: Glastrier\n|-damage|p1a: Glastrier|0 fnt\n|faint|p1a: Glastrier\n|-damage|p2a: Incineroar|264/297|[from] Recoil\n|\n|upkeep\n|\n|t:|1716920711\n|switch|p1a: Arceus|Arceus-Rock, L73|296/296\n|-activate|p1a: Arceus|move: Sticky Web\n|-unboost|p1a: Arceus|spe|1\n|turn|28\n|inactive|Delta 2777 has 90 seconds left.\n|\n|t:|1716920743\n|move|p2a: Incineroar|Parting Shot|p1a: Arceus\n|-unboost|p1a: Arceus|atk|1\n|-unboost|p1a: Arceus|spa|1\n|\n|t:|1716920747\n|switch|p2a: Infernape|Infernape, L82, M|259/259|[from] Parting Shot\n|-damage|p2a: Infernape|227/259|[from] Stealth Rock\n|move|p1a: Arceus|Judgment|p2a: Infernape\n|-damage|p2a: Infernape|134/259\n|\n|upkeep\n|turn|29\n|j| ranbat is fair\n|\n|t:|1716920759\n|switch|p1a: Iron Thorns|Iron Thorns, L83|154/302 brn\n|-activate|p1a: Iron Thorns|move: Sticky Web\n|-unboost|p1a: Iron Thorns|spe|1\n|move|p2a: Infernape|Knock Off|p1a: Iron Thorns\n|-damage|p1a: Iron Thorns|105/302 brn\n|-damage|p2a: Infernape|109/259|[from] item: Life Orb\n|\n|-damage|p1a: Iron Thorns|87/302 brn|[from] brn\n|upkeep\n|turn|30\n|\n|t:|1716920765\n|move|p2a: Infernape|Grass Knot|p1a: Iron Thorns\n|-supereffective|p1a: Iron Thorns\n|-damage|p1a: Iron Thorns|0 fnt\n|faint|p1a: Iron Thorns\n|-end|p1a: Iron Thorns|Quark Drive|[silent]\n|-damage|p2a: Infernape|84/259|[from] item: Life Orb\n|\n|upkeep\n|\n|t:|1716920773\n|switch|p1a: Noivern|Noivern, L82, M|108/274\n|turn|31\n|inactive|Delta 2777 has 90 seconds left.\n|\n|t:|1716920781\n|move|p1a: Noivern|Draco Meteor|p2a: Infernape\n|-damage|p2a: Infernape|0 fnt\n|-unboost|p1a: Noivern|spa|2\n|faint|p2a: Infernape\n|\n|upkeep\n|inactive|Delta 2777 has 90 seconds left.\n|\n|t:|1716920791\n|switch|p2a: Crawdaunt|Crawdaunt, L84, F|243/243\n|-damage|p2a: Crawdaunt|213/243|[from] Stealth Rock\n|turn|32\n|\n|t:|1716920801\n|move|p1a: Noivern|Draco Meteor|p2a: Crawdaunt\n|-damage|p2a: Crawdaunt|123/243\n|-unboost|p1a: Noivern|spa|2\n|move|p2a: Crawdaunt|Dragon Dance|p2a: Crawdaunt\n|-boost|p2a: Crawdaunt|atk|1\n|-boost|p2a: Crawdaunt|spe|1\n|\n|upkeep\n|turn|33\n|inactive|Delta 2777 has 90 seconds left.\n|\n|t:|1716920822\n|move|p1a: Noivern|Draco Meteor|p2a: Crawdaunt|[miss]\n|-miss|p1a: Noivern|p2a: Crawdaunt\n|move|p2a: Crawdaunt|Knock Off|p1a: Noivern\n|-damage|p1a: Noivern|0 fnt\n|-enditem|p1a: Noivern|Heavy-Duty Boots|[from] move: Knock Off|[of] p2a: Crawdaunt\n|faint|p1a: Noivern\n|-damage|p2a: Crawdaunt|99/243|[from] item: Life Orb\n|\n|upkeep\n|\n|t:|1716920834\n|switch|p1a: Palafin|Palafin-Hero, L77, M|281/281\n|-activate|p1a: Palafin|move: Sticky Web\n|-unboost|p1a: Palafin|spe|1\n|turn|34\n|\n|t:|1716920839\n|switch|p1a: Arceus|Arceus-Rock, L73|296/296\n|-activate|p1a: Arceus|move: Sticky Web\n|-unboost|p1a: Arceus|spe|1\n|move|p2a: Crawdaunt|Knock Off|p1a: Arceus\n|-damage|p1a: Arceus|88/296\n|-damage|p2a: Crawdaunt|75/243|[from] item: Life Orb\n|\n|upkeep\n|turn|35\n|\n|t:|1716920851\n|switch|p1a: Chandelure|Chandelure, L83, M|51/235\n|-activate|p1a: Chandelure|move: Sticky Web\n|-unboost|p1a: Chandelure|spe|1\n|move|p2a: Crawdaunt|Knock Off|p1a: Chandelure\n|-supereffective|p1a: Chandelure\n|-damage|p1a: Chandelure|0 fnt\n|-enditem|p1a: Chandelure|Choice Scarf|[from] move: Knock Off|[of] p2a: Crawdaunt\n|faint|p1a: Chandelure\n|-damage|p2a: Crawdaunt|51/243|[from] item: Life Orb\n|\n|upkeep\n|\n|t:|1716920854\n|switch|p1a: Palafin|Palafin-Hero, L77, M|281/281\n|-activate|p1a: Palafin|move: Sticky Web\n|-unboost|p1a: Palafin|spe|1\n|turn|36\n|\n|t:|1716920858\n|move|p1a: Palafin|Jet Punch|p2a: Crawdaunt\n|-resisted|p2a: Crawdaunt\n|-damage|p2a: Crawdaunt|0 fnt\n|faint|p2a: Crawdaunt\n|\n|upkeep\n|\n|t:|1716920863\n|switch|p2a: Incineroar|Incineroar, L84, M|264/297\n|-ability|p2a: Incineroar|Intimidate|boost\n|-unboost|p1a: Palafin|atk|1\n|turn|37\n|inactive|Delta 2777 has 120 seconds left.\n|\n|t:|1716920886\n|switch|p1a: Arceus|Arceus-Rock, L73|88/296\n|-activate|p1a: Arceus|move: Sticky Web\n|-unboost|p1a: Arceus|spe|1\n|-terastallize|p2a: Incineroar|Water\n|move|p2a: Incineroar|Knock Off|p1a: Arceus\n|-damage|p1a: Arceus|10/296\n|\n|upkeep\n|turn|38\n|\n|t:|1716920894\n|move|p2a: Incineroar|Knock Off|p1a: Arceus\n|-damage|p1a: Arceus|0 fnt\n|faint|p1a: Arceus\n|\n|upkeep\n|\n|t:|1716920896\n|switch|p1a: Palafin|Palafin-Hero, L77, M|281/281\n|-activate|p1a: Palafin|move: Sticky Web\n|-unboost|p1a: Palafin|spe|1\n|turn|39\n|inactive|Delta 2777 has 120 seconds left.\n|\n|t:|1716920920\n|move|p2a: Incineroar|Will-O-Wisp|p1a: Palafin|[miss]\n|-miss|p2a: Incineroar|p1a: Palafin\n|move|p1a: Palafin|Close Combat|p2a: Incineroar\n|-damage|p2a: Incineroar|98/297\n|-unboost|p1a: Palafin|def|1\n|-unboost|p1a: Palafin|spd|1\n|\n|upkeep\n|turn|40\n|inactive|Delta 2777 has 120 seconds left.\n|inactive|Delta 2777 has 90 seconds left.\n|\n|t:|1716920989\n|move|p2a: Incineroar|Knock Off|p1a: Palafin\n|-damage|p1a: Palafin|113/281\n|-enditem|p1a: Palafin|Choice Band|[from] move: Knock Off|[of] p2a: Incineroar\n|move|p1a: Palafin|Close Combat|p2a: Incineroar\n|-damage|p2a: Incineroar|0 fnt\n|-unboost|p1a: Palafin|def|1\n|-unboost|p1a: Palafin|spd|1\n|faint|p2a: Incineroar\n|\n|upkeep\n|\n|t:|1716920992\n|switch|p2a: Basculin|Basculin, L86, M|107/261\n|-damage|p2a: Basculin|75/261|[from] Stealth Rock\n|turn|41\n|\n|t:|1716920997\n|move|p1a: Palafin|Jet Punch|p2a: Basculin\n|-resisted|p2a: Basculin\n|-crit|p2a: Basculin\n|-damage|p2a: Basculin|0 fnt\n|faint|p2a: Basculin\n|\n|win|Norman2!\n|raw|Norman2!'s rating: 2401 &rarr; <strong>2420</strong><br />(+19 for winning)\n|raw|Delta 2777's rating: 2387 &rarr; <strong>2368</strong><br />(-19 for losing)\n|c|\u2606Delta 2777|lol\n", "inputlog": ">version 7158ead19aeac8750849df2840eabb6dbec77df6\n>start {\"formatid\":\"gen9randombattle\",\"seed\":[21380,29720,28091,61907],\"rated\":\"Rated battle\"}\n>player p1 {\"name\":\"Norman2!\",\"avatar\":\"101\",\"rating\":2401,\"seed\":[60843,10647,40149,2690]}\n>player p2 {\"name\":\"Delta 2777\",\"avatar\":\"102\",\"rating\":2387,\"seed\":[56119,6184,51234,1697]}\n>p1 move stoneedge\n>p2 move taunt\n>p1 move thunderpunch\n>p2 move stickyweb\n>p2 switch 3\n>p1 switch 5\n>p2 move flipturn\n>p2 switch 6\n>p1 switch 4\n>p2 move playrough\n>p1 move shadowball\n>p2 switch 5\n>p1 switch 5\n>p2 move knockoff\n>p1 move stealthrock\n>p2 move willowisp\n>p1 move stoneedge\n>p2 switch 5\n>p1 switch 5\n>p2 move playrough\n>p1 move trick\n>p2 move protect\n>p1 switch 6\n>p2 switch 6\n>p1 switch 4\n>p2 move doubleedge\n>p1 move roost\n>p2 move doubleedge\n>p1 move roost\n>p2 switch 6\n>p1 switch 6\n>p2 move wish\n>p1 move energyball\n>p2 switch 5\n>p1 switch 5\n>p2 move partingshot\n>p2 switch 6\n>p1 switch 6\n>p2 move flipturn\n>p2 switch 5\n>p1 switch 5\n>p2 move playrough\n>p1 move shadowball\n>p2 move protect\n>p1 move shadowball\n>p2 move wish\n>p1 move shadowball\n>p2 move playrough\n>p1 switch 4\n>p2 move protect\n>p1 move flipturn\n>p2 move wish\n>p1 switch 3\n>p1 move swordsdance\n>p2 move bodypress\n>p1 move heavyslam\n>p2 move bodypress\n>p2 switch 6\n>p1 move closecombat terastallize\n>p2 move flareblitz\n>p1 switch 2\n>p1 move judgment\n>p2 move partingshot\n>p2 switch 4\n>p1 switch 6\n>p2 move knockoff\n>p1 move earthquake\n>p2 move grassknot\n>p1 switch 5\n>p1 move dracometeor\n>p2 move knockoff\n>p2 switch 2\n>p1 move dracometeor\n>p2 move dragondance\n>p1 move dracometeor\n>p2 move knockoff\n>p1 switch 3\n>p1 switch 6\n>p2 move knockoff\n>p1 switch 4\n>p2 move knockoff\n>p1 switch 6\n>p1 move jetpunch\n>p2 move knockoff\n>p2 switch 4\n>p1 switch 4\n>p2 move knockoff terastallize\n>p1 move judgment\n>p2 move knockoff\n>p1 switch 4\n>p1 move closecombat\n>p2 move willowisp\n>p1 move closecombat\n>p2 move knockoff\n>p2 switch 5\n>p1 move jetpunch\n>p2 move doubleedge", "uploadtime": 1716921000, "views": 201, "formatid": "gen9randombattle", "rating": 2368, "private": 0, "password": null}