{"id": "gen9randombattle-2260530306", "format": "[Gen 9] Random Battle", "players": ["kagenohoshino", "Teo07"], "log": "|j|\u2606kagenohoshino\n|j|\u2606Teo07\n|t:|1733860547\n|gametype|singles\n|player|p1|kagenohoshino|maid|\n|player|p2|Teo07|2|\n|teamsize|p1|6\n|teamsize|p2|6\n|gen|9\n|tier|[Gen 9] Random Battle\n|rule|Species Clause: Limit one of each Pok\u00e9mon\n|rule|HP Percentage Mod: HP is shown in percentages\n|rule|Sleep Clause Mod: Limit one foe put to sleep\n|rule|Illusion Level Mod: Illusion disguises the Pok\u00e9mon's true level\n|\n|t:|1733860547\n|start\n|switch|p1a: Great Tusk|Great Tusk, L77|304/304\n|switch|p2a: Hariyama|Hariyama, L87, M|392/392\n|turn|1\n|\n|t:|1733860563\n|move|p1a: Great Tusk|Stealth Rock|p2a: Hariyama\n|-sidestart|p2: Teo07|move: Stealth Rock\n|move|p2a: Hariyama|Knock Off|p1a: Great Tusk\n|-resisted|p1a: Great Tusk\n|-damage|p1a: Great Tusk|271/304\n|-enditem|p1a: Great Tusk|Leftovers|[from] move: Knock Off|[of] p2a: Hariyama\n|\n|-status|p2a: Hariyama|brn|[from] item: Flame Orb\n|upkeep\n|turn|2\n|\n|t:|1733860581\n|-end|p1a: Great Tusk|Protosynthesis|[silent]\n|switch|p1a: Drifblim|Drifblim, L86, M|396/396\n|move|p2a: Hariyama|Facade|p1a: Drifblim\n|-immune|p1a: Drifblim\n|\n|-damage|p2a: Hariyama|368/392 brn|[from] brn\n|upkeep\n|turn|3\n|\n|t:|1733860609\n|switch|p2a: Jirachi|Jirachi, L80|291/291\n|-damage|p2a: Jirachi|273/291|[from] Stealth Rock\n|move|p1a: Drifblim|Calm Mind|p1a: Drifblim\n|-boost|p1a: Drifblim|spa|1\n|-boost|p1a: Drifblim|spd|1\n|\n|-heal|p2a: Jirachi|291/291|[from] item: Leftovers\n|upkeep\n|turn|4\n|\n|t:|1733860629\n|-terastallize|p2a: Jirachi|Water\n|-terastallize|p1a: Drifblim|Ghost\n|move|p2a: Jirachi|Iron Head|p1a: Drifblim\n|-damage|p1a: Drifblim|270/396\n|move|p1a: Drifblim|Shadow Ball|p2a: Jirachi\n|-damage|p2a: Jirachi|145/291\n|\n|-heal|p2a: Jirachi|163/291|[from] item: Leftovers\n|upkeep\n|turn|5\n|\n|t:|1733860656\n|move|p2a: Jirachi|Protect|p2a: Jirachi\n|-singleturn|p2a: Jirachi|Protect\n|move|p1a: Drifblim|Shadow Ball|p2a: Jirachi\n|-activate|p2a: Jirachi|move: Protect\n|\n|-heal|p2a: Jirachi|181/291|[from] item: Leftovers\n|upkeep\n|turn|6\n|c|\u2606Teo07|Distractions\n|c|\u2606Teo07|Distractions\n|\n|t:|1733860673\n|move|p2a: Jirachi|Iron Head|p1a: Drifblim\n|-damage|p1a: Drifblim|134/396\n|-enditem|p1a: Drifblim|Sitrus Berry|[eat]\n|-heal|p1a: Drifblim|233/396|[from] item: Sitrus Berry\n|cant|p1a: Drifblim|flinch\n|\n|-heal|p2a: Jirachi|199/291|[from] item: Leftovers\n|upkeep\n|turn|7\n|\n|t:|1733860686\n|move|p1a: Drifblim|Shadow Ball|p2a: Jirachi\n|-damage|p2a: Jirachi|39/291\n|move|p2a: Jirachi|Body Slam|p1a: Drifblim\n|-immune|p1a: Drifblim\n|\n|-heal|p2a: Jirachi|57/291|[from] item: Leftovers\n|upkeep\n|turn|8\n|\n|t:|1733860704\n|move|p2a: Jirachi|Protect|p2a: Jirachi\n|-singleturn|p2a: Jirachi|Protect\n|move|p1a: Drifblim|Shadow Ball|p2a: Jirachi\n|-activate|p2a: Jirachi|move: Protect\n|\n|-heal|p2a: Jirachi|75/291|[from] item: Leftovers\n|upkeep\n|turn|9\n|\n|t:|1733860713\n|move|p1a: Drifblim|Shadow Ball|p2a: Jirachi\n|-damage|p2a: Jirachi|0 fnt\n|faint|p2a: Jirachi\n|\n|upkeep\n|\n|t:|1733860721\n|switch|p2a: Gurdurr|Gurdurr, L85, F|283/283\n|-damage|p2a: Gurdurr|266/283|[from] Stealth Rock\n|turn|10\n|\n|t:|1733860749\n|switch|p2a: Chimecho|Chimecho, L93, M|290/290\n|-damage|p2a: Chimecho|254/290|[from] Stealth Rock\n|move|p1a: Drifblim|Strength Sap|p2a: Chimecho\n|-unboost|p2a: Chimecho|atk|1\n|-heal|p1a: Drifblim|331/396\n|\n|-heal|p2a: Chimecho|272/290|[from] item: Leftovers\n|upkeep\n|turn|11\n|\n|t:|1733860765\n|move|p1a: Drifblim|Shadow Ball|p2a: Chimecho\n|-supereffective|p2a: Chimecho\n|-damage|p2a: Chimecho|0 fnt\n|faint|p2a: Chimecho\n|\n|upkeep\n|\n|t:|1733860772\n|switch|p2a: Mismagius|Mismagius, L86, M|243/243\n|-damage|p2a: Mismagius|213/243|[from] Stealth Rock\n|turn|12\n|\n|t:|1733860806\n|move|p1a: Drifblim|Shadow Ball|p2a: Mismagius\n|-supereffective|p2a: Mismagius\n|-damage|p2a: Mismagius|0 fnt\n|faint|p2a: Mismagius\n|\n|upkeep\n|\n|t:|1733860825\n|switch|p2a: Lycanroc|Lycanroc, L86, F|269/269\n|-damage|p2a: Lycanroc|236/269|[from] Stealth Rock\n|turn|13\n|\n|t:|1733860847\n|move|p1a: Drifblim|Calm Mind|p1a: Drifblim\n|-boost|p1a: Drifblim|spa|1\n|-boost|p1a: Drifblim|spd|1\n|move|p2a: Lycanroc|Stone Edge|p1a: Drifblim\n|-damage|p1a: Drifblim|93/396\n|-damage|p2a: Lycanroc|210/269|[from] item: Life Orb\n|\n|upkeep\n|turn|14\n|\n|t:|1733860856\n|move|p1a: Drifblim|Shadow Ball|p2a: Lycanroc\n|-damage|p2a: Lycanroc|0 fnt\n|faint|p2a: Lycanroc\n|\n|upkeep\n|\n|t:|1733860866\n|switch|p2a: Gurdurr|Gurdurr, L85, F|266/283\n|-damage|p2a: Gurdurr|249/283|[from] Stealth Rock\n|turn|15\n|\n|t:|1733860887\n|move|p1a: Drifblim|Strength Sap|p2a: Gurdurr\n|-unboost|p2a: Gurdurr|atk|1\n|-heal|p1a: Drifblim|320/396\n|move|p2a: Gurdurr|Bulk Up|p2a: Gurdurr\n|-boost|p2a: Gurdurr|atk|1\n|-boost|p2a: Gurdurr|def|1\n|\n|upkeep\n|turn|16\n|\n|t:|1733860899\n|move|p1a: Drifblim|Air Slash|p2a: Gurdurr|[miss]\n|-miss|p1a: Drifblim|p2a: Gurdurr\n|move|p2a: Gurdurr|Knock Off|p1a: Drifblim\n|-supereffective|p1a: Drifblim\n|-damage|p1a: Drifblim|158/396\n|\n|upkeep\n|turn|17\n|\n|t:|1733860909\n|move|p1a: Drifblim|Air Slash|p2a: Gurdurr\n|-supereffective|p2a: Gurdurr\n|-damage|p2a: Gurdurr|0 fnt\n|faint|p2a: Gurdurr\n|\n|upkeep\n|\n|t:|1733860915\n|switch|p2a: Hariyama|Hariyama, L87, M|368/392 brn\n|-damage|p2a: Hariyama|344/392 brn|[from] Stealth Rock\n|turn|18\n|\n|t:|1733860928\n|move|p1a: Drifblim|Strength Sap|p2a: Hariyama\n|-unboost|p2a: Hariyama|atk|1\n|-heal|p1a: Drifblim|396/396\n|move|p2a: Hariyama|Knock Off|p1a: Drifblim\n|-supereffective|p1a: Drifblim\n|-damage|p1a: Drifblim|210/396\n|\n|-damage|p2a: Hariyama|320/392 brn|[from] brn\n|upkeep\n|turn|19\n|\n|t:|1733860944\n|move|p1a: Drifblim|Air Slash|p2a: Hariyama\n|-supereffective|p2a: Hariyama\n|-damage|p2a: Hariyama|0 fnt\n|faint|p2a: Hariyama\n|\n|win|kagenohoshino\n|l|\u2606Teo07\n|player|p2|\n", "inputlog": ">version bfd83cad13791eb5a5a409923076391caf6fb4d4\n>start {\"formatid\":\"gen9randombattle\",\"seed\":[33789,19651,18751,24620]}\n>player p1 {\"name\":\"kagenohoshino\",\"avatar\":\"maid\",\"rating\":0,\"seed\":[63189,17649,3692,37426]}\n>player p2 {\"name\":\"Teo07\",\"avatar\":\"2\",\"rating\":0,\"seed\":[17340,11930,12572,22674]}\n>p1 move stealthrock\n>p2 move knockoff\n>p1 switch 4\n>p2 move facade\n>p1 move calmmind\n>p2 switch 3\n>p1 move shadowball terastallize\n>p2 move ironhead terastallize\n>p1 move shadowball\n>p2 move protect\n>chat \u2606Teo07|Distractions\n>chat \u2606Teo07|Distractions\n>p1 move shadowball\n>p2 move ironhead\n>p1 move shadowball\n>p2 move bodyslam\n>p1 move shadowball\n>p2 move protect\n>p1 move shadowball\n>p2 move wish\n>p2 switch 6\n>p1 move strengthsap\n>p2 switch 5\n>p1 move shadowball\n>p2 move dazzlinggleam\n>p2 switch 2\n>p1 move shadowball\n>p2 move shadowball\n>p2 switch 4\n>p1 move calmmind\n>p2 move stoneedge\n>p1 move shadowball\n>p2 move closecombat\n>p2 switch 5\n>p1 move strengthsap\n>p2 move bulkup\n>p1 move airslash\n>p2 move knockoff\n>p1 move airslash\n>p2 move knockoff\n>p2 switch 3\n>p1 move strengthsap\n>p2 move knockoff\n>p1 move airslash\n>p2 move knockoff", "uploadtime": 1733861094, "views": 2, "formatid": "gen9randombattle", "rating": null, "private": 0, "password": null}