{"id": "gen9randombattle-2124600856", "format": "[Gen 9] Random Battle", "players": ["Iceman8911", "zanate15"], "log": "|j|\u2606Iceman8911\n|j|\u2606zanate15\n|t:|1715819078\n|gametype|singles\n|player|p1|Iceman8911|lysandre-masters|2281\n|player|p2|zanate15|102|2219\n|teamsize|p1|6\n|teamsize|p2|6\n|gen|9\n|tier|[Gen 9] Random Battle\n|rated|\n|rule|Species Clause: Limit one of each Pok\u00e9mon\n|rule|HP Percentage Mod: HP is shown in percentages\n|rule|Sleep Clause Mod: Limit one foe put to sleep\n|rule|Illusion Level Mod: Illusion disguises the Pok\u00e9mon's true level\n|\n|t:|1715819078\n|start\n|switch|p1a: Indeedee|Indeedee, L84, M|238/238\n|switch|p2a: Girafarig|Girafarig, L89, M|269/269\n|-fieldstart|move: Psychic Terrain|[from] ability: Psychic Surge|[of] p1a: Indeedee\n|turn|1\n|inactive|Battle timer is ON: inactive players will automatically lose when time's up. (requested by zanate15)\n|j| mkbckr\n|inactive|Iceman8911 has 120 seconds left.\n|\n|t:|1715819133\n|switch|p2a: Excadrill|Excadrill, L80, M|307/307\n|-ability|p2a: Excadrill|Mold Breaker\n|move|p1a: Indeedee|Hyper Voice|p2a: Excadrill\n|-resisted|p2a: Excadrill\n|-damage|p2a: Excadrill|242/307\n|\n|-heal|p2a: Excadrill|261/307|[from] item: Leftovers\n|upkeep\n|turn|2\n|\n|t:|1715819161\n|switch|p1a: Cinccino|Cinccino, L83, F|260/260\n|move|p2a: Excadrill|Swords Dance|p2a: Excadrill\n|-boost|p2a: Excadrill|atk|2\n|\n|-heal|p2a: Excadrill|280/307|[from] item: Leftovers\n|upkeep\n|turn|3\n|\n|t:|1715819176\n|move|p1a: Cinccino|Bullet Seed|p2a: Excadrill\n|-damage|p2a: Excadrill|245/307\n|-damage|p2a: Excadrill|206/307\n|-damage|p2a: Excadrill|169/307\n|-damage|p2a: Excadrill|133/307\n|-hitcount|p2a: Excadrill|4\n|move|p2a: Excadrill|Rapid Spin|p1a: Cinccino\n|-damage|p1a: Cinccino|152/260\n|-boost|p2a: Excadrill|spe|1\n|\n|-heal|p2a: Excadrill|152/307|[from] item: Leftovers\n|upkeep\n|turn|4\n|\n|t:|1715819184\n|switch|p1a: Talonflame|Talonflame, L84, M|268/268\n|move|p2a: Excadrill|Earthquake|p1a: Talonflame\n|-immune|p1a: Talonflame\n|\n|-heal|p2a: Excadrill|171/307|[from] item: Leftovers\n|upkeep\n|turn|5\n|\n|t:|1715819196\n|switch|p2a: Pachirisu|Pachirisu, L96, F|271/271\n|move|p1a: Talonflame|Overheat|p2a: Pachirisu\n|-damage|p2a: Pachirisu|171/271\n|-unboost|p1a: Talonflame|spa|2\n|\n|-fieldend|move: Psychic Terrain\n|upkeep\n|turn|6\n|\n|t:|1715819203\n|move|p1a: Talonflame|U-turn|p2a: Pachirisu\n|-damage|p2a: Pachirisu|127/271\n|\n|t:|1715819211\n|switch|p1a: Raging Bolt|Raging Bolt, L78|323/323|[from] U-turn\n|move|p2a: Pachirisu|Super Fang|p1a: Raging Bolt|[miss]\n|-miss|p2a: Pachirisu|p1a: Raging Bolt\n|\n|upkeep\n|turn|7\n|\n|t:|1715819238\n|-end|p1a: Raging Bolt|Protosynthesis|[silent]\n|switch|p1a: Gardevoir|Gardevoir, L83, F|249/249\n|-ability|p1a: Gardevoir|Volt Absorb|[from] ability: Trace|[of] p2a: Pachirisu\n|move|p2a: Pachirisu|Super Fang|p1a: Gardevoir\n|-damage|p1a: Gardevoir|125/249\n|\n|upkeep\n|turn|8\n|\n|t:|1715819254\n|move|p1a: Gardevoir|Healing Wish|p1a: Gardevoir\n|faint|p1a: Gardevoir\n|move|p2a: Pachirisu|U-turn|p1: Gardevoir|[notarget]\n|-fail|p2a: Pachirisu\n|\n|upkeep\n|\n|t:|1715819257\n|switch|p1a: Cinccino|Cinccino, L83, F|152/260\n|-heal|p1a: Cinccino|260/260|[from] move: Healing Wish\n|turn|9\n|\n|t:|1715819271\n|move|p1a: Cinccino|Tail Slap|p2a: Pachirisu\n|-damage|p2a: Pachirisu|87/271\n|-damage|p2a: Pachirisu|47/271\n|-damage|p2a: Pachirisu|5/271\n|-damage|p2a: Pachirisu|0 fnt\n|faint|p2a: Pachirisu\n|-hitcount|p2: Pachirisu|4\n|\n|upkeep\n|\n|t:|1715819278\n|switch|p2a: Excadrill|Excadrill, L80, M|171/307\n|-ability|p2a: Excadrill|Mold Breaker\n|turn|10\n|\n|t:|1715819285\n|switch|p1a: Talonflame|Talonflame, L84, M|268/268\n|switch|p2a: Drednaw|Drednaw, L80, M|275/275\n|\n|upkeep\n|turn|11\n|j| Starmie 323\n|\n|t:|1715819291\n|move|p1a: Talonflame|U-turn|p2a: Drednaw\n|-damage|p2a: Drednaw|232/275\n|\n|t:|1715819299\n|switch|p1a: Raging Bolt|Raging Bolt, L78|323/323|[from] U-turn\n|move|p2a: Drednaw|Shell Smash|p2a: Drednaw\n|-unboost|p2a: Drednaw|def|1\n|-unboost|p2a: Drednaw|spd|1\n|-boost|p2a: Drednaw|atk|2\n|-boost|p2a: Drednaw|spa|2\n|-boost|p2a: Drednaw|spe|2\n|-enditem|p2a: Drednaw|White Herb\n|-clearnegativeboost|p2a: Drednaw|[silent]\n|\n|upkeep\n|turn|12\n|\n|t:|1715819304\n|-terastallize|p2a: Drednaw|Ground\n|move|p2a: Drednaw|Earthquake|p1a: Raging Bolt\n|-supereffective|p1a: Raging Bolt\n|-damage|p1a: Raging Bolt|0 fnt\n|faint|p1a: Raging Bolt\n|-end|p1a: Raging Bolt|Protosynthesis|[silent]\n|\n|upkeep\n|inactive|Iceman8911 has 120 seconds left.\n|-message|Iceman8911 forfeited.\n|\n|win|zanate15\n|raw|Iceman8911's rating: 2281 &rarr; <strong>2257</strong><br />(-24 for losing)\n|raw|zanate15's rating: 2219 &rarr; <strong>2243</strong><br />(+24 for winning)\n|l|\u2606Iceman8911\n|player|p1|\n|l|\u2606zanate15\n|player|p2|\n|l| Starmie 323\n|l| mkbckr\n", "inputlog": ">version 3855c708e524154d4b62cef35ef8b05886380142\n>start {\"formatid\":\"gen9randombattle\",\"seed\":[43403,16208,61818,49698],\"rated\":\"Rated battle\"}\n>player p1 {\"name\":\"Iceman8911\",\"avatar\":\"lysandre-masters\",\"rating\":2281,\"seed\":[61087,64819,58090,18838]}\n>player p2 {\"name\":\"zanate15\",\"avatar\":\"102\",\"rating\":2219,\"seed\":[11572,51634,5089,58631]}\n>p1 move hypervoice\n>p2 switch 5\n>p1 switch 5\n>p2 move swordsdance\n>p1 move bulletseed\n>p2 move rapidspin\n>p1 switch 3\n>p2 move earthquake\n>p1 move overheat\n>p2 switch 3\n>p1 move uturn\n>p2 move superfang\n>p1 switch 2\n>p1 switch 6\n>p2 move superfang\n>p1 move healingwish\n>p2 move uturn\n>p1 switch 3\n>p1 move tailslap\n>p2 move superfang\n>p2 switch 3\n>p1 switch 2\n>p2 switch 6\n>p1 move uturn\n>p2 move shellsmash\n>p1 switch 6\n>p1 move dragonpulse\n>p2 move earthquake terastallize\n>forcelose p1", "uploadtime": 1715819412, "views": 228, "formatid": "gen9randombattle", "rating": 2243, "private": 0, "password": null}