{"id": "gen9randombattle-2260665332", "format": "[Gen 9] Random Battle", "players": ["dubquester", "joaogrki"], "log": "|j|\u2606dubquester\n|j|\u2606joaogrki\n|t:|1733875708\n|gametype|singles\n|player|p1|dubquester|rosa|1359\n|player|p2|joaogrki|nate|1361\n|teamsize|p1|6\n|teamsize|p2|6\n|gen|9\n|tier|[Gen 9] Random Battle\n|rated|\n|rule|Species Clause: Limit one of each Pok\u00e9mon\n|rule|HP Percentage Mod: HP is shown in percentages\n|rule|Sleep Clause Mod: Limit one foe put to sleep\n|rule|Illusion Level Mod: Illusion disguises the Pok\u00e9mon's true level\n|\n|t:|1733875708\n|start\n|switch|p1a: Houndoom|Houndoom, L87, M|272/272\n|switch|p2a: Lunala|Lunala, L70|308/308\n|turn|1\n|inactive|Battle timer is ON: inactive players will automatically lose when time's up. (requested by dubquester)\n|\n|t:|1733875723\n|switch|p2a: Toxapex|Toxapex, L82, F|216/216\n|move|p1a: Houndoom|Dark Pulse|p2a: Toxapex\n|-crit|p2a: Toxapex\n|-damage|p2a: Toxapex|113/216\n|\n|upkeep\n|turn|2\n|inactive|dubquester has 120 seconds left.\n|\n|t:|1733875759\n|move|p1a: Houndoom|Dark Pulse|p2a: Toxapex\n|-damage|p2a: Toxapex|38/216\n|move|p2a: Toxapex|Liquidation|p1a: Houndoom\n|-supereffective|p1a: Houndoom\n|-damage|p1a: Houndoom|102/272\n|\n|upkeep\n|turn|3\n|\n|t:|1733875770\n|move|p1a: Houndoom|Dark Pulse|p2a: Toxapex\n|-damage|p2a: Toxapex|0 fnt\n|faint|p2a: Toxapex\n|\n|upkeep\n|\n|t:|1733875784\n|switch|p2a: Ludicolo|Ludicolo, L90, F|290/290\n|turn|4\n|\n|t:|1733875790\n|move|p1a: Houndoom|Sludge Bomb|p2a: Ludicolo\n|-supereffective|p2a: Ludicolo\n|-damage|p2a: Ludicolo|172/290\n|move|p2a: Ludicolo|Rain Dance|p2a: Ludicolo\n|-weather|RainDance\n|\n|-weather|RainDance|[upkeep]\n|upkeep\n|turn|5\n|\n|t:|1733875813\n|switch|p1a: Overqwil|Overqwil, L82, F|274/274\n|-ability|p1a: Overqwil|Intimidate|boost\n|-unboost|p2a: Ludicolo|atk|1\n|move|p2a: Ludicolo|Hydro Pump|p1a: Overqwil\n|-damage|p1a: Overqwil|0 fnt\n|faint|p1a: Overqwil\n|-damage|p2a: Ludicolo|143/290|[from] item: Life Orb\n|\n|-weather|RainDance|[upkeep]\n|upkeep\n|inactive|dubquester has 120 seconds left.\n|\n|t:|1733875833\n|switch|p1a: Dunsparce|Dunsparce, L86, M|312/312\n|turn|6\n|\n|t:|1733875838\n|move|p2a: Ludicolo|Giga Drain|p1a: Dunsparce\n|-damage|p1a: Dunsparce|222/312\n|-heal|p2a: Ludicolo|188/290|[from] drain|[of] p1a: Dunsparce\n|-damage|p2a: Ludicolo|159/290|[from] item: Life Orb\n|move|p1a: Dunsparce|Body Slam|p2a: Ludicolo\n|-damage|p2a: Ludicolo|77/290\n|-status|p2a: Ludicolo|par\n|\n|-weather|RainDance|[upkeep]\n|upkeep\n|turn|7\n|\n|t:|1733875852\n|move|p2a: Ludicolo|Hydro Pump|p1a: Dunsparce\n|-damage|p1a: Dunsparce|30/312\n|-damage|p2a: Ludicolo|48/290 par|[from] item: Life Orb\n|move|p1a: Dunsparce|Body Slam|p2a: Ludicolo\n|-damage|p2a: Ludicolo|0 fnt\n|faint|p2a: Ludicolo\n|\n|-weather|RainDance|[upkeep]\n|upkeep\n|\n|t:|1733875866\n|switch|p2a: Kricketune|Kricketune, L99, F|312/312\n|turn|8\n|\n|t:|1733875877\n|move|p2a: Kricketune|Sticky Web|p1a: Dunsparce\n|-sidestart|p1: dubquester|move: Sticky Web\n|move|p1a: Dunsparce|Body Slam|p2a: Kricketune\n|-damage|p2a: Kricketune|224/312\n|-status|p2a: Kricketune|par\n|\n|-weather|none\n|upkeep\n|turn|9\n|\n|t:|1733875886\n|move|p1a: Dunsparce|Roost|p1a: Dunsparce\n|-heal|p1a: Dunsparce|186/312\n|-singleturn|p1a: Dunsparce|move: Roost\n|move|p2a: Kricketune|Knock Off|p1a: Dunsparce\n|-damage|p1a: Dunsparce|121/312\n|-enditem|p1a: Dunsparce|Eviolite|[from] move: Knock Off|[of] p2a: Kricketune\n|\n|upkeep\n|turn|10\n|\n|t:|1733875895\n|move|p1a: Dunsparce|Roost|p1a: Dunsparce\n|-heal|p1a: Dunsparce|277/312\n|-singleturn|p1a: Dunsparce|move: Roost\n|move|p2a: Kricketune|Pounce|p1a: Dunsparce\n|-crit|p1a: Dunsparce\n|-damage|p1a: Dunsparce|111/312\n|-unboost|p1a: Dunsparce|spe|1\n|\n|upkeep\n|turn|11\n|\n|t:|1733875904\n|cant|p2a: Kricketune|par\n|move|p1a: Dunsparce|Roost|p1a: Dunsparce\n|-heal|p1a: Dunsparce|267/312\n|-singleturn|p1a: Dunsparce|move: Roost\n|\n|upkeep\n|turn|12\n|\n|t:|1733875911\n|move|p2a: Kricketune|Pounce|p1a: Dunsparce\n|-damage|p1a: Dunsparce|144/312\n|-unboost|p1a: Dunsparce|spe|1\n|move|p1a: Dunsparce|Coil|p1a: Dunsparce\n|-boost|p1a: Dunsparce|atk|1\n|-boost|p1a: Dunsparce|def|1\n|-boost|p1a: Dunsparce|accuracy|1\n|\n|upkeep\n|turn|13\n|\n|t:|1733875920\n|move|p2a: Kricketune|Pounce|p1a: Dunsparce\n|-damage|p1a: Dunsparce|71/312\n|-unboost|p1a: Dunsparce|spe|1\n|move|p1a: Dunsparce|Roost|p1a: Dunsparce\n|-heal|p1a: Dunsparce|227/312\n|-singleturn|p1a: Dunsparce|move: Roost\n|\n|upkeep\n|turn|14\n|\n|t:|1733875931\n|move|p2a: Kricketune|Taunt|p1a: Dunsparce\n|-start|p1a: Dunsparce|move: Taunt\n|cant|p1a: Dunsparce|move: Taunt|Coil\n|\n|upkeep\n|turn|15\n|\n|t:|1733875937\n|move|p2a: Kricketune|Pounce|p1a: Dunsparce\n|-damage|p1a: Dunsparce|146/312\n|-unboost|p1a: Dunsparce|spe|1\n|move|p1a: Dunsparce|Body Slam|p2a: Kricketune\n|-damage|p2a: Kricketune|83/312 par\n|\n|upkeep\n|turn|16\n|\n|t:|1733875946\n|cant|p2a: Kricketune|par\n|move|p1a: Dunsparce|Body Slam|p2a: Kricketune\n|-damage|p2a: Kricketune|0 fnt\n|faint|p2a: Kricketune\n|\n|-end|p1a: Dunsparce|move: Taunt\n|upkeep\n|\n|t:|1733875959\n|switch|p2a: Lunala|Lunala, L70|308/308\n|turn|17\n|\n|t:|1733875965\n|move|p2a: Lunala|Calm Mind|p2a: Lunala\n|-boost|p2a: Lunala|spa|1\n|-boost|p2a: Lunala|spd|1\n|move|p1a: Dunsparce|Earthquake|p2a: Lunala\n|-crit|p2a: Lunala\n|-damage|p2a: Lunala|233/308\n|\n|-heal|p2a: Lunala|252/308|[from] item: Leftovers\n|upkeep\n|turn|18\n|\n|t:|1733875979\n|move|p2a: Lunala|Moonblast|p1a: Dunsparce\n|-crit|p1a: Dunsparce\n|-damage|p1a: Dunsparce|0 fnt\n|faint|p1a: Dunsparce\n|\n|-heal|p2a: Lunala|271/308|[from] item: Leftovers\n|upkeep\n|\n|t:|1733875981\n|switch|p1a: Houndoom|Houndoom, L87, M|102/272\n|turn|19\n|\n|t:|1733876002\n|switch|p2a: Articuno|Articuno, L86|295/295\n|-ability|p2a: Articuno|Pressure\n|move|p1a: Houndoom|Dark Pulse|p2a: Articuno\n|-damage|p2a: Articuno|219/295\n|\n|upkeep\n|turn|20\n|\n|t:|1733876017\n|switch|p1a: Quagsire|Quagsire, L84, F|297/297\n|-activate|p1a: Quagsire|move: Sticky Web\n|-unboost|p1a: Quagsire|spe|1\n|move|p2a: Articuno|Brave Bird|p1a: Quagsire\n|-damage|p1a: Quagsire|171/297\n|-damage|p2a: Articuno|177/295|[from] Recoil\n|\n|-heal|p1a: Quagsire|189/297|[from] item: Leftovers\n|upkeep\n|turn|21\n|inactive|joaogrki has 120 seconds left.\n|\n|t:|1733876033\n|move|p2a: Articuno|Freeze-Dry|p1a: Quagsire\n|-supereffective|p1a: Quagsire\n|-crit|p1a: Quagsire\n|-damage|p1a: Quagsire|0 fnt\n|faint|p1a: Quagsire\n|\n|upkeep\n|\n|t:|1733876039\n|switch|p1a: Politoed|Politoed, L88, F|302/302\n|-activate|p1a: Politoed|move: Sticky Web\n|-unboost|p1a: Politoed|spe|1\n|-weather|RainDance|[from] ability: Drizzle|[of] p1a: Politoed\n|turn|22\n|\n|t:|1733876063\n|move|p2a: Articuno|Freeze-Dry|p1a: Politoed\n|-supereffective|p1a: Politoed\n|-damage|p1a: Politoed|162/302\n|move|p1a: Politoed|Hydro Pump|p2a: Articuno\n|-damage|p2a: Articuno|0 fnt\n|faint|p2a: Articuno\n|\n|-weather|RainDance|[upkeep]\n|upkeep\n|\n|t:|1733876077\n|switch|p2a: Lunala|Lunala, L70|271/308\n|turn|23\n|\n|t:|1733876083\n|-terastallize|p1a: Politoed|Water\n|move|p2a: Lunala|Moonblast|p1a: Politoed\n|-damage|p1a: Politoed|107/302\n|move|p1a: Politoed|Hydro Pump|p2a: Lunala\n|-damage|p2a: Lunala|0 fnt\n|faint|p2a: Lunala\n|\n|-weather|RainDance|[upkeep]\n|upkeep\n|\n|t:|1733876098\n|switch|p2a: Annihilape|Annihilape, L76, F|292/292\n|turn|24\n|\n|t:|1733876105\n|move|p2a: Annihilape|Bulk Up|p2a: Annihilape\n|-boost|p2a: Annihilape|atk|1\n|-boost|p2a: Annihilape|def|1\n|move|p1a: Politoed|Hydro Pump|p2a: Annihilape|[miss]\n|-miss|p1a: Politoed|p2a: Annihilape\n|\n|-weather|RainDance|[upkeep]\n|upkeep\n|turn|25\n|\n|t:|1733876119\n|move|p2a: Annihilape|Gunk Shot|p1a: Politoed\n|-damage|p1a: Politoed|0 fnt\n|faint|p1a: Politoed\n|\n|-weather|RainDance|[upkeep]\n|upkeep\n|\n|t:|1733876124\n|switch|p1a: Copperajah|Copperajah, L86, F|350/350\n|-activate|p1a: Copperajah|move: Sticky Web\n|-unboost|p1a: Copperajah|spe|1\n|turn|26\n|\n|t:|1733876132\n|move|p2a: Annihilape|Drain Punch|p1a: Copperajah\n|-supereffective|p1a: Copperajah\n|-crit|p1a: Copperajah\n|-damage|p1a: Copperajah|0 fnt\n|faint|p1a: Copperajah\n|\n|-weather|none\n|upkeep\n|\n|t:|1733876135\n|switch|p1a: Houndoom|Houndoom, L87, M|102/272\n|turn|27\n|\n|t:|1733876152\n|move|p1a: Houndoom|Dark Pulse|p2a: Annihilape\n|-damage|p2a: Annihilape|183/292\n|move|p2a: Annihilape|Drain Punch|p1a: Houndoom\n|-supereffective|p1a: Houndoom\n|-damage|p1a: Houndoom|0 fnt\n|-heal|p2a: Annihilape|234/292|[from] drain|[of] p1a: Houndoom\n|faint|p1a: Houndoom\n|\n|win|joaogrki\n|raw|dubquester's rating: 1359 &rarr; <strong>1339</strong><br />(-20 for losing)\n|raw|joaogrki's rating: 1361 &rarr; <strong>1381</strong><br />(+20 for winning)\n", "inputlog": ">version bfd83cad13791eb5a5a409923076391caf6fb4d4\n>start {\"formatid\":\"gen9randombattle\",\"seed\":[37718,58498,21126,63790],\"rated\":\"Rated battle\"}\n>player p1 {\"name\":\"dubquester\",\"avatar\":\"rosa\",\"rating\":1359,\"seed\":[22680,29230,3378,42547]}\n>player p2 {\"name\":\"joaogrki\",\"avatar\":\"nate\",\"rating\":1361,\"seed\":[47993,58276,34933,53261]}\n>p1 move darkpulse\n>p2 switch 2\n>p1 move darkpulse\n>p2 move liquidation\n>p1 move darkpulse\n>p2 move liquidation\n>p2 switch 3\n>p1 move sludgebomb\n>p2 move raindance\n>p1 switch 6\n>p2 move hydropump\n>p1 switch 2\n>p1 move bodyslam\n>p2 move gigadrain\n>p1 move bodyslam\n>p2 move hydropump\n>p2 switch 5\n>p1 move bodyslam\n>p2 move stickyweb\n>p1 move roost\n>p2 move knockoff\n>p1 move roost\n>p2 move pounce\n>p1 move roost\n>p2 move pounce\n>p1 move coil\n>p2 move pounce\n>p1 move roost\n>p2 move pounce\n>p1 move coil\n>p2 move taunt\n>p1 move bodyslam\n>p2 move pounce\n>p1 move bodyslam\n>p2 move pounce\n>p2 switch 2\n>p1 move earthquake\n>p2 move calmmind\n>p1 move earthquake\n>p2 move moonblast\n>p1 switch 6\n>p1 move darkpulse\n>p2 switch 6\n>p1 switch 4\n>p2 move bravebird\n>p1 move toxic\n>p2 move freezedry\n>p1 switch 3\n>p1 move hydropump\n>p2 move freezedry\n>p2 switch 6\n>p1 move hydropump terastallize\n>p2 move moonblast\n>p2 switch 4\n>p1 move hydropump\n>p2 move bulkup\n>p1 move hydropump\n>p2 move gunkshot\n>p1 switch 5\n>p1 move playrough\n>p2 move drainpunch\n>p1 switch 4\n>p1 move darkpulse\n>p2 move drainpunch", "uploadtime": 1733876161, "views": 1, "formatid": "gen9randombattle", "rating": 1339, "private": 0, "password": null}