{"id": "gen9randombattle-2259202863", "format": "[Gen 9] Random Battle", "players": ["Teres bahji", "paysa"], "log": "|badge|p1|silver|gen9randombattle|30-3\n|uhtml|medal-msg|<div class=\"broadcast-blue\">Curious what those medals under the avatar are? PS now has Ladder Seasons! For more information, check out the <a href=\"https://www.smogon.com/forums/threads/3740067/\">thread on Smogon.</a></div>\n|badge|p2|silver|gen9randombattle|30-3\n|uhtml|medal-msg|<div class=\"broadcast-blue\">Curious what those medals under the avatar are? PS now has Ladder Seasons! For more information, check out the <a href=\"https://www.smogon.com/forums/threads/3740067/\">thread on Smogon.</a></div>\n|j|\u2606Teres bahji\n|j|\u2606paysa\n|t:|1733684806\n|gametype|singles\n|player|p1|Teres bahji|#rbtt7teamrayquazaf|2401\n|player|p2|paysa|rocketgruntf|2398\n|teamsize|p1|6\n|teamsize|p2|6\n|gen|9\n|tier|[Gen 9] Random Battle\n|rated|\n|rule|Species Clause: Limit one of each Pok\u00e9mon\n|rule|HP Percentage Mod: HP is shown in percentages\n|rule|Sleep Clause Mod: Limit one foe put to sleep\n|rule|Illusion Level Mod: Illusion disguises the Pok\u00e9mon's true level\n|\n|t:|1733684806\n|start\n|switch|p1a: Corviknight|Corviknight, L80, M|288/288\n|switch|p2a: Shaymin|Shaymin, L82|298/298\n|turn|1\n|inactive|Battle timer is ON: inactive players will automatically lose when time's up. (requested by paysa)\n|inactive|paysa has 120 seconds left.\n|inactive|paysa has 90 seconds left.\n|\n|t:|1733684892\n|switch|p2a: Cresselia|Cresselia, L80, F|323/323\n|move|p1a: Corviknight|Brave Bird|p2a: Cresselia\n|-damage|p2a: Cresselia|223/323\n|-damage|p1a: Corviknight|255/288|[from] Recoil\n|\n|-heal|p2a: Cresselia|243/323|[from] item: Leftovers\n|-heal|p1a: Corviknight|273/288|[from] item: Leftovers\n|upkeep\n|turn|2\n|\n|t:|1733684906\n|switch|p1a: Grimmsnarl|Grimmsnarl, L83, M|293/293\n|move|p2a: Cresselia|Moonlight|p2a: Cresselia\n|-heal|p2a: Cresselia|323/323\n|\n|upkeep\n|turn|3\n|\n|t:|1733684911\n|switch|p2a: Piloswine|Piloswine, L85, M|309/309\n|move|p1a: Grimmsnarl|Thunder Wave|p2a: Piloswine\n|-immune|p2a: Piloswine\n|\n|upkeep\n|turn|4\n|\n|t:|1733684921\n|switch|p1a: Corviknight|Corviknight, L80, M|273/288\n|move|p2a: Piloswine|Stealth Rock|p1a: Corviknight\n|-sidestart|p1: Teres bahji|move: Stealth Rock\n|\n|-heal|p1a: Corviknight|288/288|[from] item: Leftovers\n|upkeep\n|turn|5\n|inactive|paysa has 120 seconds left.\n|\n|t:|1733684967\n|move|p1a: Corviknight|Defog|p2a: Piloswine\n|-unboost|p2a: Piloswine|evasion|1\n|-sideend|p1: Teres bahji|Stealth Rock|[from] move: Defog|[of] p1a: Corviknight\n|move|p2a: Piloswine|Icicle Crash|p1a: Corviknight\n|-damage|p1a: Corviknight|207/288\n|\n|-heal|p1a: Corviknight|225/288|[from] item: Leftovers\n|upkeep\n|turn|6\n|\n|t:|1733684974\n|move|p1a: Corviknight|Body Press|p2a: Piloswine\n|-supereffective|p2a: Piloswine\n|-damage|p2a: Piloswine|223/309\n|move|p2a: Piloswine|Stealth Rock|p1a: Corviknight\n|-sidestart|p1: Teres bahji|move: Stealth Rock\n|\n|-heal|p1a: Corviknight|243/288|[from] item: Leftovers\n|upkeep\n|turn|7\n|inactive|paysa has 120 seconds left.\n|\n|t:|1733684983\n|switch|p2a: Cresselia|Cresselia, L80, F|323/323\n|move|p1a: Corviknight|Defog|p2a: Cresselia\n|-unboost|p2a: Cresselia|evasion|1\n|-sideend|p1: Teres bahji|Stealth Rock|[from] move: Defog|[of] p1a: Corviknight\n|\n|-heal|p1a: Corviknight|261/288|[from] item: Leftovers\n|upkeep\n|turn|8\n|\n|t:|1733684990\n|switch|p1a: Iron Thorns|Iron Thorns, L83|302/302\n|-item|p1a: Iron Thorns|Air Balloon\n|move|p2a: Cresselia|Moonblast|p1a: Iron Thorns\n|-damage|p1a: Iron Thorns|251/302\n|-enditem|p1a: Iron Thorns|Air Balloon\n|\n|upkeep\n|turn|9\n|inactive|paysa has 120 seconds left.\n|\n|t:|1733685006\n|move|p2a: Cresselia|Calm Mind|p2a: Cresselia\n|-boost|p2a: Cresselia|spa|1\n|-boost|p2a: Cresselia|spd|1\n|move|p1a: Iron Thorns|Spikes|p2a: Cresselia\n|-sidestart|p2: paysa|Spikes\n|\n|upkeep\n|turn|10\n|\n|t:|1733685015\n|-end|p1a: Iron Thorns|Quark Drive|[silent]\n|switch|p1a: Grimmsnarl|Grimmsnarl, L83, M|293/293\n|move|p2a: Cresselia|Moonblast|p1a: Grimmsnarl\n|-supereffective|p1a: Grimmsnarl\n|-damage|p1a: Grimmsnarl|133/293\n|\n|-heal|p1a: Grimmsnarl|151/293|[from] item: Leftovers\n|upkeep\n|turn|11\n|\n|t:|1733685020\n|move|p1a: Grimmsnarl|Thunder Wave|p2a: Cresselia\n|-status|p2a: Cresselia|par\n|cant|p2a: Cresselia|par\n|\n|-heal|p1a: Grimmsnarl|169/293|[from] item: Leftovers\n|upkeep\n|turn|12\n|\n|t:|1733685023\n|move|p1a: Grimmsnarl|Spirit Break|p2a: Cresselia\n|-damage|p2a: Cresselia|239/323 par\n|-unboost|p2a: Cresselia|spa|1\n|move|p2a: Cresselia|Moonblast|p1a: Grimmsnarl\n|-supereffective|p1a: Grimmsnarl\n|-damage|p1a: Grimmsnarl|45/293\n|\n|-heal|p1a: Grimmsnarl|63/293|[from] item: Leftovers\n|-heal|p2a: Cresselia|259/323 par|[from] item: Leftovers\n|upkeep\n|turn|13\n|\n|t:|1733685026\n|move|p1a: Grimmsnarl|Spirit Break|p2a: Cresselia\n|-damage|p2a: Cresselia|183/323 par\n|-unboost|p2a: Cresselia|spa|1\n|move|p2a: Cresselia|Moonblast|p1a: Grimmsnarl\n|-supereffective|p1a: Grimmsnarl\n|-damage|p1a: Grimmsnarl|0 fnt\n|faint|p1a: Grimmsnarl\n|\n|-heal|p2a: Cresselia|203/323 par|[from] item: Leftovers\n|upkeep\n|\n|t:|1733685038\n|switch|p1a: Ogerpon|Ogerpon-Cornerstone, L76, F|247/247\n|turn|14\n|inactive|paysa has 120 seconds left.\n|\n|t:|1733685080\n|switch|p2a: Hydrapple|Hydrapple, L83, F|312/312\n|-damage|p2a: Hydrapple|273/312|[from] Spikes\n|move|p1a: Ogerpon|Spikes|p2a: Hydrapple\n|-sidestart|p2: paysa|Spikes\n|\n|upkeep\n|turn|15\n|\n|t:|1733685088\n|switch|p1a: Corviknight|Corviknight, L80, M|261/288\n|move|p2a: Hydrapple|Dragon Tail|p1a: Corviknight\n|-resisted|p1a: Corviknight\n|-damage|p1a: Corviknight|235/288\n|drag|p1a: Iron Thorns|Iron Thorns, L83|251/302\n|\n|upkeep\n|turn|16\n|\n|t:|1733685094\n|move|p1a: Iron Thorns|Ice Punch|p2a: Hydrapple\n|-supereffective|p2a: Hydrapple\n|-damage|p2a: Hydrapple|37/312\n|move|p2a: Hydrapple|Dragon Tail|p1a: Iron Thorns|[miss]\n|-miss|p2a: Hydrapple|p1a: Iron Thorns\n|\n|upkeep\n|turn|17\n|\n|t:|1733685103\n|switch|p2a: Piloswine|Piloswine, L85, M|223/309\n|-damage|p2a: Piloswine|172/309|[from] Spikes\n|move|p1a: Iron Thorns|Ice Punch|p2a: Piloswine\n|-damage|p2a: Piloswine|148/309\n|\n|upkeep\n|turn|18\n|\n|t:|1733685111\n|-end|p1a: Iron Thorns|Quark Drive|[silent]\n|switch|p1a: Corviknight|Corviknight, L80, M|235/288\n|move|p2a: Piloswine|Stealth Rock|p1a: Corviknight\n|-sidestart|p1: Teres bahji|move: Stealth Rock\n|\n|-heal|p1a: Corviknight|253/288|[from] item: Leftovers\n|upkeep\n|turn|19\n|j| tap water gang\n|l| tap water gang\n|j| angelmorphic\n|\n|t:|1733685124\n|switch|p2a: Zapdos|Zapdos-Galar, L77|265/265\n|move|p1a: Corviknight|Brave Bird|p2a: Zapdos\n|-supereffective|p2a: Zapdos\n|-damage|p2a: Zapdos|23/265\n|-damage|p1a: Corviknight|173/288|[from] Recoil\n|\n|-heal|p1a: Corviknight|191/288|[from] item: Leftovers\n|upkeep\n|turn|20\n|\n|t:|1733685133\n|move|p2a: Zapdos|Close Combat|p1a: Corviknight\n|-damage|p1a: Corviknight|28/288\n|-unboost|p2a: Zapdos|def|1\n|-unboost|p2a: Zapdos|spd|1\n|move|p1a: Corviknight|Roost|p1a: Corviknight\n|-heal|p1a: Corviknight|172/288\n|-singleturn|p1a: Corviknight|move: Roost\n|\n|-heal|p1a: Corviknight|190/288|[from] item: Leftovers\n|upkeep\n|turn|21\n|\n|t:|1733685141\n|move|p2a: Zapdos|Close Combat|p1a: Corviknight\n|-damage|p1a: Corviknight|25/288\n|-unboost|p2a: Zapdos|def|1\n|-unboost|p2a: Zapdos|spd|1\n|move|p1a: Corviknight|Roost|p1a: Corviknight\n|-heal|p1a: Corviknight|169/288\n|-singleturn|p1a: Corviknight|move: Roost\n|\n|-heal|p1a: Corviknight|187/288|[from] item: Leftovers\n|upkeep\n|turn|22\n|\n|t:|1733685150\n|move|p2a: Zapdos|Close Combat|p1a: Corviknight\n|-damage|p1a: Corviknight|24/288\n|-unboost|p2a: Zapdos|def|1\n|-unboost|p2a: Zapdos|spd|1\n|move|p1a: Corviknight|Body Press|p2a: Zapdos\n|-resisted|p2a: Zapdos\n|-crit|p2a: Zapdos\n|-damage|p2a: Zapdos|0 fnt\n|faint|p2a: Zapdos\n|\n|-heal|p1a: Corviknight|42/288|[from] item: Leftovers\n|upkeep\n|\n|t:|1733685158\n|switch|p2a: Shaymin|Shaymin, L82|298/298\n|-damage|p2a: Shaymin|249/298|[from] Spikes\n|turn|23\n|\n|t:|1733685164\n|switch|p1a: Pyroar|Pyroar, L88, M|295/295\n|-ability|p1a: Pyroar|Unnerve\n|move|p2a: Shaymin|Seed Flare|p1a: Pyroar\n|-resisted|p1a: Pyroar\n|-damage|p1a: Pyroar|217/295\n|\n|-heal|p2a: Shaymin|267/298|[from] item: Leftovers\n|upkeep\n|turn|24\n|\n|t:|1733685173\n|switch|p2a: Piloswine|Piloswine, L85, M|148/309\n|-damage|p2a: Piloswine|97/309|[from] Spikes\n|move|p1a: Pyroar|Work Up|p1a: Pyroar\n|-boost|p1a: Pyroar|atk|1\n|-boost|p1a: Pyroar|spa|1\n|\n|upkeep\n|turn|25\n|\n|t:|1733685180\n|move|p1a: Pyroar|Hyper Voice|p2a: Piloswine\n|-damage|p2a: Piloswine|0 fnt\n|faint|p2a: Piloswine\n|\n|upkeep\n|j| drgedgwrf\n|\n|t:|1733685197\n|switch|p2a: Glastrier|Glastrier, L86|312/312\n|turn|26\n|\n|t:|1733685201\n|-terastallize|p2a: Glastrier|Fighting\n|move|p1a: Pyroar|Fire Blast|p2a: Glastrier\n|-damage|p2a: Glastrier|135/312\n|move|p2a: Glastrier|Close Combat|p1a: Pyroar\n|-supereffective|p1a: Pyroar\n|-damage|p1a: Pyroar|0 fnt\n|-unboost|p2a: Glastrier|def|1\n|-unboost|p2a: Glastrier|spd|1\n|faint|p1a: Pyroar\n|-ability|p2a: Glastrier|Chilling Neigh|boost\n|-boost|p2a: Glastrier|atk|1\n|\n|upkeep\n|\n|t:|1733685210\n|switch|p1a: Iron Thorns|Iron Thorns, L83|251/302\n|-damage|p1a: Iron Thorns|214/302|[from] Stealth Rock\n|turn|27\n|\n|t:|1733685218\n|switch|p2a: Shaymin|Shaymin, L82|267/298\n|-damage|p2a: Shaymin|218/298|[from] Spikes\n|move|p1a: Iron Thorns|Wild Charge|p2a: Shaymin\n|-resisted|p2a: Shaymin\n|-damage|p2a: Shaymin|164/298\n|-damage|p1a: Iron Thorns|200/302|[from] Recoil\n|\n|-heal|p2a: Shaymin|182/298|[from] item: Leftovers\n|upkeep\n|turn|28\n|\n|t:|1733685224\n|move|p2a: Shaymin|Seed Flare|p1a: Iron Thorns\n|-supereffective|p1a: Iron Thorns\n|-damage|p1a: Iron Thorns|0 fnt\n|faint|p1a: Iron Thorns\n|-end|p1a: Iron Thorns|Quark Drive|[silent]\n|\n|-heal|p2a: Shaymin|200/298|[from] item: Leftovers\n|upkeep\n|\n|t:|1733685232\n|switch|p1a: Indeedee|Indeedee-F, L90, F|272/272\n|-damage|p1a: Indeedee|238/272|[from] Stealth Rock\n|-fieldstart|move: Psychic Terrain|[from] ability: Psychic Surge|[of] p1a: Indeedee\n|turn|29\n|\n|t:|1733685250\n|move|p2a: Shaymin|Synthesis|p2a: Shaymin\n|-heal|p2a: Shaymin|298/298\n|move|p1a: Indeedee|Psyshock|p2a: Shaymin\n|-damage|p2a: Shaymin|126/298\n|\n|-heal|p2a: Shaymin|144/298|[from] item: Leftovers\n|upkeep\n|turn|30\n|\n|t:|1733685261\n|move|p2a: Shaymin|Synthesis|p2a: Shaymin\n|-heal|p2a: Shaymin|293/298\n|move|p1a: Indeedee|Psyshock|p2a: Shaymin\n|-damage|p2a: Shaymin|115/298\n|\n|-heal|p2a: Shaymin|133/298|[from] item: Leftovers\n|upkeep\n|turn|31\n|\n|t:|1733685266\n|move|p2a: Shaymin|Synthesis|p2a: Shaymin\n|-heal|p2a: Shaymin|282/298\n|move|p1a: Indeedee|Psyshock|p2a: Shaymin\n|-damage|p2a: Shaymin|114/298\n|\n|-heal|p2a: Shaymin|132/298|[from] item: Leftovers\n|upkeep\n|turn|32\n|\n|t:|1733685272\n|move|p2a: Shaymin|Synthesis|p2a: Shaymin\n|-heal|p2a: Shaymin|281/298\n|move|p1a: Indeedee|Psyshock|p2a: Shaymin\n|-damage|p2a: Shaymin|119/298\n|\n|-heal|p2a: Shaymin|137/298|[from] item: Leftovers\n|upkeep\n|turn|33\n|\n|t:|1733685277\n|move|p2a: Shaymin|Synthesis|p2a: Shaymin\n|-heal|p2a: Shaymin|286/298\n|move|p1a: Indeedee|Psyshock|p2a: Shaymin\n|-damage|p2a: Shaymin|106/298\n|\n|-heal|p2a: Shaymin|124/298|[from] item: Leftovers\n|-fieldend|move: Psychic Terrain\n|upkeep\n|turn|34\n|\n|t:|1733685285\n|move|p2a: Shaymin|Synthesis|p2a: Shaymin\n|-heal|p2a: Shaymin|273/298\n|move|p1a: Indeedee|Psyshock|p2a: Shaymin\n|-damage|p2a: Shaymin|143/298\n|\n|-heal|p2a: Shaymin|161/298|[from] item: Leftovers\n|upkeep\n|turn|35\n|\n|t:|1733685292\n|switch|p1a: Corviknight|Corviknight, L80, M|42/288\n|-damage|p1a: Corviknight|6/288|[from] Stealth Rock\n|move|p2a: Shaymin|Seed Flare|p1a: Corviknight\n|-resisted|p1a: Corviknight\n|-damage|p1a: Corviknight|0 fnt\n|faint|p1a: Corviknight\n|\n|-heal|p2a: Shaymin|179/298|[from] item: Leftovers\n|upkeep\n|\n|t:|1733685293\n|switch|p1a: Indeedee|Indeedee-F, L90, F|238/272\n|-damage|p1a: Indeedee|204/272|[from] Stealth Rock\n|-fieldstart|move: Psychic Terrain|[from] ability: Psychic Surge|[of] p1a: Indeedee\n|turn|36\n|inactive|paysa has 120 seconds left.\n|inactive|paysa has 90 seconds left.\n|inactive|paysa has 60 seconds left.\n|\n|t:|1733685392\n|move|p2a: Shaymin|Seed Flare|p1a: Indeedee\n|-damage|p1a: Indeedee|108/272\n|-unboost|p1a: Indeedee|spd|2\n|move|p1a: Indeedee|Psyshock|p2a: Shaymin\n|-damage|p2a: Shaymin|17/298\n|\n|-heal|p2a: Shaymin|35/298|[from] item: Leftovers\n|upkeep\n|turn|37\n|inactive|paysa has 60 seconds left.\n|\n|t:|1733685399\n|move|p2a: Shaymin|Seed Flare|p1a: Indeedee\n|-damage|p1a: Indeedee|0 fnt\n|faint|p1a: Indeedee\n|\n|-heal|p2a: Shaymin|53/298|[from] item: Leftovers\n|upkeep\n|\n|t:|1733685402\n|switch|p1a: Ogerpon|Ogerpon-Cornerstone, L76, F|247/247\n|-damage|p1a: Ogerpon|217/247|[from] Stealth Rock\n|turn|38\n|\n|t:|1733685413\n|move|p2a: Shaymin|Seed Flare|p1a: Ogerpon\n|-damage|p1a: Ogerpon|99/247\n|move|p1a: Ogerpon|Ivy Cudgel|p2a: Shaymin|[anim] Ivy Cudgel Rock\n|-damage|p2a: Shaymin|0 fnt\n|faint|p2a: Shaymin\n|\n|upkeep\n|\n|t:|1733685423\n|switch|p2a: Glastrier|Glastrier, L86, tera:Fighting|135/312\n|turn|39\n|\n|t:|1733685427\n|move|p1a: Ogerpon|Power Whip|p2a: Glastrier|[miss]\n|-miss|p1a: Ogerpon|p2a: Glastrier\n|move|p2a: Glastrier|Close Combat|p1a: Ogerpon\n|-supereffective|p1a: Ogerpon\n|-damage|p1a: Ogerpon|0 fnt\n|-unboost|p2a: Glastrier|def|1\n|-unboost|p2a: Glastrier|spd|1\n|faint|p1a: Ogerpon\n|\n|win|paysa\n|raw|Teres bahji's rating: 2401 &rarr; <strong>2379</strong><br />(-22 for losing)\n|raw|paysa's rating: 2373 &rarr; <strong>2395</strong><br />(+22 for winning)\n|l|\u2606Teres bahji\n|player|p1|\n|l| drgedgwrf\n", "inputlog": ">version adbff8b77a3cd0a853738aa9d91914e8cd5e8a69\n>start {\"formatid\":\"gen9randombattle\",\"seed\":[49772,9694,13424,2417],\"rated\":\"Rated battle\"}\n>player p1 {\"name\":\"Teres bahji\",\"avatar\":\"#rbtt7teamrayquazaf\",\"rating\":2401,\"seed\":[34545,61706,26291,22420]}\n>player p2 {\"name\":\"paysa\",\"avatar\":\"rocketgruntf\",\"rating\":2398,\"seed\":[13258,860,7612,38482]}\n>p1 move bravebird\n>p2 switch 5\n>p1 switch 4\n>p2 move moonlight\n>p1 move thunderwave\n>p2 switch 3\n>p1 switch 4\n>p2 move stealthrock\n>p1 move defog\n>p2 move iciclecrash\n>p1 move bodypress\n>p2 move stealthrock\n>p1 move defog\n>p2 switch 3\n>p1 switch 3\n>p2 move moonblast\n>p1 move spikes\n>p2 move calmmind\n>p1 switch 4\n>p2 move moonblast\n>p1 move thunderwave\n>p2 move moonblast\n>p1 move spiritbreak\n>p2 move moonblast\n>p1 move spiritbreak\n>p2 move moonblast\n>p1 switch 6\n>p1 move spikes\n>p2 switch 6\n>p1 switch 3\n>p2 move dragontail\n>p1 move icepunch\n>p2 move dragontail\n>p1 move icepunch\n>p2 switch 3\n>p1 switch 4\n>p2 move stealthrock\n>p1 move bravebird\n>p2 switch 2\n>p1 move roost\n>p2 move closecombat\n>p1 move roost\n>p2 move closecombat\n>p1 move bodypress\n>p2 move closecombat\n>p2 switch 5\n>p1 switch 2\n>p2 move seedflare\n>p1 move workup\n>p2 switch 2\n>p1 move hypervoice\n>p2 move earthquake\n>p2 switch 4\n>p1 move fireblast\n>p2 move closecombat terastallize\n>p1 switch 4\n>p1 move wildcharge\n>p2 switch 2\n>p1 move icepunch\n>p2 move seedflare\n>p1 switch 5\n>p1 move psyshock\n>p2 move synthesis\n>p1 move psyshock\n>p2 move synthesis\n>p1 move psyshock\n>p2 move synthesis\n>p1 move psyshock\n>p2 move synthesis\n>p1 move psyshock\n>p2 move synthesis\n>p1 move psyshock\n>p2 move synthesis\n>p1 switch 2\n>p2 move seedflare\n>p1 switch 2\n>p1 move psyshock\n>p2 move seedflare\n>p1 move psyshock\n>p2 move seedflare\n>p1 switch 3\n>p1 move ivycudgel\n>p2 move seedflare\n>p2 switch 2\n>p1 move powerwhip\n>p2 move closecombat", "uploadtime": 1733685449, "views": 12, "formatid": "gen9randombattle", "rating": 2379, "private": 0, "password": null}