{"id": "gen9randombattle-2260492552", "format": "[Gen 9] Random Battle", "players": ["britto1606", "epikfrfr"], "log": "|j|\u2606britto1606\n|j|\u2606epikfrfr\n|t:|1733856840\n|gametype|singles\n|player|p1|britto1606|benga|1124\n|player|p2|epikfrfr|cyrus|1082\n|teamsize|p1|6\n|teamsize|p2|6\n|gen|9\n|tier|[Gen 9] Random Battle\n|rated|\n|rule|Species Clause: Limit one of each Pok\u00e9mon\n|rule|HP Percentage Mod: HP is shown in percentages\n|rule|Sleep Clause Mod: Limit one foe put to sleep\n|rule|Illusion Level Mod: Illusion disguises the Pok\u00e9mon's true level\n|\n|t:|1733856840\n|start\n|switch|p1a: Walking Wake|Walking Wake, L79|286/286\n|switch|p2a: Deoxys|Deoxys-Attack, L72|191/191\n|-ability|p2a: Deoxys|Pressure\n|turn|1\n|inactive|Battle timer is ON: inactive players will automatically lose when time's up. (requested by epikfrfr)\n|\n|t:|1733856863\n|move|p2a: Deoxys|Knock Off|p1a: Walking Wake\n|-damage|p1a: Walking Wake|174/286\n|-enditem|p1a: Walking Wake|Choice Specs|[from] move: Knock Off|[of] p2a: Deoxys\n|-damage|p2a: Deoxys|172/191|[from] item: Life Orb\n|move|p1a: Walking Wake|Flip Turn|p2a: Deoxys\n|-damage|p2a: Deoxys|39/191\n|\n|t:|1733856872\n|-end|p1a: Walking Wake|Protosynthesis|[silent]\n|switch|p1a: Scrafty|Scrafty, L84, M|246/246|[from] Flip Turn\n|-ability|p1a: Scrafty|Intimidate|boost\n|-unboost|p2a: Deoxys|atk|1\n|\n|upkeep\n|turn|2\n|\n|t:|1733856891\n|move|p2a: Deoxys|Superpower|p1a: Scrafty\n|-supereffective|p1a: Scrafty\n|-damage|p1a: Scrafty|87/246\n|-unboost|p2a: Deoxys|atk|1\n|-unboost|p2a: Deoxys|def|1\n|-damage|p2a: Deoxys|20/191|[from] item: Life Orb\n|move|p1a: Scrafty|Dragon Dance|p1a: Scrafty\n|-boost|p1a: Scrafty|atk|1\n|-boost|p1a: Scrafty|spe|1\n|\n|upkeep\n|turn|3\n|\n|t:|1733856901\n|move|p2a: Deoxys|Superpower|p1a: Scrafty\n|-supereffective|p1a: Scrafty\n|-damage|p1a: Scrafty|0 fnt\n|-unboost|p2a: Deoxys|atk|1\n|-unboost|p2a: Deoxys|def|1\n|faint|p1a: Scrafty\n|-damage|p2a: Deoxys|1/191|[from] item: Life Orb\n|\n|upkeep\n|\n|t:|1733856910\n|switch|p1a: Perrserker|Perrserker, L89, F|269/269\n|turn|4\n|\n|t:|1733856920\n|move|p2a: Deoxys|Superpower|p1a: Perrserker\n|-supereffective|p1a: Perrserker\n|-damage|p1a: Perrserker|175/269\n|-unboost|p2a: Deoxys|atk|1\n|-unboost|p2a: Deoxys|def|1\n|-damage|p2a: Deoxys|0 fnt|[from] item: Life Orb\n|faint|p2a: Deoxys\n|move|p1a: Perrserker|Knock Off|p2: Deoxys|[notarget]\n|-fail|p1a: Perrserker\n|\n|upkeep\n|\n|t:|1733856935\n|switch|p2a: Arceus|Arceus-Electric, L70|284/284\n|turn|5\n|\n|t:|1733856941\n|move|p2a: Arceus|Calm Mind|p2a: Arceus\n|-boost|p2a: Arceus|spa|1\n|-boost|p2a: Arceus|spd|1\n|move|p1a: Perrserker|Iron Head|p2a: Arceus\n|-resisted|p2a: Arceus\n|-damage|p2a: Arceus|185/284\n|-damage|p1a: Perrserker|149/269|[from] item: Life Orb\n|\n|upkeep\n|turn|6\n|\n|t:|1733856946\n|move|p2a: Arceus|Calm Mind|p2a: Arceus\n|-boost|p2a: Arceus|spa|1\n|-boost|p2a: Arceus|spd|1\n|move|p1a: Perrserker|Iron Head|p2a: Arceus\n|-resisted|p2a: Arceus\n|-damage|p2a: Arceus|94/284\n|-damage|p1a: Perrserker|123/269|[from] item: Life Orb\n|\n|upkeep\n|turn|7\n|\n|t:|1733856950\n|move|p2a: Arceus|Recover|p2a: Arceus\n|-heal|p2a: Arceus|236/284\n|move|p1a: Perrserker|Iron Head|p2a: Arceus\n|-resisted|p2a: Arceus\n|-damage|p2a: Arceus|133/284\n|-damage|p1a: Perrserker|97/269|[from] item: Life Orb\n|\n|upkeep\n|turn|8\n|\n|t:|1733856955\n|move|p2a: Arceus|Judgment|p1a: Perrserker\n|-damage|p1a: Perrserker|0 fnt\n|faint|p1a: Perrserker\n|\n|upkeep\n|\n|t:|1733856957\n|switch|p1a: Ursaluna|Ursaluna, L79, M|335/335\n|turn|9\n|\n|t:|1733856965\n|-terastallize|p2a: Arceus|Ice\n|move|p2a: Arceus|Ice Beam|p1a: Ursaluna\n|-supereffective|p1a: Ursaluna\n|-damage|p1a: Ursaluna|0 fnt\n|faint|p1a: Ursaluna\n|\n|upkeep\n|\n|t:|1733856971\n|switch|p1a: Walking Wake|Walking Wake, L79|174/286\n|turn|10\n|\n|t:|1733856988\n|move|p1a: Walking Wake|Flamethrower|p2a: Arceus\n|-supereffective|p2a: Arceus\n|-damage|p2a: Arceus|65/284\n|-status|p2a: Arceus|brn\n|move|p2a: Arceus|Judgment|p1a: Walking Wake\n|-damage|p1a: Walking Wake|0 fnt\n|faint|p1a: Walking Wake\n|-end|p1a: Walking Wake|Protosynthesis|[silent]\n|\n|-damage|p2a: Arceus|48/284 brn|[from] brn\n|upkeep\n|\n|t:|1733856993\n|switch|p1a: Pincurchin|Pincurchin, M|258/258\n|-fieldstart|move: Electric Terrain|[from] ability: Electric Surge|[of] p1a: Pincurchin\n|turn|11\n|-message|britto1606 forfeited.\n|\n|win|epikfrfr\n|raw|britto1606's rating: 1124 &rarr; <strong>1096</strong><br />(-28 for losing)\n|raw|epikfrfr's rating: 1082 &rarr; <strong>1113</strong><br />(+31 for winning)\n|l|\u2606britto1606\n|player|p1|\n", "inputlog": ">version bfd83cad13791eb5a5a409923076391caf6fb4d4\n>start {\"formatid\":\"gen9randombattle\",\"seed\":[24403,29104,38761,45099],\"rated\":\"Rated battle\"}\n>player p1 {\"name\":\"britto1606\",\"avatar\":\"benga\",\"rating\":1124,\"seed\":[14051,59297,17145,26987]}\n>player p2 {\"name\":\"epikfrfr\",\"avatar\":\"cyrus\",\"rating\":1082,\"seed\":[51687,33534,62252,51653]}\n>p1 move flipturn\n>p2 move knockoff\n>p1 switch 2\n>p1 move dragondance\n>p2 move superpower\n>p1 move knockoff\n>p2 move superpower\n>p1 switch 5\n>p1 move knockoff\n>p2 move superpower\n>p2 switch 4\n>p1 move ironhead\n>p2 move calmmind\n>p1 move ironhead\n>p2 move calmmind\n>p1 move ironhead\n>p2 move recover\n>p1 move ironhead\n>p2 move judgment\n>p1 switch 4\n>p1 move headlongrush\n>p2 move icebeam terastallize\n>p1 switch 2\n>p1 move flamethrower\n>p2 move judgment\n>p1 switch 6\n>forcelose p1", "uploadtime": 1733856999, "views": 8, "formatid": "gen9randombattle", "rating": 1096, "private": 0, "password": null}