{"id": "gen9randombattle-2011923839", "format": "[Gen 9] Random Battle", "players": ["thethirstysimp", "sfbsvsfd"], "log": "|j|\u203dthethirstysimp\n|j|\u203dsfbsvsfd\n|t:|1702622613\n|gametype|singles\n|player|p1|thethirstysimp|170|2278\n|player|p2|sfbsvsfd|265|2213\n|teamsize|p1|6\n|teamsize|p2|6\n|gen|9\n|tier|[Gen 9] Random Battle\n|rated|\n|rule|Species Clause: Limit one of each Pok\u00e9mon\n|rule|HP Percentage Mod: HP is shown in percentages\n|rule|Sleep Clause Mod: Limit one foe put to sleep\n|rule|Illusion Level Mod: Illusion disguises the Pok\u00e9mon's true level\n|\n|t:|1702622613\n|start\n|switch|p1a: Revavroom|Revavroom, L80, M|259/259\n|switch|p2a: Dipplin|Dipplin, L88, M|284/284\n|turn|1\n|\n|t:|1702622628\n|switch|p2a: Landorus|Landorus-Therian, L77, M|264/264\n|-ability|p2a: Landorus|Intimidate|boost\n|-unboost|p1a: Revavroom|atk|1\n|move|p1a: Revavroom|Gunk Shot|p2a: Landorus\n|-resisted|p2a: Landorus\n|-damage|p2a: Landorus|204/264\n|-status|p2a: Landorus|psn\n|-damage|p1a: Revavroom|234/259|[from] item: Life Orb\n|\n|-damage|p2a: Landorus|171/264 psn|[from] psn\n|upkeep\n|turn|2\n|\n|t:|1702622633\n|switch|p1a: Drifblim|Drifblim, L86, M|396/396\n|switch|p2a: Stonjourner|Stonjourner, L91, F|330/330\n|\n|upkeep\n|turn|3\n|\n|t:|1702622642\n|switch|p1a: Tinkaton|Tinkaton, L82, F|274/274\n|-ability|p1a: Tinkaton|Mold Breaker\n|move|p2a: Stonjourner|Stone Edge|p1a: Tinkaton\n|-resisted|p1a: Tinkaton\n|-damage|p1a: Tinkaton|165/274\n|-damage|p2a: Stonjourner|297/330|[from] item: Life Orb\n|\n|upkeep\n|turn|4\n|\n|t:|1702622651\n|switch|p1a: Lurantis|Lurantis, L88, F|266/266\n|move|p2a: Stonjourner|Heat Crash|p1a: Lurantis\n|-supereffective|p1a: Lurantis\n|-damage|p1a: Lurantis|0 fnt\n|faint|p1a: Lurantis\n|-damage|p2a: Stonjourner|264/330|[from] item: Life Orb\n|\n|upkeep\n|\n|t:|1702622673\n|switch|p1a: Bruxish|Bruxish, L85, M|254/254\n|turn|5\n|\n|t:|1702622682\n|switch|p2a: Regidrago|Regidrago, L77|435/435\n|move|p1a: Bruxish|Swords Dance|p1a: Bruxish\n|-boost|p1a: Bruxish|atk|2\n|\n|upkeep\n|turn|6\n|\n|t:|1702622686\n|move|p2a: Regidrago|Dragon Energy|p1a: Bruxish\n|-damage|p1a: Bruxish|0 fnt\n|faint|p1a: Bruxish\n|\n|upkeep\n|\n|t:|1702622690\n|switch|p1a: Tinkaton|Tinkaton, L82, F|165/274\n|-ability|p1a: Tinkaton|Mold Breaker\n|turn|7\n|\n|t:|1702622692\n|switch|p2a: Landorus|Landorus-Therian, L77, M|171/264 psn\n|-ability|p2a: Landorus|Intimidate|boost\n|-unboost|p1a: Tinkaton|atk|1\n|move|p1a: Tinkaton|Swords Dance|p1a: Tinkaton\n|-boost|p1a: Tinkaton|atk|2\n|\n|-damage|p2a: Landorus|138/264 psn|[from] psn\n|upkeep\n|turn|8\n|\n|t:|1702622697\n|move|p1a: Tinkaton|Gigaton Hammer|p2a: Landorus\n|-crit|p2a: Landorus\n|-damage|p2a: Landorus|0 fnt\n|faint|p2a: Landorus\n|-damage|p1a: Tinkaton|138/274|[from] item: Life Orb\n|\n|upkeep\n|\n|t:|1702622702\n|switch|p2a: Salazzle|Salazzle, L82, F|246/246\n|turn|9\n|\n|t:|1702622712\n|switch|p1a: Drifblim|Drifblim, L86, M|396/396\n|move|p2a: Salazzle|Flamethrower|p1a: Drifblim\n|-damage|p1a: Drifblim|246/396\n|\n|upkeep\n|turn|10\n|\n|t:|1702622719\n|move|p2a: Salazzle|Toxic|p1a: Drifblim\n|-status|p1a: Drifblim|tox\n|move|p1a: Drifblim|Shadow Ball|p2a: Salazzle\n|-damage|p2a: Salazzle|129/246\n|\n|-heal|p2a: Salazzle|144/246|[from] item: Leftovers\n|-damage|p1a: Drifblim|222/396 tox|[from] psn\n|upkeep\n|turn|11\n|\n|t:|1702622722\n|move|p2a: Salazzle|Protect|p2a: Salazzle\n|-singleturn|p2a: Salazzle|Protect\n|move|p1a: Drifblim|Calm Mind|p1a: Drifblim\n|-boost|p1a: Drifblim|spa|1\n|-boost|p1a: Drifblim|spd|1\n|\n|-heal|p2a: Salazzle|159/246|[from] item: Leftovers\n|-damage|p1a: Drifblim|174/396 tox|[from] psn\n|upkeep\n|-enditem|p1a: Drifblim|Sitrus Berry|[eat]\n|-heal|p1a: Drifblim|273/396 tox|[from] item: Sitrus Berry\n|turn|12\n|\n|t:|1702622729\n|switch|p2a: Regidrago|Regidrago, L77|435/435\n|move|p1a: Drifblim|Shadow Ball|p2a: Regidrago\n|-damage|p2a: Regidrago|237/435\n|\n|-damage|p1a: Drifblim|201/396 tox|[from] psn\n|upkeep\n|turn|13\n|\n|t:|1702622733\n|move|p1a: Drifblim|Shadow Ball|p2a: Regidrago\n|-damage|p2a: Regidrago|35/435\n|move|p2a: Regidrago|Outrage|p1a: Drifblim\n|-damage|p1a: Drifblim|0 fnt\n|faint|p1a: Drifblim\n|\n|upkeep\n|\n|t:|1702622742\n|switch|p1a: Revavroom|Revavroom, L80, M|234/259\n|turn|14\n|\n|t:|1702622744\n|move|p2a: Regidrago|Outrage|p1a: Revavroom|[from]lockedmove\n|-resisted|p1a: Revavroom\n|-damage|p1a: Revavroom|145/259\n|-start|p2a: Regidrago|confusion|[fatigue]\n|move|p1a: Revavroom|Shift Gear|p1a: Revavroom\n|-boost|p1a: Revavroom|spe|2\n|-boost|p1a: Revavroom|atk|1\n|\n|upkeep\n|turn|15\n|\n|t:|1702622751\n|move|p1a: Revavroom|Shift Gear|p1a: Revavroom\n|-boost|p1a: Revavroom|spe|2\n|-boost|p1a: Revavroom|atk|1\n|-activate|p2a: Regidrago|confusion\n|move|p2a: Regidrago|Outrage|p1a: Revavroom\n|-resisted|p1a: Revavroom\n|-damage|p1a: Revavroom|58/259\n|\n|upkeep\n|turn|16\n|\n|t:|1702622758\n|move|p1a: Revavroom|Iron Head|p2a: Regidrago\n|-damage|p2a: Regidrago|0 fnt\n|faint|p2a: Regidrago\n|-damage|p1a: Revavroom|33/259|[from] item: Life Orb\n|\n|upkeep\n|\n|t:|1702622764\n|switch|p2a: Dipplin|Dipplin, L88, M|284/284\n|turn|17\n|\n|t:|1702622771\n|switch|p2a: Stonjourner|Stonjourner, L91, F|264/330\n|move|p1a: Revavroom|High Horsepower|p2a: Stonjourner\n|-supereffective|p2a: Stonjourner\n|-damage|p2a: Stonjourner|30/330\n|-damage|p1a: Revavroom|8/259|[from] item: Life Orb\n|\n|upkeep\n|turn|18\n|\n|t:|1702622779\n|move|p1a: Revavroom|Iron Head|p2a: Stonjourner\n|-supereffective|p2a: Stonjourner\n|-damage|p2a: Stonjourner|0 fnt\n|faint|p2a: Stonjourner\n|-damage|p1a: Revavroom|0 fnt|[from] item: Life Orb\n|faint|p1a: Revavroom\n|\n|upkeep\n|\n|t:|1702622784\n|switch|p1a: Jolteon|Jolteon, L84, M|246/246\n|switch|p2a: Dipplin|Dipplin, L88, M|238/238\n|turn|19\n|\n|t:|1702622791\n|-terastallize|p1a: Jolteon|Ghost\n|move|p1a: Jolteon|Shadow Ball|p2a: Dipplin\n|-resisted|p2a: Dipplin\n|-damage|p2a: Dipplin|147/238\n|replace|p2a: Zoroark|Zoroark, L84, M\n|-end|p2a: Zoroark|Illusion\n|-hint|Illusion Level Mod is active, so this Pok\u00e9mon's true level was hidden.\n|move|p2a: Zoroark|Dark Pulse|p1a: Jolteon\n|-supereffective|p1a: Jolteon\n|-damage|p1a: Jolteon|0 fnt\n|faint|p1a: Jolteon\n|-damage|p2a: Zoroark|124/238|[from] item: Life Orb\n|\n|upkeep\n|j| lsdtree\n|inactive|Battle timer is ON: inactive players will automatically lose when time's up. (requested by sfbsvsfd)\n|-message|thethirstysimp forfeited.\n|\n|win|sfbsvsfd\n|raw|thethirstysimp's rating: 2278 &rarr; <strong>2254</strong><br />(-24 for losing)\n|raw|sfbsvsfd's rating: 2213 &rarr; <strong>2237</strong><br />(+24 for winning)\n|l|\u203dthethirstysimp\n", "inputlog": ">version 95ce5c3715da640275f4b2c31adef9e30efcc55c\n>start {\"formatid\":\"gen9randombattle\",\"seed\":[5945,25110,29624,28825],\"rated\":\"Rated battle\"}\n>player p1 {\"name\":\"thethirstysimp\",\"avatar\":\"170\",\"rating\":2278,\"seed\":[24942,59904,39721,49564]}\n>player p2 {\"name\":\"sfbsvsfd\",\"avatar\":\"265\",\"rating\":2213,\"seed\":[21712,31940,47278,12790]}\n>p1 move gunkshot\n>p2 switch 2\n>p1 switch 6\n>p2 switch 3\n>p1 switch 3\n>p2 move stoneedge\n>p1 switch 2\n>p2 move heatcrash\n>p1 switch 4\n>p1 move swordsdance\n>p2 switch 6\n>p1 move psychicfangs\n>p2 move dragonenergy\n>p1 switch 2\n>p1 move swordsdance\n>p2 switch 3\n>p1 move gigatonhammer\n>p2 move earthquake\n>p2 switch 5\n>p1 switch 3\n>p2 move flamethrower\n>p1 move shadowball\n>p2 move toxic\n>p1 move calmmind\n>p2 move protect\n>p1 move shadowball\n>p2 switch 3\n>p1 move shadowball\n>p2 move outrage\n>p1 switch 6\n>p1 move shiftgear\n>p2 move outrage\n>p1 move shiftgear\n>p2 move outrage\n>p1 move ironhead\n>p2 move outrage\n>p2 switch 2\n>p1 move highhorsepower\n>p2 switch 6\n>p1 move ironhead\n>p2 move stealthrock\n>p1 switch 5\n>p2 switch 4\n>p1 move shadowball terastallize\n>p2 move darkpulse\n>forcelose p1", "uploadtime": 1702622814, "views": 338, "formatid": "gen9randombattle", "rating": 2237, "private": 0, "password": null}