{"id": "gen9randombattle-2260807669", "format": "[Gen 9] Random Battle", "players": ["blu3b3rryb4g3l", "Somberz"], "log": "|j|\u2606blu3b3rryb4g3l\n|j|\u2606Somberz\n|t:|1733895590\n|gametype|singles\n|player|p1|blu3b3rryb4g3l|grusha|1636\n|player|p2|Somberz|ingo|1615\n|teamsize|p1|6\n|teamsize|p2|6\n|gen|9\n|tier|[Gen 9] Random Battle\n|rated|\n|rule|Species Clause: Limit one of each Pok\u00e9mon\n|rule|HP Percentage Mod: HP is shown in percentages\n|rule|Sleep Clause Mod: Limit one foe put to sleep\n|rule|Illusion Level Mod: Illusion disguises the Pok\u00e9mon's true level\n|\n|t:|1733895590\n|start\n|switch|p1a: Skeledirge|Skeledirge, L79, F|294/294\n|switch|p2a: Lurantis|Lurantis, L87, F|264/264\n|turn|1\n|c|\u2606blu3b3rryb4g3l|GLHF\n|\n|t:|1733895610\n|switch|p2a: Gouging Fire|Gouging Fire, L74|277/277\n|move|p1a: Skeledirge|Torch Song|p2a: Gouging Fire\n|-resisted|p2a: Gouging Fire\n|-damage|p2a: Gouging Fire|255/277\n|-boost|p1a: Skeledirge|spa|1\n|\n|upkeep\n|turn|2\n|inactive|Battle timer is ON: inactive players will automatically lose when time's up. (requested by Somberz)\n|\n|t:|1733895621\n|move|p2a: Gouging Fire|Dragon Dance|p2a: Gouging Fire\n|-boost|p2a: Gouging Fire|atk|1\n|-boost|p2a: Gouging Fire|spe|1\n|move|p1a: Skeledirge|Hex|p2a: Gouging Fire\n|-damage|p2a: Gouging Fire|143/277\n|\n|upkeep\n|turn|3\n|\n|t:|1733895626\n|move|p2a: Gouging Fire|Outrage|p1a: Skeledirge\n|-damage|p1a: Skeledirge|180/294\n|move|p1a: Skeledirge|Hex|p2a: Gouging Fire\n|-damage|p2a: Gouging Fire|26/277\n|\n|upkeep\n|turn|4\n|\n|t:|1733895631\n|move|p2a: Gouging Fire|Outrage|p1a: Skeledirge|[from]lockedmove\n|-crit|p1a: Skeledirge\n|-damage|p1a: Skeledirge|15/294\n|-start|p2a: Gouging Fire|confusion|[fatigue]\n|move|p1a: Skeledirge|Slack Off|p1a: Skeledirge\n|-heal|p1a: Skeledirge|162/294\n|\n|upkeep\n|turn|5\n|\n|t:|1733895653\n|-activate|p2a: Gouging Fire|confusion\n|move|p2a: Gouging Fire|Morning Sun|p2a: Gouging Fire\n|-heal|p2a: Gouging Fire|164/277\n|move|p1a: Skeledirge|Slack Off|p1a: Skeledirge\n|-heal|p1a: Skeledirge|294/294\n|\n|upkeep\n|turn|6\n|\n|t:|1733895661\n|-end|p2a: Gouging Fire|Protosynthesis|[silent]\n|switch|p2a: Tauros|Tauros, L82, M|257/257\n|move|p1a: Skeledirge|Torch Song|p2a: Tauros\n|-damage|p2a: Tauros|115/257\n|-boost|p1a: Skeledirge|spa|1\n|\n|upkeep\n|turn|7\n|\n|t:|1733895678\n|move|p2a: Tauros|Throat Chop|p1a: Skeledirge\n|-supereffective|p1a: Skeledirge\n|-damage|p1a: Skeledirge|115/294\n|move|p1a: Skeledirge|Torch Song|p2a: Tauros\n|-damage|p2a: Tauros|0 fnt\n|-boost|p1a: Skeledirge|spa|1\n|faint|p2a: Tauros\n|\n|upkeep\n|\n|t:|1733895698\n|switch|p2a: Mewtwo|Mewtwo, L72|272/272\n|-ability|p2a: Mewtwo|Unnerve\n|turn|8\n|\n|t:|1733895705\n|move|p2a: Mewtwo|Psystrike|p1a: Skeledirge\n|-damage|p1a: Skeledirge|0 fnt\n|faint|p1a: Skeledirge\n|-damage|p2a: Mewtwo|245/272|[from] item: Life Orb\n|\n|upkeep\n|\n|t:|1733895733\n|switch|p1a: Groudon|Groudon, L72|263/263\n|-weather|SunnyDay|[from] ability: Drought|[of] p1a: Groudon\n|turn|9\n|\n|t:|1733895749\n|move|p2a: Mewtwo|Psystrike|p1a: Groudon\n|-damage|p1a: Groudon|138/263\n|-damage|p2a: Mewtwo|218/272|[from] item: Life Orb\n|move|p1a: Groudon|Thunder Wave|p2a: Mewtwo\n|-status|p2a: Mewtwo|par\n|\n|-weather|SunnyDay|[upkeep]\n|-heal|p1a: Groudon|154/263|[from] item: Leftovers\n|upkeep\n|turn|10\n|\n|t:|1733895764\n|move|p1a: Groudon|Heat Crash|p2a: Mewtwo\n|-damage|p2a: Mewtwo|58/272 par\n|move|p2a: Mewtwo|Psystrike|p1a: Groudon\n|-damage|p1a: Groudon|32/263\n|-damage|p2a: Mewtwo|31/272 par|[from] item: Life Orb\n|\n|-weather|SunnyDay|[upkeep]\n|-heal|p1a: Groudon|48/263|[from] item: Leftovers\n|upkeep\n|turn|11\n|\n|t:|1733895775\n|move|p1a: Groudon|Heat Crash|p2a: Mewtwo\n|-damage|p2a: Mewtwo|0 fnt\n|faint|p2a: Mewtwo\n|\n|-weather|SunnyDay|[upkeep]\n|-heal|p1a: Groudon|64/263|[from] item: Leftovers\n|upkeep\n|\n|t:|1733895777\n|switch|p2a: Gouging Fire|Gouging Fire, L74|164/277\n|-activate|p2a: Gouging Fire|ability: Protosynthesis\n|-start|p2a: Gouging Fire|protosynthesisdef\n|turn|12\n|\n|t:|1733895782\n|move|p2a: Gouging Fire|Outrage|p1a: Groudon\n|-damage|p1a: Groudon|0 fnt\n|faint|p1a: Groudon\n|\n|-weather|SunnyDay|[upkeep]\n|upkeep\n|\n|t:|1733895798\n|switch|p1a: Iron Jugulis|Iron Jugulis, L78|275/275\n|turn|13\n|\n|t:|1733895802\n|move|p1a: Iron Jugulis|Meteor Beam||[still]\n|-prepare|p1a: Iron Jugulis|Meteor Beam\n|-boost|p1a: Iron Jugulis|spa|1\n|-enditem|p1a: Iron Jugulis|Power Herb\n|-anim|p1a: Iron Jugulis|Meteor Beam|p2a: Gouging Fire\n|-supereffective|p2a: Gouging Fire\n|-damage|p2a: Gouging Fire|0 fnt\n|faint|p2a: Gouging Fire\n|-end|p2a: Gouging Fire|Protosynthesis|[silent]\n|\n|-weather|none\n|upkeep\n|\n|t:|1733895806\n|switch|p2a: Klefki|Klefki, L84, M|233/233\n|turn|14\n|\n|t:|1733895817\n|move|p1a: Iron Jugulis|Earth Power|p2a: Klefki\n|-supereffective|p2a: Klefki\n|-damage|p2a: Klefki|21/233\n|-unboost|p2a: Klefki|spd|1\n|move|p2a: Klefki|Dazzling Gleam|p1a: Iron Jugulis\n|-supereffective|p1a: Iron Jugulis\n|-damage|p1a: Iron Jugulis|95/275\n|\n|-heal|p2a: Klefki|35/233|[from] item: Leftovers\n|upkeep\n|turn|15\n|\n|t:|1733895825\n|move|p1a: Iron Jugulis|Dark Pulse|p2a: Klefki\n|-resisted|p2a: Klefki\n|-damage|p2a: Klefki|0 fnt\n|faint|p2a: Klefki\n|\n|upkeep\n|\n|t:|1733895826\n|switch|p2a: Lurantis|Lurantis, L87, F|264/264\n|turn|16\n|\n|t:|1733895829\n|move|p1a: Iron Jugulis|Hurricane|p2a: Lurantis\n|-supereffective|p2a: Lurantis\n|-damage|p2a: Lurantis|22/264\n|move|p2a: Lurantis|Superpower|p1a: Iron Jugulis\n|-damage|p1a: Iron Jugulis|0 fnt\n|-boost|p2a: Lurantis|atk|1\n|-boost|p2a: Lurantis|def|1\n|faint|p1a: Iron Jugulis\n|-end|p1a: Iron Jugulis|Quark Drive|[silent]\n|\n|upkeep\n|\n|t:|1733895841\n|switch|p1a: Pachirisu|Pachirisu, L96, F|271/271\n|turn|17\n|\n|t:|1733895856\n|move|p1a: Pachirisu|Thunderbolt|p2a: Lurantis\n|-resisted|p2a: Lurantis\n|-damage|p2a: Lurantis|0 fnt\n|faint|p2a: Lurantis\n|\n|upkeep\n|c|\u2606Somberz|yeah no chance\n|inactive|Somberz has 120 seconds left.\n|inactive|Somberz has 90 seconds left.\n|inactive|Somberz has 60 seconds left.\n|-message|Somberz forfeited.\n|\n|win|blu3b3rryb4g3l\n|raw|blu3b3rryb4g3l's rating: 1636 &rarr; <strong>1655</strong><br />(+19 for winning)\n|raw|Somberz's rating: 1615 &rarr; <strong>1596</strong><br />(-19 for losing)\n|l|\u2606Somberz\n|player|p2|\n|c|\u2606blu3b3rryb4g3l|Interesting.\n", "inputlog": ">version bfd83cad13791eb5a5a409923076391caf6fb4d4\n>start {\"formatid\":\"gen9randombattle\",\"seed\":[10284,28077,61045,64040],\"rated\":\"Rated battle\"}\n>player p1 {\"name\":\"blu3b3rryb4g3l\",\"avatar\":\"grusha\",\"rating\":1636,\"seed\":[22757,60594,50523,61234]}\n>player p2 {\"name\":\"Somberz\",\"avatar\":\"ingo\",\"rating\":1615,\"seed\":[64845,59203,57353,39256]}\n>chat \u2606blu3b3rryb4g3l|GLHF\n>p1 move torchsong\n>p2 switch 6\n>p1 move hex\n>p2 move dragondance\n>p1 move hex\n>p2 move outrage\n>p1 move slackoff\n>p2 move outrage\n>p1 move slackoff\n>p2 move morningsun\n>p1 move torchsong\n>p2 switch 4\n>p1 move torchsong\n>p2 move throatchop\n>p2 switch 5\n>p1 move slackoff\n>p2 move psystrike\n>p1 switch 4\n>p1 move thunderwave\n>p2 move psystrike\n>p1 move heatcrash\n>p2 move psystrike\n>p1 move heatcrash\n>p2 move recover\n>p2 switch 4\n>p1 move thunderwave\n>p2 move outrage\n>p1 switch 2\n>p1 move meteorbeam\n>p2 move outrage\n>p2 switch 2\n>p1 move earthpower\n>p2 move dazzlinggleam\n>p1 move darkpulse\n>p2 move dazzlinggleam\n>p2 switch 6\n>p1 move hurricane\n>p2 move superpower\n>p1 switch 5\n>p1 move thunderbolt\n>p2 move leechlife\n>chat \u2606Somberz|yeah no chance\n>forcelose p2", "uploadtime": 1733895955, "views": 1, "formatid": "gen9randombattle", "rating": 1596, "private": 0, "password": null}