{"id": "gen9randombattle-2152932347", "format": "[Gen 9] Random Battle", "players": ["Forrage", "OnArceus"], "log": "|badge|p1|bronze|gen9randombattle|100-1\n|html|<div class=\"broadcast-red\"><strong>This battle is required to be public due to one or more player having a season medal.</strong><br />During the public phase, you can discuss the state of the ladder <a href=\"/seasondiscussion\">in a special chatroom.</a></div>\n|uhtml|medal-msg|<div class=\"broadcast-blue\">Curious what those medals under the avatar are? PS now has Ladder Seasons! For more information, check out the <a href=\"https://www.smogon.com/forums/threads/3740067/\">thread on Smogon.</a></div>\n|badge|p2|bronze|gen9randombattle|100-1\n|uhtml|medal-msg|<div class=\"broadcast-blue\">Curious what those medals under the avatar are? PS now has Ladder Seasons! For more information, check out the <a href=\"https://www.smogon.com/forums/threads/3740067/\">thread on Smogon.</a></div>\n|raw|<div class=\"broadcast-blue\"><strong>This battle is required to be public due to a player having a name starting with 'medal'.</div>\n|j|\u2606Forrage\n|j|\u2606OnArceus\n|t:|1719789184\n|gametype|singles\n|player|p1|Forrage|169|2329\n|player|p2|OnArceus|#scl2spartans|2418\n|teamsize|p1|6\n|teamsize|p2|6\n|gen|9\n|tier|[Gen 9] Random Battle\n|rated|\n|rule|Species Clause: Limit one of each Pok\u00e9mon\n|rule|HP Percentage Mod: HP is shown in percentages\n|rule|Sleep Clause Mod: Limit one foe put to sleep\n|rule|Illusion Level Mod: Illusion disguises the Pok\u00e9mon's true level\n|\n|t:|1719789184\n|start\n|switch|p1a: Iron Moth|Iron Moth, L78|253/253\n|switch|p2a: Torterra|Torterra, L78, M|276/276\n|turn|1\n|inactive|Battle timer is ON: inactive players will automatically lose when time's up. (requested by OnArceus)\n|\n|t:|1719789212\n|switch|p2a: Dragalge|Dragalge, L88, M|258/258\n|move|p1a: Iron Moth|U-turn|p2a: Dragalge\n|-resisted|p2a: Dragalge\n|-damage|p2a: Dragalge|241/258\n|\n|t:|1719789216\n|-end|p1a: Iron Moth|Quark Drive|[silent]\n|switch|p1a: Swampert|Swampert, L83, F|302/302|[from] U-turn\n|\n|upkeep\n|turn|2\n|\n|t:|1719789221\n|switch|p2a: Milotic|Milotic, L83, F|293/293\n|move|p1a: Swampert|Earthquake|p2a: Milotic\n|-crit|p2a: Milotic\n|-damage|p2a: Milotic|92/293\n|\n|-heal|p2a: Milotic|110/293|[from] item: Leftovers\n|upkeep\n|turn|3\n|\n|t:|1719789227\n|move|p2a: Milotic|Recover|p2a: Milotic\n|-heal|p2a: Milotic|257/293\n|move|p1a: Swampert|Knock Off|p2a: Milotic\n|-damage|p2a: Milotic|182/293\n|-enditem|p2a: Milotic|Leftovers|[from] move: Knock Off|[of] p1a: Swampert\n|\n|upkeep\n|turn|4\n|\n|t:|1719789231\n|switch|p1a: Serperior|Serperior, L80, M|251/251\n|move|p2a: Milotic|Scald|p1a: Serperior\n|-resisted|p1a: Serperior\n|-damage|p1a: Serperior|206/251\n|-status|p1a: Serperior|brn\n|\n|-damage|p1a: Serperior|191/251 brn|[from] brn\n|upkeep\n|turn|5\n|\n|t:|1719789237\n|switch|p2a: Dragalge|Dragalge, L88, M|241/258\n|move|p1a: Serperior|Leaf Storm|p2a: Dragalge\n|-resisted|p2a: Dragalge\n|-damage|p2a: Dragalge|218/258\n|-boost|p1a: Serperior|spa|2\n|-damage|p1a: Serperior|166/251 brn|[from] item: Life Orb\n|\n|-damage|p1a: Serperior|151/251 brn|[from] brn\n|upkeep\n|turn|6\n|\n|t:|1719789242\n|switch|p2a: Rampardos|Rampardos, L90, F|321/321\n|-terastallize|p1a: Serperior|Dragon\n|move|p1a: Serperior|Dragon Pulse|p2a: Rampardos\n|-damage|p2a: Rampardos|52/321\n|-damage|p1a: Serperior|126/251 brn|[from] item: Life Orb\n|\n|-damage|p1a: Serperior|111/251 brn|[from] brn\n|upkeep\n|turn|7\n|\n|t:|1719789246\n|move|p2a: Rampardos|Rock Slide|p1a: Serperior\n|-damage|p1a: Serperior|0 fnt\n|faint|p1a: Serperior\n|\n|upkeep\n|\n|t:|1719789252\n|switch|p1a: Swampert|Swampert, L83, F|302/302\n|turn|8\n|\n|t:|1719789259\n|switch|p2a: Milotic|Milotic, L83, F|182/293\n|move|p1a: Swampert|Knock Off|p2a: Milotic\n|-damage|p2a: Milotic|131/293\n|\n|upkeep\n|turn|9\n|\n|t:|1719789261\n|move|p2a: Milotic|Recover|p2a: Milotic\n|-heal|p2a: Milotic|278/293\n|move|p1a: Swampert|Earthquake|p2a: Milotic\n|-crit|p2a: Milotic\n|-damage|p2a: Milotic|97/293\n|\n|upkeep\n|turn|10\n|\n|t:|1719789264\n|move|p2a: Milotic|Recover|p2a: Milotic\n|-heal|p2a: Milotic|244/293\n|move|p1a: Swampert|Earthquake|p2a: Milotic\n|-damage|p2a: Milotic|114/293\n|\n|upkeep\n|turn|11\n|\n|t:|1719789267\n|move|p2a: Milotic|Recover|p2a: Milotic\n|-heal|p2a: Milotic|261/293\n|move|p1a: Swampert|Earthquake|p2a: Milotic\n|-damage|p2a: Milotic|135/293\n|\n|upkeep\n|turn|12\n|\n|t:|1719789269\n|move|p2a: Milotic|Recover|p2a: Milotic\n|-heal|p2a: Milotic|282/293\n|move|p1a: Swampert|Earthquake|p2a: Milotic\n|-damage|p2a: Milotic|161/293\n|\n|upkeep\n|turn|13\n|\n|t:|1719789271\n|move|p2a: Milotic|Scald|p1a: Swampert\n|-damage|p1a: Swampert|214/302\n|move|p1a: Swampert|Earthquake|p2a: Milotic\n|-damage|p2a: Milotic|35/293\n|\n|-heal|p1a: Swampert|232/302|[from] item: Leftovers\n|upkeep\n|turn|14\n|\n|t:|1719789273\n|move|p2a: Milotic|Recover|p2a: Milotic\n|-heal|p2a: Milotic|182/293\n|move|p1a: Swampert|Earthquake|p2a: Milotic\n|-damage|p2a: Milotic|62/293\n|\n|-heal|p1a: Swampert|250/302|[from] item: Leftovers\n|upkeep\n|turn|15\n|\n|t:|1719789274\n|move|p2a: Milotic|Recover|p2a: Milotic\n|-heal|p2a: Milotic|209/293\n|move|p1a: Swampert|Earthquake|p2a: Milotic\n|-damage|p2a: Milotic|86/293\n|\n|-heal|p1a: Swampert|268/302|[from] item: Leftovers\n|upkeep\n|turn|16\n|\n|t:|1719789276\n|move|p2a: Milotic|Recover|p2a: Milotic\n|-heal|p2a: Milotic|233/293\n|move|p1a: Swampert|Earthquake|p2a: Milotic\n|-damage|p2a: Milotic|118/293\n|\n|-heal|p1a: Swampert|286/302|[from] item: Leftovers\n|upkeep\n|turn|17\n|\n|t:|1719789277\n|move|p2a: Milotic|Scald|p1a: Swampert\n|-damage|p1a: Swampert|196/302\n|move|p1a: Swampert|Earthquake|p2a: Milotic\n|-damage|p2a: Milotic|0 fnt\n|faint|p2a: Milotic\n|\n|-heal|p1a: Swampert|214/302|[from] item: Leftovers\n|upkeep\n|\n|t:|1719789283\n|switch|p2a: Torterra|Torterra, L78, M|276/276\n|turn|18\n|\n|t:|1719789287\n|move|p1a: Swampert|Ice Beam|p2a: Torterra\n|-supereffective|p2a: Torterra\n|-damage|p2a: Torterra|32/276\n|move|p2a: Torterra|Shell Smash|p2a: Torterra\n|-unboost|p2a: Torterra|def|1\n|-unboost|p2a: Torterra|spd|1\n|-boost|p2a: Torterra|atk|2\n|-boost|p2a: Torterra|spa|2\n|-boost|p2a: Torterra|spe|2\n|\n|-heal|p1a: Swampert|232/302|[from] item: Leftovers\n|upkeep\n|turn|19\n|\n|t:|1719789290\n|switch|p1a: Scizor|Scizor, L79, F|240/240\n|move|p2a: Torterra|Bullet Seed|p1a: Scizor\n|-resisted|p1a: Scizor\n|-damage|p1a: Scizor|222/240\n|-resisted|p1a: Scizor\n|-damage|p1a: Scizor|203/240\n|-resisted|p1a: Scizor\n|-crit|p1a: Scizor\n|-damage|p1a: Scizor|175/240\n|-resisted|p1a: Scizor\n|-damage|p1a: Scizor|157/240\n|-resisted|p1a: Scizor\n|-damage|p1a: Scizor|138/240\n|-hitcount|p1a: Scizor|5\n|\n|upkeep\n|turn|20\n|\n|t:|1719789294\n|move|p1a: Scizor|Bullet Punch|p2a: Torterra\n|-damage|p2a: Torterra|0 fnt\n|faint|p2a: Torterra\n|\n|upkeep\n|\n|t:|1719789296\n|switch|p2a: Dragalge|Dragalge, L88, M|218/258\n|turn|21\n|\n|t:|1719789298\n|move|p1a: Scizor|Bullet Punch|p2a: Dragalge\n|-damage|p2a: Dragalge|110/258\n|move|p2a: Dragalge|Draco Meteor|p1a: Scizor\n|-resisted|p1a: Scizor\n|-damage|p1a: Scizor|0 fnt\n|-unboost|p2a: Dragalge|spa|2\n|faint|p1a: Scizor\n|\n|upkeep\n|\n|t:|1719789301\n|switch|p1a: Swampert|Swampert, L83, F|232/302\n|turn|22\n|\n|t:|1719789303\n|move|p1a: Swampert|Earthquake|p2a: Dragalge\n|-supereffective|p2a: Dragalge\n|-damage|p2a: Dragalge|0 fnt\n|faint|p2a: Dragalge\n|\n|-heal|p1a: Swampert|250/302|[from] item: Leftovers\n|upkeep\n|\n|t:|1719789307\n|switch|p2a: Cetitan|Cetitan, L82, F|412/412\n|turn|23\n|\n|t:|1719789309\n|move|p2a: Cetitan|Belly Drum|p2a: Cetitan\n|-damage|p2a: Cetitan|206/412\n|-setboost|p2a: Cetitan|atk|6|[from] move: Belly Drum\n|-enditem|p2a: Cetitan|Sitrus Berry|[eat]\n|-heal|p2a: Cetitan|309/412|[from] item: Sitrus Berry\n|move|p1a: Swampert|Roar|p2a: Cetitan\n|drag|p2a: Garganacl|Garganacl, L80, M|291/291\n|\n|-heal|p1a: Swampert|268/302|[from] item: Leftovers\n|upkeep\n|turn|24\n|\n|t:|1719789315\n|switch|p1a: Lanturn|Lanturn, L89, M|367/367\n|-terastallize|p2a: Garganacl|Dragon\n|move|p2a: Garganacl|Iron Defense|p2a: Garganacl\n|-boost|p2a: Garganacl|def|2\n|\n|upkeep\n|turn|25\n|\n|t:|1719789319\n|move|p1a: Lanturn|Volt Switch|p2a: Garganacl\n|-resisted|p2a: Garganacl\n|-damage|p2a: Garganacl|258/291\n|\n|t:|1719789323\n|switch|p1a: Rotom|Rotom-Frost, L86|226/226|[from] Volt Switch\n|move|p2a: Garganacl|Body Press|p1a: Rotom\n|-supereffective|p1a: Rotom\n|-damage|p1a: Rotom|6/226\n|\n|-heal|p2a: Garganacl|276/291|[from] item: Leftovers\n|upkeep\n|turn|26\n|\n|t:|1719789328\n|switch|p2a: Cetitan|Cetitan, L82, F|309/412\n|move|p1a: Rotom|Blizzard|p2a: Cetitan|[miss]\n|-miss|p1a: Rotom|p2a: Cetitan\n|\n|upkeep\n|turn|27\n|\n|t:|1719789332\n|move|p1a: Rotom|Thunderbolt|p2a: Cetitan\n|-damage|p2a: Cetitan|170/412\n|move|p2a: Cetitan|Ice Spinner|p1a: Rotom\n|-resisted|p1a: Rotom\n|-damage|p1a: Rotom|0 fnt\n|faint|p1a: Rotom\n|\n|upkeep\n|\n|t:|1719789338\n|switch|p1a: Iron Moth|Iron Moth, L78|253/253\n|turn|28\n|\n|t:|1719789340\n|move|p1a: Iron Moth|Sludge Wave|p2a: Cetitan\n|-damage|p2a: Cetitan|0 fnt\n|faint|p2a: Cetitan\n|\n|upkeep\n|\n|t:|1719789344\n|switch|p2a: Rampardos|Rampardos, L90, F|52/321\n|turn|29\n|\n|t:|1719789348\n|switch|p2a: Garganacl|Garganacl, L80, M, tera:Dragon|276/291\n|-end|p1a: Iron Moth|Quark Drive|[silent]\n|switch|p1a: Lanturn|Lanturn, L89, M|367/367\n|\n|-heal|p2a: Garganacl|291/291|[from] item: Leftovers\n|upkeep\n|turn|30\n|\n|t:|1719789351\n|move|p1a: Lanturn|Volt Switch|p2a: Garganacl\n|-resisted|p2a: Garganacl\n|-damage|p2a: Garganacl|258/291\n|\n|t:|1719789352\n|switch|p1a: Swampert|Swampert, L83, F|268/302|[from] Volt Switch\n|move|p2a: Garganacl|Salt Cure|p1a: Swampert\n|-resisted|p1a: Swampert\n|-damage|p1a: Swampert|248/302\n|-start|p1a: Swampert|Salt Cure\n|\n|-heal|p1a: Swampert|266/302|[from] item: Leftovers\n|-heal|p2a: Garganacl|276/291|[from] item: Leftovers\n|-damage|p1a: Swampert|191/302|[from] Salt Cure\n|upkeep\n|turn|31\n|\n|t:|1719789358\n|move|p1a: Swampert|Knock Off|p2a: Garganacl\n|-damage|p2a: Garganacl|220/291\n|-enditem|p2a: Garganacl|Leftovers|[from] move: Knock Off|[of] p1a: Swampert\n|move|p2a: Garganacl|Iron Defense|p2a: Garganacl\n|-boost|p2a: Garganacl|def|2\n|\n|-heal|p1a: Swampert|209/302|[from] item: Leftovers\n|-damage|p1a: Swampert|134/302|[from] Salt Cure\n|upkeep\n|turn|32\n|\n|t:|1719789363\n|move|p2a: Garganacl|Body Press|p1a: Swampert\n|-damage|p1a: Swampert|12/302\n|move|p1a: Swampert|Roar|p2a: Garganacl\n|drag|p2a: Rampardos|Rampardos, L90, F|52/321\n|\n|-heal|p1a: Swampert|30/302|[from] item: Leftovers\n|-damage|p1a: Swampert|0 fnt|[from] Salt Cure\n|faint|p1a: Swampert\n|upkeep\n|\n|t:|1719789367\n|switch|p1a: Lanturn|Lanturn, L89, M|367/367\n|turn|33\n|\n|t:|1719789372\n|switch|p2a: Garganacl|Garganacl, L80, M, tera:Dragon|220/291\n|move|p1a: Lanturn|Volt Switch|p2a: Garganacl\n|-resisted|p2a: Garganacl\n|-damage|p2a: Garganacl|181/291\n|\n|t:|1719789374\n|switch|p1a: Iron Moth|Iron Moth, L78|253/253|[from] Volt Switch\n|\n|upkeep\n|turn|34\n|\n|t:|1719789378\n|move|p1a: Iron Moth|Sludge Wave|p2a: Garganacl\n|-damage|p2a: Garganacl|0 fnt\n|faint|p2a: Garganacl\n|\n|upkeep\n|\n|t:|1719789380\n|switch|p2a: Rampardos|Rampardos, L90, F|52/321\n|turn|35\n|\n|t:|1719789384\n|move|p2a: Rampardos|Earthquake|p1a: Iron Moth\n|-supereffective|p1a: Iron Moth\n|-damage|p1a: Iron Moth|0 fnt\n|faint|p1a: Iron Moth\n|-end|p1a: Iron Moth|Quark Drive|[silent]\n|\n|upkeep\n|\n|t:|1719789385\n|switch|p1a: Lanturn|Lanturn, L89, M|367/367\n|turn|36\n|\n|t:|1719789387\n|move|p2a: Rampardos|Earthquake|p1a: Lanturn\n|-supereffective|p1a: Lanturn\n|-crit|p1a: Lanturn\n|-damage|p1a: Lanturn|0 fnt\n|faint|p1a: Lanturn\n|\n|win|OnArceus\n|raw|Forrage's rating: 2346 &rarr; <strong>2330</strong><br />(-16 for losing)\n|raw|OnArceus's rating: 2418 &rarr; <strong>2434</strong><br />(+16 for winning)\n|c|\u2606OnArceus|gg.\n|c|\u2606Forrage|gg\n", "inputlog": ">version 021bb6b4147d783a3aa9da22896c4e1e173f1b61\n>start {\"formatid\":\"gen9randombattle\",\"seed\":[42218,33939,56574,15231],\"rated\":\"Rated battle\"}\n>player p1 {\"name\":\"Forrage\",\"avatar\":\"169\",\"rating\":2329,\"seed\":[6587,10119,9462,65480]}\n>player p2 {\"name\":\"OnArceus\",\"avatar\":\"#scl2spartans\",\"rating\":2418,\"seed\":[57648,59178,23232,19979]}\n>p1 move uturn\n>p2 switch 6\n>p1 switch 4\n>p1 move earthquake\n>p2 switch 5\n>p1 move knockoff\n>p2 move recover\n>p1 switch 5\n>p2 move scald\n>p1 move leafstorm\n>p2 switch 5\n>p1 move dragonpulse terastallize\n>p2 switch 3\n>p1 move leafstorm\n>p2 move rockslide\n>p1 switch 5\n>p1 move knockoff\n>p2 switch 5\n>p1 move earthquake\n>p2 move recover\n>p1 move earthquake\n>p2 move recover\n>p1 move earthquake\n>p2 move recover\n>p1 move earthquake\n>p2 move recover\n>p1 move earthquake\n>p2 move scald\n>p1 move earthquake\n>p2 move recover\n>p1 move earthquake\n>p2 move recover\n>p1 move earthquake\n>p2 move recover\n>p1 move earthquake\n>p2 move scald\n>p2 switch 6\n>p1 move icebeam\n>p2 move shellsmash\n>p1 switch 6\n>p2 move bulletseed\n>p1 move bulletpunch\n>p2 move bulletseed\n>p2 switch 3\n>p1 move bulletpunch\n>p2 move dracometeor\n>p1 switch 6\n>p1 move earthquake\n>p2 move dracometeor\n>p2 switch 4\n>p1 move roar\n>p2 move bellydrum\n>p1 switch 3\n>p2 move irondefense terastallize\n>p1 move voltswitch\n>p2 move bodypress\n>p1 switch 2\n>p1 move blizzard\n>p2 switch 2\n>p1 move thunderbolt\n>p2 move icespinner\n>p1 switch 4\n>p1 move sludgewave\n>p2 move earthquake\n>p2 switch 5\n>p1 switch 2\n>p2 switch 2\n>p1 move voltswitch\n>p2 move saltcure\n>p1 switch 3\n>p1 move knockoff\n>p2 move irondefense\n>p1 move roar\n>p2 move bodypress\n>p1 switch 3\n>p1 move voltswitch\n>p2 switch 2\n>p1 switch 2\n>p1 move sludgewave\n>p2 move saltcure\n>p2 switch 2\n>p1 move sludgewave\n>p2 move earthquake\n>p1 switch 2\n>p1 move scald\n>p2 move earthquake", "uploadtime": 1719789397, "views": 180, "formatid": "gen9randombattle", "rating": 2330, "private": 0, "password": null}