{"id": "gen9randombattle-2260911830", "format": "[Gen 9] Random Battle", "players": ["hiroakiruby", "Mamut<33"], "log": "|j|\u2606hiroakiruby\n|j|\u2606Mamut<33\n|t:|1733915481\n|gametype|singles\n|player|p1|hiroakiruby|265|1686\n|player|p2|Mamut<33|ghetsis-gen5bw|1682\n|teamsize|p1|6\n|teamsize|p2|6\n|gen|9\n|tier|[Gen 9] Random Battle\n|rated|\n|rule|Species Clause: Limit one of each Pok\u00e9mon\n|rule|HP Percentage Mod: HP is shown in percentages\n|rule|Sleep Clause Mod: Limit one foe put to sleep\n|rule|Illusion Level Mod: Illusion disguises the Pok\u00e9mon's true level\n|\n|t:|1733915481\n|start\n|switch|p1a: Kricketune|Kricketune, L99, F|311/311\n|switch|p2a: Bruxish|Bruxish, L85, F|254/254\n|turn|1\n|inactive|Battle timer is ON: inactive players will automatically lose when time's up. (requested by Mamut<33)\n|\n|t:|1733915499\n|move|p2a: Bruxish|Swords Dance|p2a: Bruxish\n|-boost|p2a: Bruxish|atk|2\n|move|p1a: Kricketune|Sticky Web|p2a: Bruxish\n|-sidestart|p2: Mamut<33|move: Sticky Web\n|\n|upkeep\n|turn|2\n|\n|t:|1733915512\n|move|p2a: Bruxish|Psychic Fangs|p1a: Kricketune\n|-enditem|p1a: Kricketune|Focus Sash\n|-damage|p1a: Kricketune|1/311\n|-damage|p2a: Bruxish|229/254|[from] item: Life Orb\n|move|p1a: Kricketune|Pounce|p2a: Bruxish\n|-supereffective|p2a: Bruxish\n|-damage|p2a: Bruxish|0 fnt\n|faint|p2a: Bruxish\n|\n|upkeep\n|\n|t:|1733915525\n|switch|p2a: Pyroar|Pyroar, L88, F|295/295\n|-ability|p2a: Pyroar|Unnerve\n|turn|3\n|\n|t:|1733915542\n|switch|p1a: Suicune|Suicune, L82|298/298\n|-ability|p1a: Suicune|Pressure\n|move|p2a: Pyroar|Hyper Voice|p1a: Suicune\n|-damage|p1a: Suicune|207/298\n|\n|-heal|p1a: Suicune|225/298|[from] item: Leftovers\n|upkeep\n|turn|4\n|\n|t:|1733915550\n|switch|p2a: Rillaboom|Rillaboom, L79, M|288/288\n|-activate|p2a: Rillaboom|move: Sticky Web\n|-unboost|p2a: Rillaboom|spe|1\n|-fieldstart|move: Grassy Terrain|[from] ability: Grassy Surge|[of] p2a: Rillaboom\n|move|p1a: Suicune|Calm Mind|p1a: Suicune\n|-boost|p1a: Suicune|spa|1\n|-boost|p1a: Suicune|spd|1\n|\n|-heal|p1a: Suicune|243/298|[from] Grassy Terrain\n|-heal|p1a: Suicune|261/298|[from] item: Leftovers\n|upkeep\n|turn|5\n|\n|t:|1733915555\n|-terastallize|p1a: Suicune|Steel\n|move|p1a: Suicune|Ice Beam|p2a: Rillaboom\n|-supereffective|p2a: Rillaboom\n|-damage|p2a: Rillaboom|56/288\n|move|p2a: Rillaboom|U-turn|p1a: Suicune\n|-resisted|p1a: Suicune\n|-damage|p1a: Suicune|228/298\n|\n|t:|1733915562\n|switch|p2a: Okidogi|Okidogi, L77, M|262/262|[from] U-turn\n|-activate|p2a: Okidogi|move: Sticky Web\n|-unboost|p2a: Okidogi|spe|1\n|\n|-heal|p1a: Suicune|246/298|[from] Grassy Terrain\n|-heal|p1a: Suicune|264/298|[from] item: Leftovers\n|upkeep\n|turn|6\n|\n|t:|1733915575\n|switch|p1a: Giratina|Giratina, L75|349/349\n|-ability|p1a: Giratina|Pressure\n|move|p2a: Okidogi|Drain Punch|p1a: Giratina\n|-immune|p1a: Giratina\n|\n|upkeep\n|turn|7\n|\n|t:|1733915586\n|move|p2a: Okidogi|Knock Off|p1a: Giratina\n|-supereffective|p1a: Giratina\n|-damage|p1a: Giratina|225/349\n|-status|p1a: Giratina|tox|[from] ability: Toxic Chain|[of] p2a: Okidogi\n|-enditem|p1a: Giratina|Leftovers|[from] move: Knock Off|[of] p2a: Okidogi\n|move|p1a: Giratina|Dragon Tail|p2a: Okidogi\n|-damage|p2a: Okidogi|216/262\n|drag|p2a: Pyroar|Pyroar, L88, F|295/295\n|-ability|p2a: Pyroar|Unnerve\n|\n|-heal|p1a: Giratina|246/349 tox|[from] Grassy Terrain\n|-damage|p1a: Giratina|225/349 tox|[from] psn\n|upkeep\n|turn|8\n|\n|t:|1733915598\n|move|p2a: Pyroar|Dark Pulse|p1a: Giratina\n|-supereffective|p1a: Giratina\n|-damage|p1a: Giratina|99/349 tox\n|move|p1a: Giratina|Dragon Tail|p2a: Pyroar\n|-damage|p2a: Pyroar|240/295\n|drag|p2a: Dusknoir|Dusknoir, L89, M|225/225\n|-activate|p2a: Dusknoir|move: Sticky Web\n|-unboost|p2a: Dusknoir|spe|1\n|\n|-heal|p1a: Giratina|120/349 tox|[from] Grassy Terrain\n|-damage|p1a: Giratina|78/349 tox|[from] psn\n|-fieldend|move: Grassy Terrain\n|upkeep\n|turn|9\n|\n|t:|1733915608\n|switch|p2a: Pyroar|Pyroar, L88, F|240/295\n|-ability|p2a: Pyroar|Unnerve\n|move|p1a: Giratina|Rest|p1a: Giratina\n|-status|p1a: Giratina|slp|[from] move: Rest\n|-heal|p1a: Giratina|349/349 slp|[silent]\n|\n|upkeep\n|turn|10\n|\n|t:|1733915615\n|move|p2a: Pyroar|Work Up|p2a: Pyroar\n|-boost|p2a: Pyroar|atk|1\n|-boost|p2a: Pyroar|spa|1\n|cant|p1a: Giratina|slp\n|move|p1a: Giratina|Sleep Talk|p1a: Giratina\n|move|p1a: Giratina|Shadow Ball|p2a: Pyroar|[from]move: Sleep Talk\n|-immune|p2a: Pyroar\n|\n|upkeep\n|turn|11\n|\n|t:|1733915624\n|move|p2a: Pyroar|Dark Pulse|p1a: Giratina\n|-supereffective|p1a: Giratina\n|-damage|p1a: Giratina|179/349 slp\n|cant|p1a: Giratina|slp\n|move|p1a: Giratina|Sleep Talk|p1a: Giratina\n|move|p1a: Giratina|Rest||[from]move: Sleep Talk|[still]\n|-fail|p1a: Giratina\n|\n|upkeep\n|turn|12\n|\n|t:|1733915632\n|move|p2a: Pyroar|Dark Pulse|p1a: Giratina\n|-supereffective|p1a: Giratina\n|-damage|p1a: Giratina|0 fnt\n|faint|p1a: Giratina\n|\n|upkeep\n|\n|t:|1733915641\n|switch|p1a: Samurott|Samurott, L88, F|310/310\n|turn|13\n|\n|t:|1733915646\n|switch|p2a: Dusknoir|Dusknoir, L89, M|225/225\n|-activate|p2a: Dusknoir|move: Sticky Web\n|-unboost|p2a: Dusknoir|spe|1\n|-item|p1a: Samurott|Assault Vest|[from] ability: Frisk|[of] p2a: Dusknoir\n|move|p1a: Samurott|Flip Turn|p2a: Dusknoir\n|-damage|p2a: Dusknoir|179/225\n|\n|t:|1733915669\n|switch|p1a: Suicune|Suicune, L82, tera:Steel|264/298|[from] Flip Turn\n|-ability|p1a: Suicune|Pressure\n|\n|-heal|p1a: Suicune|282/298|[from] item: Leftovers\n|-heal|p2a: Dusknoir|193/225|[from] item: Leftovers\n|upkeep\n|turn|14\n|\n|t:|1733915674\n|move|p1a: Suicune|Substitute|p1a: Suicune\n|-start|p1a: Suicune|Substitute\n|-damage|p1a: Suicune|208/298\n|move|p2a: Dusknoir|Substitute|p2a: Dusknoir\n|-start|p2a: Dusknoir|Substitute\n|-damage|p2a: Dusknoir|137/225\n|\n|-heal|p1a: Suicune|226/298|[from] item: Leftovers\n|-heal|p2a: Dusknoir|151/225|[from] item: Leftovers\n|upkeep\n|turn|15\n|\n|t:|1733915680\n|-singleturn|p2a: Dusknoir|move: Focus Punch\n|move|p1a: Suicune|Calm Mind|p1a: Suicune\n|-boost|p1a: Suicune|spa|1\n|-boost|p1a: Suicune|spd|1\n|move|p2a: Dusknoir|Focus Punch|p1a: Suicune\n|-supereffective|p1a: Suicune\n|-end|p1a: Suicune|Substitute\n|\n|-heal|p1a: Suicune|244/298|[from] item: Leftovers\n|-heal|p2a: Dusknoir|165/225|[from] item: Leftovers\n|upkeep\n|turn|16\n|\n|t:|1733915692\n|-singleturn|p2a: Dusknoir|move: Focus Punch\n|move|p1a: Suicune|Scald|p2a: Dusknoir\n|-end|p2a: Dusknoir|Substitute\n|move|p2a: Dusknoir|Focus Punch|p1a: Suicune\n|-supereffective|p1a: Suicune\n|-damage|p1a: Suicune|58/298\n|\n|-heal|p1a: Suicune|76/298|[from] item: Leftovers\n|-heal|p2a: Dusknoir|179/225|[from] item: Leftovers\n|upkeep\n|turn|17\n|\n|t:|1733915701\n|move|p1a: Suicune|Scald|p2a: Dusknoir\n|-damage|p2a: Dusknoir|106/225\n|move|p2a: Dusknoir|Poltergeist|p1a: Suicune\n|-activate|p1a: Suicune|move: Poltergeist|Leftovers\n|-damage|p1a: Suicune|0 fnt\n|faint|p1a: Suicune\n|\n|-heal|p2a: Dusknoir|120/225|[from] item: Leftovers\n|upkeep\n|\n|t:|1733915720\n|switch|p1a: Azelf|Azelf, L82|257/257\n|turn|18\n|\n|t:|1733915724\n|move|p1a: Azelf|Knock Off|p2a: Dusknoir\n|-supereffective|p2a: Dusknoir\n|-damage|p2a: Dusknoir|0 fnt\n|-enditem|p2a: Dusknoir|Leftovers|[from] move: Knock Off|[of] p1a: Azelf\n|faint|p2a: Dusknoir\n|-damage|p1a: Azelf|232/257|[from] item: Life Orb\n|\n|upkeep\n|\n|t:|1733915733\n|switch|p2a: Heatran|Heatran, L79, M|273/273\n|-item|p2a: Heatran|Air Balloon\n|turn|19\n|\n|t:|1733915740\n|move|p1a: Azelf|Knock Off|p2a: Heatran\n|-damage|p2a: Heatran|182/273\n|-enditem|p2a: Heatran|Air Balloon\n|-damage|p1a: Azelf|207/257|[from] item: Life Orb\n|move|p2a: Heatran|Stealth Rock|p1a: Azelf\n|-sidestart|p1: hiroakiruby|move: Stealth Rock\n|\n|upkeep\n|turn|20\n|\n|t:|1733915746\n|move|p1a: Azelf|Encore|p2a: Heatran\n|-start|p2a: Heatran|Encore\n|move|p2a: Heatran|Stealth Rock||[still]\n|-fail|p2a: Heatran\n|\n|upkeep\n|turn|21\n|\n|t:|1733915753\n|switch|p2a: Rillaboom|Rillaboom, L79, M|56/288\n|-activate|p2a: Rillaboom|move: Sticky Web\n|-unboost|p2a: Rillaboom|spe|1\n|-fieldstart|move: Grassy Terrain|[from] ability: Grassy Surge|[of] p2a: Rillaboom\n|move|p1a: Azelf|Psychic|p2a: Rillaboom\n|-damage|p2a: Rillaboom|0 fnt\n|faint|p2a: Rillaboom\n|-damage|p1a: Azelf|182/257|[from] item: Life Orb\n|\n|upkeep\n|\n|t:|1733915766\n|switch|p2a: Heatran|Heatran, L79, M|182/273\n|-activate|p2a: Heatran|move: Sticky Web\n|-unboost|p2a: Heatran|spe|1\n|turn|22\n|\n|t:|1733915773\n|move|p1a: Azelf|Knock Off|p2a: Heatran\n|-damage|p2a: Heatran|122/273\n|-damage|p1a: Azelf|157/257|[from] item: Life Orb\n|move|p2a: Heatran|Heavy Slam|p1a: Azelf\n|-damage|p1a: Azelf|22/257\n|\n|-heal|p2a: Heatran|139/273|[from] Grassy Terrain\n|upkeep\n|turn|23\n|\n|t:|1733915784\n|move|p1a: Azelf|Encore|p2a: Heatran\n|-start|p2a: Heatran|Encore\n|move|p2a: Heatran|Heavy Slam|p1a: Azelf\n|-damage|p1a: Azelf|0 fnt\n|faint|p1a: Azelf\n|\n|-heal|p2a: Heatran|156/273|[from] Grassy Terrain\n|upkeep\n|\n|t:|1733915788\n|switch|p1a: Samurott|Samurott, L88, F|310/310\n|-damage|p1a: Samurott|272/310|[from] Stealth Rock\n|turn|24\n|\n|t:|1733915793\n|move|p1a: Samurott|Hydro Pump|p2a: Heatran\n|-supereffective|p2a: Heatran\n|-damage|p2a: Heatran|0 fnt\n|faint|p2a: Heatran\n|\n|-heal|p1a: Samurott|291/310|[from] Grassy Terrain\n|upkeep\n|\n|t:|1733915797\n|switch|p2a: Okidogi|Okidogi, L77, M|216/262\n|-activate|p2a: Okidogi|move: Sticky Web\n|-unboost|p2a: Okidogi|spe|1\n|turn|25\n|\n|t:|1733915807\n|move|p1a: Samurott|Hydro Pump|p2a: Okidogi\n|-damage|p2a: Okidogi|107/262\n|move|p2a: Okidogi|Drain Punch|p1a: Samurott\n|-damage|p1a: Samurott|210/310\n|-heal|p2a: Okidogi|148/262|[from] drain|[of] p1a: Samurott\n|\n|-heal|p1a: Samurott|229/310|[from] Grassy Terrain\n|-heal|p2a: Okidogi|164/262|[from] Grassy Terrain\n|-fieldend|move: Grassy Terrain\n|upkeep\n|turn|26\n|\n|t:|1733915815\n|switch|p1a: Seviper|Seviper, L93, M|287/287\n|-damage|p1a: Seviper|252/287|[from] Stealth Rock\n|move|p2a: Okidogi|Drain Punch|p1a: Seviper\n|-resisted|p1a: Seviper\n|-damage|p1a: Seviper|204/287\n|-heal|p2a: Okidogi|188/262|[from] drain|[of] p1a: Seviper\n|\n|-heal|p1a: Seviper|221/287|[from] item: Leftovers\n|upkeep\n|turn|27\n|\n|t:|1733915832\n|move|p1a: Seviper|Trailblaze|p2a: Okidogi\n|-resisted|p2a: Okidogi\n|-damage|p2a: Okidogi|169/262\n|-boost|p1a: Seviper|spe|1\n|move|p2a: Okidogi|High Horsepower|p1a: Seviper\n|-supereffective|p1a: Seviper\n|-damage|p1a: Seviper|39/287\n|\n|-heal|p1a: Seviper|56/287|[from] item: Leftovers\n|upkeep\n|turn|28\n|\n|t:|1733915840\n|move|p1a: Seviper|Earthquake|p2a: Okidogi\n|-supereffective|p2a: Okidogi\n|-damage|p2a: Okidogi|23/262\n|move|p2a: Okidogi|Knock Off|p1a: Seviper\n|-damage|p1a: Seviper|0 fnt\n|-enditem|p1a: Seviper|Leftovers|[from] move: Knock Off|[of] p2a: Okidogi\n|faint|p1a: Seviper\n|\n|upkeep\n|\n|t:|1733915848\n|switch|p1a: Samurott|Samurott, L88, F|229/310\n|-damage|p1a: Samurott|191/310|[from] Stealth Rock\n|turn|29\n|\n|t:|1733915855\n|move|p1a: Samurott|Ice Beam|p2a: Okidogi\n|-damage|p2a: Okidogi|0 fnt\n|faint|p2a: Okidogi\n|\n|upkeep\n|\n|t:|1733915858\n|switch|p2a: Pyroar|Pyroar, L88, F|240/295\n|-ability|p2a: Pyroar|Unnerve\n|turn|30\n|\n|t:|1733915868\n|move|p2a: Pyroar|Hyper Voice|p1a: Samurott\n|-damage|p1a: Samurott|109/310\n|move|p1a: Samurott|Hydro Pump|p2a: Pyroar\n|-supereffective|p2a: Pyroar\n|-damage|p2a: Pyroar|0 fnt\n|faint|p2a: Pyroar\n|\n|win|hiroakiruby\n|raw|hiroakiruby's rating: 1686 &rarr; <strong>1706</strong><br />(+20 for winning)\n|raw|Mamut&lt;33's rating: 1682 &rarr; <strong>1662</strong><br />(-20 for losing)\n|l|\u2606Mamut<33\n|player|p2|\n", "inputlog": ">version bfd83cad13791eb5a5a409923076391caf6fb4d4\n>start {\"formatid\":\"gen9randombattle\",\"seed\":[27687,52877,23861,2257],\"rated\":\"Rated battle\"}\n>player p1 {\"name\":\"hiroakiruby\",\"avatar\":\"265\",\"rating\":1686,\"seed\":[60469,61142,91,17541]}\n>player p2 {\"name\":\"Mamut<33\",\"avatar\":\"ghetsis-gen5bw\",\"rating\":1682,\"seed\":[14919,59618,32260,62793]}\n>p1 move stickyweb\n>p2 move swordsdance\n>p1 move pounce\n>p2 move psychicfangs\n>p2 switch 3\n>p1 switch 6\n>p2 move hypervoice\n>p1 move calmmind\n>p2 switch 2\n>p1 move icebeam terastallize\n>p2 move uturn\n>p2 switch 5\n>p1 switch 5\n>p2 move drainpunch\n>p1 move dragontail\n>p2 move knockoff\n>p1 move dragontail\n>p2 move darkpulse\n>p1 move rest\n>p2 switch 4\n>p1 move sleeptalk\n>p2 move workup\n>p1 move sleeptalk\n>p2 move darkpulse\n>p1 move dragontail\n>p2 move darkpulse\n>p1 switch 3\n>p1 move flipturn\n>p2 switch 4\n>p1 switch 5\n>p1 move substitute\n>p2 move substitute\n>p1 move calmmind\n>p2 move focuspunch\n>p1 move scald\n>p2 move focuspunch\n>p1 move scald\n>p2 move poltergeist\n>p1 switch 4\n>p1 move knockoff\n>p2 move painsplit\n>p2 switch 6\n>p1 move knockoff\n>p2 move stealthrock\n>p1 move encore\n>p2 move magmastorm\n>p1 move psychic\n>p2 switch 5\n>p2 switch 5\n>p1 move knockoff\n>p2 move heavyslam\n>p1 move encore\n>p2 move heavyslam\n>p1 switch 5\n>p1 move hydropump\n>p2 move heavyslam\n>p2 switch 2\n>p1 move hydropump\n>p2 move drainpunch\n>p1 switch 2\n>p2 move drainpunch\n>p1 move trailblaze\n>p2 move highhorsepower\n>p1 move earthquake\n>p2 move knockoff\n>p1 switch 2\n>p1 move icebeam\n>p2 move knockoff\n>p2 switch 4\n>p1 move hydropump\n>p2 move hypervoice", "uploadtime": 1733915881, "views": 2, "formatid": "gen9randombattle", "rating": 1662, "private": 0, "password": null}