{"id": "gen9randombattle-2260786720", "format": "[Gen 9] Random Battle", "players": ["shirker001", "fyleth"], "log": "|j|\u2606shirker001\n|j|\u2606fyleth\n|t:|1733891958\n|gametype|singles\n|player|p1|shirker001|policeman|1159\n|player|p2|fyleth|marnie-masters3|1167\n|teamsize|p1|6\n|teamsize|p2|6\n|gen|9\n|tier|[Gen 9] Random Battle\n|rated|\n|rule|Species Clause: Limit one of each Pok\u00e9mon\n|rule|HP Percentage Mod: HP is shown in percentages\n|rule|Sleep Clause Mod: Limit one foe put to sleep\n|rule|Illusion Level Mod: Illusion disguises the Pok\u00e9mon's true level\n|\n|t:|1733891958\n|start\n|switch|p1a: Farigiraf|Farigiraf, L91, M|366/366\n|switch|p2a: Greninja|Greninja, L80, M|246/246\n|turn|1\n|inactive|Battle timer is ON: inactive players will automatically lose when time's up. (requested by shirker001)\n|\n|t:|1733891988\n|move|p1a: Farigiraf|Protect|p1a: Farigiraf\n|-singleturn|p1a: Farigiraf|Protect\n|move|p2a: Greninja|Dark Pulse|p1a: Farigiraf\n|-activate|p1a: Farigiraf|move: Protect\n|\n|upkeep\n|turn|2\n|\n|t:|1733892007\n|switch|p1a: Cloyster|Cloyster, L80, F|211/211\n|move|p2a: Greninja|Dark Pulse|p1a: Cloyster\n|-damage|p1a: Cloyster|23/211\n|-damage|p2a: Greninja|222/246|[from] item: Life Orb\n|\n|upkeep\n|turn|3\n|\n|t:|1733892013\n|move|p2a: Greninja|Dark Pulse|p1a: Cloyster\n|-damage|p1a: Cloyster|0 fnt\n|faint|p1a: Cloyster\n|-ability|p2a: Greninja|Battle Bond|boost\n|-boost|p2a: Greninja|atk|1\n|-boost|p2a: Greninja|spa|1\n|-boost|p2a: Greninja|spe|1\n|-activate|p2a: Greninja|ability: Battle Bond\n|-damage|p2a: Greninja|198/246|[from] item: Life Orb\n|\n|upkeep\n|\n|t:|1733892020\n|switch|p1a: Meowscarada|Meowscarada, L78, M|247/247\n|turn|4\n|\n|t:|1733892027\n|move|p2a: Greninja|Gunk Shot|p1a: Meowscarada\n|-supereffective|p1a: Meowscarada\n|-damage|p1a: Meowscarada|0 fnt\n|faint|p1a: Meowscarada\n|-damage|p2a: Greninja|174/246|[from] item: Life Orb\n|\n|upkeep\n|\n|t:|1733892031\n|switch|p1a: Donphan|Donphan, L84, F|288/288\n|turn|5\n|\n|t:|1733892036\n|-terastallize|p1a: Donphan|Steel\n|move|p2a: Greninja|Hydro Pump|p1a: Donphan\n|-damage|p1a: Donphan|7/288\n|-damage|p2a: Greninja|150/246|[from] item: Life Orb\n|move|p1a: Donphan|Rapid Spin|p2a: Greninja\n|-damage|p2a: Greninja|94/246\n|-boost|p1a: Donphan|spe|1\n|\n|-heal|p1a: Donphan|25/288|[from] item: Leftovers\n|upkeep\n|turn|6\n|\n|t:|1733892045\n|move|p2a: Greninja|Dark Pulse|p1a: Donphan\n|-damage|p1a: Donphan|0 fnt\n|faint|p1a: Donphan\n|-damage|p2a: Greninja|70/246|[from] item: Life Orb\n|\n|upkeep\n|\n|t:|1733892048\n|switch|p1a: Farigiraf|Farigiraf, L91, M|366/366\n|turn|7\n|\n|t:|1733892050\n|move|p1a: Farigiraf|Protect|p1a: Farigiraf\n|-singleturn|p1a: Farigiraf|Protect\n|move|p2a: Greninja|Dark Pulse|p1a: Farigiraf\n|-activate|p1a: Farigiraf|move: Protect\n|\n|upkeep\n|turn|8\n|\n|t:|1733892054\n|move|p2a: Greninja|Dark Pulse|p1a: Farigiraf\n|-supereffective|p1a: Farigiraf\n|-damage|p1a: Farigiraf|0 fnt\n|faint|p1a: Farigiraf\n|-damage|p2a: Greninja|46/246|[from] item: Life Orb\n|\n|upkeep\n|\n|t:|1733892056\n|switch|p1a: Weezing|Weezing, L88, M|258/258\n|turn|9\n|\n|t:|1733892060\n|move|p2a: Greninja|Hydro Pump|p1a: Weezing\n|-damage|p1a: Weezing|20/258\n|-damage|p2a: Greninja|22/246|[from] item: Life Orb\n|move|p1a: Weezing|Gunk Shot|p2a: Greninja|[miss]\n|-miss|p1a: Weezing|p2a: Greninja\n|\n|-heal|p1a: Weezing|36/258|[from] item: Leftovers\n|upkeep\n|turn|10\n|\n|t:|1733892065\n|move|p2a: Greninja|Dark Pulse|p1a: Weezing\n|-damage|p1a: Weezing|0 fnt\n|faint|p1a: Weezing\n|-damage|p2a: Greninja|0 fnt|[from] item: Life Orb\n|faint|p2a: Greninja\n|\n|upkeep\n|\n|t:|1733892076\n|switch|p2a: Iron Jugulis|Iron Jugulis, L78|275/275\n|switch|p1a: Palossand|Palossand, L89, F|296/296\n|turn|11\n|\n|t:|1733892088\n|move|p2a: Iron Jugulis|Dark Pulse|p1a: Palossand\n|-supereffective|p1a: Palossand\n|-damage|p1a: Palossand|120/296\n|cant|p1a: Palossand|flinch\n|\n|-heal|p1a: Palossand|138/296|[from] item: Leftovers\n|upkeep\n|turn|12\n|\n|t:|1733892092\n|move|p2a: Iron Jugulis|Dark Pulse|p1a: Palossand\n|-supereffective|p1a: Palossand\n|-damage|p1a: Palossand|0 fnt\n|faint|p1a: Palossand\n|\n|win|fyleth\n|raw|shirker001's rating: 1159 &rarr; <strong>1135</strong><br />(-24 for losing)\n|raw|fyleth's rating: 1167 &rarr; <strong>1191</strong><br />(+24 for winning)\n|l|\u2606shirker001\n|player|p1|\n", "inputlog": ">version bfd83cad13791eb5a5a409923076391caf6fb4d4\n>start {\"formatid\":\"gen9randombattle\",\"seed\":[52769,726,39408,17063],\"rated\":\"Rated battle\"}\n>player p1 {\"name\":\"shirker001\",\"avatar\":\"policeman\",\"rating\":1159,\"seed\":[31377,22348,48747,29549]}\n>player p2 {\"name\":\"fyleth\",\"avatar\":\"marnie-masters3\",\"rating\":1167,\"seed\":[35659,39337,17413,25973]}\n>p1 move protect\n>p2 move darkpulse\n>p1 switch 4\n>p2 move darkpulse\n>p1 move shellsmash\n>p2 move darkpulse\n>p1 switch 5\n>p1 move flowertrick\n>p2 move gunkshot\n>p1 switch 6\n>p1 move rapidspin terastallize\n>p2 move hydropump\n>p1 move stealthrock\n>p2 move darkpulse\n>p1 switch 4\n>p1 move protect\n>p2 move darkpulse\n>p1 move bodyslam\n>p2 move darkpulse\n>p1 switch 2\n>p1 move gunkshot\n>p2 move hydropump\n>p1 move gunkshot\n>p2 move darkpulse\n>p1 switch 3\n>p2 switch 2\n>p1 move shadowball\n>p2 move darkpulse\n>p1 move sludgebomb\n>p2 move darkpulse", "uploadtime": 1733892102, "views": 21, "formatid": "gen9randombattle", "rating": 1135, "private": 0, "password": null}