{"id": "gen9randombattle-2260872688", "format": "[Gen 9] Random Battle", "players": ["RagedDoggo", "Iansss29"], "log": "|j|\u2606RagedDoggo\n|j|\u2606Iansss29\n|t:|1733908375\n|gametype|singles\n|player|p1|RagedDoggo|266|1108\n|player|p2|Iansss29|170|1057\n|teamsize|p1|6\n|teamsize|p2|6\n|gen|9\n|tier|[Gen 9] Random Battle\n|rated|\n|rule|Species Clause: Limit one of each Pok\u00e9mon\n|rule|HP Percentage Mod: HP is shown in percentages\n|rule|Sleep Clause Mod: Limit one foe put to sleep\n|rule|Illusion Level Mod: Illusion disguises the Pok\u00e9mon's true level\n|\n|t:|1733908375\n|start\n|switch|p1a: Mabosstiff|Mabosstiff, L86, F|278/278\n|switch|p2a: Quagsire|Quagsire, L84, F|297/297\n|turn|1\n|c|\u2606RagedDoggo|!weakness Quagsire\n|c| RagedDoggo|/raw <div class=\"infobox\">Quagsire (ignoring abilities):<br /><span class=\"message-effect-weak\">Weaknesses</span>: <b>Grass</b><br /><span class=\"message-effect-resist\">Resistances</span>: Fire, Poison, Rock, Steel<br /><span class=\"message-effect-immune\">Immunities</span>: Electric, Sandstorm damage</div>\n|\n|t:|1733908403\n|switch|p1a: Iron Leaves|Iron Leaves, L80|275/275\n|switch|p2a: Mamoswine|Mamoswine, L81, M|311/311\n|\n|upkeep\n|turn|2\n|\n|t:|1733908422\n|-end|p1a: Iron Leaves|Quark Drive|[silent]\n|switch|p1a: Dedenne|Dedenne, L88, M|261/261\n|move|p2a: Mamoswine|Icicle Crash|p1a: Dedenne\n|-damage|p1a: Dedenne|82/261\n|-enditem|p1a: Dedenne|Sitrus Berry|[eat]\n|-heal|p1a: Dedenne|147/261|[from] item: Sitrus Berry\n|-heal|p1a: Dedenne|234/261|[from] ability: Cheek Pouch\n|-damage|p2a: Mamoswine|280/311|[from] item: Life Orb\n|\n|upkeep\n|turn|3\n|\n|t:|1733908432\n|move|p1a: Dedenne|Dazzling Gleam|p2a: Mamoswine\n|-crit|p2a: Mamoswine\n|-damage|p2a: Mamoswine|123/311\n|move|p2a: Mamoswine|Earthquake|p1a: Dedenne\n|-supereffective|p1a: Dedenne\n|-damage|p1a: Dedenne|0 fnt\n|faint|p1a: Dedenne\n|-damage|p2a: Mamoswine|92/311|[from] item: Life Orb\n|\n|upkeep\n|\n|t:|1733908436\n|switch|p1a: Magearna|Magearna, L77|250/250\n|turn|4\n|\n|t:|1733908446\n|move|p2a: Mamoswine|Ice Shard|p1a: Magearna\n|-resisted|p1a: Magearna\n|-damage|p1a: Magearna|223/250\n|-damage|p2a: Mamoswine|61/311|[from] item: Life Orb\n|move|p1a: Magearna|Aura Sphere|p2a: Mamoswine\n|-supereffective|p2a: Mamoswine\n|-damage|p2a: Mamoswine|0 fnt\n|faint|p2a: Mamoswine\n|-ability|p1a: Magearna|Soul-Heart|boost\n|-boost|p1a: Magearna|spa|1\n|\n|-heal|p1a: Magearna|238/250|[from] item: Leftovers\n|upkeep\n|\n|t:|1733908461\n|switch|p2a: Dedenne|Dedenne, L88, F|261/261\n|turn|5\n|\n|t:|1733908488\n|move|p2a: Dedenne|Thunderbolt|p1a: Magearna\n|-damage|p1a: Magearna|154/250\n|move|p1a: Magearna|Aura Sphere|p2a: Dedenne\n|-resisted|p2a: Dedenne\n|-damage|p2a: Dedenne|206/261\n|\n|-heal|p1a: Magearna|169/250|[from] item: Leftovers\n|upkeep\n|turn|6\n|\n|t:|1733908496\n|switch|p2a: Slowbro|Slowbro-Galar, L87, F|307/307\n|move|p1a: Magearna|Flash Cannon|p2a: Slowbro\n|-damage|p2a: Slowbro|154/307\n|\n|-heal|p1a: Magearna|184/250|[from] item: Leftovers\n|-heal|p2a: Slowbro|173/307|[from] item: Leftovers\n|upkeep\n|turn|7\n|inactive|Battle timer is ON: inactive players will automatically lose when time's up. (requested by Iansss29)\n|c|\u2606RagedDoggo|!weakness Slowbro-Galar\n|c| RagedDoggo|/raw <div class=\"infobox\">Slowbro-Galar (ignoring abilities):<br /><span class=\"message-effect-weak\">Weaknesses</span>: Dark, Ghost, Ground<br /><span class=\"message-effect-resist\">Resistances</span>: Fairy, <b>Fighting</b>, Grass, Poison<br /><span class=\"message-effect-immune\">Immunities</span>: Toxic</div>\n|\n|t:|1733908544\n|move|p1a: Magearna|Flash Cannon|p2a: Slowbro\n|-damage|p2a: Slowbro|31/307\n|move|p2a: Slowbro|Shell Side Arm|p1a: Magearna|[anim] Shell Side Arm Physical\n|-immune|p1a: Magearna\n|\n|-heal|p1a: Magearna|199/250|[from] item: Leftovers\n|-heal|p2a: Slowbro|50/307|[from] item: Leftovers\n|upkeep\n|turn|8\n|\n|t:|1733908574\n|switch|p2a: Fezandipiti|Fezandipiti, L82, M|278/278\n|move|p1a: Magearna|Flash Cannon|p2a: Fezandipiti\n|-supereffective|p2a: Fezandipiti\n|-damage|p2a: Fezandipiti|150/278\n|\n|-heal|p1a: Magearna|214/250|[from] item: Leftovers\n|upkeep\n|turn|9\n|c|\u2606RagedDoggo|!weakness Fezandipiti\n|c| RagedDoggo|/raw <div class=\"infobox\">Fezandipiti (ignoring abilities):<br /><span class=\"message-effect-weak\">Weaknesses</span>: Ground, Psychic, Steel<br /><span class=\"message-effect-resist\">Resistances</span>: <b>Bug</b>, Dark, Fairy, <b>Fighting</b>, Grass<br /><span class=\"message-effect-immune\">Immunities</span>: Dragon, Toxic</div>\n|\n|t:|1733908602\n|-terastallize|p2a: Fezandipiti|Dark\n|move|p2a: Fezandipiti|Beat Up|p1a: Magearna\n|-resisted|p1a: Magearna\n|-damage|p1a: Magearna|208/250\n|-resisted|p1a: Magearna\n|-damage|p1a: Magearna|202/250\n|-resisted|p1a: Magearna\n|-damage|p1a: Magearna|195/250\n|-resisted|p1a: Magearna\n|-damage|p1a: Magearna|191/250\n|-resisted|p1a: Magearna\n|-damage|p1a: Magearna|184/250\n|-hitcount|p1a: Magearna|5\n|move|p1a: Magearna|Flash Cannon|p2a: Fezandipiti\n|-damage|p2a: Fezandipiti|74/278\n|\n|-heal|p1a: Magearna|199/250|[from] item: Leftovers\n|upkeep\n|turn|10\n|\n|t:|1733908620\n|move|p2a: Fezandipiti|U-turn|p1a: Magearna\n|-resisted|p1a: Magearna\n|-damage|p1a: Magearna|190/250\n|\n|t:|1733908625\n|switch|p2a: Dedenne|Dedenne, L88, F|206/261|[from] U-turn\n|move|p1a: Magearna|Aura Sphere|p2a: Dedenne\n|-resisted|p2a: Dedenne\n|-damage|p2a: Dedenne|155/261\n|\n|-heal|p1a: Magearna|205/250|[from] item: Leftovers\n|upkeep\n|turn|11\n|\n|t:|1733908631\n|move|p2a: Dedenne|Super Fang|p1a: Magearna\n|-damage|p1a: Magearna|103/250\n|move|p1a: Magearna|Flash Cannon|p2a: Dedenne\n|-damage|p2a: Dedenne|8/261\n|-enditem|p2a: Dedenne|Sitrus Berry|[eat]\n|-heal|p2a: Dedenne|73/261|[from] item: Sitrus Berry\n|-heal|p2a: Dedenne|160/261|[from] ability: Cheek Pouch\n|\n|-heal|p1a: Magearna|118/250|[from] item: Leftovers\n|upkeep\n|turn|12\n|\n|t:|1733908656\n|switch|p1a: Mabosstiff|Mabosstiff, L86, F|278/278\n|move|p2a: Dedenne|Super Fang|p1a: Mabosstiff\n|-damage|p1a: Mabosstiff|139/278\n|\n|upkeep\n|turn|13\n|\n|t:|1733908666\n|move|p1a: Mabosstiff|Crunch|p2a: Dedenne\n|-resisted|p2a: Dedenne\n|-damage|p2a: Dedenne|87/261\n|move|p2a: Dedenne|Super Fang|p1a: Mabosstiff\n|-damage|p1a: Mabosstiff|70/278\n|\n|upkeep\n|turn|14\n|\n|t:|1733908683\n|move|p1a: Mabosstiff|Crunch|p2a: Dedenne\n|-resisted|p2a: Dedenne\n|-damage|p2a: Dedenne|24/261\n|move|p2a: Dedenne|Dazzling Gleam|p1a: Mabosstiff\n|-supereffective|p1a: Mabosstiff\n|-damage|p1a: Mabosstiff|0 fnt\n|faint|p1a: Mabosstiff\n|\n|upkeep\n|\n|t:|1733908687\n|switch|p1a: Iron Leaves|Iron Leaves, L80|275/275\n|turn|15\n|inactive|Iansss29 has 120 seconds left.\n|\n|t:|1733908727\n|move|p2a: Dedenne|Super Fang|p1a: Iron Leaves\n|-damage|p1a: Iron Leaves|138/275\n|move|p1a: Iron Leaves|Swords Dance|p1a: Iron Leaves\n|-boost|p1a: Iron Leaves|atk|2\n|\n|upkeep\n|turn|16\n|\n|t:|1733908744\n|move|p2a: Dedenne|Super Fang|p1a: Iron Leaves\n|-damage|p1a: Iron Leaves|69/275\n|move|p1a: Iron Leaves|Leaf Blade|p2a: Dedenne\n|-damage|p2a: Dedenne|0 fnt\n|faint|p2a: Dedenne\n|-damage|p1a: Iron Leaves|42/275|[from] item: Life Orb\n|\n|upkeep\n|inactive|Iansss29 has 120 seconds left.\n|\n|t:|1733908755\n|switch|p2a: Slowbro|Slowbro-Galar, L87, F|152/307\n|turn|17\n|inactive|Iansss29 has 120 seconds left.\n|\n|t:|1733908776\n|move|p1a: Iron Leaves|Close Combat|p2a: Slowbro\n|-resisted|p2a: Slowbro\n|-damage|p2a: Slowbro|97/307\n|-unboost|p1a: Iron Leaves|def|1\n|-unboost|p1a: Iron Leaves|spd|1\n|-damage|p1a: Iron Leaves|15/275|[from] item: Life Orb\n|move|p2a: Slowbro|Fire Blast|p1a: Iron Leaves\n|-supereffective|p1a: Iron Leaves\n|-damage|p1a: Iron Leaves|0 fnt\n|faint|p1a: Iron Leaves\n|-end|p1a: Iron Leaves|Quark Drive|[silent]\n|\n|-heal|p2a: Slowbro|116/307|[from] item: Leftovers\n|upkeep\n|\n|t:|1733908786\n|switch|p1a: Rotom|Rotom-Fan, L86|226/226\n|turn|18\n|\n|t:|1733908815\n|move|p1a: Rotom|Air Slash|p2a: Slowbro\n|-damage|p2a: Slowbro|11/307\n|cant|p2a: Slowbro|flinch\n|\n|-heal|p2a: Slowbro|30/307|[from] item: Leftovers\n|upkeep\n|turn|19\n|\n|t:|1733908827\n|move|p1a: Rotom|Thunderbolt|p2a: Slowbro\n|-damage|p2a: Slowbro|0 fnt\n|faint|p2a: Slowbro\n|\n|upkeep\n|inactive|Iansss29 has 90 seconds left.\n|\n|t:|1733908839\n|switch|p2a: Floatzel|Floatzel, L85, F|283/283\n|turn|20\n|\n|t:|1733908845\n|move|p2a: Floatzel|Ice Spinner|p1a: Rotom\n|-supereffective|p1a: Rotom\n|-damage|p1a: Rotom|62/226\n|move|p1a: Rotom|Thunderbolt|p2a: Floatzel\n|-supereffective|p2a: Floatzel\n|-damage|p2a: Floatzel|0 fnt\n|faint|p2a: Floatzel\n|\n|upkeep\n|inactive|Iansss29 has 90 seconds left.\n|\n|t:|1733908861\n|switch|p2a: Fezandipiti|Fezandipiti, L82, M, tera:Dark|74/278\n|turn|21\n|\n|t:|1733908869\n|move|p2a: Fezandipiti|Beat Up|p1a: Rotom\n|-damage|p1a: Rotom|50/226\n|-status|p1a: Rotom|tox|[from] ability: Toxic Chain|[of] p2a: Fezandipiti\n|-damage|p1a: Rotom|40/226 tox\n|-hitcount|p1a: Rotom|2\n|move|p1a: Rotom|Thunderbolt|p2a: Fezandipiti\n|-damage|p2a: Fezandipiti|16/278\n|\n|-damage|p1a: Rotom|26/226 tox|[from] psn\n|upkeep\n|turn|22\n|\n|t:|1733908876\n|move|p2a: Fezandipiti|Play Rough|p1a: Rotom\n|-damage|p1a: Rotom|0 fnt\n|faint|p1a: Rotom\n|\n|upkeep\n|\n|t:|1733908879\n|switch|p1a: Magearna|Magearna, L77|118/250\n|turn|23\n|\n|t:|1733908887\n|move|p2a: Fezandipiti|Play Rough|p1a: Magearna\n|-resisted|p1a: Magearna\n|-damage|p1a: Magearna|79/250\n|move|p1a: Magearna|Aura Sphere|p2a: Fezandipiti\n|-supereffective|p2a: Fezandipiti\n|-damage|p2a: Fezandipiti|0 fnt\n|faint|p2a: Fezandipiti\n|-ability|p1a: Magearna|Soul-Heart|boost\n|-boost|p1a: Magearna|spa|1\n|\n|-heal|p1a: Magearna|94/250|[from] item: Leftovers\n|upkeep\n|\n|t:|1733908894\n|switch|p2a: Quagsire|Quagsire, L84, F|297/297\n|turn|24\n|\n|t:|1733908898\n|-terastallize|p1a: Magearna|Fairy\n|move|p1a: Magearna|Fleur Cannon|p2a: Quagsire\n|-crit|p2a: Quagsire\n|-damage|p2a: Quagsire|0 fnt\n|-unboost|p1a: Magearna|spa|2\n|faint|p2a: Quagsire\n|\n|win|RagedDoggo\n|raw|RagedDoggo's rating: 1108 &rarr; <strong>1129</strong><br />(+21 for winning)\n|raw|Iansss29's rating: 1057 &rarr; <strong>1041</strong><br />(-16 for losing)\n|l|\u2606Iansss29\n|player|p2|\n", "inputlog": ">version bfd83cad13791eb5a5a409923076391caf6fb4d4\n>start {\"formatid\":\"gen9randombattle\",\"seed\":[13266,15212,55862,33228],\"rated\":\"Rated battle\"}\n>player p1 {\"name\":\"RagedDoggo\",\"avatar\":\"266\",\"rating\":1108,\"seed\":[40610,20608,23246,37290]}\n>player p2 {\"name\":\"Iansss29\",\"avatar\":\"170\",\"rating\":1057,\"seed\":[64225,31240,44468,54782]}\n>chat \u2606RagedDoggo|!weakness Quagsire\n>p1 switch 2\n>p2 switch 2\n>p1 switch 5\n>p2 move iciclecrash\n>p1 move dazzlinggleam\n>p2 move earthquake\n>p1 switch 4\n>p1 move aurasphere\n>p2 move iceshard\n>p2 switch 4\n>p1 move aurasphere\n>p2 move thunderbolt\n>p1 move flashcannon\n>p2 switch 5\n>chat \u2606RagedDoggo|!weakness Slowbro-Galar\n>p1 move flashcannon\n>p2 move shellsidearm\n>p1 move flashcannon\n>p2 switch 6\n>chat \u2606RagedDoggo|!weakness Fezandipiti\n>p1 move flashcannon\n>p2 move beatup terastallize\n>p1 move aurasphere\n>p2 move uturn\n>p2 switch 5\n>p1 move flashcannon\n>p2 move superfang\n>p1 switch 2\n>p2 move superfang\n>p1 move crunch\n>p2 move superfang\n>p1 move crunch\n>p2 move dazzlinggleam\n>p1 switch 5\n>p1 move swordsdance\n>p2 move superfang\n>p1 move leafblade\n>p2 move superfang\n>p2 switch 6\n>p1 move closecombat\n>p2 move fireblast\n>p1 switch 6\n>p1 move airslash\n>p2 move shellsidearm\n>p1 move thunderbolt\n>p2 move psychic\n>p2 switch 3\n>p1 move thunderbolt\n>p2 move icespinner\n>p2 switch 5\n>p1 move thunderbolt\n>p2 move beatup\n>p1 move thunderbolt\n>p2 move playrough\n>p1 switch 2\n>p1 move aurasphere\n>p2 move playrough\n>p2 switch 2\n>p1 move fleurcannon terastallize\n>p2 move earthquake", "uploadtime": 1733908906, "views": 1, "formatid": "gen9randombattle", "rating": 1041, "private": 0, "password": null}