{"id": "gen9randombattle-2260294854", "format": "[Gen 9] Random Battle", "players": ["jmrv93", "WinstonZaHuman"], "log": "|j|\u2606jmrv93\n|j|\u2606WinstonZaHuman\n|t:|1733836413\n|gametype|singles\n|player|p1|jmrv93|2|1359\n|player|p2|WinstonZaHuman|anabel-gen7|1349\n|teamsize|p1|6\n|teamsize|p2|6\n|gen|9\n|tier|[Gen 9] Random Battle\n|rated|\n|rule|Species Clause: Limit one of each Pok\u00e9mon\n|rule|HP Percentage Mod: HP is shown in percentages\n|rule|Sleep Clause Mod: Limit one foe put to sleep\n|rule|Illusion Level Mod: Illusion disguises the Pok\u00e9mon's true level\n|\n|t:|1733836413\n|start\n|switch|p1a: Dragonite|Dragonite, L74, M|257/257\n|switch|p2a: Crabominable|Crabominable, L90, M|321/321\n|turn|1\n|\n|t:|1733836434\n|-terastallize|p1a: Dragonite|Steel\n|move|p1a: Dragonite|Dragon Dance|p1a: Dragonite\n|-boost|p1a: Dragonite|atk|1\n|-boost|p1a: Dragonite|spe|1\n|move|p2a: Crabominable|Ice Hammer|p1a: Dragonite\n|-resisted|p1a: Dragonite\n|-damage|p1a: Dragonite|209/257\n|-unboost|p2a: Crabominable|spe|1\n|\n|upkeep\n|turn|2\n|\n|t:|1733836443\n|move|p1a: Dragonite|Iron Head|p2a: Crabominable\n|-supereffective|p2a: Crabominable\n|-damage|p2a: Crabominable|61/321\n|move|p2a: Crabominable|Drain Punch|p1a: Dragonite\n|-supereffective|p1a: Dragonite\n|-damage|p1a: Dragonite|0 fnt\n|-heal|p2a: Crabominable|166/321|[from] drain|[of] p1a: Dragonite\n|faint|p1a: Dragonite\n|\n|upkeep\n|\n|t:|1733836451\n|switch|p1a: Zapdos|Zapdos-Galar, L77|265/265\n|turn|3\n|\n|t:|1733836457\n|move|p1a: Zapdos|Close Combat|p2a: Crabominable\n|-supereffective|p2a: Crabominable\n|-crit|p2a: Crabominable\n|-damage|p2a: Crabominable|0 fnt\n|-unboost|p1a: Zapdos|def|1\n|-unboost|p1a: Zapdos|spd|1\n|faint|p2a: Crabominable\n|\n|upkeep\n|inactive|Battle timer is ON: inactive players will automatically lose when time's up. (requested by jmrv93)\n|\n|t:|1733836470\n|switch|p2a: Latios|Latios, L78, M|253/253\n|turn|4\n|\n|t:|1733836474\n|switch|p1a: Glalie|Glalie, L96, F|309/309\n|move|p2a: Latios|Luster Purge|p1a: Glalie\n|-damage|p1a: Glalie|144/309\n|-unboost|p1a: Glalie|spd|1\n|\n|upkeep\n|turn|5\n|\n|t:|1733836481\n|switch|p2a: Pincurchin|Pincurchin, M|258/258\n|-fieldstart|move: Electric Terrain|[from] ability: Electric Surge|[of] p2a: Pincurchin\n|move|p1a: Glalie|Freeze-Dry|p2a: Pincurchin\n|-damage|p2a: Pincurchin|183/258\n|-status|p2a: Pincurchin|frz\n|\n|-heal|p2a: Pincurchin|199/258 frz|[from] item: Leftovers\n|upkeep\n|turn|6\n|\n|t:|1733836486\n|move|p1a: Glalie|Earthquake|p2a: Pincurchin\n|-supereffective|p2a: Pincurchin\n|-damage|p2a: Pincurchin|73/258 frz\n|cant|p2a: Pincurchin|frz\n|\n|-heal|p2a: Pincurchin|89/258 frz|[from] item: Leftovers\n|upkeep\n|turn|7\n|\n|t:|1733836490\n|move|p1a: Glalie|Earthquake|p2a: Pincurchin\n|-supereffective|p2a: Pincurchin\n|-damage|p2a: Pincurchin|0 fnt\n|faint|p2a: Pincurchin\n|\n|upkeep\n|\n|t:|1733836493\n|switch|p2a: Latios|Latios, L78, M|253/253\n|turn|8\n|\n|t:|1733836497\n|move|p2a: Latios|Aura Sphere|p1a: Glalie\n|-supereffective|p1a: Glalie\n|-damage|p1a: Glalie|0 fnt\n|faint|p1a: Glalie\n|\n|upkeep\n|\n|t:|1733836503\n|switch|p1a: Zapdos|Zapdos-Galar, L77|265/265\n|turn|9\n|\n|t:|1733836508\n|switch|p2a: Sudowoodo|Sudowoodo, L94, F|284/284\n|move|p1a: Zapdos|Brave Bird|p2a: Sudowoodo\n|-resisted|p2a: Sudowoodo\n|-damage|p2a: Sudowoodo|238/284\n|-damage|p1a: Zapdos|250/265|[from] Recoil\n|\n|-fieldend|move: Electric Terrain\n|upkeep\n|turn|10\n|\n|t:|1733836515\n|switch|p1a: Iron Crown|Iron Crown, L78|268/268\n|move|p2a: Sudowoodo|Head Smash|p1a: Iron Crown\n|-resisted|p1a: Iron Crown\n|-damage|p1a: Iron Crown|109/268\n|\n|-heal|p1a: Iron Crown|125/268|[from] item: Leftovers\n|upkeep\n|turn|11\n|\n|t:|1733836528\n|move|p1a: Iron Crown|Tachyon Cutter|p2a: Sudowoodo\n|-supereffective|p2a: Sudowoodo\n|-damage|p2a: Sudowoodo|118/284\n|-supereffective|p2a: Sudowoodo\n|-damage|p2a: Sudowoodo|0 fnt\n|faint|p2a: Sudowoodo\n|-hitcount|p2: Sudowoodo|2\n|\n|-heal|p1a: Iron Crown|141/268|[from] item: Leftovers\n|upkeep\n|\n|t:|1733836546\n|switch|p2a: Ursaring|Ursaring, L84, F|288/288\n|turn|12\n|\n|t:|1733836551\n|move|p1a: Iron Crown|Focus Blast|p2a: Ursaring\n|-supereffective|p2a: Ursaring\n|-damage|p2a: Ursaring|160/288\n|-unboost|p2a: Ursaring|spd|1\n|move|p2a: Ursaring|Earthquake|p1a: Iron Crown\n|-supereffective|p1a: Iron Crown\n|-damage|p1a: Iron Crown|0 fnt\n|faint|p1a: Iron Crown\n|-end|p1a: Iron Crown|Quark Drive|[silent]\n|\n|upkeep\n|\n|t:|1733836568\n|switch|p1a: Goodra|Goodra, L85, F|292/292\n|turn|13\n|\n|t:|1733836574\n|move|p1a: Goodra|Scald|p2a: Ursaring\n|-damage|p2a: Ursaring|83/288\n|move|p2a: Ursaring|Body Slam|p1a: Goodra\n|-damage|p1a: Goodra|162/292\n|\n|upkeep\n|turn|14\n|\n|t:|1733836582\n|move|p1a: Goodra|Scald|p2a: Ursaring\n|-damage|p2a: Ursaring|7/288\n|move|p2a: Ursaring|Rest|p2a: Ursaring\n|-status|p2a: Ursaring|slp|[from] move: Rest\n|-heal|p2a: Ursaring|288/288 slp|[silent]\n|\n|upkeep\n|turn|15\n|\n|t:|1733836589\n|cant|p2a: Ursaring|slp\n|move|p2a: Ursaring|Sleep Talk|p2a: Ursaring\n|move|p2a: Ursaring|Earthquake|p1a: Goodra|[from]move: Sleep Talk\n|-damage|p1a: Goodra|3/292\n|move|p1a: Goodra|Dragon Tail|p2a: Ursaring\n|-damage|p2a: Ursaring|233/288 slp\n|drag|p2a: Hoopa|Hoopa-Unbound, L80|259/259\n|\n|upkeep\n|turn|16\n|\n|t:|1733836602\n|move|p1a: Goodra|Draco Meteor|p2a: Hoopa\n|-damage|p2a: Hoopa|183/259\n|-unboost|p1a: Goodra|spa|2\n|move|p2a: Hoopa|Hyperspace Fury|p1a: Goodra\n|-damage|p1a: Goodra|0 fnt\n|-unboost|p2a: Hoopa|def|1\n|faint|p1a: Goodra\n|\n|upkeep\n|\n|t:|1733836620\n|switch|p1a: Luxray|Luxray, L88, F|283/283\n|turn|17\n|\n|t:|1733836631\n|switch|p2a: Ursaring|Ursaring, L84, F|233/288 slp\n|move|p1a: Luxray|Trailblaze|p2a: Ursaring\n|-damage|p2a: Ursaring|200/288 slp\n|-boost|p1a: Luxray|spe|1\n|\n|-status|p1a: Luxray|brn|[from] item: Flame Orb\n|upkeep\n|turn|18\n|\n|t:|1733836638\n|move|p1a: Luxray|Facade|p2a: Ursaring\n|-damage|p2a: Ursaring|50/288 slp\n|cant|p2a: Ursaring|slp\n|move|p2a: Ursaring|Sleep Talk|p2a: Ursaring\n|move|p2a: Ursaring|Body Slam|p1a: Luxray|[from]move: Sleep Talk\n|-damage|p1a: Luxray|99/283 brn\n|\n|-damage|p1a: Luxray|82/283 brn|[from] brn\n|upkeep\n|turn|19\n|\n|t:|1733836646\n|move|p1a: Luxray|Facade|p2a: Ursaring\n|-damage|p2a: Ursaring|0 fnt\n|faint|p2a: Ursaring\n|\n|-damage|p1a: Luxray|65/283 brn|[from] brn\n|upkeep\n|\n|t:|1733836657\n|switch|p2a: Latios|Latios, L78, M|253/253\n|turn|20\n|\n|t:|1733836659\n|move|p1a: Luxray|Facade|p2a: Latios\n|-damage|p2a: Latios|37/253\n|move|p2a: Latios|Luster Purge|p1a: Luxray\n|-damage|p1a: Luxray|0 fnt\n|faint|p1a: Luxray\n|\n|upkeep\n|\n|t:|1733836665\n|switch|p1a: Zapdos|Zapdos-Galar, L77|250/265\n|turn|21\n|\n|t:|1733836672\n|move|p1a: Zapdos|U-turn|p2a: Latios\n|-supereffective|p2a: Latios\n|-damage|p2a: Latios|0 fnt\n|faint|p2a: Latios\n|\n|upkeep\n|c|\u2606WinstonZaHuman|gg\n|\n|t:|1733836675\n|switch|p2a: Hoopa|Hoopa-Unbound, L80|183/259\n|turn|22\n|\n|t:|1733836679\n|-terastallize|p2a: Hoopa|Fighting\n|move|p1a: Zapdos|U-turn|p2a: Hoopa\n|-resisted|p2a: Hoopa\n|-damage|p2a: Hoopa|149/259\n|move|p2a: Hoopa|Psychic|p1a: Zapdos\n|-supereffective|p1a: Zapdos\n|-damage|p1a: Zapdos|0 fnt\n|faint|p1a: Zapdos\n|\n|win|WinstonZaHuman\n|raw|jmrv93's rating: 1359 &rarr; <strong>1338</strong><br />(-21 for losing)\n|raw|WinstonZaHuman's rating: 1349 &rarr; <strong>1370</strong><br />(+21 for winning)\n", "inputlog": ">version bfd83cad13791eb5a5a409923076391caf6fb4d4\n>start {\"formatid\":\"gen9randombattle\",\"seed\":[41575,48570,50861,11248],\"rated\":\"Rated battle\"}\n>player p1 {\"name\":\"jmrv93\",\"avatar\":\"2\",\"rating\":1359,\"seed\":[53511,26194,63254,33238]}\n>player p2 {\"name\":\"WinstonZaHuman\",\"avatar\":\"anabel-gen7\",\"rating\":1349,\"seed\":[50745,36467,34378,55139]}\n>p1 move dragondance terastallize\n>p2 move icehammer\n>p1 move ironhead\n>p2 move drainpunch\n>p1 switch 5\n>p1 move closecombat\n>p2 move icehammer\n>p2 switch 4\n>p1 switch 2\n>p2 move lusterpurge\n>p1 move freezedry\n>p2 switch 3\n>p1 move earthquake\n>p2 move curse\n>p1 move earthquake\n>p2 move zingzap\n>p2 switch 3\n>p1 move freezedry\n>p2 move aurasphere\n>p1 switch 2\n>p1 move bravebird\n>p2 switch 5\n>p1 switch 3\n>p2 move headsmash\n>p1 move tachyoncutter\n>p2 move headsmash\n>p2 switch 2\n>p1 move focusblast\n>p2 move earthquake\n>p1 switch 4\n>p1 move scald\n>p2 move bodyslam\n>p1 move scald\n>p2 move rest\n>p1 move dragontail\n>p2 move sleeptalk\n>p1 move dracometeor\n>p2 move hyperspacefury\n>p1 switch 6\n>p1 move trailblaze\n>p2 switch 6\n>p1 move facade\n>p2 move sleeptalk\n>p1 move facade\n>p2 move bodyslam\n>p2 switch 5\n>p1 move facade\n>p2 move lusterpurge\n>p1 switch 3\n>p1 move uturn\n>p2 move lusterpurge\n>chat \u2606WinstonZaHuman|gg\n>p2 switch 6\n>p1 move uturn\n>p2 move psychic terastallize", "uploadtime": 1733836690, "views": 1, "formatid": "gen9randombattle", "rating": 1338, "private": 0, "password": null}