{"id": "gen9randombattle-2260694484", "format": "[Gen 9] Random Battle", "players": ["avpoiadjvaoivj", "Anderj10"], "log": "|j|\u2606avpoiadjvaoivj\n|j|\u2606Anderj10\n|t:|1733879401\n|gametype|singles\n|player|p1|avpoiadjvaoivj|2|1651\n|player|p2|Anderj10|lanette|1708\n|teamsize|p1|6\n|teamsize|p2|6\n|gen|9\n|tier|[Gen 9] Random Battle\n|rated|\n|rule|Species Clause: Limit one of each Pok\u00e9mon\n|rule|HP Percentage Mod: HP is shown in percentages\n|rule|Sleep Clause Mod: Limit one foe put to sleep\n|rule|Illusion Level Mod: Illusion disguises the Pok\u00e9mon's true level\n|\n|t:|1733879401\n|start\n|switch|p1a: Frosmoth|Frosmoth, L82, M|249/249\n|switch|p2a: Toxtricity|Toxtricity, L82, M|257/257\n|turn|1\n|inactive|Battle timer is ON: inactive players will automatically lose when time's up. (requested by avpoiadjvaoivj)\n|\n|t:|1733879413\n|switch|p2a: Skeledirge|Skeledirge, L79, F|294/294\n|move|p1a: Frosmoth|Quiver Dance|p1a: Frosmoth\n|-boost|p1a: Frosmoth|spa|1\n|-boost|p1a: Frosmoth|spd|1\n|-boost|p1a: Frosmoth|spe|1\n|\n|upkeep\n|turn|2\n|\n|t:|1733879421\n|move|p1a: Frosmoth|Hurricane|p2a: Skeledirge\n|-damage|p2a: Skeledirge|188/294\n|-start|p2a: Skeledirge|confusion\n|-activate|p2a: Skeledirge|confusion\n|move|p2a: Skeledirge|Flame Charge|p1a: Frosmoth\n|-supereffective|p1a: Frosmoth\n|-damage|p1a: Frosmoth|41/249\n|-boost|p2a: Skeledirge|spe|1\n|\n|upkeep\n|turn|3\n|\n|t:|1733879432\n|move|p1a: Frosmoth|Hurricane|p2a: Skeledirge\n|-damage|p2a: Skeledirge|81/294\n|-activate|p2a: Skeledirge|confusion\n|-damage|p2a: Skeledirge|58/294|[from] confusion\n|\n|upkeep\n|turn|4\n|\n|t:|1733879440\n|move|p1a: Frosmoth|Ice Beam|p2a: Skeledirge\n|-resisted|p2a: Skeledirge\n|-damage|p2a: Skeledirge|0 fnt\n|faint|p2a: Skeledirge\n|\n|upkeep\n|\n|t:|1733879466\n|switch|p2a: Ursaring|Ursaring, L84, M|288/288\n|turn|5\n|\n|t:|1733879473\n|move|p1a: Frosmoth|Ice Beam|p2a: Ursaring\n|-damage|p2a: Ursaring|108/288\n|move|p2a: Ursaring|Facade|p1a: Frosmoth\n|-damage|p1a: Frosmoth|0 fnt\n|faint|p1a: Frosmoth\n|\n|-status|p2a: Ursaring|tox|[from] item: Toxic Orb\n|upkeep\n|\n|t:|1733879493\n|switch|p1a: Ambipom|Ambipom, L84, F|263/263\n|turn|6\n|\n|t:|1733879500\n|switch|p2a: Trevenant|Trevenant, L88, M|293/293\n|move|p1a: Ambipom|Low Kick|p2a: Trevenant\n|-immune|p2a: Trevenant\n|\n|upkeep\n|turn|7\n|\n|t:|1733879508\n|switch|p1a: Lumineon|Lumineon, L93, F|279/279\n|switch|p2a: Ursaring|Ursaring, L84, M|108/288 tox\n|\n|-damage|p2a: Ursaring|90/288 tox|[from] psn\n|upkeep\n|turn|8\n|\n|t:|1733879526\n|move|p1a: Lumineon|Hydro Pump|p2a: Ursaring\n|-damage|p2a: Ursaring|0 fnt\n|faint|p2a: Ursaring\n|\n|upkeep\n|\n|t:|1733879543\n|switch|p2a: Trevenant|Trevenant, L88, M|293/293\n|turn|9\n|\n|t:|1733879555\n|switch|p1a: Passimian|Passimian, L83, M|302/302\n|move|p2a: Trevenant|Toxic|p1a: Passimian\n|-status|p1a: Passimian|tox\n|\n|-damage|p1a: Passimian|284/302 tox|[from] psn\n|upkeep\n|turn|10\n|\n|t:|1733879564\n|move|p2a: Trevenant|Protect|p2a: Trevenant\n|-singleturn|p2a: Trevenant|Protect\n|move|p1a: Passimian|Knock Off|p2a: Trevenant\n|-activate|p2a: Trevenant|move: Protect\n|\n|-heal|p1a: Passimian|302/302 tox|[from] item: Leftovers\n|-damage|p1a: Passimian|266/302 tox|[from] psn\n|upkeep\n|turn|11\n|\n|t:|1733879573\n|switch|p2a: Dodrio|Dodrio, L86, M|243/243\n|move|p1a: Passimian|Knock Off|p2a: Dodrio\n|-damage|p2a: Dodrio|155/243\n|-enditem|p2a: Dodrio|Heavy-Duty Boots|[from] move: Knock Off|[of] p1a: Passimian\n|\n|-heal|p1a: Passimian|284/302 tox|[from] item: Leftovers\n|-damage|p1a: Passimian|230/302 tox|[from] psn\n|upkeep\n|turn|12\n|\n|t:|1733879592\n|move|p2a: Dodrio|Swords Dance|p2a: Dodrio\n|-boost|p2a: Dodrio|atk|2\n|move|p1a: Passimian|Drain Punch|p2a: Dodrio\n|-crit|p2a: Dodrio\n|-damage|p2a: Dodrio|0 fnt\n|-heal|p1a: Passimian|302/302 tox|[from] drain|[of] p2a: Dodrio\n|faint|p2a: Dodrio\n|\n|-damage|p1a: Passimian|230/302 tox|[from] psn\n|upkeep\n|\n|t:|1733879601\n|switch|p2a: Latios|Latios, L78, M|253/253\n|turn|13\n|\n|t:|1733879614\n|switch|p1a: Grumpig|Grumpig, L92, M|297/297\n|-terastallize|p2a: Latios|Steel\n|move|p2a: Latios|Calm Mind|p2a: Latios\n|-boost|p2a: Latios|spa|1\n|-boost|p2a: Latios|spd|1\n|\n|upkeep\n|turn|14\n|\n|t:|1733879627\n|move|p2a: Latios|Calm Mind|p2a: Latios\n|-boost|p2a: Latios|spa|1\n|-boost|p2a: Latios|spd|1\n|move|p1a: Grumpig|Nasty Plot|p1a: Grumpig\n|-boost|p1a: Grumpig|spa|2\n|\n|upkeep\n|turn|15\n|\n|t:|1733879638\n|move|p2a: Latios|Luster Purge|p1a: Grumpig\n|-resisted|p1a: Grumpig\n|-damage|p1a: Grumpig|204/297\n|-unboost|p1a: Grumpig|spd|1\n|move|p1a: Grumpig|Nasty Plot|p1a: Grumpig\n|-boost|p1a: Grumpig|spa|2\n|\n|-heal|p1a: Grumpig|222/297|[from] item: Leftovers\n|upkeep\n|turn|16\n|\n|t:|1733879654\n|move|p2a: Latios|Draco Meteor|p1a: Grumpig\n|-damage|p1a: Grumpig|0 fnt\n|-unboost|p2a: Latios|spa|2\n|faint|p1a: Grumpig\n|\n|upkeep\n|\n|t:|1733879672\n|switch|p1a: Ambipom|Ambipom, L84, F|263/263\n|turn|17\n|\n|t:|1733879679\n|move|p1a: Ambipom|Low Kick|p2a: Latios\n|-supereffective|p2a: Latios\n|-damage|p2a: Latios|71/253\n|move|p2a: Latios|Aura Sphere|p1a: Ambipom\n|-supereffective|p1a: Ambipom\n|-damage|p1a: Ambipom|109/263\n|\n|upkeep\n|turn|18\n|\n|t:|1733879688\n|switch|p2a: Toxtricity|Toxtricity, L82, M|257/257\n|move|p1a: Ambipom|Low Kick|p2a: Toxtricity\n|-resisted|p2a: Toxtricity\n|-damage|p2a: Toxtricity|198/257\n|\n|upkeep\n|turn|19\n|\n|t:|1733879698\n|switch|p1a: Gallade|Gallade, L81, M|243/243\n|move|p2a: Toxtricity|Shift Gear|p2a: Toxtricity\n|-boost|p2a: Toxtricity|spe|2\n|-boost|p2a: Toxtricity|atk|1\n|\n|upkeep\n|turn|20\n|\n|t:|1733879710\n|move|p2a: Toxtricity|Gunk Shot|p1a: Gallade\n|-damage|p1a: Gallade|0 fnt\n|faint|p1a: Gallade\n|\n|upkeep\n|\n|t:|1733879724\n|switch|p1a: Passimian|Passimian, L83, M|230/302 tox\n|turn|21\n|\n|t:|1733879733\n|move|p2a: Toxtricity|Boomburst|p1a: Passimian\n|-damage|p1a: Passimian|35/302 tox\n|-enditem|p2a: Toxtricity|Throat Spray\n|-boost|p2a: Toxtricity|spa|1|[from] item: Throat Spray\n|move|p1a: Passimian|Knock Off|p2a: Toxtricity\n|-damage|p2a: Toxtricity|130/257\n|\n|-heal|p1a: Passimian|53/302 tox|[from] item: Leftovers\n|-damage|p1a: Passimian|35/302 tox|[from] psn\n|upkeep\n|turn|22\n|-message|avpoiadjvaoivj forfeited.\n|\n|win|Anderj10\n|raw|avpoiadjvaoivj's rating: 1651 &rarr; <strong>1634</strong><br />(-17 for losing)\n|raw|Anderj10's rating: 1708 &rarr; <strong>1725</strong><br />(+17 for winning)\n|l|\u2606avpoiadjvaoivj\n|player|p1|\n", "inputlog": ">version bfd83cad13791eb5a5a409923076391caf6fb4d4\n>start {\"formatid\":\"gen9randombattle\",\"seed\":[63142,49085,14468,6740],\"rated\":\"Rated battle\"}\n>player p1 {\"name\":\"avpoiadjvaoivj\",\"avatar\":\"2\",\"rating\":1651,\"seed\":[52721,3774,14848,44140]}\n>player p2 {\"name\":\"Anderj10\",\"avatar\":\"lanette\",\"rating\":1708,\"seed\":[17998,6431,1333,7647]}\n>p1 move quiverdance\n>p2 switch 2\n>p1 move hurricane\n>p2 move flamecharge\n>p1 move hurricane\n>p2 move torchsong\n>p1 move icebeam\n>p2 move slackoff\n>p2 switch 6\n>p1 move icebeam\n>p2 move facade\n>p1 switch 3\n>p1 move lowkick\n>p2 switch 4\n>p1 switch 4\n>p2 switch 4\n>p1 move hydropump\n>p2 move facade\n>p2 switch 4\n>p1 switch 6\n>p2 move toxic\n>p1 move knockoff\n>p2 move protect\n>p1 move knockoff\n>p2 switch 5\n>p1 move drainpunch\n>p2 move swordsdance\n>p2 switch 3\n>p1 switch 5\n>p2 move calmmind terastallize\n>p1 move nastyplot\n>p2 move calmmind\n>p1 move nastyplot\n>p2 move lusterpurge\n>p1 move shadowball\n>p2 move dracometeor\n>p1 switch 4\n>p1 move lowkick\n>p2 move aurasphere\n>p1 move lowkick\n>p2 switch 2\n>p1 switch 2\n>p2 move shiftgear\n>p1 move psychocut\n>p2 move gunkshot\n>p1 switch 5\n>p1 move knockoff\n>p2 move boomburst\n>forcelose p1", "uploadtime": 1733879744, "views": 1, "formatid": "gen9randombattle", "rating": 1634, "private": 0, "password": null}