{"id": "gen9randombattle-2260305330", "format": "[Gen 9] Random Battle", "players": ["padhayi", "Madhwan"], "log": "|j|\u2606padhayi\n|j|\u2606Madhwan\n|t:|1733837738\n|gametype|singles\n|player|p1|padhayi|102|\n|player|p2|Madhwan|101|\n|teamsize|p1|6\n|teamsize|p2|6\n|gen|9\n|tier|[Gen 9] Random Battle\n|rule|Species Clause: Limit one of each Pok\u00e9mon\n|rule|HP Percentage Mod: HP is shown in percentages\n|rule|Sleep Clause Mod: Limit one foe put to sleep\n|rule|Illusion Level Mod: Illusion disguises the Pok\u00e9mon's true level\n|\n|t:|1733837738\n|start\n|switch|p1a: Hitmonchan|Hitmonchan, L87, M|229/229\n|switch|p2a: Flygon|Flygon, L82, M|265/265\n|turn|1\n|\n|t:|1733837759\n|move|p2a: Flygon|Outrage|p1a: Hitmonchan\n|-damage|p1a: Hitmonchan|91/229\n|move|p1a: Hitmonchan|Rapid Spin|p2a: Flygon\n|-damage|p2a: Flygon|218/265\n|-boost|p1a: Hitmonchan|spe|1\n|\n|-heal|p1a: Hitmonchan|105/229|[from] item: Leftovers\n|upkeep\n|turn|2\n|\n|t:|1733837777\n|move|p2a: Flygon|Outrage|p1a: Hitmonchan|[from]lockedmove\n|-damage|p1a: Hitmonchan|0 fnt\n|faint|p1a: Hitmonchan\n|\n|upkeep\n|\n|t:|1733837791\n|switch|p1a: Primarina|Primarina, L83, M|268/268\n|turn|3\n|\n|t:|1733837799\n|move|p2a: Flygon|Outrage|p1a: Primarina|[from]lockedmove\n|-immune|p1a: Primarina\n|-start|p2a: Flygon|confusion|[fatigue]\n|move|p1a: Primarina|Moonblast|p2a: Flygon\n|-supereffective|p2a: Flygon\n|-damage|p2a: Flygon|0 fnt\n|faint|p2a: Flygon\n|\n|upkeep\n|\n|t:|1733837834\n|switch|p2a: Hatterene|Hatterene, L85, F|236/236\n|turn|4\n|\n|t:|1733837856\n|switch|p1a: Skuntank|Skuntank, L84, M|310/310\n|move|p2a: Hatterene|Nuzzle|p1a: Skuntank\n|-damage|p1a: Skuntank|292/310\n|-status|p1a: Skuntank|par\n|\n|upkeep\n|turn|5\n|\n|t:|1733837891\n|-terastallize|p2a: Hatterene|Steel\n|move|p2a: Hatterene|Draining Kiss|p1a: Skuntank\n|-damage|p1a: Skuntank|225/310 par\n|move|p1a: Skuntank|Gunk Shot|p2a: Hatterene\n|-immune|p2a: Hatterene\n|\n|upkeep\n|turn|6\n|\n|t:|1733837900\n|move|p2a: Hatterene|Psychic|p1a: Skuntank\n|-immune|p1a: Skuntank\n|move|p1a: Skuntank|Fire Blast|p2a: Hatterene|[miss]\n|-miss|p1a: Skuntank|p2a: Hatterene\n|\n|upkeep\n|turn|7\n|\n|t:|1733837924\n|switch|p2a: Sandslash|Sandslash, L88, F|275/275\n|cant|p1a: Skuntank|par\n|\n|upkeep\n|turn|8\n|\n|t:|1733837932\n|move|p2a: Sandslash|Earthquake|p1a: Skuntank\n|-supereffective|p1a: Skuntank\n|-damage|p1a: Skuntank|0 fnt\n|faint|p1a: Skuntank\n|\n|upkeep\n|\n|t:|1733837947\n|switch|p1a: Hawlucha|Hawlucha, L80, M|256/256\n|turn|9\n|\n|t:|1733837989\n|move|p1a: Hawlucha|Brave Bird|p2a: Sandslash\n|-damage|p2a: Sandslash|179/275\n|-damage|p1a: Hawlucha|224/256|[from] Recoil\n|move|p2a: Sandslash|Stone Edge|p1a: Hawlucha\n|-damage|p1a: Hawlucha|124/256\n|\n|-heal|p2a: Sandslash|196/275|[from] item: Leftovers\n|upkeep\n|turn|10\n|\n|t:|1733838018\n|move|p1a: Hawlucha|Brave Bird|p2a: Sandslash\n|-damage|p2a: Sandslash|112/275\n|-damage|p1a: Hawlucha|96/256|[from] Recoil\n|move|p2a: Sandslash|Rapid Spin|p1a: Hawlucha\n|-damage|p1a: Hawlucha|49/256\n|-boost|p2a: Sandslash|spe|1\n|\n|-heal|p2a: Sandslash|129/275|[from] item: Leftovers\n|upkeep\n|turn|11\n|\n|t:|1733838033\n|move|p2a: Sandslash|Stone Edge|p1a: Hawlucha\n|-damage|p1a: Hawlucha|0 fnt\n|faint|p1a: Hawlucha\n|\n|-heal|p2a: Sandslash|146/275|[from] item: Leftovers\n|upkeep\n|\n|t:|1733838045\n|switch|p1a: Primarina|Primarina, L83, M|268/268\n|turn|12\n|\n|t:|1733838069\n|switch|p2a: Manaphy|Manaphy, L78|284/284\n|move|p1a: Primarina|Hydro Pump|p2a: Manaphy\n|-resisted|p2a: Manaphy\n|-damage|p2a: Manaphy|179/284\n|\n|-heal|p2a: Manaphy|196/284|[from] item: Leftovers\n|upkeep\n|turn|13\n|\n|t:|1733838086\n|move|p2a: Manaphy|Tail Glow|p2a: Manaphy\n|-boost|p2a: Manaphy|spa|3\n|move|p1a: Primarina|Hydro Pump|p2a: Manaphy|[miss]\n|-miss|p1a: Primarina|p2a: Manaphy\n|\n|-heal|p2a: Manaphy|213/284|[from] item: Leftovers\n|upkeep\n|turn|14\n|\n|t:|1733838101\n|move|p2a: Manaphy|Energy Ball|p1a: Primarina\n|-supereffective|p1a: Primarina\n|-crit|p1a: Primarina\n|-damage|p1a: Primarina|0 fnt\n|faint|p1a: Primarina\n|\n|-heal|p2a: Manaphy|230/284|[from] item: Leftovers\n|upkeep\n|\n|t:|1733838116\n|switch|p1a: Volcarona|Volcarona, L77, M|257/257\n|turn|15\n|\n|t:|1733838122\n|-terastallize|p1a: Volcarona|Grass\n|move|p2a: Manaphy|Surf|p1a: Volcarona\n|-resisted|p1a: Volcarona\n|-damage|p1a: Volcarona|162/257\n|move|p1a: Volcarona|Giga Drain|p2a: Manaphy\n|-supereffective|p2a: Manaphy\n|-damage|p2a: Manaphy|66/284\n|-heal|p1a: Volcarona|244/257|[from] drain|[of] p2a: Manaphy\n|\n|-heal|p2a: Manaphy|83/284|[from] item: Leftovers\n|upkeep\n|turn|16\n|\n|t:|1733838132\n|move|p2a: Manaphy|Ice Beam|p1a: Volcarona\n|-supereffective|p1a: Volcarona\n|-damage|p1a: Volcarona|0 fnt\n|faint|p1a: Volcarona\n|\n|-heal|p2a: Manaphy|100/284|[from] item: Leftovers\n|upkeep\n|\n|t:|1733838139\n|switch|p1a: Armarouge|Armarouge, L80, F|267/267\n|turn|17\n|\n|t:|1733838147\n|move|p2a: Manaphy|Surf|p1a: Armarouge\n|-supereffective|p1a: Armarouge\n|-damage|p1a: Armarouge|0 fnt\n|faint|p1a: Armarouge\n|\n|win|Madhwan\n|l|\u2606padhayi\n|player|p1|\n", "inputlog": ">version bfd83cad13791eb5a5a409923076391caf6fb4d4\n>start {\"formatid\":\"gen9randombattle\",\"seed\":[17164,46842,28057,54469]}\n>player p1 {\"name\":\"padhayi\",\"avatar\":\"102\",\"rating\":0,\"seed\":[8757,32635,57970,13646]}\n>player p2 {\"name\":\"Madhwan\",\"avatar\":\"101\",\"rating\":0,\"seed\":[29434,31162,23652,65361]}\n>p1 move rapidspin\n>p2 move outrage\n>p1 move drainpunch\n>p2 move outrage\n>p1 switch 5\n>p1 move moonblast\n>p2 move outrage\n>p2 switch 4\n>p1 switch 4\n>p2 move nuzzle\n>p1 move gunkshot\n>p2 move drainingkiss terastallize\n>p1 move fireblast\n>p2 move psychic\n>p1 move fireblast\n>p2 switch 2\n>p1 move gunkshot\n>p2 move earthquake\n>p1 switch 3\n>p1 move bravebird\n>p2 move stoneedge\n>p1 move bravebird\n>p2 move rapidspin\n>p1 move closecombat\n>p2 move stoneedge\n>p1 switch 4\n>p1 move hydropump\n>p2 switch 5\n>p1 move hydropump\n>p2 move tailglow\n>p1 move hydropump\n>p2 move energyball\n>p1 switch 2\n>p1 move gigadrain terastallize\n>p2 move surf\n>p1 move gigadrain\n>p2 move icebeam\n>p1 switch 6\n>p1 move energyball\n>p2 move surf", "uploadtime": 1733838159, "views": 3, "formatid": "gen9randombattle", "rating": null, "private": 0, "password": null}