{"id": "gen9randombattle-2260553772", "format": "[Gen 9] Random Battle", "players": ["Darthgrover", "Wizardly Panini"], "log": "|j|\u2606Darthgrover\n|j|\u2606Wizardly Panini\n|t:|1733862953\n|gametype|singles\n|player|p1|Darthgrover|266|1725\n|player|p2|Wizardly Panini|colress|1683\n|teamsize|p1|6\n|teamsize|p2|6\n|gen|9\n|tier|[Gen 9] Random Battle\n|rated|\n|rule|Species Clause: Limit one of each Pok\u00e9mon\n|rule|HP Percentage Mod: HP is shown in percentages\n|rule|Sleep Clause Mod: Limit one foe put to sleep\n|rule|Illusion Level Mod: Illusion disguises the Pok\u00e9mon's true level\n|\n|t:|1733862953\n|start\n|switch|p1a: Araquanid|Araquanid, L82, M|246/246\n|switch|p2a: Dragonite|Dragonite, L74, M|257/257\n|turn|1\n|inactive|Battle timer is ON: inactive players will automatically lose when time's up. (requested by Darthgrover)\n|\n|t:|1733862963\n|move|p2a: Dragonite|Dragon Dance|p2a: Dragonite\n|-boost|p2a: Dragonite|atk|1\n|-boost|p2a: Dragonite|spe|1\n|move|p1a: Araquanid|Sticky Web|p2a: Dragonite\n|-sidestart|p2: Wizardly Panini|move: Sticky Web\n|\n|upkeep\n|turn|2\n|\n|t:|1733862973\n|switch|p1a: Oricorio|Oricorio, L84, F|263/263\n|move|p2a: Dragonite|Dragon Dance|p2a: Dragonite\n|-boost|p2a: Dragonite|atk|1\n|-boost|p2a: Dragonite|spe|1\n|-activate|p1a: Oricorio|ability: Dancer\n|move|p1a: Oricorio|Dragon Dance|p1a: Oricorio|[from]ability: Dancer\n|-boost|p1a: Oricorio|atk|1\n|-boost|p1a: Oricorio|spe|1\n|\n|upkeep\n|turn|3\n|\n|t:|1733862990\n|move|p2a: Dragonite|Outrage|p1a: Oricorio\n|-damage|p1a: Oricorio|0 fnt\n|faint|p1a: Oricorio\n|\n|upkeep\n|\n|t:|1733862997\n|switch|p1a: Vigoroth|Vigoroth, L85, M|275/275\n|turn|4\n|\n|t:|1733863001\n|move|p2a: Dragonite|Outrage|p1a: Vigoroth|[from]lockedmove\n|-damage|p1a: Vigoroth|103/275\n|move|p1a: Vigoroth|Body Slam|p2a: Dragonite\n|-damage|p2a: Dragonite|210/257\n|\n|upkeep\n|turn|5\n|\n|t:|1733863007\n|move|p2a: Dragonite|Outrage|p1a: Vigoroth|[from]lockedmove\n|-damage|p1a: Vigoroth|0 fnt\n|faint|p1a: Vigoroth\n|-start|p2a: Dragonite|confusion|[fatigue]\n|\n|upkeep\n|\n|t:|1733863021\n|switch|p1a: Mabosstiff|Mabosstiff, L86, F|278/278\n|turn|6\n|\n|t:|1733863026\n|-activate|p2a: Dragonite|confusion\n|move|p2a: Dragonite|Outrage|p1a: Mabosstiff\n|-damage|p1a: Mabosstiff|46/278\n|move|p1a: Mabosstiff|Play Rough|p2a: Dragonite\n|-supereffective|p2a: Dragonite\n|-damage|p2a: Dragonite|0 fnt\n|faint|p2a: Dragonite\n|\n|upkeep\n|\n|t:|1733863041\n|switch|p2a: Grafaiai|Grafaiai, L86, M|249/249\n|-activate|p2a: Grafaiai|move: Sticky Web\n|-unboost|p2a: Grafaiai|spe|1\n|turn|7\n|\n|t:|1733863047\n|switch|p1a: Araquanid|Araquanid, L82, M|246/246\n|move|p2a: Grafaiai|Knock Off|p1a: Araquanid\n|-damage|p1a: Araquanid|176/246\n|-enditem|p1a: Araquanid|Heavy-Duty Boots|[from] move: Knock Off|[of] p2a: Grafaiai\n|\n|upkeep\n|turn|8\n|\n|t:|1733863056\n|move|p2a: Grafaiai|Gunk Shot|p1a: Araquanid|[miss]\n|-miss|p2a: Grafaiai|p1a: Araquanid\n|move|p1a: Araquanid|Liquidation|p2a: Grafaiai\n|-crit|p2a: Grafaiai\n|-damage|p2a: Grafaiai|0 fnt\n|faint|p2a: Grafaiai\n|\n|upkeep\n|\n|t:|1733863079\n|switch|p2a: Frosmoth|Frosmoth, L82, F|249/249\n|turn|9\n|\n|t:|1733863087\n|move|p2a: Frosmoth|Quiver Dance|p2a: Frosmoth\n|-boost|p2a: Frosmoth|spa|1\n|-boost|p2a: Frosmoth|spd|1\n|-boost|p2a: Frosmoth|spe|1\n|move|p1a: Araquanid|Liquidation|p2a: Frosmoth\n|-damage|p2a: Frosmoth|59/249\n|\n|upkeep\n|turn|10\n|\n|t:|1733863093\n|move|p2a: Frosmoth|Giga Drain|p1a: Araquanid\n|-damage|p1a: Araquanid|110/246\n|-heal|p2a: Frosmoth|92/249|[from] drain|[of] p1a: Araquanid\n|move|p1a: Araquanid|Liquidation|p2a: Frosmoth\n|-damage|p2a: Frosmoth|0 fnt\n|faint|p2a: Frosmoth\n|\n|upkeep\n|\n|t:|1733863097\n|switch|p2a: Iron Moth|Iron Moth, L78|253/253\n|-activate|p2a: Iron Moth|move: Sticky Web\n|-unboost|p2a: Iron Moth|spe|1\n|turn|11\n|\n|t:|1733863104\n|move|p2a: Iron Moth|Fiery Dance|p1a: Araquanid\n|-damage|p1a: Araquanid|55/246\n|-boost|p2a: Iron Moth|spa|1\n|move|p1a: Araquanid|Liquidation|p2a: Iron Moth\n|-supereffective|p2a: Iron Moth\n|-damage|p2a: Iron Moth|0 fnt\n|faint|p2a: Iron Moth\n|-end|p2a: Iron Moth|Quark Drive|[silent]\n|\n|upkeep\n|-message|Wizardly Panini forfeited.\n|\n|win|Darthgrover\n|raw|Darthgrover's rating: 1725 &rarr; <strong>1743</strong><br />(+18 for winning)\n|raw|Wizardly Panini's rating: 1683 &rarr; <strong>1665</strong><br />(-18 for losing)\n|l|\u2606Wizardly Panini\n|player|p2|\n", "inputlog": ">version bfd83cad13791eb5a5a409923076391caf6fb4d4\n>start {\"formatid\":\"gen9randombattle\",\"seed\":[8377,42426,36386,31808],\"rated\":\"Rated battle\"}\n>player p1 {\"name\":\"Darthgrover\",\"avatar\":\"266\",\"rating\":1725,\"seed\":[51978,40808,40676,19299]}\n>player p2 {\"name\":\"Wizardly Panini\",\"avatar\":\"colress\",\"rating\":1683,\"seed\":[50967,39614,18731,31242]}\n>p1 move stickyweb\n>p2 move dragondance\n>p1 switch 2\n>p2 move dragondance\n>p1 move hurricane\n>p2 move outrage\n>p1 switch 3\n>p1 move bodyslam\n>p2 move outrage\n>p1 move bodyslam\n>p2 move outrage\n>p1 switch 4\n>p1 move playrough\n>p2 move outrage\n>p2 switch 5\n>p1 switch 2\n>p2 move knockoff\n>p1 move liquidation\n>p2 move gunkshot\n>p2 switch 6\n>p1 move liquidation\n>p2 move quiverdance\n>p1 move liquidation\n>p2 move gigadrain\n>p2 switch 4\n>p1 move liquidation\n>p2 move fierydance\n>forcelose p2", "uploadtime": 1733863112, "views": 1, "formatid": "gen9randombattle", "rating": 1665, "private": 0, "password": null}