{"id": "gen9randombattle-2260604544", "format": "[Gen 9] Random Battle", "players": ["Joseramirez999", "Flareblitz54"], "log": "|j|\u2606Joseramirez999\n|j|\u2606Flareblitz54\n|t:|1733868342\n|gametype|singles\n|player|p1|Joseramirez999|265|1772\n|player|p2|Flareblitz54|gladion|1733\n|teamsize|p1|6\n|teamsize|p2|6\n|gen|9\n|tier|[Gen 9] Random Battle\n|rated|\n|rule|Species Clause: Limit one of each Pok\u00e9mon\n|rule|HP Percentage Mod: HP is shown in percentages\n|rule|Sleep Clause Mod: Limit one foe put to sleep\n|rule|Illusion Level Mod: Illusion disguises the Pok\u00e9mon's true level\n|\n|t:|1733868342\n|start\n|switch|p1a: Hydreigon|Hydreigon, L79, F|275/275\n|switch|p2a: Spiritomb|Spiritomb, L89, M|234/234\n|turn|1\n|inactive|Battle timer is ON: inactive players will automatically lose when time's up. (requested by Flareblitz54)\n|\n|t:|1733868351\n|switch|p2a: Florges|Florges, L85, F|271/271\n|move|p1a: Hydreigon|U-turn|p2a: Florges\n|-resisted|p2a: Florges\n|-damage|p2a: Florges|243/271\n|\n|t:|1733868368\n|switch|p1a: Vigoroth|Vigoroth, L85, F|275/275|[from] U-turn\n|\n|-heal|p2a: Florges|259/271|[from] item: Leftovers\n|upkeep\n|turn|2\n|\n|t:|1733868381\n|switch|p2a: Spiritomb|Spiritomb, L89, M|234/234\n|move|p1a: Vigoroth|Bulk Up|p1a: Vigoroth\n|-boost|p1a: Vigoroth|atk|1\n|-boost|p1a: Vigoroth|def|1\n|\n|upkeep\n|turn|3\n|\n|t:|1733868384\n|switch|p1a: Gurdurr|Gurdurr, L85, F|283/283\n|move|p2a: Spiritomb|Will-O-Wisp|p1a: Gurdurr\n|-status|p1a: Gurdurr|brn\n|\n|-damage|p1a: Gurdurr|266/283 brn|[from] brn\n|upkeep\n|turn|4\n|\n|t:|1733868398\n|switch|p2a: Florges|Florges, L85, F|259/271\n|move|p1a: Gurdurr|Knock Off|p2a: Florges\n|-resisted|p2a: Florges\n|-damage|p2a: Florges|189/271\n|-enditem|p2a: Florges|Leftovers|[from] move: Knock Off|[of] p1a: Gurdurr\n|\n|-damage|p1a: Gurdurr|249/283 brn|[from] brn\n|upkeep\n|turn|5\n|\n|t:|1733868411\n|switch|p1a: Skeledirge|Skeledirge, L79, F|294/294\n|move|p2a: Florges|Moonblast|p1a: Skeledirge\n|-resisted|p1a: Skeledirge\n|-damage|p1a: Skeledirge|225/294\n|\n|upkeep\n|turn|6\n|\n|t:|1733868419\n|switch|p2a: Spiritomb|Spiritomb, L89, M|234/234\n|move|p1a: Skeledirge|Torch Song|p2a: Spiritomb\n|-damage|p2a: Spiritomb|168/234\n|-boost|p1a: Skeledirge|spa|1\n|\n|-heal|p2a: Spiritomb|182/234|[from] item: Leftovers\n|upkeep\n|turn|7\n|\n|t:|1733868431\n|-terastallize|p1a: Skeledirge|Water\n|move|p1a: Skeledirge|Flame Charge|p2a: Spiritomb\n|-damage|p2a: Spiritomb|148/234\n|-boost|p1a: Skeledirge|spe|1\n|move|p2a: Spiritomb|Poltergeist|p1a: Skeledirge\n|-activate|p1a: Skeledirge|move: Poltergeist|Heavy-Duty Boots\n|-damage|p1a: Skeledirge|107/294\n|\n|-heal|p2a: Spiritomb|162/234|[from] item: Leftovers\n|upkeep\n|turn|8\n|\n|t:|1733868443\n|move|p1a: Skeledirge|Slack Off|p1a: Skeledirge\n|-heal|p1a: Skeledirge|254/294\n|move|p2a: Spiritomb|Poltergeist|p1a: Skeledirge\n|-activate|p1a: Skeledirge|move: Poltergeist|Heavy-Duty Boots\n|-damage|p1a: Skeledirge|136/294\n|\n|-heal|p2a: Spiritomb|176/234|[from] item: Leftovers\n|upkeep\n|turn|9\n|\n|t:|1733868448\n|move|p1a: Skeledirge|Slack Off|p1a: Skeledirge\n|-heal|p1a: Skeledirge|283/294\n|move|p2a: Spiritomb|Will-O-Wisp|p1a: Skeledirge|[miss]\n|-miss|p2a: Spiritomb|p1a: Skeledirge\n|\n|-heal|p2a: Spiritomb|190/234|[from] item: Leftovers\n|upkeep\n|turn|10\n|\n|t:|1733868452\n|move|p1a: Skeledirge|Torch Song|p2a: Spiritomb\n|-damage|p2a: Spiritomb|91/234\n|-boost|p1a: Skeledirge|spa|1\n|move|p2a: Spiritomb|Will-O-Wisp|p1a: Skeledirge\n|-status|p1a: Skeledirge|brn\n|\n|-heal|p2a: Spiritomb|105/234|[from] item: Leftovers\n|-damage|p1a: Skeledirge|265/294 brn|[from] brn\n|upkeep\n|turn|11\n|\n|t:|1733868459\n|switch|p2a: Oinkologne|Oinkologne, L92, M|352/352\n|move|p1a: Skeledirge|Torch Song|p2a: Oinkologne\n|-damage|p2a: Oinkologne|273/352\n|-boost|p1a: Skeledirge|spa|1\n|\n|-heal|p2a: Oinkologne|295/352|[from] item: Leftovers\n|-damage|p1a: Skeledirge|247/294 brn|[from] brn\n|upkeep\n|turn|12\n|\n|t:|1733868466\n|move|p1a: Skeledirge|Torch Song|p2a: Oinkologne\n|-damage|p2a: Oinkologne|199/352\n|-boost|p1a: Skeledirge|spa|1\n|move|p2a: Oinkologne|Curse|p2a: Oinkologne\n|-unboost|p2a: Oinkologne|spe|1\n|-boost|p2a: Oinkologne|atk|1\n|-boost|p2a: Oinkologne|def|1\n|\n|-heal|p2a: Oinkologne|221/352|[from] item: Leftovers\n|-damage|p1a: Skeledirge|229/294 brn|[from] brn\n|upkeep\n|turn|13\n|\n|t:|1733868472\n|move|p1a: Skeledirge|Torch Song|p2a: Oinkologne\n|-damage|p2a: Oinkologne|92/352\n|-boost|p1a: Skeledirge|spa|1\n|move|p2a: Oinkologne|Double-Edge|p1a: Skeledirge\n|-damage|p1a: Skeledirge|87/294 brn\n|-damage|p2a: Oinkologne|45/352|[from] Recoil\n|\n|-heal|p2a: Oinkologne|67/352|[from] item: Leftovers\n|-damage|p1a: Skeledirge|69/294 brn|[from] brn\n|upkeep\n|turn|14\n|\n|t:|1733868482\n|move|p1a: Skeledirge|Torch Song|p2a: Oinkologne\n|-damage|p2a: Oinkologne|0 fnt\n|-boost|p1a: Skeledirge|spa|1\n|faint|p2a: Oinkologne\n|\n|-damage|p1a: Skeledirge|51/294 brn|[from] brn\n|upkeep\n|\n|t:|1733868494\n|switch|p2a: Florges|Florges, L85, F|189/271\n|turn|15\n|\n|t:|1733868498\n|move|p1a: Skeledirge|Torch Song|p2a: Florges\n|-damage|p2a: Florges|0 fnt\n|faint|p2a: Florges\n|\n|-damage|p1a: Skeledirge|33/294 brn|[from] brn\n|upkeep\n|\n|t:|1733868502\n|switch|p2a: Spiritomb|Spiritomb, L89, M|105/234\n|turn|16\n|\n|t:|1733868507\n|move|p2a: Spiritomb|Shadow Sneak|p1a: Skeledirge\n|-damage|p1a: Skeledirge|0 fnt\n|faint|p1a: Skeledirge\n|\n|-heal|p2a: Spiritomb|119/234|[from] item: Leftovers\n|upkeep\n|\n|t:|1733868511\n|switch|p1a: Gurdurr|Gurdurr, L85, F|249/283 brn\n|turn|17\n|\n|t:|1733868514\n|move|p1a: Gurdurr|Knock Off|p2a: Spiritomb\n|-damage|p2a: Spiritomb|34/234\n|-enditem|p2a: Spiritomb|Leftovers|[from] move: Knock Off|[of] p1a: Gurdurr\n|move|p2a: Spiritomb|Poltergeist|p1a: Gurdurr\n|-activate|p1a: Gurdurr|move: Poltergeist|Eviolite\n|-damage|p1a: Gurdurr|170/283 brn\n|\n|-damage|p1a: Gurdurr|153/283 brn|[from] brn\n|upkeep\n|turn|18\n|\n|t:|1733868522\n|move|p2a: Spiritomb|Shadow Sneak|p1a: Gurdurr\n|-damage|p1a: Gurdurr|122/283 brn\n|move|p1a: Gurdurr|Knock Off|p2a: Spiritomb\n|-damage|p2a: Spiritomb|0 fnt\n|faint|p2a: Spiritomb\n|\n|-damage|p1a: Gurdurr|105/283 brn|[from] brn\n|upkeep\n|\n|t:|1733868533\n|switch|p2a: Hypno|Hypno, L95, M|315/315\n|turn|19\n|\n|t:|1733868542\n|switch|p1a: Hydreigon|Hydreigon, L79, F|275/275\n|move|p2a: Hypno|Psychic Noise|p1a: Hydreigon\n|-immune|p1a: Hydreigon\n|\n|upkeep\n|turn|20\n|\n|t:|1733868549\n|move|p1a: Hydreigon|U-turn|p2a: Hypno\n|-supereffective|p2a: Hypno\n|-damage|p2a: Hypno|217/315\n|\n|t:|1733868557\n|switch|p1a: Gurdurr|Gurdurr, L85, F|105/283 brn|[from] U-turn\n|move|p2a: Hypno|Knock Off|p1a: Gurdurr\n|-resisted|p1a: Gurdurr\n|-damage|p1a: Gurdurr|80/283 brn\n|-enditem|p1a: Gurdurr|Eviolite|[from] move: Knock Off|[of] p2a: Hypno\n|\n|-heal|p2a: Hypno|236/315|[from] item: Leftovers\n|-damage|p1a: Gurdurr|63/283 brn|[from] brn\n|upkeep\n|turn|21\n|\n|t:|1733868566\n|move|p1a: Gurdurr|Mach Punch|p2a: Hypno\n|-resisted|p2a: Hypno\n|-damage|p2a: Hypno|199/315\n|move|p2a: Hypno|Psychic Noise|p1a: Gurdurr\n|-supereffective|p1a: Gurdurr\n|-damage|p1a: Gurdurr|0 fnt\n|faint|p1a: Gurdurr\n|\n|-heal|p2a: Hypno|218/315|[from] item: Leftovers\n|upkeep\n|\n|t:|1733868572\n|switch|p1a: Hydreigon|Hydreigon, L79, F|275/275\n|turn|22\n|\n|t:|1733868588\n|switch|p2a: Toucannon|Toucannon, L88, F|284/284\n|move|p1a: Hydreigon|Dark Pulse|p2a: Toucannon\n|-damage|p2a: Toucannon|149/284\n|\n|upkeep\n|turn|23\n|\n|t:|1733868595\n|move|p1a: Hydreigon|Dark Pulse|p2a: Toucannon\n|-damage|p2a: Toucannon|0 fnt\n|faint|p2a: Toucannon\n|\n|upkeep\n|\n|t:|1733868599\n|switch|p2a: Haxorus|Haxorus, L77, M|244/244\n|-ability|p2a: Haxorus|Mold Breaker\n|turn|24\n|\n|t:|1733868615\n|switch|p1a: Vigoroth|Vigoroth, L85, F|275/275\n|move|p2a: Haxorus|Scale Shot|p1a: Vigoroth\n|-damage|p1a: Vigoroth|253/275\n|-damage|p1a: Vigoroth|229/275\n|-damage|p1a: Vigoroth|207/275\n|-damage|p1a: Vigoroth|185/275\n|-damage|p1a: Vigoroth|163/275\n|-hitcount|p1a: Vigoroth|5\n|-unboost|p2a: Haxorus|def|1\n|-boost|p2a: Haxorus|spe|1\n|\n|upkeep\n|turn|25\n|\n|t:|1733868625\n|-terastallize|p2a: Haxorus|Steel\n|move|p2a: Haxorus|Swords Dance|p2a: Haxorus\n|-boost|p2a: Haxorus|atk|2\n|move|p1a: Vigoroth|Body Slam|p2a: Haxorus\n|-resisted|p2a: Haxorus\n|-damage|p2a: Haxorus|181/244\n|\n|upkeep\n|turn|26\n|\n|t:|1733868635\n|move|p2a: Haxorus|Scale Shot|p1a: Vigoroth\n|-crit|p1a: Vigoroth\n|-damage|p1a: Vigoroth|93/275\n|-damage|p1a: Vigoroth|45/275\n|-damage|p1a: Vigoroth|0 fnt\n|faint|p1a: Vigoroth\n|-hitcount|p1: Vigoroth|3\n|-unboost|p2a: Haxorus|def|1\n|-boost|p2a: Haxorus|spe|1\n|\n|upkeep\n|\n|t:|1733868642\n|switch|p1a: Gastrodon|Gastrodon, L86, F|331/331\n|turn|27\n|\n|t:|1733868661\n|move|p2a: Haxorus|Scale Shot|p1a: Gastrodon\n|-damage|p1a: Gastrodon|264/331\n|-damage|p1a: Gastrodon|188/331\n|-damage|p1a: Gastrodon|115/331\n|-damage|p1a: Gastrodon|42/331\n|-damage|p1a: Gastrodon|0 fnt\n|faint|p1a: Gastrodon\n|-hitcount|p1: Gastrodon|5\n|-unboost|p2a: Haxorus|def|1\n|-boost|p2a: Haxorus|spe|1\n|\n|upkeep\n|\n|t:|1733868673\n|switch|p1a: Hydreigon|Hydreigon, L79, F|275/275\n|turn|28\n|\n|t:|1733868679\n|move|p2a: Haxorus|Close Combat|p1a: Hydreigon\n|-supereffective|p1a: Hydreigon\n|-damage|p1a: Hydreigon|0 fnt\n|-unboost|p2a: Haxorus|def|1\n|-unboost|p2a: Haxorus|spd|1\n|faint|p1a: Hydreigon\n|\n|upkeep\n|\n|t:|1733868681\n|switch|p1a: Darkrai|Darkrai, L77|234/234\n|turn|29\n|\n|t:|1733868685\n|move|p2a: Haxorus|Close Combat|p1a: Darkrai\n|-supereffective|p1a: Darkrai\n|-damage|p1a: Darkrai|0 fnt\n|-unboost|p2a: Haxorus|def|1\n|-unboost|p2a: Haxorus|spd|1\n|faint|p1a: Darkrai\n|\n|win|Flareblitz54\n|raw|Joseramirez999's rating: 1772 &rarr; <strong>1750</strong><br />(-22 for losing)\n|raw|Flareblitz54's rating: 1733 &rarr; <strong>1755</strong><br />(+22 for winning)\n|l|\u2606Joseramirez999\n|player|p1|\n", "inputlog": ">version bfd83cad13791eb5a5a409923076391caf6fb4d4\n>start {\"formatid\":\"gen9randombattle\",\"seed\":[17067,9282,39258,19654],\"rated\":\"Rated battle\"}\n>player p1 {\"name\":\"Joseramirez999\",\"avatar\":\"265\",\"rating\":1772,\"seed\":[49410,35415,1015,18818]}\n>player p2 {\"name\":\"Flareblitz54\",\"avatar\":\"gladion\",\"rating\":1733,\"seed\":[20082,38548,50317,31738]}\n>p1 move uturn\n>p2 switch 4\n>p1 switch 3\n>p1 move bulkup\n>p2 switch 4\n>p1 switch 4\n>p2 move willowisp\n>p1 move knockoff\n>p2 switch 4\n>p1 switch 5\n>p2 move moonblast\n>p1 move torchsong\n>p2 switch 4\n>p1 move flamecharge terastallize\n>p2 move poltergeist\n>p1 move slackoff\n>p2 move poltergeist\n>p1 move slackoff\n>p2 move willowisp\n>p1 move torchsong\n>p2 move willowisp\n>p1 move torchsong\n>p2 switch 5\n>p1 move torchsong\n>p2 move curse\n>p1 move torchsong\n>p2 move doubleedge\n>p1 move torchsong\n>p2 move doubleedge\n>p2 switch 4\n>p1 move torchsong\n>p2 move moonblast\n>p2 switch 5\n>p1 move slackoff\n>p2 move shadowsneak\n>p1 switch 5\n>p1 move knockoff\n>p2 move poltergeist\n>p1 move knockoff\n>p2 move shadowsneak\n>p2 switch 3\n>p1 switch 3\n>p2 move psychicnoise\n>p1 move uturn\n>p2 move knockoff\n>p1 switch 3\n>p1 move machpunch\n>p2 move psychicnoise\n>p1 switch 3\n>p1 move darkpulse\n>p2 switch 2\n>p1 move darkpulse\n>p2 move boomburst\n>p2 switch 6\n>p1 switch 4\n>p2 move scaleshot\n>p1 move bodyslam\n>p2 move swordsdance terastallize\n>p1 move bodyslam\n>p2 move scaleshot\n>p1 switch 6\n>p1 move earthquake\n>p2 move scaleshot\n>p1 switch 4\n>p1 move darkpulse\n>p2 move closecombat\n>p1 switch 2\n>p1 move darkpulse\n>p2 move closecombat", "uploadtime": 1733868688, "views": 3, "formatid": "gen9randombattle", "rating": 1750, "private": 0, "password": null}