{"id": "gen9randombattle-2259906540", "format": "[Gen 9] Random Battle", "players": ["bwy", "Bravestheart"], "log": "|j|\u2606bwy\n|j|\u2606Bravestheart\n|t:|1733778615\n|gametype|singles\n|player|p1|bwy|266|1680\n|player|p2|Bravestheart|169|1643\n|teamsize|p1|6\n|teamsize|p2|6\n|gen|9\n|tier|[Gen 9] Random Battle\n|rated|\n|rule|Species Clause: Limit one of each Pok\u00e9mon\n|rule|HP Percentage Mod: HP is shown in percentages\n|rule|Sleep Clause Mod: Limit one foe put to sleep\n|rule|Illusion Level Mod: Illusion disguises the Pok\u00e9mon's true level\n|\n|t:|1733778615\n|start\n|switch|p1a: Ogerpon|Ogerpon-Wellspring, L76, F|247/247\n|switch|p2a: Scovillain|Scovillain, L91, F|266/266\n|turn|1\n|inactive|Battle timer is ON: inactive players will automatically lose when time's up. (requested by bwy)\n|\n|t:|1733778646\n|switch|p2a: Cyclizar|Cyclizar, L83, F|252/252\n|move|p1a: Ogerpon|Spikes|p2a: Cyclizar\n|-sidestart|p2: Bravestheart|Spikes\n|\n|upkeep\n|turn|2\n|\n|t:|1733778664\n|move|p2a: Cyclizar|Rapid Spin|p1a: Ogerpon\n|-damage|p1a: Ogerpon|190/247\n|-boost|p2a: Cyclizar|spe|1\n|-sideend|p2: Bravestheart|Spikes|[from] move: Rapid Spin|[of] p2a: Cyclizar\n|move|p1a: Ogerpon|Ivy Cudgel|p2a: Cyclizar|[anim] Ivy Cudgel Water\n|-resisted|p2a: Cyclizar\n|-damage|p2a: Cyclizar|168/252\n|\n|upkeep\n|turn|3\n|\n|t:|1733778675\n|move|p2a: Cyclizar|Shed Tail|p2a: Cyclizar\n|-start|p2a: Cyclizar|Substitute|[from] move: Shed Tail\n|-damage|p2a: Cyclizar|42/252\n|\n|t:|1733778680\n|switch|p2a: Ogerpon|Ogerpon, L80, F|259/259|[from] Shed Tail\n|move|p1a: Ogerpon|Ivy Cudgel|p2a: Ogerpon|[anim] Ivy Cudgel Water\n|-resisted|p2a: Ogerpon\n|-end|p2a: Ogerpon|Substitute\n|\n|upkeep\n|turn|4\n|inactive|bwy has 120 seconds left.\n|\n|t:|1733778716\n|switch|p1a: Bellibolt|Bellibolt, L84, F|320/320\n|move|p2a: Ogerpon|Swords Dance|p2a: Ogerpon\n|-boost|p2a: Ogerpon|atk|2\n|\n|upkeep\n|turn|5\n|inactive|bwy has 120 seconds left.\n|\n|t:|1733778730\n|move|p2a: Ogerpon|Ivy Cudgel|p1a: Bellibolt\n|-damage|p1a: Bellibolt|47/320\n|-start|p1a: Bellibolt|Charge|Ivy Cudgel|[from] ability: Electromorphosis\n|-damage|p2a: Ogerpon|234/259|[from] item: Life Orb\n|move|p1a: Bellibolt|Muddy Water|p2a: Ogerpon\n|-resisted|p2a: Ogerpon\n|-damage|p2a: Ogerpon|202/259\n|\n|-heal|p1a: Bellibolt|67/320|[from] item: Leftovers\n|upkeep\n|turn|6\n|inactive|bwy has 120 seconds left.\n|\n|t:|1733778741\n|move|p2a: Ogerpon|Swords Dance|p2a: Ogerpon\n|-boost|p2a: Ogerpon|atk|2\n|move|p1a: Bellibolt|Thunderbolt|p2a: Ogerpon\n|-resisted|p2a: Ogerpon\n|-damage|p2a: Ogerpon|99/259\n|-end|p1a: Bellibolt|Charge|[silent]\n|\n|-heal|p1a: Bellibolt|87/320|[from] item: Leftovers\n|upkeep\n|turn|7\n|\n|t:|1733778751\n|move|p2a: Ogerpon|Knock Off|p1a: Bellibolt\n|-damage|p1a: Bellibolt|0 fnt\n|-enditem|p1a: Bellibolt|Leftovers|[from] move: Knock Off|[of] p2a: Ogerpon\n|faint|p1a: Bellibolt\n|-damage|p2a: Ogerpon|74/259|[from] item: Life Orb\n|\n|upkeep\n|\n|t:|1733778760\n|switch|p1a: Mismagius|Mismagius, L86, F|243/243\n|turn|8\n|\n|t:|1733778775\n|switch|p2a: Cyclizar|Cyclizar, L83, F|126/252\n|move|p1a: Mismagius|Mystical Fire|p2a: Cyclizar\n|-resisted|p2a: Cyclizar\n|-damage|p2a: Cyclizar|72/252\n|-unboost|p2a: Cyclizar|spa|1\n|\n|upkeep\n|turn|9\n|\n|t:|1733778789\n|move|p2a: Cyclizar|Draco Meteor|p1a: Mismagius\n|-damage|p1a: Mismagius|174/243\n|-unboost|p2a: Cyclizar|spa|2\n|move|p1a: Mismagius|Mystical Fire|p2a: Cyclizar\n|-resisted|p2a: Cyclizar\n|-damage|p2a: Cyclizar|20/252\n|-unboost|p2a: Cyclizar|spa|1\n|\n|upkeep\n|turn|10\n|\n|t:|1733778808\n|switch|p2a: Scream Tail|Scream Tail, L84|330/330\n|switch|p1a: Cobalion|Cobalion, L80|277/277\n|\n|upkeep\n|turn|11\n|\n|t:|1733778819\n|-end|p2a: Scream Tail|Protosynthesis|[silent]\n|switch|p2a: Thundurus|Thundurus, L80, M|258/258\n|move|p1a: Cobalion|Iron Head|p2a: Thundurus\n|-resisted|p2a: Thundurus\n|-damage|p2a: Thundurus|210/258\n|\n|upkeep\n|turn|12\n|\n|t:|1733778825\n|switch|p1a: Mismagius|Mismagius, L86, F|174/243\n|move|p2a: Thundurus|Thunder Wave|p1a: Mismagius\n|-status|p1a: Mismagius|par\n|\n|upkeep\n|turn|13\n|inactive|Bravestheart has 120 seconds left.\n|\n|t:|1733778868\n|move|p2a: Thundurus|Thunderbolt|p1a: Mismagius\n|-damage|p1a: Mismagius|75/243 par\n|cant|p1a: Mismagius|par\n|\n|upkeep\n|turn|14\n|\n|t:|1733778888\n|move|p2a: Thundurus|Thunderbolt|p1a: Mismagius\n|-damage|p1a: Mismagius|0 fnt\n|faint|p1a: Mismagius\n|\n|upkeep\n|\n|t:|1733778901\n|switch|p1a: Porygon2|Porygon2, L82|274/274\n|-ability|p1a: Porygon2|Download|boost\n|-boost|p1a: Porygon2|atk|1\n|turn|15\n|inactive|bwy has 120 seconds left.\n|\n|t:|1733778935\n|move|p2a: Thundurus|Focus Blast|p1a: Porygon2\n|-supereffective|p1a: Porygon2\n|-damage|p1a: Porygon2|142/274\n|move|p1a: Porygon2|Tri Attack|p2a: Thundurus\n|-damage|p2a: Thundurus|105/258\n|\n|upkeep\n|turn|16\n|inactive|Bravestheart has 120 seconds left.\n|inactive|Bravestheart has 90 seconds left.\n|\n|t:|1733778983\n|switch|p2a: Magnezone|Magnezone, L85|258/258\n|move|p1a: Porygon2|Recover|p1a: Porygon2\n|-heal|p1a: Porygon2|274/274\n|\n|upkeep\n|turn|17\n|inactive|bwy has 90 seconds left.\n|\n|t:|1733779014\n|-terastallize|p1a: Porygon2|Electric\n|move|p2a: Magnezone|Body Press|p1a: Porygon2\n|-damage|p1a: Porygon2|232/274\n|move|p1a: Porygon2|Tri Attack|p2a: Magnezone\n|-resisted|p2a: Magnezone\n|-damage|p2a: Magnezone|217/258\n|\n|upkeep\n|turn|18\n|inactive|Bravestheart has 90 seconds left.\n|inactive|Bravestheart has 60 seconds left.\n|\n|t:|1733779060\n|switch|p2a: Scovillain|Scovillain, L91, F|266/266\n|move|p1a: Porygon2|Tri Attack|p2a: Scovillain\n|-damage|p2a: Scovillain|172/266\n|\n|-heal|p2a: Scovillain|188/266|[from] item: Leftovers\n|upkeep\n|turn|19\n|inactive|bwy has 90 seconds left.\n|inactive|bwy has 60 seconds left.\n|\n|t:|1733779120\n|move|p2a: Scovillain|Leech Seed|p1a: Porygon2\n|-start|p1a: Porygon2|move: Leech Seed\n|move|p1a: Porygon2|Discharge|p2a: Scovillain\n|-resisted|p2a: Scovillain\n|-damage|p2a: Scovillain|139/266\n|\n|-heal|p2a: Scovillain|155/266|[from] item: Leftovers\n|-damage|p1a: Porygon2|198/274|[from] Leech Seed|[of] p2a: Scovillain\n|-heal|p2a: Scovillain|189/266|[silent]\n|upkeep\n|turn|20\n|\n|t:|1733779128\n|switch|p1a: Ogerpon|Ogerpon-Wellspring, L76, F|190/247\n|move|p2a: Scovillain|Protect||[still]\n|-fail|p2a: Scovillain\n|\n|-heal|p2a: Scovillain|205/266|[from] item: Leftovers\n|upkeep\n|turn|21\n|inactive|bwy has 60 seconds left.\n|\n|t:|1733779141\n|switch|p2a: Cyclizar|Cyclizar, L83, F|104/252\n|move|p1a: Ogerpon|Spikes|p2a: Cyclizar\n|-sidestart|p2: Bravestheart|Spikes\n|\n|upkeep\n|turn|22\n|\n|t:|1733779152\n|move|p2a: Cyclizar|Draco Meteor|p1a: Ogerpon|[miss]\n|-miss|p2a: Cyclizar|p1a: Ogerpon\n|move|p1a: Ogerpon|Ivy Cudgel|p2a: Cyclizar|[anim] Ivy Cudgel Water\n|-resisted|p2a: Cyclizar\n|-damage|p2a: Cyclizar|27/252\n|\n|upkeep\n|turn|23\n|\n|t:|1733779159\n|move|p2a: Cyclizar|Draco Meteor|p1a: Ogerpon\n|-damage|p1a: Ogerpon|55/247\n|-unboost|p2a: Cyclizar|spa|2\n|move|p1a: Ogerpon|Synthesis|p1a: Ogerpon\n|-heal|p1a: Ogerpon|178/247\n|\n|upkeep\n|turn|24\n|inactive|Bravestheart has 90 seconds left.\n|\n|t:|1733779169\n|move|p2a: Cyclizar|Rapid Spin|p1a: Ogerpon\n|-damage|p1a: Ogerpon|114/247\n|-boost|p2a: Cyclizar|spe|1\n|-sideend|p2: Bravestheart|Spikes|[from] move: Rapid Spin|[of] p2a: Cyclizar\n|move|p1a: Ogerpon|Ivy Cudgel|p2a: Cyclizar|[anim] Ivy Cudgel Water\n|-resisted|p2a: Cyclizar\n|-damage|p2a: Cyclizar|0 fnt\n|faint|p2a: Cyclizar\n|\n|upkeep\n|\n|t:|1733779182\n|switch|p2a: Thundurus|Thundurus, L80, M|105/258\n|turn|25\n|\n|t:|1733779190\n|switch|p1a: Porygon2|Porygon2, L82, tera:Electric|198/274\n|-ability|p1a: Porygon2|Download|boost\n|-boost|p1a: Porygon2|atk|1\n|move|p2a: Thundurus|Thunderbolt|p1a: Porygon2\n|-resisted|p1a: Porygon2\n|-damage|p1a: Porygon2|161/274\n|\n|upkeep\n|turn|26\n|inactive|bwy has 90 seconds left.\n|inactive|Bravestheart has 90 seconds left.\n|\n|t:|1733779210\n|switch|p2a: Scream Tail|Scream Tail, L84|330/330\n|move|p1a: Porygon2|Recover|p1a: Porygon2\n|-heal|p1a: Porygon2|274/274\n|\n|upkeep\n|turn|27\n|\n|t:|1733779215\n|move|p2a: Scream Tail|Encore|p1a: Porygon2\n|-start|p1a: Porygon2|Encore\n|move|p1a: Porygon2|Recover||[still]\n|-fail|p1a: Porygon2|heal\n|\n|upkeep\n|turn|28\n|\n|t:|1733779234\n|-end|p2a: Scream Tail|Protosynthesis|[silent]\n|switch|p2a: Thundurus|Thundurus, L80, M|105/258\n|switch|p1a: Clawitzer|Clawitzer, L87, F|265/265\n|\n|upkeep\n|turn|29\n|\n|t:|1733779240\n|switch|p1a: Porygon2|Porygon2, L82, tera:Electric|274/274\n|-ability|p1a: Porygon2|Download|boost\n|-boost|p1a: Porygon2|atk|1\n|move|p2a: Thundurus|Focus Blast|p1a: Porygon2|[miss]\n|-miss|p2a: Thundurus|p1a: Porygon2\n|\n|upkeep\n|turn|30\n|\n|t:|1733779252\n|switch|p2a: Scream Tail|Scream Tail, L84|330/330\n|move|p1a: Porygon2|Tri Attack|p2a: Scream Tail\n|-damage|p2a: Scream Tail|263/330\n|\n|-heal|p2a: Scream Tail|283/330|[from] item: Leftovers\n|upkeep\n|turn|31\n|\n|t:|1733779259\n|move|p2a: Scream Tail|Wish|p2a: Scream Tail\n|move|p1a: Porygon2|Tri Attack|p2a: Scream Tail\n|-damage|p2a: Scream Tail|216/330\n|\n|-heal|p2a: Scream Tail|236/330|[from] item: Leftovers\n|upkeep\n|turn|32\n|\n|t:|1733779266\n|-end|p2a: Scream Tail|Protosynthesis|[silent]\n|switch|p2a: Thundurus|Thundurus, L80, M|105/258\n|move|p1a: Porygon2|Tri Attack|p2a: Thundurus\n|-damage|p2a: Thundurus|6/258\n|\n|-heal|p2a: Thundurus|171/258|[from] move: Wish|[wisher] Scream Tail\n|upkeep\n|turn|33\n|inactive|bwy has 120 seconds left.\n|\n|t:|1733779273\n|switch|p2a: Scream Tail|Scream Tail, L84|236/330\n|move|p1a: Porygon2|Recover||[still]\n|-fail|p1a: Porygon2|heal\n|\n|-heal|p2a: Scream Tail|256/330|[from] item: Leftovers\n|upkeep\n|turn|34\n|c|\u2606bwy|lol misclick\n|\n|t:|1733779280\n|switch|p1a: Clawitzer|Clawitzer, L87, F|265/265\n|move|p2a: Scream Tail|Wish|p2a: Scream Tail\n|\n|-heal|p2a: Scream Tail|276/330|[from] item: Leftovers\n|upkeep\n|turn|35\n|\n|t:|1733779288\n|move|p2a: Scream Tail|Dazzling Gleam|p1a: Clawitzer\n|-damage|p1a: Clawitzer|205/265\n|move|p1a: Clawitzer|Water Pulse|p2a: Scream Tail\n|-damage|p2a: Scream Tail|141/330\n|\n|-heal|p2a: Scream Tail|306/330|[from] move: Wish|[wisher] Scream Tail\n|-heal|p2a: Scream Tail|326/330|[from] item: Leftovers\n|upkeep\n|turn|36\n|\n|t:|1733779298\n|move|p2a: Scream Tail|Protect|p2a: Scream Tail\n|-singleturn|p2a: Scream Tail|Protect\n|move|p1a: Clawitzer|Water Pulse|p2a: Scream Tail\n|-activate|p2a: Scream Tail|move: Protect\n|\n|-heal|p2a: Scream Tail|330/330|[from] item: Leftovers\n|upkeep\n|turn|37\n|\n|t:|1733779312\n|move|p2a: Scream Tail|Wish|p2a: Scream Tail\n|move|p1a: Clawitzer|Water Pulse|p2a: Scream Tail\n|-damage|p2a: Scream Tail|171/330\n|\n|-heal|p2a: Scream Tail|191/330|[from] item: Leftovers\n|upkeep\n|turn|38\n|\n|t:|1733779324\n|-end|p2a: Scream Tail|Protosynthesis|[silent]\n|switch|p2a: Ogerpon|Ogerpon, L80, F|74/259\n|move|p1a: Clawitzer|Water Pulse|p2a: Ogerpon\n|-resisted|p2a: Ogerpon\n|-damage|p2a: Ogerpon|0 fnt\n|faint|p2a: Ogerpon\n|\n|upkeep\n|\n|t:|1733779331\n|switch|p2a: Thundurus|Thundurus, L80, M|171/258\n|turn|39\n|\n|t:|1733779336\n|switch|p2a: Magnezone|Magnezone, L85|217/258\n|switch|p1a: Porygon2|Porygon2, L82, tera:Electric|274/274\n|-ability|p1a: Porygon2|Download|boost\n|-boost|p1a: Porygon2|spa|1\n|\n|upkeep\n|turn|40\n|\n|t:|1733779348\n|move|p2a: Magnezone|Body Press|p1a: Porygon2\n|-damage|p1a: Porygon2|228/274\n|move|p1a: Porygon2|Ice Beam|p2a: Magnezone\n|-resisted|p2a: Magnezone\n|-damage|p2a: Magnezone|174/258\n|\n|upkeep\n|turn|41\n|\n|t:|1733779355\n|move|p2a: Magnezone|Body Press|p1a: Porygon2\n|-damage|p1a: Porygon2|178/274\n|move|p1a: Porygon2|Ice Beam|p2a: Magnezone\n|-resisted|p2a: Magnezone\n|-damage|p2a: Magnezone|130/258\n|\n|upkeep\n|turn|42\n|\n|t:|1733779362\n|switch|p2a: Scream Tail|Scream Tail, L84|191/330\n|move|p1a: Porygon2|Ice Beam|p2a: Scream Tail\n|-damage|p2a: Scream Tail|107/330\n|\n|-heal|p2a: Scream Tail|127/330|[from] item: Leftovers\n|upkeep\n|turn|43\n|\n|t:|1733779368\n|move|p2a: Scream Tail|Wish|p2a: Scream Tail\n|move|p1a: Porygon2|Tri Attack|p2a: Scream Tail\n|-damage|p2a: Scream Tail|19/330\n|\n|-heal|p2a: Scream Tail|39/330|[from] item: Leftovers\n|upkeep\n|turn|44\n|\n|t:|1733779377\n|move|p2a: Scream Tail|Protect|p2a: Scream Tail\n|-singleturn|p2a: Scream Tail|Protect\n|move|p1a: Porygon2|Tri Attack|p2a: Scream Tail\n|-activate|p2a: Scream Tail|move: Protect\n|\n|-heal|p2a: Scream Tail|204/330|[from] move: Wish|[wisher] Scream Tail\n|-heal|p2a: Scream Tail|224/330|[from] item: Leftovers\n|upkeep\n|turn|45\n|\n|t:|1733779386\n|move|p2a: Scream Tail|Wish|p2a: Scream Tail\n|move|p1a: Porygon2|Discharge|p2a: Scream Tail\n|-damage|p2a: Scream Tail|122/330\n|-status|p2a: Scream Tail|par\n|\n|-heal|p2a: Scream Tail|142/330 par|[from] item: Leftovers\n|upkeep\n|turn|46\n|\n|t:|1733779401\n|-end|p2a: Scream Tail|Protosynthesis|[silent]\n|switch|p2a: Scovillain|Scovillain, L91, F|205/266\n|move|p1a: Porygon2|Tri Attack|p2a: Scovillain\n|-damage|p2a: Scovillain|51/266\n|-status|p2a: Scovillain|par\n|\n|-heal|p2a: Scovillain|216/266 par|[from] move: Wish|[wisher] Scream Tail\n|-heal|p2a: Scovillain|232/266 par|[from] item: Leftovers\n|upkeep\n|turn|47\n|c|\u2606bwy|ooohh\n|c|\u2606bwy|u got prolems now ;P\n|c|\u2606bwy|stupid scream tail\n|inactive|bwy has 120 seconds left.\n|\n|t:|1733779433\n|switch|p1a: Ogerpon|Ogerpon-Wellspring, L76, F|114/247\n|cant|p2a: Scovillain|par\n|\n|-heal|p2a: Scovillain|248/266 par|[from] item: Leftovers\n|upkeep\n|turn|48\n|inactive|bwy has 120 seconds left.\n|c|\u2606bwy|stupid scovillain\n|\n|t:|1733779451\n|move|p1a: Ogerpon|Spikes|p2a: Scovillain\n|-sidestart|p2: Bravestheart|Spikes\n|move|p2a: Scovillain|Flamethrower|p1a: Ogerpon\n|-damage|p1a: Ogerpon|0 fnt\n|faint|p1a: Ogerpon\n|\n|-heal|p2a: Scovillain|264/266 par|[from] item: Leftovers\n|upkeep\n|\n|t:|1733779461\n|switch|p1a: Clawitzer|Clawitzer, L87, F|205/265\n|turn|49\n|inactive|bwy has 120 seconds left.\n|\n|t:|1733779469\n|switch|p2a: Thundurus|Thundurus, L80, M|171/258\n|move|p1a: Clawitzer|Water Pulse|p2a: Thundurus\n|-damage|p2a: Thundurus|0 fnt\n|faint|p2a: Thundurus\n|\n|upkeep\n|\n|t:|1733779471\n|switch|p2a: Magnezone|Magnezone, L85|130/258\n|-damage|p2a: Magnezone|98/258|[from] Spikes\n|turn|50\n|c|\u2606bwy|stupid thundurus\n|\n|t:|1733779484\n|switch|p1a: Porygon2|Porygon2, L82, tera:Electric|178/274\n|-ability|p1a: Porygon2|Download|boost\n|-boost|p1a: Porygon2|spa|1\n|move|p2a: Magnezone|Thunderbolt|p1a: Porygon2\n|-resisted|p1a: Porygon2\n|-damage|p1a: Porygon2|141/274\n|\n|upkeep\n|turn|51\n|\n|t:|1733779496\n|switch|p2a: Scovillain|Scovillain, L91, F|264/266 par\n|-damage|p2a: Scovillain|231/266 par|[from] Spikes\n|move|p1a: Porygon2|Tri Attack|p2a: Scovillain\n|-damage|p2a: Scovillain|72/266 par\n|\n|-heal|p2a: Scovillain|88/266 par|[from] item: Leftovers\n|upkeep\n|turn|52\n|c|\u2606bwy|die\n|\n|t:|1733779504\n|move|p1a: Porygon2|Tri Attack|p2a: Scovillain\n|-damage|p2a: Scovillain|0 fnt\n|faint|p2a: Scovillain\n|\n|upkeep\n|-message|Bravestheart forfeited.\n|\n|win|bwy\n|raw|bwy's rating: 1680 &rarr; <strong>1698</strong><br />(+18 for winning)\n|raw|Bravestheart's rating: 1643 &rarr; <strong>1625</strong><br />(-18 for losing)\n|l|\u2606Bravestheart\n|player|p2|\n", "inputlog": ">version bfd83cad13791eb5a5a409923076391caf6fb4d4\n>start {\"formatid\":\"gen9randombattle\",\"seed\":[30632,25511,5315,27442],\"rated\":\"Rated battle\"}\n>player p1 {\"name\":\"bwy\",\"avatar\":\"266\",\"rating\":1680,\"seed\":[33814,40690,50812,28582]}\n>player p2 {\"name\":\"Bravestheart\",\"avatar\":\"169\",\"rating\":1643,\"seed\":[44801,64610,40647,61078]}\n>p1 move spikes\n>p2 switch 2\n>p1 move ivycudgel\n>p2 move rapidspin\n>p1 move ivycudgel\n>p2 move shedtail\n>p2 switch 4\n>p1 switch 5\n>p2 move swordsdance\n>p1 move muddywater\n>p2 move ivycudgel\n>p1 move thunderbolt\n>p2 move swordsdance\n>p1 move thunderbolt\n>p2 move knockoff\n>p1 switch 6\n>p1 move mysticalfire\n>p2 switch 4\n>p1 move mysticalfire\n>p2 move dracometeor\n>p1 switch 3\n>p2 switch 5\n>p1 move ironhead\n>p2 switch 3\n>p1 switch 3\n>p2 move thunderwave\n>p1 move mysticalfire\n>p2 move thunderbolt\n>p1 move shadowball\n>p2 move thunderbolt\n>p1 switch 2\n>p1 move triattack\n>p2 move focusblast\n>p1 move recover\n>p2 switch 6\n>p1 move triattack terastallize\n>p2 move bodypress\n>p1 move triattack\n>p2 switch 2\n>p1 move discharge\n>p2 move leechseed\n>p1 switch 5\n>p2 move protect\n>p1 move spikes\n>p2 switch 5\n>p1 move ivycudgel\n>p2 move dracometeor\n>p1 move synthesis\n>p2 move dracometeor\n>p1 move ivycudgel\n>p2 move rapidspin\n>p2 switch 6\n>p1 switch 5\n>p2 move thunderbolt\n>p1 move recover\n>p2 switch 3\n>p1 move discharge\n>p2 move encore\n>p1 switch 4\n>p2 switch 3\n>p1 switch 4\n>p2 move focusblast\n>p1 move triattack\n>p2 switch 3\n>p1 move triattack\n>p2 move wish\n>p1 move triattack\n>p2 switch 3\n>p1 move recover\n>p2 switch 3\n>chat \u2606bwy|lol misclick\n>p1 switch 4\n>p2 move wish\n>p1 move waterpulse\n>p2 move dazzlinggleam\n>p1 move waterpulse\n>p2 move protect\n>p1 move waterpulse\n>p2 move wish\n>p1 move waterpulse\n>p2 switch 4\n>p2 switch 3\n>p1 switch 4\n>p2 switch 2\n>p1 move icebeam\n>p2 move bodypress\n>p1 move icebeam\n>p2 move bodypress\n>p1 move icebeam\n>p2 switch 4\n>p1 move triattack\n>p2 move wish\n>p1 move triattack\n>p2 move protect\n>p1 move discharge\n>p2 move wish\n>p1 move triattack\n>p2 switch 5\n>chat \u2606bwy|ooohh\n>chat \u2606bwy|u got prolems now ;P\n>chat \u2606bwy|stupid scream tail\n>p1 switch 5\n>p2 move leechseed\n>chat \u2606bwy|stupid scovillain\n>p1 move spikes\n>p2 move flamethrower\n>p1 switch 4\n>p1 move waterpulse\n>p2 switch 2\n>p2 switch 4\n>chat \u2606bwy|stupid thundurus\n>p1 switch 5\n>p2 move thunderbolt\n>p1 move triattack\n>p2 switch 2\n>chat \u2606bwy|die\n>p1 move triattack\n>p2 move flamethrower\n>forcelose p2", "uploadtime": 1733779509, "views": 1, "formatid": "gen9randombattle", "rating": 1625, "private": 0, "password": null}