{"id": "gen9randombattle-2171914580", "format": "[Gen 9] Random Battle", "players": ["Red song", "Boksta"], "log": "|j|\u2606Red song\n|j|\u2606Boksta\n|t:|1722593999\n|gametype|singles\n|player|p1|Red song|blaine|2285\n|player|p2|Boksta|265|2247\n|teamsize|p1|6\n|teamsize|p2|6\n|gen|9\n|tier|[Gen 9] Random Battle\n|rated|\n|rule|Species Clause: Limit one of each Pok\u00e9mon\n|rule|HP Percentage Mod: HP is shown in percentages\n|rule|Sleep Clause Mod: Limit one foe put to sleep\n|rule|Illusion Level Mod: Illusion disguises the Pok\u00e9mon's true level\n|\n|t:|1722593999\n|start\n|switch|p1a: Eiscue|Eiscue, L87, F|272/272\n|switch|p2a: Iron Jugulis|Iron Jugulis, L78|275/275\n|turn|1\n|inactive|Battle timer is ON: inactive players will automatically lose when time's up. (requested by Boksta)\n|c|\u2606Red song|First place in 4gen OU\n|\n|t:|1722594029\n|switch|p1a: Hariyama|Hariyama, L87, F|392/392\n|move|p2a: Iron Jugulis|Dark Pulse|p1a: Hariyama\n|-resisted|p1a: Hariyama\n|-damage|p1a: Hariyama|301/392\n|\n|-status|p1a: Hariyama|brn|[from] item: Flame Orb\n|upkeep\n|turn|2\n|\n|t:|1722594037\n|-end|p2a: Iron Jugulis|Quark Drive|[silent]\n|switch|p2a: Slither Wing|Slither Wing, L81|270/270\n|move|p1a: Hariyama|Knock Off|p2a: Slither Wing\n|-resisted|p2a: Slither Wing\n|-damage|p2a: Slither Wing|203/270\n|-enditem|p2a: Slither Wing|Life Orb|[from] move: Knock Off|[of] p1a: Hariyama\n|\n|-damage|p1a: Hariyama|277/392 brn|[from] brn\n|upkeep\n|turn|3\n|\n|t:|1722594055\n|move|p2a: Slither Wing|Close Combat|p1a: Hariyama\n|-damage|p1a: Hariyama|84/392 brn\n|-unboost|p2a: Slither Wing|def|1\n|-unboost|p2a: Slither Wing|spd|1\n|move|p1a: Hariyama|Facade|p2a: Slither Wing\n|-damage|p2a: Slither Wing|0 fnt\n|faint|p2a: Slither Wing\n|-end|p2a: Slither Wing|Protosynthesis|[silent]\n|\n|-damage|p1a: Hariyama|60/392 brn|[from] brn\n|upkeep\n|\n|t:|1722594078\n|switch|p2a: Iron Jugulis|Iron Jugulis, L78|275/275\n|turn|4\n|inactive|Red song has 120 seconds left.\n|\n|t:|1722594131\n|move|p1a: Hariyama|Bullet Punch|p2a: Iron Jugulis\n|-damage|p2a: Iron Jugulis|219/275\n|move|p2a: Iron Jugulis|Dark Pulse|p1a: Hariyama\n|-resisted|p1a: Hariyama\n|-damage|p1a: Hariyama|0 fnt\n|faint|p1a: Hariyama\n|\n|upkeep\n|c|\u2606Boksta|you are 1st?\n|\n|t:|1722594141\n|switch|p1a: Vikavolt|Vikavolt, L83, M|263/263\n|turn|5\n|\n|t:|1722594153\n|move|p2a: Iron Jugulis|Dark Pulse|p1a: Vikavolt\n|-damage|p1a: Vikavolt|112/263\n|move|p1a: Vikavolt|Sticky Web|p2a: Iron Jugulis\n|-sidestart|p2: Boksta|move: Sticky Web\n|\n|upkeep\n|turn|6\n|\n|t:|1722594161\n|move|p2a: Iron Jugulis|Dark Pulse|p1a: Vikavolt\n|-damage|p1a: Vikavolt|0 fnt\n|faint|p1a: Vikavolt\n|\n|upkeep\n|\n|t:|1722594173\n|switch|p1a: Eiscue|Eiscue, L87, F|272/272\n|turn|7\n|\n|t:|1722594176\n|move|p2a: Iron Jugulis|Dark Pulse|p1a: Eiscue\n|-damage|p1a: Eiscue|146/272\n|move|p1a: Eiscue|Ice Spinner|p2a: Iron Jugulis\n|-supereffective|p2a: Iron Jugulis\n|-damage|p2a: Iron Jugulis|61/275\n|\n|upkeep\n|turn|8\n|\n|t:|1722594186\n|move|p2a: Iron Jugulis|Dark Pulse|p1a: Eiscue\n|-damage|p1a: Eiscue|25/272\n|-enditem|p1a: Eiscue|Sitrus Berry|[eat]\n|-heal|p1a: Eiscue|93/272|[from] item: Sitrus Berry\n|cant|p1a: Eiscue|flinch\n|\n|upkeep\n|turn|9\n|\n|t:|1722594193\n|move|p2a: Iron Jugulis|Dark Pulse|p1a: Eiscue\n|-damage|p1a: Eiscue|0 fnt\n|faint|p1a: Eiscue\n|\n|upkeep\n|\n|t:|1722594195\n|switch|p1a: Corviknight|Corviknight, L80, F|288/288\n|turn|10\n|\n|t:|1722594201\n|move|p2a: Iron Jugulis|Dark Pulse|p1a: Corviknight\n|-damage|p1a: Corviknight|141/288\n|move|p1a: Corviknight|Brave Bird|p2a: Iron Jugulis\n|-crit|p2a: Iron Jugulis\n|-damage|p2a: Iron Jugulis|0 fnt\n|faint|p2a: Iron Jugulis\n|-end|p2a: Iron Jugulis|Quark Drive|[silent]\n|-damage|p1a: Corviknight|121/288|[from] Recoil\n|\n|upkeep\n|\n|t:|1722594215\n|switch|p2a: Excadrill|Excadrill, L80, M|307/307\n|-activate|p2a: Excadrill|move: Sticky Web\n|-unboost|p2a: Excadrill|spe|1\n|-ability|p2a: Excadrill|Mold Breaker\n|turn|11\n|\n|t:|1722594236\n|move|p1a: Corviknight|Roost|p1a: Corviknight\n|-heal|p1a: Corviknight|265/288\n|-singleturn|p1a: Corviknight|move: Roost\n|move|p2a: Excadrill|Rapid Spin|p1a: Corviknight\n|-resisted|p1a: Corviknight\n|-damage|p1a: Corviknight|246/288\n|-boost|p2a: Excadrill|spe|1\n|-damage|p2a: Excadrill|256/307|[from] item: Rocky Helmet|[of] p1a: Corviknight\n|-sideend|p2: Boksta|Sticky Web|[from] move: Rapid Spin|[of] p2a: Excadrill\n|\n|-heal|p2a: Excadrill|275/307|[from] item: Leftovers\n|upkeep\n|turn|12\n|\n|t:|1722594240\n|move|p2a: Excadrill|Swords Dance|p2a: Excadrill\n|-boost|p2a: Excadrill|atk|2\n|move|p1a: Corviknight|Body Press|p2a: Excadrill\n|-supereffective|p2a: Excadrill\n|-damage|p2a: Excadrill|135/307\n|\n|-heal|p2a: Excadrill|154/307|[from] item: Leftovers\n|upkeep\n|turn|13\n|\n|t:|1722594246\n|move|p2a: Excadrill|Iron Head|p1a: Corviknight\n|-resisted|p1a: Corviknight\n|-damage|p1a: Corviknight|159/288\n|-damage|p2a: Excadrill|103/307|[from] item: Rocky Helmet|[of] p1a: Corviknight\n|move|p1a: Corviknight|Body Press|p2a: Excadrill\n|-supereffective|p2a: Excadrill\n|-damage|p2a: Excadrill|0 fnt\n|faint|p2a: Excadrill\n|\n|upkeep\n|\n|t:|1722594248\n|switch|p2a: Delphox|Delphox, L84, F|263/263\n|turn|14\n|\n|t:|1722594265\n|switch|p1a: Klawf|Klawf, L90, F|272/272\n|move|p2a: Delphox|Fire Blast|p1a: Klawf\n|-resisted|p1a: Klawf\n|-damage|p1a: Klawf|192/272\n|\n|upkeep\n|turn|15\n|\n|t:|1722594271\n|switch|p2a: Walking Wake|Walking Wake, L79|286/286\n|move|p1a: Klawf|Stone Edge|p2a: Walking Wake|[miss]\n|-miss|p1a: Klawf|p2a: Walking Wake\n|\n|upkeep\n|turn|16\n|\n|t:|1722594286\n|move|p2a: Walking Wake|Hydro Pump|p1a: Klawf\n|-supereffective|p1a: Klawf\n|-damage|p1a: Klawf|0 fnt\n|faint|p1a: Klawf\n|\n|upkeep\n|\n|t:|1722594290\n|switch|p1a: Corviknight|Corviknight, L80, F|159/288\n|turn|17\n|\n|t:|1722594293\n|move|p2a: Walking Wake|Hydro Pump|p1a: Corviknight\n|-damage|p1a: Corviknight|0 fnt\n|faint|p1a: Corviknight\n|\n|upkeep\n|\n|t:|1722594295\n|switch|p1a: Spectrier|Spectrier, L75|274/274\n|turn|18\n|\n|t:|1722594302\n|move|p1a: Spectrier|Nasty Plot|p1a: Spectrier\n|-boost|p1a: Spectrier|spa|2\n|move|p2a: Walking Wake|Hydro Pump|p1a: Spectrier|[miss]\n|-miss|p2a: Walking Wake|p1a: Spectrier\n|\n|upkeep\n|turn|19\n|\n|t:|1722594309\n|move|p1a: Spectrier|Nasty Plot|p1a: Spectrier\n|-boost|p1a: Spectrier|spa|2\n|move|p2a: Walking Wake|Hydro Pump|p1a: Spectrier\n|-damage|p1a: Spectrier|48/274\n|\n|upkeep\n|turn|20\n|\n|t:|1722594312\n|move|p1a: Spectrier|Draining Kiss|p2a: Walking Wake\n|-supereffective|p2a: Walking Wake\n|-damage|p2a: Walking Wake|0 fnt\n|-heal|p1a: Spectrier|263/274|[from] drain|[of] p2a: Walking Wake\n|faint|p2a: Walking Wake\n|-end|p2a: Walking Wake|Protosynthesis|[silent]\n|-ability|p1a: Spectrier|Grim Neigh|boost\n|-boost|p1a: Spectrier|spa|1\n|-damage|p1a: Spectrier|236/274|[from] item: Life Orb\n|\n|upkeep\n|\n|t:|1722594331\n|switch|p2a: Solgaleo|Solgaleo, L74|325/325\n|turn|21\n|\n|t:|1722594340\n|move|p1a: Spectrier|Shadow Ball|p2a: Solgaleo\n|-supereffective|p2a: Solgaleo\n|-damage|p2a: Solgaleo|0 fnt\n|faint|p2a: Solgaleo\n|-ability|p1a: Spectrier|Grim Neigh|boost\n|-boost|p1a: Spectrier|spa|1\n|-damage|p1a: Spectrier|209/274|[from] item: Life Orb\n|\n|upkeep\n|\n|t:|1722594347\n|switch|p2a: Delphox|Delphox, L84, F|263/263\n|turn|22\n|\n|t:|1722594354\n|-terastallize|p1a: Spectrier|Dark\n|move|p2a: Delphox|Fire Blast|p1a: Spectrier\n|-damage|p1a: Spectrier|44/274\n|-status|p1a: Spectrier|brn\n|move|p1a: Spectrier|Shadow Ball|p2a: Delphox\n|-supereffective|p2a: Delphox\n|-damage|p2a: Delphox|0 fnt\n|faint|p2a: Delphox\n|-damage|p1a: Spectrier|17/274 brn|[from] item: Life Orb\n|\n|win|Red song\n|raw|Red song's rating: 2285 &rarr; <strong>2303</strong><br />(+18 for winning)\n|raw|Boksta's rating: 2247 &rarr; <strong>2229</strong><br />(-18 for losing)\n|c|\u2606Red song|Gg\n|l|\u2606Boksta\n|player|p2|\n", "inputlog": ">version 98564e9644caa9c97c27b095d93861c6c551fe73\n>start {\"formatid\":\"gen9randombattle\",\"seed\":[40792,37199,64135,42052],\"rated\":\"Rated battle\"}\n>player p1 {\"name\":\"Red song\",\"avatar\":\"blaine\",\"rating\":2285,\"seed\":[47343,18009,5340,47284]}\n>player p2 {\"name\":\"Boksta\",\"avatar\":\"265\",\"rating\":2247,\"seed\":[52571,40358,9483,3528]}\n>chat \u2606Red song|First place in 4gen OU\n>p1 switch 4\n>p2 move darkpulse\n>p1 move knockoff\n>p2 switch 2\n>p1 move facade\n>p2 move closecombat\n>p2 switch 2\n>p1 move bulletpunch\n>p2 move darkpulse\n>chat \u2606Boksta|you are 1st?\n>p1 switch 3\n>p1 move stickyweb\n>p2 move darkpulse\n>p1 move thunderbolt\n>p2 move darkpulse\n>p1 switch 4\n>p1 move icespinner\n>p2 move darkpulse\n>p1 move icespinner\n>p2 move darkpulse\n>p1 move icespinner\n>p2 move darkpulse\n>p1 switch 5\n>p1 move bravebird\n>p2 move darkpulse\n>p2 switch 6\n>p1 move roost\n>p2 move rapidspin\n>p1 move bodypress\n>p2 move swordsdance\n>p1 move bodypress\n>p2 move ironhead\n>p2 switch 3\n>p1 switch 6\n>p2 move fireblast\n>p1 move stoneedge\n>p2 switch 4\n>p1 move stoneedge\n>p2 move hydropump\n>p1 switch 6\n>p1 move bravebird\n>p2 move hydropump\n>p1 switch 2\n>p1 move nastyplot\n>p2 move hydropump\n>p1 move nastyplot\n>p2 move hydropump\n>p1 move drainingkiss\n>p2 move hydropump\n>p2 switch 5\n>p1 move shadowball\n>p2 move knockoff\n>p2 switch 4\n>p1 move shadowball terastallize\n>p2 move fireblast", "uploadtime": 1722594393, "views": 138, "formatid": "gen9randombattle", "rating": 2229, "private": 0, "password": null}