{"id": "gen9randombattle-2260832747", "format": "[Gen 9] Random Battle", "players": ["iukhjgjuiojkhjlj", "56i645i5s"], "log": "|j|\u2606iukhjgjuiojkhjlj\n|j|\u260656i645i5s\n|t:|1733900462\n|gametype|singles\n|player|p1|iukhjgjuiojkhjlj|policeman-gen4|1019\n|player|p2|56i645i5s|2|1000\n|teamsize|p1|6\n|teamsize|p2|6\n|gen|9\n|tier|[Gen 9] Random Battle\n|rated|\n|rule|Species Clause: Limit one of each Pok\u00e9mon\n|rule|HP Percentage Mod: HP is shown in percentages\n|rule|Sleep Clause Mod: Limit one foe put to sleep\n|rule|Illusion Level Mod: Illusion disguises the Pok\u00e9mon's true level\n|\n|t:|1733900462\n|start\n|switch|p1a: Mesprit|Mesprit, L85|238/238\n|switch|p2a: Talonflame|Talonflame, L83, M|265/265\n|turn|1\n|inactive|Battle timer is ON: inactive players will automatically lose when time's up. (requested by 56i645i5s)\n|\n|t:|1733900481\n|switch|p2a: Meowscarada|Meowscarada, L78, M|247/247\n|switch|p1a: Pelipper|Pelipper, L86, F|243/243\n|-weather|RainDance|[from] ability: Drizzle|[of] p1a: Pelipper\n|\n|-weather|RainDance|[upkeep]\n|upkeep\n|turn|2\n|\n|t:|1733900495\n|switch|p1a: Vileplume|Vileplume, L85, F|266/266\n|move|p2a: Meowscarada|Knock Off|p1a: Vileplume\n|-start|p2a: Meowscarada|typechange|Dark|[from] ability: Protean\n|-damage|p1a: Vileplume|173/266\n|-enditem|p1a: Vileplume|Leftovers|[from] move: Knock Off|[of] p2a: Meowscarada\n|\n|-weather|RainDance|[upkeep]\n|upkeep\n|turn|3\n|\n|t:|1733900505\n|switch|p2a: Mew|Mew, L82|298/298\n|move|p1a: Vileplume|Sleep Powder|p2a: Mew\n|-status|p2a: Mew|slp|[from] move: Sleep Powder\n|\n|-weather|RainDance|[upkeep]\n|upkeep\n|turn|4\n|\n|t:|1733900515\n|switch|p2a: Talonflame|Talonflame, L83, M|265/265\n|switch|p1a: Mesprit|Mesprit, L85|275/275\n|\n|-weather|RainDance|[upkeep]\n|upkeep\n|turn|5\n|inactive|56i645i5s has 120 seconds left.\n|\n|t:|1733900566\n|-terastallize|p1a: Mesprit|Steel\n|move|p2a: Talonflame|Swords Dance|p2a: Talonflame\n|-boost|p2a: Talonflame|atk|2\n|move|p1a: Mesprit|Stealth Rock|p2a: Talonflame\n|-sidestart|p2: 56i645i5s|move: Stealth Rock\n|\n|-weather|none\n|upkeep\n|turn|6\n|\n|t:|1733900576\n|switch|p1a: Pelipper|Pelipper, L86, F|243/243\n|-weather|RainDance|[from] ability: Drizzle|[of] p1a: Pelipper\n|move|p2a: Talonflame|Flare Blitz|p1a: Pelipper\n|-resisted|p1a: Pelipper\n|-damage|p1a: Pelipper|198/243\n|-damage|p2a: Talonflame|250/265|[from] Recoil\n|\n|-weather|RainDance|[upkeep]\n|upkeep\n|turn|7\n|\n|t:|1733900587\n|move|p2a: Talonflame|Brave Bird|p1a: Pelipper\n|-damage|p1a: Pelipper|0 fnt\n|faint|p1a: Pelipper\n|-damage|p2a: Talonflame|185/265|[from] Recoil\n|\n|-weather|RainDance|[upkeep]\n|upkeep\n|\n|t:|1733900602\n|switch|p1a: Phione|Phione, L91|293/293\n|turn|8\n|inactive|56i645i5s has 120 seconds left.\n|\n|t:|1733900627\n|switch|p1a: Mesprit|Mesprit, L85, tera:Steel|275/275\n|move|p2a: Talonflame|Brave Bird|p1a: Mesprit\n|-resisted|p1a: Mesprit\n|-damage|p1a: Mesprit|173/275\n|-damage|p2a: Talonflame|151/265|[from] Recoil\n|\n|-weather|RainDance|[upkeep]\n|-heal|p1a: Mesprit|190/275|[from] item: Leftovers\n|upkeep\n|turn|9\n|inactive|iukhjgjuiojkhjlj has 120 seconds left.\n|\n|t:|1733900660\n|switch|p1a: Phione|Phione, L91|293/293\n|move|p2a: Talonflame|Flare Blitz|p1a: Phione\n|-resisted|p1a: Phione\n|-damage|p1a: Phione|243/293\n|-damage|p2a: Talonflame|134/265|[from] Recoil\n|\n|-weather|RainDance|[upkeep]\n|-heal|p1a: Phione|261/293|[from] item: Leftovers\n|upkeep\n|turn|10\n|inactive|iukhjgjuiojkhjlj has 120 seconds left.\n|\n|t:|1733900671\n|move|p2a: Talonflame|Brave Bird|p1a: Phione\n|-damage|p1a: Phione|59/293\n|-damage|p2a: Talonflame|67/265|[from] Recoil\n|move|p1a: Phione|Scald|p2a: Talonflame\n|-supereffective|p2a: Talonflame\n|-damage|p2a: Talonflame|0 fnt\n|faint|p2a: Talonflame\n|\n|-weather|none\n|-heal|p1a: Phione|77/293|[from] item: Leftovers\n|upkeep\n|inactive|56i645i5s has 120 seconds left.\n|\n|t:|1733900708\n|switch|p2a: Espathra|Espathra, L80, F|283/283\n|-damage|p2a: Espathra|248/283|[from] Stealth Rock\n|turn|11\n|inactive|iukhjgjuiojkhjlj has 120 seconds left.\n|\n|t:|1733900725\n|move|p2a: Espathra|Calm Mind|p2a: Espathra\n|-boost|p2a: Espathra|spa|1\n|-boost|p2a: Espathra|spd|1\n|move|p1a: Phione|Take Heart|p1a: Phione\n|-boost|p1a: Phione|spa|1\n|-boost|p1a: Phione|spd|1\n|\n|-heal|p2a: Espathra|265/283|[from] item: Leftovers\n|-heal|p1a: Phione|95/293|[from] item: Leftovers\n|-ability|p2a: Espathra|Speed Boost|boost\n|-boost|p2a: Espathra|spe|1\n|upkeep\n|turn|12\n|\n|t:|1733900741\n|move|p2a: Espathra|Calm Mind|p2a: Espathra\n|-boost|p2a: Espathra|spa|1\n|-boost|p2a: Espathra|spd|1\n|move|p1a: Phione|Scald|p2a: Espathra\n|-damage|p2a: Espathra|177/283\n|-status|p2a: Espathra|brn\n|\n|-heal|p2a: Espathra|194/283 brn|[from] item: Leftovers\n|-heal|p1a: Phione|113/293|[from] item: Leftovers\n|-damage|p2a: Espathra|177/283 brn|[from] brn\n|-ability|p2a: Espathra|Speed Boost|boost\n|-boost|p2a: Espathra|spe|1\n|upkeep\n|turn|13\n|inactive|iukhjgjuiojkhjlj has 120 seconds left.\n|\n|t:|1733900759\n|move|p2a: Espathra|Stored Power|p1a: Phione\n|-damage|p1a: Phione|0 fnt\n|faint|p1a: Phione\n|\n|-heal|p2a: Espathra|194/283 brn|[from] item: Leftovers\n|-damage|p2a: Espathra|177/283 brn|[from] brn\n|-ability|p2a: Espathra|Speed Boost|boost\n|-boost|p2a: Espathra|spe|1\n|upkeep\n|\n|t:|1733900762\n|switch|p1a: Mightyena|Mightyena, L95, F|287/287\n|-ability|p1a: Mightyena|Intimidate|boost\n|-unboost|p2a: Espathra|atk|1\n|turn|14\n|inactive|56i645i5s has 120 seconds left.\n|\n|t:|1733900772\n|-terastallize|p2a: Espathra|Fairy\n|move|p2a: Espathra|Dazzling Gleam|p1a: Mightyena\n|-supereffective|p1a: Mightyena\n|-damage|p1a: Mightyena|51/287\n|move|p1a: Mightyena|Crunch|p2a: Espathra\n|-resisted|p2a: Espathra\n|-damage|p2a: Espathra|105/283 brn\n|\n|-heal|p2a: Espathra|122/283 brn|[from] item: Leftovers\n|-damage|p2a: Espathra|105/283 brn|[from] brn\n|-ability|p2a: Espathra|Speed Boost|boost\n|-boost|p2a: Espathra|spe|1\n|upkeep\n|turn|15\n|inactive|iukhjgjuiojkhjlj has 120 seconds left.\n|\n|t:|1733900805\n|move|p2a: Espathra|Dazzling Gleam|p1a: Mightyena\n|-supereffective|p1a: Mightyena\n|-damage|p1a: Mightyena|0 fnt\n|faint|p1a: Mightyena\n|\n|-heal|p2a: Espathra|122/283 brn|[from] item: Leftovers\n|-damage|p2a: Espathra|105/283 brn|[from] brn\n|-ability|p2a: Espathra|Speed Boost|boost\n|-boost|p2a: Espathra|spe|1\n|upkeep\n|\n|t:|1733900816\n|switch|p1a: Mesprit|Mesprit, L85, tera:Steel|190/275\n|turn|16\n|\n|t:|1733900824\n|move|p2a: Espathra|Stored Power|p1a: Mesprit\n|-resisted|p1a: Mesprit\n|-damage|p1a: Mesprit|7/275\n|move|p1a: Mesprit|Psychic Noise|p2a: Espathra\n|-damage|p2a: Espathra|42/283 brn\n|-start|p2a: Espathra|move: Heal Block\n|\n|-heal|p1a: Mesprit|24/275|[from] item: Leftovers\n|-damage|p2a: Espathra|25/283 brn|[from] brn\n|-ability|p2a: Espathra|Speed Boost|boost\n|-boost|p2a: Espathra|spe|1\n|upkeep\n|turn|17\n|\n|t:|1733900840\n|move|p2a: Espathra|Stored Power|p1a: Mesprit\n|-resisted|p1a: Mesprit\n|-damage|p1a: Mesprit|0 fnt\n|faint|p1a: Mesprit\n|\n|-damage|p2a: Espathra|8/283 brn|[from] brn\n|-end|p2a: Espathra|move: Heal Block\n|upkeep\n|\n|t:|1733900846\n|switch|p1a: Vileplume|Vileplume, L85, F|173/266\n|turn|18\n|inactive|iukhjgjuiojkhjlj has 90 seconds left.\n|inactive|iukhjgjuiojkhjlj has 60 seconds left.\n|inactive|iukhjgjuiojkhjlj has 30 seconds left.\n|inactive|iukhjgjuiojkhjlj has 20 seconds left.\n|inactive|iukhjgjuiojkhjlj has 15 seconds left.\n|inactive|iukhjgjuiojkhjlj has 10 seconds left.\n|inactive|iukhjgjuiojkhjlj has 5 seconds left.\n|-message|iukhjgjuiojkhjlj lost due to inactivity.\n|\n|win|56i645i5s\n|raw|iukhjgjuiojkhjlj's rating: 1007 &rarr; <strong>1000</strong><br />(-7 for losing)\n|raw|56i645i5s's rating: 1043 &rarr; <strong>1073</strong><br />(+30 for winning)\n", "inputlog": ">version bfd83cad13791eb5a5a409923076391caf6fb4d4\n>start {\"formatid\":\"gen9randombattle\",\"seed\":[35442,63997,22071,64665],\"rated\":\"Rated battle\"}\n>player p1 {\"name\":\"iukhjgjuiojkhjlj\",\"avatar\":\"policeman-gen4\",\"rating\":1019,\"seed\":[47649,18418,50179,19033]}\n>player p2 {\"name\":\"56i645i5s\",\"avatar\":\"2\",\"rating\":1000,\"seed\":[4179,54913,39464,59771]}\n>p1 switch 2\n>p2 switch 5\n>p1 switch 3\n>p2 move knockoff\n>p1 move sleeppowder\n>p2 switch 2\n>p1 switch 6\n>p2 switch 5\n>p1 move stealthrock terastallize\n>p2 move swordsdance\n>p1 switch 3\n>p2 move flareblitz\n>p1 move surf\n>p2 move bravebird\n>p1 switch 4\n>p1 switch 3\n>p2 move bravebird\n>p1 switch 3\n>p2 move flareblitz\n>p1 move scald\n>p2 move bravebird\n>p2 switch 4\n>p1 move takeheart\n>p2 move calmmind\n>p1 move scald\n>p2 move calmmind\n>p1 move scald\n>p2 move storedpower\n>p1 switch 5\n>p1 move crunch\n>p2 move dazzlinggleam terastallize\n>p1 move poisonfang\n>p2 move dazzlinggleam\n>p1 switch 3\n>p1 move psychicnoise\n>p2 move storedpower\n>p1 move psychicnoise\n>p2 move storedpower\n>p1 switch 6\n>forcelose p1", "uploadtime": 1733900974, "views": 1, "formatid": "gen9randombattle", "rating": 1000, "private": 0, "password": null}