{"id": "gen9randombattle-2260303683", "format": "[Gen 9] Random Battle", "players": ["MrEaas", "Lucario Cardio"], "log": "|j|\u2606MrEaas\n|j|\u2606Lucario Cardio\n|t:|1733837536\n|gametype|singles\n|player|p1|MrEaas|101|1690\n|player|p2|Lucario Cardio|bea|1671\n|teamsize|p1|6\n|teamsize|p2|6\n|gen|9\n|tier|[Gen 9] Random Battle\n|rated|\n|rule|Species Clause: Limit one of each Pok\u00e9mon\n|rule|HP Percentage Mod: HP is shown in percentages\n|rule|Sleep Clause Mod: Limit one foe put to sleep\n|rule|Illusion Level Mod: Illusion disguises the Pok\u00e9mon's true level\n|\n|t:|1733837536\n|start\n|switch|p1a: Duraludon|Duraludon, L82, F|249/249\n|switch|p2a: Oricorio|Oricorio-Sensu, L85, M|266/266\n|turn|1\n|inactive|Battle timer is ON: inactive players will automatically lose when time's up. (requested by MrEaas)\n|\n|t:|1733837554\n|switch|p1a: Magnezone|Magnezone, L85|258/258\n|move|p2a: Oricorio|Quiver Dance|p2a: Oricorio\n|-boost|p2a: Oricorio|spa|1\n|-boost|p2a: Oricorio|spd|1\n|-boost|p2a: Oricorio|spe|1\n|\n|upkeep\n|turn|2\n|inactive|MrEaas has 120 seconds left.\n|\n|t:|1733837593\n|-terastallize|p2a: Oricorio|Fighting\n|move|p2a: Oricorio|Revelation Dance|p1a: Magnezone\n|-supereffective|p1a: Magnezone\n|-damage|p1a: Magnezone|0 fnt\n|faint|p1a: Magnezone\n|\n|upkeep\n|\n|t:|1733837622\n|switch|p1a: Raikou|Raikou, L81|278/278\n|-ability|p1a: Raikou|Pressure\n|turn|3\n|\n|t:|1733837625\n|move|p2a: Oricorio|Quiver Dance|p2a: Oricorio\n|-boost|p2a: Oricorio|spa|1\n|-boost|p2a: Oricorio|spd|1\n|-boost|p2a: Oricorio|spe|1\n|move|p1a: Raikou|Thunderbolt|p2a: Oricorio\n|-damage|p2a: Oricorio|202/266\n|\n|upkeep\n|turn|4\n|\n|t:|1733837632\n|move|p2a: Oricorio|Revelation Dance|p1a: Raikou\n|-damage|p1a: Raikou|101/278\n|move|p1a: Raikou|Thunderbolt|p2a: Oricorio\n|-damage|p2a: Oricorio|136/266\n|\n|-heal|p1a: Raikou|118/278|[from] item: Leftovers\n|upkeep\n|turn|5\n|\n|t:|1733837638\n|move|p2a: Oricorio|Revelation Dance|p1a: Raikou\n|-damage|p1a: Raikou|0 fnt\n|faint|p1a: Raikou\n|\n|upkeep\n|\n|t:|1733837647\n|switch|p1a: Suicune|Suicune, L82|298/298\n|-ability|p1a: Suicune|Pressure\n|turn|6\n|\n|t:|1733837650\n|move|p2a: Oricorio|Roost|p2a: Oricorio\n|-heal|p2a: Oricorio|266/266\n|move|p1a: Suicune|Calm Mind|p1a: Suicune\n|-boost|p1a: Suicune|spa|1\n|-boost|p1a: Suicune|spd|1\n|\n|upkeep\n|turn|7\n|\n|t:|1733837654\n|move|p2a: Oricorio|Revelation Dance|p1a: Suicune\n|-crit|p1a: Suicune\n|-damage|p1a: Suicune|31/298\n|move|p1a: Suicune|Calm Mind|p1a: Suicune\n|-boost|p1a: Suicune|spa|1\n|-boost|p1a: Suicune|spd|1\n|\n|-heal|p1a: Suicune|49/298|[from] item: Leftovers\n|upkeep\n|turn|8\n|\n|t:|1733837657\n|move|p1a: Suicune|Protect|p1a: Suicune\n|-singleturn|p1a: Suicune|Protect\n|move|p2a: Oricorio|Revelation Dance|p1a: Suicune\n|-activate|p1a: Suicune|move: Protect\n|\n|-heal|p1a: Suicune|67/298|[from] item: Leftovers\n|upkeep\n|turn|9\n|\n|t:|1733837660\n|move|p2a: Oricorio|Revelation Dance|p1a: Suicune\n|-crit|p1a: Suicune\n|-damage|p1a: Suicune|0 fnt\n|faint|p1a: Suicune\n|\n|upkeep\n|\n|t:|1733837664\n|switch|p1a: Duraludon|Duraludon, L82, F|249/249\n|turn|10\n|\n|t:|1733837670\n|-terastallize|p1a: Duraludon|Fighting\n|move|p2a: Oricorio|Revelation Dance|p1a: Duraludon\n|-damage|p1a: Duraludon|35/249\n|move|p1a: Duraludon|Body Press|p2a: Oricorio\n|-damage|p2a: Oricorio|154/266\n|\n|upkeep\n|turn|11\n|-message|MrEaas forfeited.\n|\n|win|Lucario Cardio\n|raw|MrEaas's rating: 1690 &rarr; <strong>1669</strong><br />(-21 for losing)\n|raw|Lucario Cardio's rating: 1671 &rarr; <strong>1692</strong><br />(+21 for winning)\n|l|\u2606MrEaas\n|player|p1|\n", "inputlog": ">version bfd83cad13791eb5a5a409923076391caf6fb4d4\n>start {\"formatid\":\"gen9randombattle\",\"seed\":[55364,4297,11971,10576],\"rated\":\"Rated battle\"}\n>player p1 {\"name\":\"MrEaas\",\"avatar\":\"101\",\"rating\":1690,\"seed\":[27340,50052,48765,35750]}\n>player p2 {\"name\":\"Lucario Cardio\",\"avatar\":\"bea\",\"rating\":1671,\"seed\":[61300,58366,38095,22156]}\n>p1 switch 4\n>p2 move quiverdance\n>p1 move discharge\n>p2 move revelationdance terastallize\n>p1 switch 2\n>p1 move thunderbolt\n>p2 move quiverdance\n>p1 move thunderbolt\n>p2 move revelationdance\n>p1 move thunderbolt\n>p2 move revelationdance\n>p1 switch 5\n>p1 move calmmind\n>p2 move roost\n>p1 move calmmind\n>p2 move revelationdance\n>p1 move protect\n>p2 move revelationdance\n>p1 move scald\n>p2 move revelationdance\n>p1 switch 4\n>p1 move bodypress terastallize\n>p2 move revelationdance\n>forcelose p1", "uploadtime": 1733837680, "views": 2, "formatid": "gen9randombattle", "rating": 1669, "private": 0, "password": null}