{"id": "gen9randombattle-2260499573", "format": "[Gen 9] Random Battle", "players": ["Joelalvarez", "ElMordjeneFeet"], "log": "|j|\u2606Joelalvarez\n|j|\u2606ElMordjeneFeet\n|t:|1733857533\n|gametype|singles\n|player|p1|Joelalvarez|170|1235\n|player|p2|ElMordjeneFeet|n|1189\n|teamsize|p1|6\n|teamsize|p2|6\n|gen|9\n|tier|[Gen 9] Random Battle\n|rated|\n|rule|Species Clause: Limit one of each Pok\u00e9mon\n|rule|HP Percentage Mod: HP is shown in percentages\n|rule|Sleep Clause Mod: Limit one foe put to sleep\n|rule|Illusion Level Mod: Illusion disguises the Pok\u00e9mon's true level\n|\n|t:|1733857533\n|start\n|switch|p1a: Deoxys|Deoxys-Attack, L72|191/191\n|switch|p2a: Eiscue|Eiscue, L88, F|274/274\n|-ability|p1a: Deoxys|Pressure\n|turn|1\n|inactive|Battle timer is ON: inactive players will automatically lose when time's up. (requested by ElMordjeneFeet)\n|\n|t:|1733857562\n|switch|p2a: Cacturne|Cacturne, L92, F|278/278\n|move|p1a: Deoxys|Knock Off|p2a: Cacturne\n|-resisted|p2a: Cacturne\n|-damage|p2a: Cacturne|214/278\n|-enditem|p2a: Cacturne|Life Orb|[from] move: Knock Off|[of] p1a: Deoxys\n|-damage|p1a: Deoxys|172/191|[from] item: Life Orb\n|\n|upkeep\n|turn|2\n|\n|t:|1733857571\n|-terastallize|p1a: Deoxys|Fighting\n|move|p2a: Cacturne|Sucker Punch|p1a: Deoxys\n|-resisted|p1a: Deoxys\n|-damage|p1a: Deoxys|23/191\n|move|p1a: Deoxys|Superpower|p2a: Cacturne\n|-supereffective|p2a: Cacturne\n|-damage|p2a: Cacturne|0 fnt\n|-unboost|p1a: Deoxys|atk|1\n|-unboost|p1a: Deoxys|def|1\n|faint|p2a: Cacturne\n|-damage|p1a: Deoxys|4/191|[from] item: Life Orb\n|\n|upkeep\n|\n|t:|1733857590\n|switch|p2a: Eiscue|Eiscue, L88, F|274/274\n|turn|3\n|\n|t:|1733857598\n|move|p1a: Deoxys|Knock Off|p2a: Eiscue\n|-activate|p2a: Eiscue|ability: Ice Face\n|-damage|p2a: Eiscue|274/274\n|-enditem|p2a: Eiscue|Sitrus Berry|[from] move: Knock Off|[of] p1a: Deoxys\n|detailschange|p2a: Eiscue|Eiscue-Noice, L88, F\n|-damage|p1a: Deoxys|0 fnt|[from] item: Life Orb\n|faint|p1a: Deoxys\n|move|p2a: Eiscue|Belly Drum|p2a: Eiscue\n|-damage|p2a: Eiscue|137/274\n|-setboost|p2a: Eiscue|atk|6|[from] move: Belly Drum\n|\n|upkeep\n|inactive|Joelalvarez has 120 seconds left.\n|\n|t:|1733857648\n|switch|p1a: Volcanion|Volcanion, L79|256/256\n|turn|4\n|\n|t:|1733857659\n|-terastallize|p2a: Eiscue|Electric\n|move|p2a: Eiscue|Tera Blast|p1a: Volcanion|[anim] Tera Blast Electric\n|-supereffective|p1a: Volcanion\n|-damage|p1a: Volcanion|0 fnt\n|faint|p1a: Volcanion\n|\n|upkeep\n|\n|t:|1733857667\n|switch|p1a: Sandaconda|Sandaconda, L84, F|258/258\n|turn|5\n|\n|t:|1733857672\n|move|p2a: Eiscue|Liquidation|p1a: Sandaconda\n|-supereffective|p1a: Sandaconda\n|-damage|p1a: Sandaconda|0 fnt\n|faint|p1a: Sandaconda\n|\n|upkeep\n|inactive|Joelalvarez has 120 seconds left.\n|\n|t:|1733857684\n|switch|p1a: Zekrom|Zekrom, L71|259/259\n|-ability|p1a: Zekrom|Teravolt\n|turn|6\n|\n|t:|1733857688\n|move|p2a: Eiscue|Ice Spinner|p1a: Zekrom\n|-supereffective|p1a: Zekrom\n|-damage|p1a: Zekrom|0 fnt\n|faint|p1a: Zekrom\n|\n|upkeep\n|\n|t:|1733857692\n|switch|p1a: Krookodile|Krookodile, L80, M|283/283\n|-ability|p1a: Krookodile|Intimidate|boost\n|-unboost|p2a: Eiscue|atk|1\n|turn|7\n|\n|t:|1733857697\n|move|p2a: Eiscue|Liquidation|p1a: Krookodile\n|-supereffective|p1a: Krookodile\n|-damage|p1a: Krookodile|0 fnt\n|faint|p1a: Krookodile\n|\n|upkeep\n|c|\u2606ElMordjeneFeet|bro stop\n|\n|t:|1733857702\n|switch|p1a: Golduck|Golduck, L90, F|290/290\n|-ability|p1a: Golduck|Cloud Nine\n|turn|8\n|\n|t:|1733857707\n|move|p2a: Eiscue|Tera Blast|p1a: Golduck|[anim] Tera Blast Electric\n|-supereffective|p1a: Golduck\n|-damage|p1a: Golduck|0 fnt\n|faint|p1a: Golduck\n|\n|win|ElMordjeneFeet\n|raw|Joelalvarez's rating: 1235 &rarr; <strong>1207</strong><br />(-28 for losing)\n|raw|ElMordjeneFeet's rating: 1189 &rarr; <strong>1217</strong><br />(+28 for winning)\n|l|\u2606Joelalvarez\n|player|p1|\n", "inputlog": ">version bfd83cad13791eb5a5a409923076391caf6fb4d4\n>start {\"formatid\":\"gen9randombattle\",\"seed\":[26947,6922,21881,22900],\"rated\":\"Rated battle\"}\n>player p1 {\"name\":\"Joelalvarez\",\"avatar\":\"170\",\"rating\":1235,\"seed\":[57119,48959,24812,41574]}\n>player p2 {\"name\":\"ElMordjeneFeet\",\"avatar\":\"n\",\"rating\":1189,\"seed\":[43270,2287,22915,36658]}\n>p1 move knockoff\n>p2 switch 3\n>p1 move superpower terastallize\n>p2 move suckerpunch\n>p2 switch 3\n>p1 move knockoff\n>p2 move bellydrum\n>p1 switch 5\n>p1 move flamethrower\n>p2 move terablast terastallize\n>p1 switch 3\n>p1 move rockblast\n>p2 move liquidation\n>p1 switch 6\n>p1 move outrage\n>p2 move icespinner\n>p1 switch 2\n>p1 move earthquake\n>p2 move liquidation\n>chat \u2606ElMordjeneFeet|bro stop\n>p1 switch 4\n>p1 move icebeam\n>p2 move terablast", "uploadtime": 1733857716, "views": 3, "formatid": "gen9randombattle", "rating": 1207, "private": 0, "password": null}