{"id": "gen9randombattle-2260475525", "format": "[Gen 9] Random Battle", "players": ["ChocobOnline", "BigBossJnack"], "log": "|j|\u2606ChocobOnline\n|j|\u2606BigBossJnack\n|t:|1733855234\n|gametype|singles\n|player|p1|ChocobOnline|colress|1897\n|player|p2|BigBossJnack|169|1931\n|teamsize|p1|6\n|teamsize|p2|6\n|gen|9\n|tier|[Gen 9] Random Battle\n|rated|\n|rule|Species Clause: Limit one of each Pok\u00e9mon\n|rule|HP Percentage Mod: HP is shown in percentages\n|rule|Sleep Clause Mod: Limit one foe put to sleep\n|rule|Illusion Level Mod: Illusion disguises the Pok\u00e9mon's true level\n|\n|t:|1733855234\n|start\n|switch|p1a: Quagsire|Quagsire, L84, M|297/297\n|switch|p2a: Iron Valiant|Iron Valiant, L78|244/244\n|turn|1\n|inactive|Battle timer is ON: inactive players will automatically lose when time's up. (requested by BigBossJnack)\n|\n|t:|1733855249\n|move|p2a: Iron Valiant|Moonblast|p1a: Quagsire\n|-damage|p1a: Quagsire|120/297\n|-unboost|p1a: Quagsire|spa|1\n|-damage|p2a: Iron Valiant|220/244|[from] item: Life Orb\n|move|p1a: Quagsire|Toxic|p2a: Iron Valiant\n|-status|p2a: Iron Valiant|tox\n|\n|-heal|p1a: Quagsire|138/297|[from] item: Leftovers\n|-damage|p2a: Iron Valiant|205/244 tox|[from] psn\n|upkeep\n|turn|2\n|\n|t:|1733855263\n|switch|p1a: Gengar|Gengar, L81, M|230/230\n|move|p2a: Iron Valiant|Close Combat|p1a: Gengar\n|-immune|p1a: Gengar\n|\n|-damage|p2a: Iron Valiant|175/244 tox|[from] psn\n|upkeep\n|turn|3\n|\n|t:|1733855290\n|-end|p2a: Iron Valiant|Quark Drive|[silent]\n|switch|p2a: Volcanion|Volcanion, L79|255/255\n|move|p1a: Gengar|Sludge Wave|p2a: Volcanion\n|-damage|p2a: Volcanion|150/255\n|-damage|p1a: Gengar|207/230|[from] item: Life Orb\n|\n|upkeep\n|turn|4\n|inactive|ChocobOnline has 120 seconds left.\n|\n|t:|1733855315\n|switch|p1a: Zekrom|Zekrom, L71|259/259\n|-ability|p1a: Zekrom|Teravolt\n|move|p2a: Volcanion|Flame Charge|p1a: Zekrom\n|-resisted|p1a: Zekrom\n|-damage|p1a: Zekrom|233/259\n|-boost|p2a: Volcanion|spe|1\n|\n|-heal|p1a: Zekrom|249/259|[from] item: Leftovers\n|upkeep\n|turn|5\n|\n|t:|1733855325\n|move|p2a: Volcanion|Steam Eruption|p1a: Zekrom\n|-resisted|p1a: Zekrom\n|-damage|p1a: Zekrom|180/259\n|move|p1a: Zekrom|Substitute|p1a: Zekrom\n|-start|p1a: Zekrom|Substitute\n|-damage|p1a: Zekrom|116/259\n|\n|-heal|p1a: Zekrom|132/259|[from] item: Leftovers\n|upkeep\n|turn|6\n|inactive|ChocobOnline has 120 seconds left.\n|\n|t:|1733855333\n|move|p2a: Volcanion|Steam Eruption|p1a: Zekrom\n|-resisted|p1a: Zekrom\n|-end|p1a: Zekrom|Substitute\n|move|p1a: Zekrom|Dragon Dance|p1a: Zekrom\n|-boost|p1a: Zekrom|atk|1\n|-boost|p1a: Zekrom|spe|1\n|\n|-heal|p1a: Zekrom|148/259|[from] item: Leftovers\n|upkeep\n|turn|7\n|\n|t:|1733855340\n|move|p1a: Zekrom|Bolt Strike|p2a: Volcanion\n|-supereffective|p2a: Volcanion\n|-damage|p2a: Volcanion|0 fnt\n|faint|p2a: Volcanion\n|\n|-heal|p1a: Zekrom|164/259|[from] item: Leftovers\n|upkeep\n|\n|t:|1733855342\n|switch|p2a: Ditto|Ditto, L87|225/225\n|-transform|p2a: Ditto|p1a: Zekrom|[from] ability: Imposter\n|-ability|p2a: Ditto|Teravolt\n|turn|8\n|\n|t:|1733855353\n|-terastallize|p1a: Zekrom|Electric\n|move|p2a: Ditto|Outrage|p1a: Zekrom\n|-damage|p1a: Zekrom|0 fnt\n|faint|p1a: Zekrom\n|\n|upkeep\n|inactive|ChocobOnline has 120 seconds left.\n|\n|t:|1733855389\n|switch|p1a: Iron Hands|Iron Hands, L79|373/373\n|turn|9\n|\n|t:|1733855393\n|move|p2a: Ditto|Outrage|p1a: Iron Hands|[from]lockedmove\n|-damage|p1a: Iron Hands|157/373\n|-start|p2a: Ditto|confusion|[fatigue]\n|move|p1a: Iron Hands|Ice Punch|p2a: Ditto\n|-supereffective|p2a: Ditto\n|-damage|p2a: Ditto|117/225\n|\n|upkeep\n|turn|10\n|\n|t:|1733855401\n|-activate|p2a: Ditto|confusion\n|-damage|p2a: Ditto|65/225|[from] confusion\n|move|p1a: Iron Hands|Ice Punch|p2a: Ditto\n|-supereffective|p2a: Ditto\n|-damage|p2a: Ditto|0 fnt\n|faint|p2a: Ditto\n|\n|upkeep\n|\n|t:|1733855403\n|switch|p2a: Rhydon|Rhydon, L85, F|317/317\n|turn|11\n|\n|t:|1733855407\n|move|p1a: Iron Hands|Drain Punch|p2a: Rhydon\n|-supereffective|p2a: Rhydon\n|-damage|p2a: Rhydon|221/317\n|-heal|p1a: Iron Hands|205/373|[from] drain|[of] p2a: Rhydon\n|move|p2a: Rhydon|Swords Dance|p2a: Rhydon\n|-boost|p2a: Rhydon|atk|2\n|\n|upkeep\n|turn|12\n|\n|t:|1733855415\n|move|p1a: Iron Hands|Drain Punch|p2a: Rhydon\n|-supereffective|p2a: Rhydon\n|-damage|p2a: Rhydon|125/317\n|-heal|p1a: Iron Hands|253/373|[from] drain|[of] p2a: Rhydon\n|move|p2a: Rhydon|Earthquake|p1a: Iron Hands\n|-supereffective|p1a: Iron Hands\n|-damage|p1a: Iron Hands|0 fnt\n|faint|p1a: Iron Hands\n|-end|p1a: Iron Hands|Quark Drive|[silent]\n|\n|upkeep\n|\n|t:|1733855424\n|switch|p1a: Quagsire|Quagsire, L84, M|138/297\n|turn|13\n|\n|t:|1733855427\n|move|p2a: Rhydon|Earthquake|p1a: Quagsire\n|-damage|p1a: Quagsire|0 fnt\n|faint|p1a: Quagsire\n|\n|upkeep\n|\n|t:|1733855437\n|switch|p1a: Victreebel|Victreebel, L90, F|290/290\n|turn|14\n|\n|t:|1733855446\n|move|p1a: Victreebel|Power Whip|p2a: Rhydon\n|-supereffective|p2a: Rhydon\n|-damage|p2a: Rhydon|0 fnt\n|faint|p2a: Rhydon\n|-damage|p1a: Victreebel|261/290|[from] item: Life Orb\n|\n|upkeep\n|\n|t:|1733855460\n|switch|p2a: Gardevoir|Gardevoir, L83, M|249/249\n|-ability|p2a: Gardevoir|Chlorophyll|[from] ability: Trace|[of] p1a: Victreebel\n|turn|15\n|\n|t:|1733855470\n|switch|p1a: Chien-Pao|Chien-Pao, L72|234/234\n|-ability|p1a: Chien-Pao|Sword of Ruin\n|move|p2a: Gardevoir|Psychic|p1a: Chien-Pao\n|-immune|p1a: Chien-Pao\n|\n|upkeep\n|turn|16\n|\n|t:|1733855499\n|switch|p2a: Iron Valiant|Iron Valiant, L78|175/244 tox\n|move|p1a: Chien-Pao|Swords Dance|p1a: Chien-Pao\n|-boost|p1a: Chien-Pao|atk|2\n|\n|-damage|p2a: Iron Valiant|160/244 tox|[from] psn\n|upkeep\n|turn|17\n|\n|t:|1733855505\n|move|p1a: Chien-Pao|Icicle Crash|p2a: Iron Valiant|[miss]\n|-miss|p1a: Chien-Pao|p2a: Iron Valiant\n|move|p2a: Iron Valiant|Moonblast|p1a: Chien-Pao\n|-supereffective|p1a: Chien-Pao\n|-damage|p1a: Chien-Pao|0 fnt\n|faint|p1a: Chien-Pao\n|-damage|p2a: Iron Valiant|136/244 tox|[from] item: Life Orb\n|\n|-damage|p2a: Iron Valiant|106/244 tox|[from] psn\n|upkeep\n|-message|ChocobOnline forfeited.\n|\n|win|BigBossJnack\n|raw|ChocobOnline's rating: 1897 &rarr; <strong>1879</strong><br />(-18 for losing)\n|raw|BigBossJnack's rating: 1931 &rarr; <strong>1949</strong><br />(+18 for winning)\n|l|\u2606ChocobOnline\n|player|p1|\n", "inputlog": ">version bfd83cad13791eb5a5a409923076391caf6fb4d4\n>start {\"formatid\":\"gen9randombattle\",\"seed\":[56765,8056,18200,47574],\"rated\":\"Rated battle\"}\n>player p1 {\"name\":\"ChocobOnline\",\"avatar\":\"colress\",\"rating\":1897,\"seed\":[20324,53383,45590,53242]}\n>player p2 {\"name\":\"BigBossJnack\",\"avatar\":\"169\",\"rating\":1931,\"seed\":[22641,1924,15931,26546]}\n>p1 move toxic\n>p2 move moonblast\n>p1 switch 2\n>p2 move closecombat\n>p1 move sludgewave\n>p2 switch 6\n>p1 switch 5\n>p2 move flamecharge\n>p1 move substitute\n>p2 move steameruption\n>p1 move dragondance\n>p2 move steameruption\n>p1 move boltstrike\n>p2 move steameruption\n>p2 switch 3\n>p1 move outrage terastallize\n>p2 move outrage\n>p1 switch 3\n>p1 move icepunch\n>p2 move outrage\n>p1 move icepunch\n>p2 move outrage\n>p2 switch 4\n>p1 move drainpunch\n>p2 move swordsdance\n>p1 move drainpunch\n>p2 move earthquake\n>p1 switch 2\n>p1 move recover\n>p2 move earthquake\n>p1 switch 4\n>p1 move powerwhip\n>p2 move earthquake\n>p2 switch 2\n>p1 switch 6\n>p2 move psychic\n>p1 move swordsdance\n>p2 switch 6\n>p1 move iciclecrash\n>p2 move moonblast\n>forcelose p1", "uploadtime": 1733855520, "views": 1, "formatid": "gen9randombattle", "rating": 1879, "private": 0, "password": null}