{"id": "gen9randombattle-2259993521", "format": "[Gen 9] Random Battle", "players": ["EsparraGoza", "nikegang"], "log": "|j|\u2606EsparraGoza\n|j|\u2606nikegang\n|t:|1733788633\n|gametype|singles\n|player|p1|EsparraGoza|volo|\n|player|p2|nikegang|guzma|\n|teamsize|p1|6\n|teamsize|p2|6\n|gen|9\n|tier|[Gen 9] Random Battle\n|rule|Species Clause: Limit one of each Pok\u00e9mon\n|rule|HP Percentage Mod: HP is shown in percentages\n|rule|Sleep Clause Mod: Limit one foe put to sleep\n|rule|Illusion Level Mod: Illusion disguises the Pok\u00e9mon's true level\n|\n|t:|1733788633\n|start\n|switch|p1a: Regirock|Regirock, L83|268/268\n|switch|p2a: Froslass|Froslass, L87, F|263/263\n|turn|1\n|\n|t:|1733788647\n|move|p2a: Froslass|Will-O-Wisp|p1a: Regirock\n|-status|p1a: Regirock|brn\n|move|p1a: Regirock|Iron Defense|p1a: Regirock\n|-boost|p1a: Regirock|def|2\n|\n|-damage|p1a: Regirock|252/268 brn|[from] brn\n|upkeep\n|turn|2\n|\n|t:|1733788672\n|move|p2a: Froslass|Spikes|p1a: Regirock\n|-sidestart|p1: EsparraGoza|Spikes\n|move|p1a: Regirock|Thunder Wave|p2a: Froslass\n|-status|p2a: Froslass|par\n|\n|-heal|p1a: Regirock|268/268 brn|[from] item: Leftovers\n|-damage|p1a: Regirock|252/268 brn|[from] brn\n|upkeep\n|turn|3\n|\n|t:|1733788679\n|move|p1a: Regirock|Stone Edge|p2a: Froslass\n|-supereffective|p2a: Froslass\n|-damage|p2a: Froslass|151/263 par\n|move|p2a: Froslass|Spikes|p1a: Regirock\n|-sidestart|p1: EsparraGoza|Spikes\n|\n|-heal|p1a: Regirock|268/268 brn|[from] item: Leftovers\n|-damage|p1a: Regirock|252/268 brn|[from] brn\n|upkeep\n|turn|4\n|\n|t:|1733788683\n|move|p1a: Regirock|Iron Defense|p1a: Regirock\n|-boost|p1a: Regirock|def|2\n|move|p2a: Froslass|Spikes|p1a: Regirock\n|-sidestart|p1: EsparraGoza|Spikes\n|\n|-heal|p1a: Regirock|268/268 brn|[from] item: Leftovers\n|-damage|p1a: Regirock|252/268 brn|[from] brn\n|upkeep\n|turn|5\n|\n|t:|1733788691\n|switch|p2a: Volcanion|Volcanion, L79|255/255\n|move|p1a: Regirock|Stone Edge|p2a: Volcanion\n|-supereffective|p2a: Volcanion\n|-damage|p2a: Volcanion|162/255\n|\n|-heal|p1a: Regirock|268/268 brn|[from] item: Leftovers\n|-damage|p1a: Regirock|252/268 brn|[from] brn\n|upkeep\n|turn|6\n|c|\u2606nikegang|bruh\n|\n|t:|1733788698\n|move|p2a: Volcanion|Steam Eruption|p1a: Regirock\n|-supereffective|p1a: Regirock\n|-damage|p1a: Regirock|16/268 brn\n|move|p1a: Regirock|Thunder Wave|p2a: Volcanion\n|-status|p2a: Volcanion|par\n|\n|-heal|p1a: Regirock|32/268 brn|[from] item: Leftovers\n|-damage|p1a: Regirock|16/268 brn|[from] brn\n|upkeep\n|turn|7\n|c|\u2606nikegang|meu time \u00e9 podre\n|\n|t:|1733788718\n|switch|p1a: Tauros|Tauros-Paldea-Combat, L82, M|257/257\n|-damage|p1a: Tauros|193/257|[from] Spikes\n|-ability|p1a: Tauros|Intimidate|boost\n|-unboost|p2a: Volcanion|atk|1\n|cant|p2a: Volcanion|par\n|\n|upkeep\n|turn|8\n|\n|t:|1733788726\n|switch|p2a: Froslass|Froslass, L87, F|151/263 par\n|move|p1a: Tauros|Bulk Up|p1a: Tauros\n|-boost|p1a: Tauros|atk|1\n|-boost|p1a: Tauros|def|1\n|\n|upkeep\n|turn|9\n|\n|t:|1733788733\n|move|p1a: Tauros|Throat Chop|p2a: Froslass\n|-supereffective|p2a: Froslass\n|-damage|p2a: Froslass|0 fnt\n|-start|p1a: Tauros|Disable|Throat Chop|[from] ability: Cursed Body|[of] p2a: Froslass\n|faint|p2a: Froslass\n|-damage|p1a: Tauros|168/257|[from] item: Life Orb\n|\n|upkeep\n|\n|t:|1733788746\n|switch|p2a: Solgaleo|Solgaleo, L74|325/325\n|turn|10\n|\n|t:|1733788763\n|-terastallize|p1a: Tauros|Dark\n|move|p1a: Tauros|Close Combat|p2a: Solgaleo\n|-damage|p2a: Solgaleo|64/325\n|-unboost|p1a: Tauros|def|1\n|-unboost|p1a: Tauros|spd|1\n|-damage|p1a: Tauros|143/257|[from] item: Life Orb\n|move|p2a: Solgaleo|Flame Charge|p1a: Tauros\n|-damage|p1a: Tauros|111/257\n|-boost|p2a: Solgaleo|spe|1\n|\n|upkeep\n|turn|11\n|\n|t:|1733788776\n|move|p2a: Solgaleo|Close Combat|p1a: Tauros\n|-supereffective|p1a: Tauros\n|-crit|p1a: Tauros\n|-damage|p1a: Tauros|0 fnt\n|-unboost|p2a: Solgaleo|def|1\n|-unboost|p2a: Solgaleo|spd|1\n|faint|p1a: Tauros\n|\n|upkeep\n|\n|t:|1733788788\n|switch|p1a: Cryogonal|Cryogonal, L89|287/287\n|turn|12\n|\n|t:|1733788795\n|move|p2a: Solgaleo|Sunsteel Strike|p1a: Cryogonal\n|-supereffective|p1a: Cryogonal\n|-damage|p1a: Cryogonal|3/287\n|move|p1a: Cryogonal|Freeze-Dry|p2a: Solgaleo\n|-resisted|p2a: Solgaleo\n|-damage|p2a: Solgaleo|0 fnt\n|faint|p2a: Solgaleo\n|\n|upkeep\n|\n|t:|1733788805\n|switch|p2a: Koraidon|Koraidon, L64|235/235\n|-weather|SunnyDay|[from] ability: Orichalcum Pulse|[of] p2a: Koraidon\n|-activate|p2a: Koraidon|Orichalcum Pulse|[source]\n|turn|13\n|\n|t:|1733788812\n|-terastallize|p2a: Koraidon|Fire\n|move|p1a: Cryogonal|Freeze-Dry|p2a: Koraidon\n|-resisted|p2a: Koraidon\n|-damage|p2a: Koraidon|187/235\n|move|p2a: Koraidon|Flare Blitz|p1a: Cryogonal\n|-supereffective|p1a: Cryogonal\n|-damage|p1a: Cryogonal|0 fnt\n|faint|p1a: Cryogonal\n|-damage|p2a: Koraidon|186/235|[from] Recoil\n|\n|-weather|SunnyDay|[upkeep]\n|upkeep\n|\n|t:|1733788819\n|switch|p1a: Chansey|Chansey, L85, F|564/564\n|-damage|p1a: Chansey|423/564|[from] Spikes\n|turn|14\n|\n|t:|1733788823\n|move|p2a: Koraidon|Flare Blitz|p1a: Chansey\n|-damage|p1a: Chansey|0 fnt\n|faint|p1a: Chansey\n|-damage|p2a: Koraidon|46/235|[from] Recoil\n|\n|-weather|SunnyDay|[upkeep]\n|upkeep\n|\n|t:|1733788828\n|switch|p1a: Sylveon|Sylveon, L85, F|300/300\n|-damage|p1a: Sylveon|225/300|[from] Spikes\n|turn|15\n|\n|t:|1733788831\n|move|p1a: Sylveon|Protect|p1a: Sylveon\n|-singleturn|p1a: Sylveon|Protect\n|move|p2a: Koraidon|Flare Blitz|p1a: Sylveon\n|-activate|p1a: Sylveon|move: Protect\n|\n|-weather|SunnyDay|[upkeep]\n|-heal|p1a: Sylveon|243/300|[from] item: Leftovers\n|upkeep\n|turn|16\n|\n|t:|1733788841\n|move|p2a: Koraidon|Flare Blitz|p1a: Sylveon\n|-damage|p1a: Sylveon|0 fnt\n|faint|p1a: Sylveon\n|-damage|p2a: Koraidon|0 fnt|[from] Recoil\n|faint|p2a: Koraidon\n|\n|-weather|SunnyDay|[upkeep]\n|upkeep\n|\n|t:|1733788847\n|switch|p2a: Regieleki|Regieleki, L79|256/256\n|switch|p1a: Trevenant|Trevenant, L88, F|293/293\n|-damage|p1a: Trevenant|220/293|[from] Spikes\n|turn|17\n|\n|t:|1733788854\n|move|p2a: Regieleki|Thunderbolt|p1a: Trevenant\n|-resisted|p1a: Trevenant\n|-damage|p1a: Trevenant|151/293\n|move|p1a: Trevenant|Toxic|p2a: Regieleki\n|-status|p2a: Regieleki|tox\n|\n|-weather|none\n|-damage|p2a: Regieleki|240/256 tox|[from] psn\n|upkeep\n|turn|18\n|\n|t:|1733788859\n|move|p1a: Trevenant|Protect|p1a: Trevenant\n|-singleturn|p1a: Trevenant|Protect\n|move|p2a: Regieleki|Thunderbolt|p1a: Trevenant\n|-activate|p1a: Trevenant|move: Protect\n|\n|-damage|p2a: Regieleki|208/256 tox|[from] psn\n|upkeep\n|turn|19\n|\n|t:|1733788864\n|move|p2a: Regieleki|Thunderbolt|p1a: Trevenant\n|-resisted|p1a: Trevenant\n|-damage|p1a: Trevenant|89/293\n|-enditem|p1a: Trevenant|Sitrus Berry|[eat]\n|-heal|p1a: Trevenant|162/293|[from] item: Sitrus Berry\n|move|p1a: Trevenant|Drain Punch|p2a: Regieleki\n|-damage|p2a: Regieleki|104/256 tox\n|-heal|p1a: Trevenant|214/293|[from] drain|[of] p2a: Regieleki\n|\n|-damage|p2a: Regieleki|56/256 tox|[from] psn\n|upkeep\n|turn|20\n|\n|t:|1733788873\n|move|p1a: Trevenant|Protect|p1a: Trevenant\n|-singleturn|p1a: Trevenant|Protect\n|move|p2a: Regieleki|Thunderbolt|p1a: Trevenant\n|-activate|p1a: Trevenant|move: Protect\n|\n|-damage|p2a: Regieleki|0 fnt|[from] psn\n|faint|p2a: Regieleki\n|upkeep\n|\n|t:|1733788875\n|switch|p2a: Medicham|Medicham, L86, M|243/243\n|turn|21\n|\n|t:|1733788882\n|move|p2a: Medicham|Zen Headbutt|p1a: Trevenant\n|-damage|p1a: Trevenant|7/293\n|move|p1a: Trevenant|Poltergeist|p2a: Medicham|[miss]\n|-miss|p1a: Trevenant|p2a: Medicham\n|\n|upkeep\n|turn|22\n|\n|t:|1733788893\n|move|p1a: Trevenant|Protect|p1a: Trevenant\n|-singleturn|p1a: Trevenant|Protect\n|move|p2a: Medicham|Zen Headbutt|p1a: Trevenant\n|-activate|p1a: Trevenant|move: Protect\n|\n|upkeep\n|turn|23\n|c|\u2606nikegang|Receba o reverse\n|\n|t:|1733788904\n|move|p2a: Medicham|Zen Headbutt|p1a: Trevenant|[miss]\n|-miss|p2a: Medicham|p1a: Trevenant\n|move|p1a: Trevenant|Poltergeist|p2a: Medicham\n|-activate|p2a: Medicham|move: Poltergeist|Choice Band\n|-supereffective|p2a: Medicham\n|-damage|p2a: Medicham|0 fnt\n|faint|p2a: Medicham\n|\n|upkeep\n|\n|t:|1733788906\n|switch|p2a: Volcanion|Volcanion, L79|162/255 par\n|turn|24\n|c|\u2606EsparraGoza|K\n|c|\u2606nikegang|receba o reverse pt 2\n|\n|t:|1733788934\n|move|p1a: Trevenant|Drain Punch|p2a: Volcanion\n|-damage|p2a: Volcanion|106/255 par\n|-heal|p1a: Trevenant|35/293|[from] drain|[of] p2a: Volcanion\n|cant|p2a: Volcanion|par\n|\n|-item|p1a: Trevenant|Sitrus Berry|[from] ability: Harvest\n|upkeep\n|-enditem|p1a: Trevenant|Sitrus Berry|[eat]\n|-heal|p1a: Trevenant|108/293|[from] item: Sitrus Berry\n|turn|25\n|\n|t:|1733788939\n|move|p1a: Trevenant|Drain Punch|p2a: Volcanion\n|-damage|p2a: Volcanion|49/255 par\n|-heal|p1a: Trevenant|137/293|[from] drain|[of] p2a: Volcanion\n|cant|p2a: Volcanion|par\n|\n|-item|p1a: Trevenant|Sitrus Berry|[from] ability: Harvest\n|upkeep\n|-enditem|p1a: Trevenant|Sitrus Berry|[eat]\n|-heal|p1a: Trevenant|210/293|[from] item: Sitrus Berry\n|turn|26\n|\n|t:|1733788943\n|move|p1a: Trevenant|Drain Punch|p2a: Volcanion\n|-damage|p2a: Volcanion|0 fnt\n|-heal|p1a: Trevenant|235/293|[from] drain|[of] p2a: Volcanion\n|faint|p2a: Volcanion\n|\n|win|EsparraGoza\n|c|\u2606nikegang|ata\n|l|\u2606nikegang\n|player|p2|\n", "inputlog": ">version bfd83cad13791eb5a5a409923076391caf6fb4d4\n>start {\"formatid\":\"gen9randombattle\",\"seed\":[24251,49037,25784,47882]}\n>player p1 {\"name\":\"EsparraGoza\",\"avatar\":\"volo\",\"rating\":0,\"seed\":[10313,19824,34538,17984]}\n>player p2 {\"name\":\"nikegang\",\"avatar\":\"guzma\",\"rating\":0,\"seed\":[25623,49873,29711,14111]}\n>p1 move irondefense\n>p2 move willowisp\n>p1 move thunderwave\n>p2 move spikes\n>p1 move stoneedge\n>p2 move spikes\n>p1 move irondefense\n>p2 move spikes\n>p1 move stoneedge\n>p2 switch 5\n>chat \u2606nikegang|bruh \n>p1 move thunderwave\n>p2 move steameruption\n>chat \u2606nikegang|meu time \u00e9 podre\n>p1 switch 6\n>p2 move steameruption\n>p1 move bulkup\n>p2 switch 5\n>p1 move throatchop\n>p2 move willowisp\n>p2 switch 6\n>p1 move closecombat terastallize\n>p2 move flamecharge\n>p1 move closecombat\n>p2 move closecombat\n>p1 switch 4\n>p1 move freezedry\n>p2 move sunsteelstrike\n>p2 switch 3\n>p1 move freezedry\n>p2 move flareblitz terastallize\n>p1 switch 2\n>p1 move thunderwave\n>p2 move flareblitz\n>p1 switch 3\n>p1 move protect\n>p2 move flareblitz\n>p1 move hypervoice\n>p2 move flareblitz\n>p1 switch 5\n>p2 switch 2\n>p1 move toxic\n>p2 move thunderbolt\n>p1 move protect\n>p2 move thunderbolt\n>p1 move drainpunch\n>p2 move thunderbolt\n>p1 move protect\n>p2 move thunderbolt\n>p2 switch 4\n>p1 move poltergeist\n>p2 move zenheadbutt\n>p1 move protect\n>p2 move zenheadbutt\n>chat \u2606nikegang|Receba o reverse\n>p1 move poltergeist\n>p2 move zenheadbutt\n>p2 switch 5\n>chat \u2606EsparraGoza|K\n>chat \u2606nikegang|receba o reverse pt 2\n>p1 move drainpunch\n>p2 move flamecharge\n>p1 move drainpunch\n>p2 move flamethrower\n>p1 move drainpunch\n>p2 move flamethrower", "uploadtime": 1733788960, "views": 2, "formatid": "gen9randombattle", "rating": null, "private": 0, "password": null}