{"id": "gen9randombattle-2260675171", "format": "[Gen 9] Random Battle", "players": ["Sabertoothducko", "axidone"], "log": "|j|\u2606Sabertoothducko\n|j|\u2606axidone\n|t:|1733876960\n|gametype|singles\n|player|p1|Sabertoothducko|doctor|1000\n|player|p2|axidone|lucas|1011\n|teamsize|p1|6\n|teamsize|p2|6\n|gen|9\n|tier|[Gen 9] Random Battle\n|rated|\n|rule|Species Clause: Limit one of each Pok\u00e9mon\n|rule|HP Percentage Mod: HP is shown in percentages\n|rule|Sleep Clause Mod: Limit one foe put to sleep\n|rule|Illusion Level Mod: Illusion disguises the Pok\u00e9mon's true level\n|\n|t:|1733876960\n|start\n|switch|p1a: Scovillain|Scovillain, L91, M|266/266\n|switch|p2a: Braviary|Braviary-Hisui, L85, M|326/326\n|turn|1\n|\n|t:|1733876990\n|switch|p1a: Farigiraf|Farigiraf, L91, M|366/366\n|move|p2a: Braviary|Calm Mind|p2a: Braviary\n|-boost|p2a: Braviary|spa|1\n|-boost|p2a: Braviary|spd|1\n|\n|upkeep\n|turn|2\n|\n|t:|1733877000\n|move|p1a: Farigiraf|Wish|p1a: Farigiraf\n|move|p2a: Braviary|Hurricane|p1a: Farigiraf\n|-damage|p1a: Farigiraf|149/366\n|\n|-heal|p1a: Farigiraf|171/366|[from] item: Leftovers\n|upkeep\n|turn|3\n|\n|t:|1733877011\n|move|p1a: Farigiraf|Protect|p1a: Farigiraf\n|-singleturn|p1a: Farigiraf|Protect\n|move|p2a: Braviary|Hurricane|p1a: Farigiraf\n|-activate|p1a: Farigiraf|move: Protect\n|\n|-heal|p1a: Farigiraf|354/366|[from] move: Wish|[wisher] Farigiraf\n|-heal|p1a: Farigiraf|366/366|[from] item: Leftovers\n|upkeep\n|turn|4\n|\n|t:|1733877020\n|move|p1a: Farigiraf|Hyper Voice|p2a: Braviary\n|-damage|p2a: Braviary|226/326\n|move|p2a: Braviary|Calm Mind|p2a: Braviary\n|-boost|p2a: Braviary|spa|1\n|-boost|p2a: Braviary|spd|1\n|\n|upkeep\n|turn|5\n|\n|t:|1733877037\n|move|p1a: Farigiraf|Hyper Voice|p2a: Braviary\n|-damage|p2a: Braviary|150/326\n|move|p2a: Braviary|Calm Mind|p2a: Braviary\n|-boost|p2a: Braviary|spa|1\n|-boost|p2a: Braviary|spd|1\n|\n|upkeep\n|turn|6\n|\n|t:|1733877050\n|move|p1a: Farigiraf|Hyper Voice|p2a: Braviary\n|-damage|p2a: Braviary|95/326\n|move|p2a: Braviary|Roost|p2a: Braviary\n|-heal|p2a: Braviary|258/326\n|-singleturn|p2a: Braviary|move: Roost\n|\n|upkeep\n|turn|7\n|\n|t:|1733877058\n|switch|p1a: Solgaleo|Solgaleo, L74|325/325\n|move|p2a: Braviary|Hurricane|p1a: Solgaleo\n|-resisted|p1a: Solgaleo\n|-damage|p1a: Solgaleo|0 fnt\n|faint|p1a: Solgaleo\n|\n|upkeep\n|\n|t:|1733877071\n|switch|p1a: Farigiraf|Farigiraf, L91, M|366/366\n|turn|8\n|\n|t:|1733877076\n|move|p1a: Farigiraf|Future Sight|p2a: Braviary\n|-start|p1a: Farigiraf|move: Future Sight\n|move|p2a: Braviary|Hurricane|p1a: Farigiraf|[miss]\n|-miss|p2a: Braviary|p1a: Farigiraf\n|\n|upkeep\n|turn|9\n|\n|t:|1733877082\n|move|p1a: Farigiraf|Protect|p1a: Farigiraf\n|-singleturn|p1a: Farigiraf|Protect\n|move|p2a: Braviary|Hurricane|p1a: Farigiraf\n|-activate|p1a: Farigiraf|move: Protect\n|\n|upkeep\n|turn|10\n|\n|t:|1733877093\n|move|p1a: Farigiraf|Hyper Voice|p2a: Braviary\n|-damage|p2a: Braviary|195/326\n|move|p2a: Braviary|Roost|p2a: Braviary\n|-heal|p2a: Braviary|326/326\n|-singleturn|p2a: Braviary|move: Roost\n|\n|-end|p2a: Braviary|move: Future Sight\n|-resisted|p2a: Braviary\n|-damage|p2a: Braviary|289/326\n|upkeep\n|turn|11\n|\n|t:|1733877106\n|move|p1a: Farigiraf|Protect|p1a: Farigiraf\n|-singleturn|p1a: Farigiraf|Protect\n|move|p2a: Braviary|Hurricane|p1a: Farigiraf\n|-activate|p1a: Farigiraf|move: Protect\n|\n|upkeep\n|turn|12\n|\n|t:|1733877112\n|move|p1a: Farigiraf|Hyper Voice|p2a: Braviary\n|-damage|p2a: Braviary|231/326\n|move|p2a: Braviary|Hurricane|p1a: Farigiraf\n|-damage|p1a: Farigiraf|0 fnt\n|faint|p1a: Farigiraf\n|\n|upkeep\n|\n|t:|1733877120\n|switch|p1a: Gouging Fire|Gouging Fire, L74|277/277\n|turn|13\n|\n|t:|1733877131\n|move|p1a: Gouging Fire|Outrage|p2a: Braviary\n|-damage|p2a: Braviary|102/326\n|move|p2a: Braviary|Esper Wing|p1a: Gouging Fire\n|-damage|p1a: Gouging Fire|12/277\n|-boost|p2a: Braviary|spe|1\n|\n|upkeep\n|turn|14\n|\n|t:|1733877139\n|move|p2a: Braviary|Esper Wing|p1a: Gouging Fire\n|-damage|p1a: Gouging Fire|0 fnt\n|-boost|p2a: Braviary|spe|1\n|faint|p1a: Gouging Fire\n|-end|p1a: Gouging Fire|Protosynthesis|[silent]\n|\n|upkeep\n|\n|t:|1733877149\n|switch|p1a: Yanmega|Yanmega, L82, F|275/275\n|turn|15\n|\n|t:|1733877158\n|move|p2a: Braviary|Roost|p2a: Braviary\n|-heal|p2a: Braviary|265/326\n|-singleturn|p2a: Braviary|move: Roost\n|move|p1a: Yanmega|Bug Buzz|p2a: Braviary\n|-supereffective|p2a: Braviary\n|-damage|p2a: Braviary|169/326\n|\n|-ability|p1a: Yanmega|Speed Boost|boost\n|-boost|p1a: Yanmega|spe|1\n|upkeep\n|turn|16\n|\n|t:|1733877173\n|move|p2a: Braviary|Hurricane|p1a: Yanmega\n|-supereffective|p1a: Yanmega\n|-crit|p1a: Yanmega\n|-damage|p1a: Yanmega|0 fnt\n|faint|p1a: Yanmega\n|\n|upkeep\n|\n|t:|1733877178\n|switch|p1a: Torterra|Torterra, L78, M|276/276\n|turn|17\n|\n|t:|1733877186\n|move|p2a: Braviary|Esper Wing|p1a: Torterra\n|-damage|p1a: Torterra|17/276\n|-boost|p2a: Braviary|spe|1\n|move|p1a: Torterra|Headlong Rush|p2a: Braviary\n|-immune|p2a: Braviary\n|\n|upkeep\n|turn|18\n|\n|t:|1733877198\n|switch|p1a: Scovillain|Scovillain, L91, M|266/266\n|move|p2a: Braviary|Esper Wing|p1a: Scovillain\n|-damage|p1a: Scovillain|0 fnt\n|-boost|p2a: Braviary|spe|1\n|faint|p1a: Scovillain\n|\n|upkeep\n|\n|t:|1733877206\n|switch|p1a: Torterra|Torterra, L78, M|17/276\n|turn|19\n|\n|t:|1733877212\n|-terastallize|p1a: Torterra|Rock\n|move|p2a: Braviary|Esper Wing|p1a: Torterra\n|-damage|p1a: Torterra|0 fnt\n|-boost|p2a: Braviary|spe|1\n|faint|p1a: Torterra\n|\n|win|axidone\n|raw|Sabertoothducko's rating: 1000 &rarr; <strong>1000</strong><br />(+0 for losing)\n|raw|axidone's rating: 1011 &rarr; <strong>1048</strong><br />(+37 for winning)\n", "inputlog": ">version bfd83cad13791eb5a5a409923076391caf6fb4d4\n>start {\"formatid\":\"gen9randombattle\",\"seed\":[50751,7767,44052,6239],\"rated\":\"Rated battle\"}\n>player p1 {\"name\":\"Sabertoothducko\",\"avatar\":\"doctor\",\"rating\":1000,\"seed\":[34222,19568,60013,21045]}\n>player p2 {\"name\":\"axidone\",\"avatar\":\"lucas\",\"rating\":1011,\"seed\":[16364,57403,20328,57264]}\n>p1 switch 6\n>p2 move calmmind\n>p1 move wish\n>p2 move hurricane\n>p1 move protect\n>p2 move hurricane\n>p1 move hypervoice\n>p2 move calmmind\n>p1 move hypervoice\n>p2 move calmmind\n>p1 move hypervoice\n>p2 move roost\n>p1 switch 4\n>p2 move hurricane\n>p1 switch 4\n>p1 move futuresight\n>p2 move hurricane\n>p1 move protect\n>p2 move hurricane\n>p1 move hypervoice\n>p2 move roost\n>p1 move protect\n>p2 move hurricane\n>p1 move hypervoice\n>p2 move hurricane\n>p1 switch 5\n>p1 move outrage\n>p2 move esperwing\n>p1 move outrage\n>p2 move esperwing\n>p1 switch 2\n>p1 move bugbuzz\n>p2 move roost\n>p1 move bugbuzz\n>p2 move hurricane\n>p1 switch 3\n>p1 move headlongrush\n>p2 move esperwing\n>p1 switch 6\n>p2 move esperwing\n>p1 switch 6\n>p1 move rockblast terastallize\n>p2 move esperwing", "uploadtime": 1733877233, "views": 16, "formatid": "gen9randombattle", "rating": 1000, "private": 0, "password": null}