{"id": "gen9randombattle-2137860541", "format": "[Gen 9] Random Battle", "players": ["Dutch wife", "BillyFan302"], "log": "|j|\u2606Dutch wife\n|j|\u2606BillyFan302\n|t:|1717647929\n|gametype|singles\n|player|p1|Dutch wife|102|2266\n|player|p2|BillyFan302|skier-gen2|2216\n|teamsize|p1|6\n|teamsize|p2|6\n|gen|9\n|tier|[Gen 9] Random Battle\n|rated|\n|rule|Species Clause: Limit one of each Pok\u00e9mon\n|rule|HP Percentage Mod: HP is shown in percentages\n|rule|Sleep Clause Mod: Limit one foe put to sleep\n|rule|Illusion Level Mod: Illusion disguises the Pok\u00e9mon's true level\n|\n|t:|1717647929\n|start\n|switch|p1a: Banette|Banette, L93, M|270/270\n|switch|p2a: Mewtwo|Mewtwo, L72|272/272\n|-ability|p2a: Mewtwo|Unnerve\n|turn|1\n|\n|t:|1717647976\n|switch|p2a: Bastiodon|Bastiodon, L89, M|252/252\n|move|p1a: Banette|Poltergeist|p2a: Bastiodon\n|-activate|p2a: Bastiodon|move: Poltergeist|Chesto Berry\n|-damage|p2a: Bastiodon|143/252\n|-damage|p1a: Banette|243/270|[from] item: Life Orb\n|\n|upkeep\n|turn|2\n|\n|t:|1717647995\n|move|p1a: Banette|Swords Dance|p1a: Banette\n|-boost|p1a: Banette|atk|2\n|move|p2a: Bastiodon|Rest|p2a: Bastiodon\n|-status|p2a: Bastiodon|slp|[from] move: Rest\n|-heal|p2a: Bastiodon|252/252 slp|[silent]\n|-enditem|p2a: Bastiodon|Chesto Berry|[eat]\n|-curestatus|p2a: Bastiodon|slp|[msg]\n|\n|upkeep\n|turn|3\n|\n|t:|1717648001\n|move|p1a: Banette|Swords Dance|p1a: Banette\n|-boost|p1a: Banette|atk|2\n|move|p2a: Bastiodon|Iron Defense|p2a: Bastiodon\n|-boost|p2a: Bastiodon|def|2\n|\n|upkeep\n|turn|4\n|\n|t:|1717648006\n|move|p1a: Banette|Poltergeist||[still]\n|-fail|p1a: Banette\n|move|p2a: Bastiodon|Iron Defense|p2a: Bastiodon\n|-boost|p2a: Bastiodon|def|2\n|\n|upkeep\n|turn|5\n|\n|t:|1717648025\n|move|p1a: Banette|Swords Dance|p1a: Banette\n|-boost|p1a: Banette|atk|2\n|move|p2a: Bastiodon|Foul Play|p1a: Banette\n|-supereffective|p1a: Banette\n|-damage|p1a: Banette|0 fnt\n|faint|p1a: Banette\n|\n|upkeep\n|\n|t:|1717648036\n|switch|p1a: Raikou|Raikou, L81|278/278\n|-ability|p1a: Raikou|Pressure\n|turn|6\n|\n|t:|1717648047\n|move|p1a: Raikou|Scald|p2a: Bastiodon\n|-supereffective|p2a: Bastiodon\n|-damage|p2a: Bastiodon|122/252\n|-status|p2a: Bastiodon|brn\n|move|p2a: Bastiodon|Body Press|p1a: Raikou\n|-damage|p1a: Raikou|117/278\n|\n|-damage|p2a: Bastiodon|107/252 brn|[from] brn\n|upkeep\n|turn|7\n|\n|t:|1717648067\n|-terastallize|p2a: Bastiodon|Fighting\n|move|p1a: Raikou|Scald|p2a: Bastiodon\n|-damage|p2a: Bastiodon|46/252 brn\n|move|p2a: Bastiodon|Rest|p2a: Bastiodon\n|-status|p2a: Bastiodon|slp|[from] move: Rest\n|-heal|p2a: Bastiodon|252/252 slp|[silent]\n|\n|upkeep\n|turn|8\n|\n|t:|1717648079\n|move|p1a: Raikou|Scald|p2a: Bastiodon\n|-damage|p2a: Bastiodon|188/252 slp\n|cant|p2a: Bastiodon|slp\n|\n|upkeep\n|turn|9\n|\n|t:|1717648087\n|move|p1a: Raikou|Scald|p2a: Bastiodon\n|-damage|p2a: Bastiodon|132/252 slp\n|cant|p2a: Bastiodon|slp\n|\n|upkeep\n|turn|10\n|\n|t:|1717648101\n|switch|p1a: Corviknight|Corviknight, L80, M|288/288\n|-curestatus|p2a: Bastiodon|slp|[msg]\n|move|p2a: Bastiodon|Body Press|p1a: Corviknight\n|-damage|p1a: Corviknight|0 fnt\n|-damage|p2a: Bastiodon|90/252|[from] item: Rocky Helmet|[of] p1a: Corviknight\n|faint|p1a: Corviknight\n|\n|upkeep\n|\n|t:|1717648109\n|switch|p1a: Raikou|Raikou, L81|117/278\n|-ability|p1a: Raikou|Pressure\n|turn|11\n|\n|t:|1717648115\n|switch|p2a: Lurantis|Lurantis, L87, F|264/264\n|move|p1a: Raikou|Thunderbolt|p2a: Lurantis\n|-resisted|p2a: Lurantis\n|-damage|p2a: Lurantis|216/264\n|\n|upkeep\n|turn|12\n|\n|t:|1717648119\n|switch|p1a: Staraptor|Staraptor, L79, F|263/263\n|move|p2a: Lurantis|Superpower|p1a: Staraptor\n|-damage|p1a: Staraptor|153/263\n|-boost|p2a: Lurantis|atk|1\n|-boost|p2a: Lurantis|def|1\n|\n|upkeep\n|turn|13\n|\n|t:|1717648128\n|move|p1a: Staraptor|U-turn|p2a: Lurantis\n|-supereffective|p2a: Lurantis\n|-damage|p2a: Lurantis|124/264\n|\n|t:|1717648136\n|switch|p1a: Terrakion|Terrakion, L79|273/273|[from] U-turn\n|move|p2a: Lurantis|Superpower|p1a: Terrakion\n|-supereffective|p1a: Terrakion\n|-damage|p1a: Terrakion|0 fnt\n|-boost|p2a: Lurantis|atk|1\n|-boost|p2a: Lurantis|def|1\n|faint|p1a: Terrakion\n|\n|upkeep\n|\n|t:|1717648146\n|switch|p1a: Staraptor|Staraptor, L79, F|153/263\n|turn|14\n|\n|t:|1717648150\n|move|p1a: Staraptor|Brave Bird|p2a: Lurantis\n|-supereffective|p2a: Lurantis\n|-damage|p2a: Lurantis|0 fnt\n|faint|p2a: Lurantis\n|-damage|p1a: Staraptor|112/263|[from] Recoil\n|\n|upkeep\n|\n|t:|1717648153\n|switch|p2a: Ditto|Ditto, L87|225/225\n|-transform|p2a: Ditto|p1a: Staraptor|[from] ability: Imposter\n|turn|15\n|\n|t:|1717648158\n|move|p2a: Ditto|Double-Edge|p1a: Staraptor\n|-damage|p1a: Staraptor|0 fnt\n|faint|p1a: Staraptor\n|-damage|p2a: Ditto|188/225|[from] Recoil\n|\n|upkeep\n|\n|t:|1717648172\n|switch|p1a: Raikou|Raikou, L81|117/278\n|-ability|p1a: Raikou|Pressure\n|turn|16\n|\n|t:|1717648177\n|move|p2a: Ditto|Double-Edge|p1a: Raikou\n|-damage|p1a: Raikou|0 fnt\n|faint|p1a: Raikou\n|-damage|p2a: Ditto|149/225|[from] Recoil\n|\n|upkeep\n|\n|t:|1717648179\n|switch|p1a: Quaquaval|Quaquaval, L79, M|264/264\n|turn|17\n|\n|t:|1717648193\n|switch|p2a: Gyarados|Gyarados, L79, F|280/280\n|-ability|p2a: Gyarados|Intimidate|boost\n|-unboost|p1a: Quaquaval|atk|1\n|move|p1a: Quaquaval|Aqua Step|p2a: Gyarados\n|-resisted|p2a: Gyarados\n|-damage|p2a: Gyarados|243/280\n|-boost|p1a: Quaquaval|spe|1\n|\n|upkeep\n|turn|18\n|-message|Dutch wife forfeited.\n|\n|win|BillyFan302\n|raw|Dutch wife's rating: 2266 &rarr; <strong>2243</strong><br />(-23 for losing)\n|raw|BillyFan302's rating: 2216 &rarr; <strong>2239</strong><br />(+23 for winning)\n|l|\u2606Dutch wife\n|player|p1|\n", "inputlog": ">version f9cb5564d20655cae0a2e0c61a4cb48bd401cdfe\n>start {\"formatid\":\"gen9randombattle\",\"seed\":[29809,2858,8851,36065],\"rated\":\"Rated battle\"}\n>player p1 {\"name\":\"Dutch wife\",\"avatar\":\"102\",\"rating\":2266,\"seed\":[27309,8296,8748,47226]}\n>player p2 {\"name\":\"BillyFan302\",\"avatar\":\"skier-gen2\",\"rating\":2216,\"seed\":[39144,6525,31893,35754]}\n>p1 move poltergeist\n>p2 switch 4\n>p1 move swordsdance\n>p2 move rest\n>p1 move swordsdance\n>p2 move irondefense\n>p1 move poltergeist\n>p2 move irondefense\n>p1 move swordsdance\n>p2 move foulplay\n>p1 switch 3\n>p1 move scald\n>p2 move bodypress\n>p1 move scald\n>p2 move rest terastallize\n>p1 move scald\n>p2 move bodypress\n>p1 move scald\n>p2 move bodypress\n>p1 switch 6\n>p2 move bodypress\n>p1 switch 6\n>p1 move thunderbolt\n>p2 switch 5\n>p1 switch 4\n>p2 move superpower\n>p1 move uturn\n>p2 move superpower\n>p1 switch 5\n>p1 switch 5\n>p1 move bravebird\n>p2 move superpower\n>p2 switch 3\n>p1 move bravebird\n>p2 move doubleedge\n>p1 switch 4\n>p1 move thunderbolt\n>p2 move doubleedge\n>p1 switch 2\n>p1 move aquastep\n>p2 switch 6\n>forcelose p1", "uploadtime": 1717648203, "views": 196, "formatid": "gen9randombattle", "rating": 2239, "private": 0, "password": null}