{"id": "gen9randombattle-2109480733", "format": "[Gen 9] Random Battle", "players": ["seventhfeather", "samuelayers"], "log": "|uhtml|medal-msg|<div class=\"broadcast-blue\">Curious what those medals under the avatar are? PS now has Ladder Seasons! For more information, check out the <a href=\"https://www.smogon.com/forums/threads/3740067/\">thread on Smogon.</a></div>\n|uhtml|medal-msg|<div class=\"broadcast-blue\">Curious what those medals under the avatar are? PS now has Ladder Seasons! For more information, check out the <a href=\"https://www.smogon.com/forums/threads/3740067/\">thread on Smogon.</a></div>\n|j|\u2606seventhfeather\n|j|\u2606samuelayers\n|t:|1713840113\n|gametype|singles\n|player|p1|seventhfeather|roxanne|2227\n|player|p2|samuelayers|gentleman-gen4dp|2264\n|teamsize|p1|6\n|teamsize|p2|6\n|gen|9\n|tier|[Gen 9] Random Battle\n|rated|\n|rule|Species Clause: Limit one of each Pok\u00e9mon\n|rule|HP Percentage Mod: HP is shown in percentages\n|rule|Sleep Clause Mod: Limit one foe put to sleep\n|rule|Illusion Level Mod: Illusion disguises the Pok\u00e9mon's true level\n|\n|t:|1713840113\n|start\n|switch|p1a: Lapras|Lapras, L88, F|371/371\n|switch|p2a: Toucannon|Toucannon, L88, M|284/284\n|turn|1\n|inactive|Battle timer is ON: inactive players will automatically lose when time's up. (requested by samuelayers)\n|\n|t:|1713840126\n|switch|p2a: Kricketune|Kricketune, L99, M|312/312\n|move|p1a: Lapras|Freeze-Dry|p2a: Kricketune\n|-damage|p2a: Kricketune|162/312\n|\n|upkeep\n|turn|2\n|\n|t:|1713840142\n|move|p2a: Kricketune|Sticky Web|p1a: Lapras\n|-sidestart|p1: seventhfeather|move: Sticky Web\n|move|p1a: Lapras|Freeze-Dry|p2a: Kricketune\n|-damage|p2a: Kricketune|32/312\n|\n|upkeep\n|turn|3\n|\n|t:|1713840146\n|move|p2a: Kricketune|Knock Off|p1a: Lapras\n|-damage|p1a: Lapras|290/371\n|-enditem|p1a: Lapras|Choice Specs|[from] move: Knock Off|[of] p2a: Kricketune\n|move|p1a: Lapras|Freeze-Dry|p2a: Kricketune\n|-damage|p2a: Kricketune|0 fnt\n|faint|p2a: Kricketune\n|\n|upkeep\n|\n|t:|1713840150\n|switch|p2a: Medicham|Medicham, L86, M|243/243\n|turn|4\n|\n|t:|1713840152\n|switch|p1a: Vespiquen|Vespiquen, L98, F|296/296\n|-ability|p1a: Vespiquen|Pressure\n|move|p2a: Medicham|Close Combat|p1a: Vespiquen\n|-resisted|p1a: Vespiquen\n|-damage|p1a: Vespiquen|238/296\n|-unboost|p2a: Medicham|def|1\n|-unboost|p2a: Medicham|spd|1\n|\n|upkeep\n|turn|5\n|\n|t:|1713840158\n|switch|p2a: Toucannon|Toucannon, L88, M|284/284\n|move|p1a: Vespiquen|Spikes|p2a: Toucannon\n|-sidestart|p2: samuelayers|Spikes\n|\n|upkeep\n|turn|6\n|inactive|seventhfeather has 120 seconds left.\n|\n|t:|1713840199\n|switch|p1a: Dusknoir|Dusknoir, L88, M|222/222\n|-activate|p1a: Dusknoir|move: Sticky Web\n|-unboost|p1a: Dusknoir|spe|1\n|-item|p2a: Toucannon|Heavy-Duty Boots|[from] ability: Frisk|[of] p1a: Dusknoir|[identify]\n|-singleturn|p2a: Toucannon|move: Beak Blast\n|move|p2a: Toucannon|Beak Blast|p1a: Dusknoir\n|-damage|p1a: Dusknoir|135/222\n|\n|-heal|p1a: Dusknoir|148/222|[from] item: Leftovers\n|upkeep\n|turn|7\n|\n|t:|1713840210\n|move|p2a: Toucannon|Knock Off|p1a: Dusknoir\n|-supereffective|p1a: Dusknoir\n|-damage|p1a: Dusknoir|36/222\n|-enditem|p1a: Dusknoir|Leftovers|[from] move: Knock Off|[of] p2a: Toucannon\n|move|p1a: Dusknoir|Pain Split|p2a: Toucannon\n|-sethp|p2a: Toucannon|160/284|[from] move: Pain Split|[silent]\n|-sethp|p1a: Dusknoir|160/222|[from] move: Pain Split\n|\n|upkeep\n|turn|8\n|\n|t:|1713840217\n|switch|p2a: Wyrdeer|Wyrdeer, L87, M|321/321\n|-damage|p2a: Wyrdeer|281/321|[from] Spikes\n|-ability|p2a: Wyrdeer|Intimidate|boost\n|-unboost|p1a: Dusknoir|atk|1\n|move|p1a: Dusknoir|Pain Split|p2a: Wyrdeer\n|-sethp|p2a: Wyrdeer|220/321|[from] move: Pain Split|[silent]\n|-sethp|p1a: Dusknoir|220/222|[from] move: Pain Split\n|\n|-heal|p2a: Wyrdeer|240/321|[from] item: Leftovers\n|upkeep\n|turn|9\n|inactive|seventhfeather has 120 seconds left.\n|\n|t:|1713840247\n|switch|p1a: Lapras|Lapras, L88, F|290/371\n|-activate|p1a: Lapras|move: Sticky Web\n|-unboost|p1a: Lapras|spe|1\n|move|p2a: Wyrdeer|Psychic Noise|p1a: Lapras\n|-damage|p1a: Lapras|202/371\n|-start|p1a: Lapras|move: Heal Block\n|\n|-heal|p2a: Wyrdeer|260/321|[from] item: Leftovers\n|upkeep\n|turn|10\n|\n|t:|1713840255\n|move|p2a: Wyrdeer|Body Slam|p1a: Lapras\n|-damage|p1a: Lapras|97/371\n|move|p1a: Lapras|Hydro Pump|p2a: Wyrdeer\n|-damage|p2a: Wyrdeer|131/321\n|\n|-heal|p2a: Wyrdeer|151/321|[from] item: Leftovers\n|-end|p1a: Lapras|move: Heal Block\n|upkeep\n|turn|11\n|\n|t:|1713840260\n|move|p2a: Wyrdeer|Body Slam|p1a: Lapras\n|-damage|p1a: Lapras|0 fnt\n|faint|p1a: Lapras\n|\n|-heal|p2a: Wyrdeer|171/321|[from] item: Leftovers\n|upkeep\n|\n|t:|1713840270\n|switch|p1a: Urshifu|Urshifu, L74, M|270/270\n|-activate|p1a: Urshifu|move: Sticky Web\n|-unboost|p1a: Urshifu|spe|1\n|turn|12\n|\n|t:|1713840274\n|move|p2a: Wyrdeer|Thunder Wave|p1a: Urshifu\n|-status|p1a: Urshifu|par\n|move|p1a: Urshifu|Wicked Blow|p2a: Wyrdeer\n|-supereffective|p2a: Wyrdeer\n|-crit|p2a: Wyrdeer\n|-damage|p2a: Wyrdeer|0 fnt\n|faint|p2a: Wyrdeer\n|-damage|p1a: Urshifu|243/270 par|[from] item: Life Orb\n|\n|upkeep\n|\n|t:|1713840281\n|switch|p2a: Sandslash|Sandslash, L88, F|275/275\n|-damage|p2a: Sandslash|241/275|[from] Spikes\n|turn|13\n|inactive|seventhfeather has 120 seconds left.\n|\n|t:|1713840292\n|move|p2a: Sandslash|Swords Dance|p2a: Sandslash\n|-boost|p2a: Sandslash|atk|2\n|move|p1a: Urshifu|Wicked Blow|p2a: Sandslash\n|-crit|p2a: Sandslash\n|-damage|p2a: Sandslash|115/275\n|-damage|p1a: Urshifu|216/270 par|[from] item: Life Orb\n|\n|-heal|p2a: Sandslash|132/275|[from] item: Leftovers\n|upkeep\n|turn|14\n|inactive|seventhfeather has 120 seconds left.\n|\n|t:|1713840308\n|switch|p1a: Dusknoir|Dusknoir, L88, M|220/222\n|-activate|p1a: Dusknoir|move: Sticky Web\n|-unboost|p1a: Dusknoir|spe|1\n|-item|p2a: Sandslash|Leftovers|[from] ability: Frisk|[of] p1a: Dusknoir|[identify]\n|move|p2a: Sandslash|Earthquake|p1a: Dusknoir\n|-damage|p1a: Dusknoir|60/222\n|\n|-heal|p2a: Sandslash|149/275|[from] item: Leftovers\n|upkeep\n|turn|15\n|inactive|seventhfeather has 120 seconds left.\n|\n|t:|1713840315\n|move|p1a: Dusknoir|Shadow Sneak|p2a: Sandslash\n|-damage|p2a: Sandslash|112/275\n|move|p2a: Sandslash|Knock Off|p1a: Dusknoir\n|-supereffective|p1a: Dusknoir\n|-damage|p1a: Dusknoir|0 fnt\n|faint|p1a: Dusknoir\n|\n|-heal|p2a: Sandslash|129/275|[from] item: Leftovers\n|upkeep\n|inactive|seventhfeather has 120 seconds left.\n|\n|t:|1713840324\n|switch|p1a: Enamorus|Enamorus, L79, F|247/247\n|turn|16\n|\n|t:|1713840330\n|move|p1a: Enamorus|Moonblast|p2a: Sandslash\n|-damage|p2a: Sandslash|0 fnt\n|faint|p2a: Sandslash\n|\n|upkeep\n|\n|t:|1713840336\n|switch|p2a: Trevenant|Trevenant, L88, F|293/293\n|-damage|p2a: Trevenant|257/293|[from] Spikes\n|turn|17\n|\n|t:|1713840349\n|switch|p1a: Urshifu|Urshifu, L74, M|216/270 par\n|-activate|p1a: Urshifu|move: Sticky Web\n|-unboost|p1a: Urshifu|spe|1\n|move|p2a: Trevenant|Poltergeist|p1a: Urshifu\n|-activate|p1a: Urshifu|move: Poltergeist|Life Orb\n|-resisted|p1a: Urshifu\n|-damage|p1a: Urshifu|143/270 par\n|\n|upkeep\n|turn|18\n|\n|t:|1713840355\n|move|p2a: Trevenant|Drain Punch|p1a: Urshifu\n|-supereffective|p1a: Urshifu\n|-damage|p1a: Urshifu|5/270 par\n|-heal|p2a: Trevenant|293/293|[from] drain|[of] p1a: Urshifu\n|move|p1a: Urshifu|Wicked Blow|p2a: Trevenant\n|-supereffective|p2a: Trevenant\n|-crit|p2a: Trevenant\n|-damage|p2a: Trevenant|0 fnt\n|faint|p2a: Trevenant\n|-damage|p1a: Urshifu|0 fnt|[from] item: Life Orb\n|faint|p1a: Urshifu\n|\n|upkeep\n|\n|t:|1713840365\n|switch|p1a: Enamorus|Enamorus, L79, F|247/247\n|switch|p2a: Toucannon|Toucannon, L88, M|160/284\n|turn|19\n|\n|t:|1713840375\n|move|p1a: Enamorus|Moonblast|p2a: Toucannon\n|-damage|p2a: Toucannon|36/284\n|move|p2a: Toucannon|Roost|p2a: Toucannon\n|-heal|p2a: Toucannon|178/284\n|-singleturn|p2a: Toucannon|move: Roost\n|\n|upkeep\n|turn|20\n|\n|t:|1713840380\n|move|p1a: Enamorus|Superpower|p2a: Toucannon\n|-damage|p2a: Toucannon|87/284\n|-boost|p1a: Enamorus|atk|1\n|-boost|p1a: Enamorus|def|1\n|move|p2a: Toucannon|Roost|p2a: Toucannon\n|-heal|p2a: Toucannon|229/284\n|-singleturn|p2a: Toucannon|move: Roost\n|\n|upkeep\n|turn|21\n|\n|t:|1713840387\n|-singleturn|p2a: Toucannon|move: Beak Blast\n|move|p1a: Enamorus|Moonblast|p2a: Toucannon\n|-crit|p2a: Toucannon\n|-damage|p2a: Toucannon|52/284\n|move|p2a: Toucannon|Beak Blast|p1a: Enamorus\n|-damage|p1a: Enamorus|127/247\n|\n|upkeep\n|turn|22\n|\n|t:|1713840395\n|-terastallize|p2a: Toucannon|Steel\n|move|p1a: Enamorus|Moonblast|p2a: Toucannon\n|-resisted|p2a: Toucannon\n|-damage|p2a: Toucannon|0 fnt\n|faint|p2a: Toucannon\n|\n|upkeep\n|\n|t:|1713840396\n|switch|p2a: Medicham|Medicham, L86, M|243/243\n|-damage|p2a: Medicham|213/243|[from] Spikes\n|turn|23\n|-message|samuelayers forfeited.\n|\n|win|seventhfeather\n|raw|seventhfeather's rating: 2227 &rarr; <strong>2249</strong><br />(+22 for winning)\n|raw|samuelayers's rating: 2264 &rarr; <strong>2242</strong><br />(-22 for losing)\n|l|\u2606samuelayers\n|player|p2|\n", "inputlog": ">version c1b1c86c731645bae485f5133c3075d0a2ccc25c\n>start {\"formatid\":\"gen9randombattle\",\"seed\":[27140,2933,41674,26073],\"rated\":\"Rated battle\"}\n>player p1 {\"name\":\"seventhfeather\",\"avatar\":\"roxanne\",\"rating\":2227,\"seed\":[9208,55558,47131,1017]}\n>player p2 {\"name\":\"samuelayers\",\"avatar\":\"gentleman-gen4dp\",\"rating\":2264,\"seed\":[51503,16103,32137,13512]}\n>p1 move freezedry\n>p2 switch 4\n>p1 move freezedry\n>p2 move stickyweb\n>p1 move freezedry\n>p2 move knockoff\n>p2 switch 6\n>p1 switch 3\n>p2 move closecombat\n>p1 move spikes\n>p2 switch 4\n>p1 switch 4\n>p2 move beakblast\n>p1 move painsplit\n>p2 move knockoff\n>p1 move painsplit\n>p2 switch 3\n>p1 switch 3\n>p2 move psychicnoise\n>p1 move hydropump\n>p2 move bodyslam\n>p1 move hydropump\n>p2 move bodyslam\n>p1 switch 6\n>p1 move wickedblow\n>p2 move thunderwave\n>p2 switch 5\n>p1 move wickedblow\n>p2 move swordsdance\n>p1 switch 3\n>p2 move earthquake\n>p1 move shadowsneak\n>p2 move knockoff\n>p1 switch 2\n>p1 move moonblast\n>p2 move rapidspin\n>p2 switch 2\n>p1 switch 3\n>p2 move poltergeist\n>p1 move wickedblow\n>p2 move drainpunch\n>p1 switch 3\n>p2 switch 3\n>p1 move moonblast\n>p2 move roost\n>p1 move superpower\n>p2 move roost\n>p1 move moonblast\n>p2 move beakblast\n>p1 move moonblast\n>p2 move boomburst terastallize\n>p2 switch 4\n>forcelose p2", "uploadtime": 1713840404, "views": 249, "formatid": "gen9randombattle", "rating": 2242, "private": 0, "password": null}