{"id": "gen9randombattle-2260685153", "format": "[Gen 9] Random Battle", "players": ["Muyang^O^", "SalamiSlide"], "log": "|j|\u2606Muyang^O^\n|j|\u2606SalamiSlide\n|t:|1733878215\n|gametype|singles\n|player|p1|Muyang^O^|pokekid|1203\n|player|p2|SalamiSlide|psychicf-gen4|1180\n|teamsize|p1|6\n|teamsize|p2|6\n|gen|9\n|tier|[Gen 9] Random Battle\n|rated|\n|rule|Species Clause: Limit one of each Pok\u00e9mon\n|rule|HP Percentage Mod: HP is shown in percentages\n|rule|Sleep Clause Mod: Limit one foe put to sleep\n|rule|Illusion Level Mod: Illusion disguises the Pok\u00e9mon's true level\n|\n|t:|1733878215\n|start\n|switch|p1a: Misdreavus|Misdreavus, L90, F|254/254\n|switch|p2a: Feraligatr|Feraligatr, L79, F|264/264\n|turn|1\n|inactive|Battle timer is ON: inactive players will automatically lose when time's up. (requested by SalamiSlide)\n|\n|t:|1733878222\n|move|p1a: Misdreavus|Will-O-Wisp|p2a: Feraligatr\n|-status|p2a: Feraligatr|brn\n|move|p2a: Feraligatr|Crunch|p1a: Misdreavus\n|-supereffective|p1a: Misdreavus\n|-damage|p1a: Misdreavus|180/254\n|\n|-damage|p2a: Feraligatr|248/264 brn|[from] brn\n|upkeep\n|turn|2\n|\n|t:|1733878234\n|switch|p1a: Cobalion|Cobalion, L80|277/277\n|move|p2a: Feraligatr|Dragon Dance|p2a: Feraligatr\n|-boost|p2a: Feraligatr|atk|1\n|-boost|p2a: Feraligatr|spe|1\n|\n|-damage|p2a: Feraligatr|232/264 brn|[from] brn\n|upkeep\n|turn|3\n|\n|t:|1733878248\n|move|p2a: Feraligatr|Liquidation|p1a: Cobalion\n|-damage|p1a: Cobalion|195/277\n|move|p1a: Cobalion|Stealth Rock|p2a: Feraligatr\n|-sidestart|p2: SalamiSlide|move: Stealth Rock\n|\n|-heal|p1a: Cobalion|212/277|[from] item: Leftovers\n|-damage|p2a: Feraligatr|216/264 brn|[from] brn\n|upkeep\n|turn|4\n|\n|t:|1733878254\n|move|p2a: Feraligatr|Dragon Dance|p2a: Feraligatr\n|-boost|p2a: Feraligatr|atk|1\n|-boost|p2a: Feraligatr|spe|1\n|move|p1a: Cobalion|Body Press|p2a: Feraligatr\n|-damage|p2a: Feraligatr|123/264 brn\n|\n|-heal|p1a: Cobalion|229/277|[from] item: Leftovers\n|-damage|p2a: Feraligatr|107/264 brn|[from] brn\n|upkeep\n|turn|5\n|\n|t:|1733878264\n|move|p2a: Feraligatr|Liquidation|p1a: Cobalion\n|-damage|p1a: Cobalion|108/277\n|move|p1a: Cobalion|Volt Switch|p2a: Feraligatr\n|-supereffective|p2a: Feraligatr\n|-damage|p2a: Feraligatr|13/264 brn\n|\n|t:|1733878272\n|switch|p1a: Mimikyu|Mimikyu, L79, M|216/216|[from] Volt Switch\n|\n|-damage|p2a: Feraligatr|0 fnt|[from] brn\n|faint|p2a: Feraligatr\n|upkeep\n|\n|t:|1733878281\n|switch|p2a: Scrafty|Scrafty, L84, F|246/246\n|-damage|p2a: Scrafty|231/246|[from] Stealth Rock\n|turn|6\n|\n|t:|1733878299\n|switch|p2a: Dialga|Dialga, L73|266/266\n|-damage|p2a: Dialga|250/266|[from] Stealth Rock\n|-ability|p2a: Dialga|Pressure\n|move|p1a: Mimikyu|Swords Dance|p1a: Mimikyu\n|-boost|p1a: Mimikyu|atk|2\n|\n|upkeep\n|turn|7\n|\n|t:|1733878312\n|move|p1a: Mimikyu|Drain Punch|p2a: Dialga\n|-supereffective|p2a: Dialga\n|-damage|p2a: Dialga|42/266\n|-damage|p1a: Mimikyu|195/216|[from] item: Life Orb\n|move|p2a: Dialga|Heavy Slam|p1a: Mimikyu\n|-activate|p1a: Mimikyu|ability: Disguise\n|-damage|p1a: Mimikyu|195/216\n|detailschange|p1a: Mimikyu|Mimikyu-Busted, L79, M\n|-damage|p1a: Mimikyu|168/216|[from] pokemon: Mimikyu-Busted\n|\n|upkeep\n|turn|8\n|\n|t:|1733878322\n|move|p1a: Mimikyu|Drain Punch|p2a: Dialga\n|-supereffective|p2a: Dialga\n|-damage|p2a: Dialga|0 fnt\n|-heal|p1a: Mimikyu|189/216|[from] drain|[of] p2a: Dialga\n|faint|p2a: Dialga\n|-damage|p1a: Mimikyu|168/216|[from] item: Life Orb\n|\n|upkeep\n|\n|t:|1733878327\n|switch|p2a: Armarouge|Armarouge, L80, F|267/267\n|-damage|p2a: Armarouge|201/267|[from] Stealth Rock\n|turn|9\n|\n|t:|1733878342\n|switch|p1a: Blissey|Blissey, L84, F|566/566\n|move|p2a: Armarouge|Meteor Beam||[still]\n|-prepare|p2a: Armarouge|Meteor Beam\n|-boost|p2a: Armarouge|spa|1\n|-enditem|p2a: Armarouge|Power Herb\n|-anim|p2a: Armarouge|Meteor Beam|p1a: Blissey\n|-damage|p1a: Blissey|460/566\n|\n|-heal|p1a: Blissey|495/566|[from] item: Leftovers\n|upkeep\n|turn|10\n|\n|t:|1733878357\n|move|p2a: Armarouge|Psyshock|p1a: Blissey\n|-damage|p1a: Blissey|30/566\n|move|p1a: Blissey|Thunder Wave|p2a: Armarouge\n|-status|p2a: Armarouge|par\n|\n|-heal|p1a: Blissey|65/566|[from] item: Leftovers\n|upkeep\n|turn|11\n|\n|t:|1733878369\n|move|p1a: Blissey|Soft-Boiled|p1a: Blissey\n|-heal|p1a: Blissey|348/566\n|cant|p2a: Armarouge|par\n|\n|-heal|p1a: Blissey|383/566|[from] item: Leftovers\n|upkeep\n|turn|12\n|\n|t:|1733878394\n|switch|p1a: Mamoswine|Mamoswine, L81, F|311/311\n|cant|p2a: Armarouge|par\n|\n|upkeep\n|turn|13\n|inactive|SalamiSlide has 120 seconds left.\n|c|\u2606Muyang^O^|lol\n|inactive|SalamiSlide has 90 seconds left.\n|inactive|SalamiSlide has 60 seconds left.\n|c|\u2606Muyang^O^|quickly\n|inactive|SalamiSlide has 30 seconds left.\n|c|\u2606Muyang^O^|morther fxxker\n|inactive|SalamiSlide has 20 seconds left.\n|inactive|SalamiSlide has 15 seconds left.\n|inactive|SalamiSlide has 10 seconds left.\n|inactive|SalamiSlide has 5 seconds left.\n|-message|SalamiSlide lost due to inactivity.\n|\n|win|Muyang^O^\n", "inputlog": ">version bfd83cad13791eb5a5a409923076391caf6fb4d4\n>start {\"formatid\":\"gen9randombattle\",\"seed\":[55317,19186,19091,61757],\"rated\":\"Rated battle\"}\n>player p1 {\"name\":\"Muyang^O^\",\"avatar\":\"pokekid\",\"rating\":1203,\"seed\":[43499,20523,57020,29778]}\n>player p2 {\"name\":\"SalamiSlide\",\"avatar\":\"psychicf-gen4\",\"rating\":1180,\"seed\":[64441,13413,6209,59593]}\n>p1 move willowisp\n>p2 move crunch\n>p1 switch 5\n>p2 move dragondance\n>p1 move stealthrock\n>p2 move liquidation\n>p1 move bodypress\n>p2 move dragondance\n>p1 move voltswitch\n>p2 move liquidation\n>p1 switch 3\n>p2 switch 6\n>p1 move swordsdance\n>p2 switch 4\n>p1 move drainpunch\n>p2 move heavyslam\n>p1 move drainpunch\n>p2 move heavyslam\n>p2 switch 2\n>p1 switch 6\n>p2 move meteorbeam\n>p1 move thunderwave\n>p2 move psyshock\n>p1 move softboiled\n>p2 move psyshock\n>p1 switch 4\n>p2 move psyshock\n>chat \u2606Muyang^O^|lol\n>chat \u2606Muyang^O^|quickly\n>chat \u2606Muyang^O^|morther fxxker\n>forcelose p2", "uploadtime": 1733878517, "views": 1, "formatid": "gen9randombattle", "rating": null, "private": 0, "password": null}