{"id": "gen9randombattle-2260831313", "format": "[Gen 9] Random Battle", "players": ["DUDEKRPK", "yibaizhesanchou"], "log": "|j|\u2606DUDEKRPK\n|j|\u2606yibaizhesanchou\n|t:|1733900166\n|gametype|singles\n|player|p1|DUDEKRPK|lucas|1076\n|player|p2|yibaizhesanchou|2|1124\n|teamsize|p1|6\n|teamsize|p2|6\n|gen|9\n|tier|[Gen 9] Random Battle\n|rated|\n|rule|Species Clause: Limit one of each Pok\u00e9mon\n|rule|HP Percentage Mod: HP is shown in percentages\n|rule|Sleep Clause Mod: Limit one foe put to sleep\n|rule|Illusion Level Mod: Illusion disguises the Pok\u00e9mon's true level\n|\n|t:|1733900166\n|start\n|switch|p1a: Overqwil|Overqwil, L82, F|274/274\n|switch|p2a: Toedscruel|Toedscruel, L87, F|281/281\n|-ability|p1a: Overqwil|Intimidate|boost\n|-unboost|p2a: Toedscruel|atk|1\n|turn|1\n|inactive|Battle timer is ON: inactive players will automatically lose when time's up. (requested by yibaizhesanchou)\n|inactive|DUDEKRPK has 120 seconds left.\n|\n|t:|1733900211\n|move|p2a: Toedscruel|Earth Power|p1a: Overqwil\n|-supereffective|p1a: Overqwil\n|-damage|p1a: Overqwil|46/274\n|move|p1a: Overqwil|Gunk Shot|p2a: Toedscruel\n|-damage|p2a: Toedscruel|122/281\n|\n|-heal|p2a: Toedscruel|139/281|[from] item: Leftovers\n|upkeep\n|turn|2\n|c|\u2606DUDEKRPK|ddziwko ty kurwo\n|n|\u203dDUDEKRPK|dudekrpk\n|c|~|/log DUDEKRPK was locked from talking by Artemis. (\u2606DUDEKRPK: ddziwko ty kurwo)\n|c|~|/raw <small>This action was done automatically. Want to learn more about the AI? <a href=\"https://www.smogon.com/forums/threads/3570628/#post-9056769\">Visit the information thread</a>.</small>\n|\n|t:|1733900227\n|move|p2a: Toedscruel|Giga Drain|p1a: Overqwil\n|-resisted|p1a: Overqwil\n|-damage|p1a: Overqwil|2/274\n|-heal|p2a: Toedscruel|161/281|[from] drain|[of] p1a: Overqwil\n|move|p1a: Overqwil|Crunch|p2a: Toedscruel\n|-damage|p2a: Toedscruel|55/281\n|\n|-heal|p2a: Toedscruel|72/281|[from] item: Leftovers\n|upkeep\n|turn|3\n|\n|t:|1733900238\n|move|p2a: Toedscruel|Rapid Spin|p1a: Overqwil\n|-damage|p1a: Overqwil|0 fnt\n|-boost|p2a: Toedscruel|spe|1\n|faint|p1a: Overqwil\n|\n|-heal|p2a: Toedscruel|89/281|[from] item: Leftovers\n|upkeep\n|\n|t:|1733900244\n|switch|p1a: Gurdurr|Gurdurr, L85, M|283/283\n|turn|4\n|\n|t:|1733900260\n|move|p2a: Toedscruel|Earth Power|p1a: Gurdurr\n|-damage|p1a: Gurdurr|201/283\n|move|p1a: Gurdurr|Drain Punch|p2a: Toedscruel\n|-damage|p2a: Toedscruel|0 fnt\n|-heal|p1a: Gurdurr|246/283|[from] drain|[of] p2a: Toedscruel\n|faint|p2a: Toedscruel\n|\n|upkeep\n|\n|t:|1733900267\n|switch|p2a: Carbink|Carbink, L90|236/236\n|turn|5\n|\n|t:|1733900291\n|move|p2a: Carbink|Body Press|p1a: Gurdurr\n|-damage|p1a: Gurdurr|184/283\n|move|p1a: Gurdurr|Drain Punch|p2a: Carbink\n|-damage|p2a: Carbink|182/236\n|-heal|p1a: Gurdurr|211/283|[from] drain|[of] p2a: Carbink\n|\n|upkeep\n|turn|6\n|\n|t:|1733900300\n|move|p2a: Carbink|Iron Defense|p2a: Carbink\n|-boost|p2a: Carbink|def|2\n|move|p1a: Gurdurr|Bulk Up|p1a: Gurdurr\n|-boost|p1a: Gurdurr|atk|1\n|-boost|p1a: Gurdurr|def|1\n|\n|upkeep\n|turn|7\n|\n|t:|1733900306\n|move|p2a: Carbink|Iron Defense|p2a: Carbink\n|-boost|p2a: Carbink|def|2\n|move|p1a: Gurdurr|Bulk Up|p1a: Gurdurr\n|-boost|p1a: Gurdurr|atk|1\n|-boost|p1a: Gurdurr|def|1\n|\n|upkeep\n|turn|8\n|\n|t:|1733900316\n|move|p2a: Carbink|Body Press|p1a: Gurdurr\n|-damage|p1a: Gurdurr|114/283\n|move|p1a: Gurdurr|Bulk Up|p1a: Gurdurr\n|-boost|p1a: Gurdurr|atk|1\n|-boost|p1a: Gurdurr|def|1\n|\n|upkeep\n|turn|9\n|\n|t:|1733900328\n|move|p2a: Carbink|Moonblast|p1a: Gurdurr\n|-supereffective|p1a: Gurdurr\n|-damage|p1a: Gurdurr|0 fnt\n|faint|p1a: Gurdurr\n|\n|upkeep\n|\n|t:|1733900331\n|switch|p1a: Basculegion|Basculegion, L81, M|327/327\n|turn|10\n|\n|t:|1733900338\n|move|p1a: Basculegion|Wave Crash|p2a: Carbink\n|-supereffective|p2a: Carbink\n|-crit|p2a: Carbink\n|-damage|p2a: Carbink|0 fnt\n|faint|p2a: Carbink\n|-damage|p1a: Basculegion|267/327|[from] Recoil\n|\n|upkeep\n|\n|t:|1733900350\n|switch|p2a: Spiritomb|Spiritomb, L89, F|234/234\n|turn|11\n|\n|t:|1733900371\n|switch|p2a: Houndoom|Houndoom, L87, F|272/272\n|move|p1a: Basculegion|Wave Crash|p2a: Houndoom\n|-supereffective|p2a: Houndoom\n|-crit|p2a: Houndoom\n|-damage|p2a: Houndoom|0 fnt\n|faint|p2a: Houndoom\n|-damage|p1a: Basculegion|177/327|[from] Recoil\n|\n|upkeep\n|\n|t:|1733900381\n|switch|p2a: Terapagos|Terapagos, L76, M|262/262\n|-activate|p2a: Terapagos|ability: Tera Shift\n|detailschange|p2a: Terapagos|Terapagos-Terastal, L76, M\n|-heal|p2a: Terapagos|269/269|[silent]\n|turn|12\n|\n|t:|1733900392\n|-terastallize|p2a: Terapagos|Stellar\n|detailschange|p2a: Terapagos|Terapagos-Stellar, L76, M, tera:Stellar\n|-heal|p2a: Terapagos|368/368|[silent]\n|move|p2a: Terapagos|Dark Pulse|p1a: Basculegion\n|-supereffective|p1a: Basculegion\n|-damage|p1a: Basculegion|57/327\n|move|p1a: Basculegion|Wave Crash|p2a: Terapagos\n|-damage|p2a: Terapagos|196/368\n|-damage|p1a: Basculegion|0 fnt|[from] Recoil\n|faint|p1a: Basculegion\n|\n|upkeep\n|\n|t:|1733900406\n|switch|p1a: Ursaring|Ursaring, L84, F|288/288\n|turn|13\n|\n|t:|1733900414\n|move|p2a: Terapagos|Tera Starstorm|p1a: Ursaring\n|-damage|p1a: Ursaring|204/288\n|move|p1a: Ursaring|Throat Chop|p2a: Terapagos\n|-crit|p2a: Terapagos\n|-damage|p2a: Terapagos|101/368\n|-start|p2a: Terapagos|Throat Chop|[silent]\n|\n|upkeep\n|turn|14\n|\n|t:|1733900423\n|move|p2a: Terapagos|Rest|p2a: Terapagos\n|-status|p2a: Terapagos|slp|[from] move: Rest\n|-heal|p2a: Terapagos|368/368 slp|[silent]\n|-enditem|p2a: Terapagos|Chesto Berry|[eat]\n|-curestatus|p2a: Terapagos|slp|[msg]\n|move|p1a: Ursaring|Throat Chop|p2a: Terapagos\n|-damage|p2a: Terapagos|300/368\n|\n|-end|p2a: Terapagos|Throat Chop|[silent]\n|upkeep\n|turn|15\n|inactive|DUDEKRPK has 120 seconds left.\n|\n|t:|1733900461\n|move|p2a: Terapagos|Calm Mind|p2a: Terapagos\n|-boost|p2a: Terapagos|spa|1\n|-boost|p2a: Terapagos|spd|1\n|move|p1a: Ursaring|Throat Chop|p2a: Terapagos\n|-damage|p2a: Terapagos|235/368\n|-start|p2a: Terapagos|Throat Chop|[silent]\n|\n|upkeep\n|turn|16\n|inactive|DUDEKRPK has 120 seconds left.\n|\n|t:|1733900473\n|switch|p1a: Victreebel|Victreebel, L90, F|290/290\n|move|p2a: Terapagos|Tera Starstorm|p1a: Victreebel\n|-damage|p1a: Victreebel|109/290\n|\n|-end|p2a: Terapagos|Throat Chop|[silent]\n|upkeep\n|turn|17\n|inactive|DUDEKRPK has 120 seconds left.\n|\n|t:|1733900479\n|move|p1a: Victreebel|Sludge Wave|p2a: Terapagos\n|-damage|p2a: Terapagos|144/368\n|-status|p2a: Terapagos|psn\n|-damage|p1a: Victreebel|80/290|[from] item: Life Orb\n|move|p2a: Terapagos|Tera Starstorm|p1a: Victreebel\n|-damage|p1a: Victreebel|0 fnt\n|faint|p1a: Victreebel\n|\n|-damage|p2a: Terapagos|98/368 psn|[from] psn\n|upkeep\n|\n|t:|1733900483\n|switch|p1a: Sunflora|Sunflora, F|312/312\n|turn|18\n|\n|t:|1733900488\n|move|p2a: Terapagos|Tera Starstorm|p1a: Sunflora\n|-damage|p1a: Sunflora|178/312\n|move|p1a: Sunflora|Sunny Day|p1a: Sunflora\n|-weather|SunnyDay\n|\n|-weather|SunnyDay|[upkeep]\n|-damage|p2a: Terapagos|52/368 psn|[from] psn\n|upkeep\n|turn|19\n|\n|t:|1733900494\n|move|p1a: Sunflora|Weather Ball|p2a: Terapagos\n|-damage|p2a: Terapagos|0 fnt\n|faint|p2a: Terapagos\n|-damage|p1a: Sunflora|147/312|[from] item: Life Orb\n|\n|-weather|SunnyDay|[upkeep]\n|upkeep\n|\n|t:|1733900500\n|switch|p2a: Reuniclus|Reuniclus, L88, M|337/337\n|turn|20\n|\n|t:|1733900510\n|move|p1a: Sunflora|Weather Ball|p2a: Reuniclus\n|-damage|p2a: Reuniclus|117/337\n|-damage|p1a: Sunflora|116/312|[from] item: Life Orb\n|move|p2a: Reuniclus|Psyshock|p1a: Sunflora\n|-damage|p1a: Sunflora|0 fnt\n|faint|p1a: Sunflora\n|\n|-weather|SunnyDay|[upkeep]\n|upkeep\n|\n|t:|1733900514\n|switch|p1a: Ursaring|Ursaring, L84, F|204/288\n|turn|21\n|\n|t:|1733900531\n|move|p1a: Ursaring|Throat Chop|p2a: Reuniclus\n|-supereffective|p2a: Reuniclus\n|-crit|p2a: Reuniclus\n|-damage|p2a: Reuniclus|0 fnt\n|faint|p2a: Reuniclus\n|\n|-weather|SunnyDay|[upkeep]\n|upkeep\n|\n|t:|1733900535\n|switch|p2a: Spiritomb|Spiritomb, L89, F|234/234\n|turn|22\n|\n|t:|1733900539\n|move|p1a: Ursaring|Throat Chop|p2a: Spiritomb\n|-damage|p2a: Spiritomb|176/234\n|-start|p2a: Spiritomb|Throat Chop|[silent]\n|move|p2a: Spiritomb|Toxic|p1a: Ursaring\n|-status|p1a: Ursaring|tox\n|\n|-weather|none\n|-heal|p2a: Spiritomb|190/234|[from] item: Leftovers\n|-damage|p1a: Ursaring|186/288 tox|[from] psn\n|upkeep\n|turn|23\n|\n|t:|1733900544\n|move|p2a: Spiritomb|Shadow Sneak|p1a: Ursaring\n|-immune|p1a: Ursaring\n|move|p1a: Ursaring|Throat Chop|p2a: Spiritomb\n|-damage|p2a: Spiritomb|108/234\n|\n|-heal|p2a: Spiritomb|122/234|[from] item: Leftovers\n|-damage|p1a: Ursaring|150/288 tox|[from] psn\n|-end|p2a: Spiritomb|Throat Chop|[silent]\n|upkeep\n|turn|24\n|\n|t:|1733900549\n|move|p1a: Ursaring|Throat Chop|p2a: Spiritomb\n|-damage|p2a: Spiritomb|40/234\n|-start|p2a: Spiritomb|Throat Chop|[silent]\n|move|p2a: Spiritomb|Foul Play|p1a: Ursaring\n|-damage|p1a: Ursaring|51/288 tox\n|\n|-heal|p2a: Spiritomb|54/234|[from] item: Leftovers\n|-damage|p1a: Ursaring|0 fnt|[from] psn\n|faint|p1a: Ursaring\n|\n|win|yibaizhesanchou\n|upkeep\n", "inputlog": ">version bfd83cad13791eb5a5a409923076391caf6fb4d4\n>start {\"formatid\":\"gen9randombattle\",\"seed\":[19713,38702,43211,7934],\"rated\":\"Rated battle\"}\n>player p1 {\"name\":\"DUDEKRPK\",\"avatar\":\"lucas\",\"rating\":1076,\"seed\":[36411,20539,53317,36860]}\n>player p2 {\"name\":\"yibaizhesanchou\",\"avatar\":\"2\",\"rating\":1124,\"seed\":[44869,58931,16464,12560]}\n>p1 move gunkshot\n>p2 move earthpower\n>chat \u2606DUDEKRPK|ddziwko ty kurwo\n>p1 move crunch\n>p2 move gigadrain\n>p1 move gunkshot\n>p2 move rapidspin\n>p1 switch 5\n>p1 move drainpunch\n>p2 move earthpower\n>p2 switch 2\n>p1 move drainpunch\n>p2 move bodypress\n>p1 move bulkup\n>p2 move irondefense\n>p1 move bulkup\n>p2 move irondefense\n>p1 move bulkup\n>p2 move bodypress\n>p1 move drainpunch\n>p2 move moonblast\n>p1 switch 3\n>p1 move wavecrash\n>p2 move irondefense\n>p2 switch 6\n>p1 move wavecrash\n>p2 switch 5\n>p2 switch 4\n>p1 move wavecrash\n>p2 move darkpulse terastallize\n>p1 switch 2\n>p1 move throatchop\n>p2 move terastarstorm\n>p1 move throatchop\n>p2 move rest\n>p1 move throatchop\n>p2 move calmmind\n>p1 switch 6\n>p2 move terastarstorm\n>p1 move sludgewave\n>p2 move terastarstorm\n>p1 switch 4\n>p1 move sunnyday\n>p2 move terastarstorm\n>p1 move weatherball\n>p2 move rest\n>p2 switch 3\n>p1 move weatherball\n>p2 move psyshock\n>p1 switch 6\n>p1 move throatchop\n>p2 move focusblast\n>p2 switch 5\n>p1 move throatchop\n>p2 move toxic\n>p1 move throatchop\n>p2 move shadowsneak\n>p1 move throatchop\n>p2 move foulplay", "uploadtime": 1733900219, "views": 1, "formatid": "gen9randombattle", "rating": null, "private": 0, "password": null}