{"id": "gen9randombattle-2260450931", "format": "[Gen 9] Random Battle", "players": ["Mattattac", "AmeisonGE"], "log": "|j|\u203dMattattac\n|j|\u2606AmeisonGE\n|t:|1733852854\n|gametype|singles\n|player|p1|Mattattac|nate|1668\n|player|p2|AmeisonGE|1|1619\n|teamsize|p1|6\n|teamsize|p2|6\n|gen|9\n|tier|[Gen 9] Random Battle\n|rated|\n|rule|Species Clause: Limit one of each Pok\u00e9mon\n|rule|HP Percentage Mod: HP is shown in percentages\n|rule|Sleep Clause Mod: Limit one foe put to sleep\n|rule|Illusion Level Mod: Illusion disguises the Pok\u00e9mon's true level\n|\n|t:|1733852854\n|start\n|switch|p1a: Gouging Fire|Gouging Fire, L74|277/277\n|switch|p2a: Sneasler|Sneasler, L74, F|240/240\n|turn|1\n|inactive|Battle timer is ON: inactive players will automatically lose when time's up. (requested by AmeisonGE)\n|\n|t:|1733852864\n|move|p2a: Sneasler|U-turn|p1a: Gouging Fire\n|-resisted|p1a: Gouging Fire\n|-damage|p1a: Gouging Fire|247/277\n|-status|p1a: Gouging Fire|psn|[from] ability: Poison Touch|[of] p2a: Sneasler\n|\n|t:|1733852870\n|switch|p2a: Palkia|Palkia, L75|259/259|[from] U-turn\n|-ability|p2a: Palkia|Pressure\n|move|p1a: Gouging Fire|Earthquake|p2a: Palkia\n|-damage|p2a: Palkia|199/259\n|\n|-damage|p1a: Gouging Fire|213/277 psn|[from] psn\n|upkeep\n|turn|2\n|\n|t:|1733852885\n|-end|p1a: Gouging Fire|Protosynthesis|[silent]\n|switch|p1a: Grimmsnarl|Grimmsnarl, L83, M|293/293\n|move|p2a: Palkia|Spacial Rend|p1a: Grimmsnarl\n|-immune|p1a: Grimmsnarl\n|\n|upkeep\n|turn|3\n|\n|t:|1733852904\n|switch|p2a: Emboar|Emboar, L84, M|322/322\n|move|p1a: Grimmsnarl|Light Screen|p1a: Grimmsnarl\n|-sidestart|p1: Mattattac|move: Light Screen\n|\n|upkeep\n|turn|4\n|\n|t:|1733852909\n|move|p1a: Grimmsnarl|Reflect|p1a: Grimmsnarl\n|-sidestart|p1: Mattattac|Reflect\n|move|p2a: Emboar|Knock Off|p1a: Grimmsnarl\n|-resisted|p1a: Grimmsnarl\n|-damage|p1a: Grimmsnarl|281/293\n|-enditem|p1a: Grimmsnarl|Light Clay|[from] move: Knock Off|[of] p2a: Emboar\n|\n|upkeep\n|turn|5\n|\n|t:|1733852922\n|move|p1a: Grimmsnarl|Parting Shot|p2a: Emboar\n|-unboost|p2a: Emboar|atk|1\n|-unboost|p2a: Emboar|spa|1\n|\n|t:|1733852927\n|switch|p1a: Annihilape|Annihilape, L76, F|292/292|[from] Parting Shot\n|move|p2a: Emboar|Knock Off|p1a: Annihilape\n|-damage|p1a: Annihilape|261/292\n|-enditem|p1a: Annihilape|Chesto Berry|[from] move: Knock Off|[of] p2a: Emboar\n|\n|upkeep\n|turn|6\n|inactive|AmeisonGE has 120 seconds left.\n|\n|t:|1733852974\n|move|p1a: Annihilape|Bulk Up|p1a: Annihilape\n|-boost|p1a: Annihilape|atk|1\n|-boost|p1a: Annihilape|def|1\n|move|p2a: Emboar|Scald|p1a: Annihilape\n|-damage|p1a: Annihilape|242/292\n|-status|p1a: Annihilape|brn\n|\n|-damage|p1a: Annihilape|224/292 brn|[from] brn\n|upkeep\n|turn|7\n|\n|t:|1733852990\n|switch|p2a: Palkia|Palkia, L75|199/259\n|-ability|p2a: Palkia|Pressure\n|move|p1a: Annihilape|Bulk Up|p1a: Annihilape\n|-boost|p1a: Annihilape|atk|1\n|-boost|p1a: Annihilape|def|1\n|\n|-damage|p1a: Annihilape|206/292 brn|[from] brn\n|upkeep\n|turn|8\n|\n|t:|1733852999\n|move|p2a: Palkia|Draco Meteor|p1a: Annihilape\n|-damage|p1a: Annihilape|80/292 brn\n|-unboost|p2a: Palkia|spa|2\n|move|p1a: Annihilape|Rage Fist|p2a: Palkia\n|-damage|p2a: Palkia|0 fnt\n|faint|p2a: Palkia\n|\n|-damage|p1a: Annihilape|62/292 brn|[from] brn\n|upkeep\n|\n|t:|1733853020\n|switch|p2a: Darkrai|Darkrai, L77|234/234\n|turn|9\n|\n|t:|1733853026\n|move|p2a: Darkrai|Dark Pulse|p1a: Annihilape\n|-crit|p1a: Annihilape\n|-damage|p1a: Annihilape|0 fnt\n|faint|p1a: Annihilape\n|-damage|p2a: Darkrai|211/234|[from] item: Life Orb\n|\n|upkeep\n|l|\u203dMattattac\n|inactive|Mattattac disconnected and has a minute to reconnect!\n|player|p1|\n|j|\u203dMattattac\n|inactive|Mattattac reconnected and has 135 seconds left.\n|player|p1|Mattattac|nate|\n|n|\u203dMattattac|mattattac\n|\n|t:|1733853049\n|switch|p1a: Grimmsnarl|Grimmsnarl, L83, M|281/293\n|turn|10\n|\n|t:|1733853067\n|switch|p2a: Emboar|Emboar, L84, M|322/322\n|move|p1a: Grimmsnarl|Spirit Break|p2a: Emboar\n|-damage|p2a: Emboar|216/322\n|-unboost|p2a: Emboar|spa|1\n|\n|-sideend|p1: Mattattac|move: Light Screen\n|upkeep\n|turn|11\n|\n|t:|1733853076\n|move|p1a: Grimmsnarl|Light Screen|p1a: Grimmsnarl\n|-sidestart|p1: Mattattac|move: Light Screen\n|move|p2a: Emboar|Scald|p1a: Grimmsnarl\n|-damage|p1a: Grimmsnarl|258/293\n|\n|-sideend|p1: Mattattac|Reflect\n|upkeep\n|turn|12\n|\n|t:|1733853079\n|move|p1a: Grimmsnarl|Reflect|p1a: Grimmsnarl\n|-sidestart|p1: Mattattac|Reflect\n|move|p2a: Emboar|Scald|p1a: Grimmsnarl\n|-damage|p1a: Grimmsnarl|237/293\n|-status|p1a: Grimmsnarl|brn\n|\n|-damage|p1a: Grimmsnarl|219/293 brn|[from] brn\n|upkeep\n|turn|13\n|\n|t:|1733853083\n|move|p2a: Emboar|Knock Off|p1a: Grimmsnarl\n|-resisted|p1a: Grimmsnarl\n|-damage|p1a: Grimmsnarl|211/293 brn\n|move|p1a: Grimmsnarl|Spirit Break|p2a: Emboar\n|-damage|p2a: Emboar|157/322\n|-unboost|p2a: Emboar|spa|1\n|\n|-damage|p1a: Grimmsnarl|193/293 brn|[from] brn\n|upkeep\n|turn|14\n|\n|t:|1733853095\n|move|p2a: Emboar|Flare Blitz|p1a: Grimmsnarl\n|-damage|p1a: Grimmsnarl|69/293 brn\n|-damage|p2a: Emboar|116/322|[from] Recoil\n|move|p1a: Grimmsnarl|Spirit Break|p2a: Emboar\n|-damage|p2a: Emboar|54/322\n|-unboost|p2a: Emboar|spa|1\n|\n|-damage|p1a: Grimmsnarl|51/293 brn|[from] brn\n|upkeep\n|turn|15\n|\n|t:|1733853100\n|move|p1a: Grimmsnarl|Parting Shot|p2a: Emboar\n|-unboost|p2a: Emboar|atk|1\n|-unboost|p2a: Emboar|spa|1\n|\n|t:|1733853103\n|switch|p1a: Gouging Fire|Gouging Fire, L74|213/277 psn|[from] Parting Shot\n|move|p2a: Emboar|Flare Blitz|p1a: Gouging Fire\n|-resisted|p1a: Gouging Fire\n|-damage|p1a: Gouging Fire|199/277 psn\n|-damage|p2a: Emboar|49/322|[from] Recoil\n|\n|-damage|p1a: Gouging Fire|165/277 psn|[from] psn\n|-sideend|p1: Mattattac|move: Light Screen\n|upkeep\n|turn|16\n|\n|t:|1733853119\n|move|p1a: Gouging Fire|Dragon Dance|p1a: Gouging Fire\n|-boost|p1a: Gouging Fire|atk|1\n|-boost|p1a: Gouging Fire|spe|1\n|move|p2a: Emboar|Close Combat|p1a: Gouging Fire\n|-damage|p1a: Gouging Fire|119/277 psn\n|-unboost|p2a: Emboar|def|1\n|-unboost|p2a: Emboar|spd|1\n|\n|-damage|p1a: Gouging Fire|85/277 psn|[from] psn\n|-sideend|p1: Mattattac|Reflect\n|upkeep\n|turn|17\n|\n|t:|1733853131\n|move|p1a: Gouging Fire|Heat Crash|p2a: Emboar\n|-resisted|p2a: Emboar\n|-damage|p2a: Emboar|0 fnt\n|faint|p2a: Emboar\n|\n|-damage|p1a: Gouging Fire|51/277 psn|[from] psn\n|upkeep\n|l|\u203dMattattac\n|inactive|Mattattac disconnected and has a minute to reconnect!\n|player|p1|\n|\n|t:|1733853135\n|switch|p2a: Hydrapple|Hydrapple, L83, M|312/312\n|turn|18\n|j|\u203dMattattac\n|inactive|Mattattac reconnected and has 145 seconds left.\n|player|p1|Mattattac|nate|\n|n|\u203dMattattac|mattattac\n|\n|t:|1733853150\n|switch|p2a: Avalugg|Avalugg, L88, M|310/310\n|move|p1a: Gouging Fire|Heat Crash|p2a: Avalugg\n|-supereffective|p2a: Avalugg\n|-damage|p2a: Avalugg|248/310\n|\n|-damage|p1a: Gouging Fire|17/277 psn|[from] psn\n|upkeep\n|turn|19\n|\n|t:|1733853159\n|switch|p2a: Hydrapple|Hydrapple, L83, M|312/312\n|move|p1a: Gouging Fire|Outrage|p2a: Hydrapple\n|-supereffective|p2a: Hydrapple\n|-damage|p2a: Hydrapple|24/312\n|\n|-damage|p1a: Gouging Fire|0 fnt|[from] psn\n|faint|p1a: Gouging Fire\n|-end|p1a: Gouging Fire|Protosynthesis|[silent]\n|upkeep\n|\n|t:|1733853167\n|switch|p1a: Grimmsnarl|Grimmsnarl, L83, M|51/293 brn\n|turn|20\n|\n|t:|1733853172\n|move|p1a: Grimmsnarl|Spirit Break|p2a: Hydrapple\n|-supereffective|p2a: Hydrapple\n|-damage|p2a: Hydrapple|0 fnt\n|faint|p2a: Hydrapple\n|\n|-damage|p1a: Grimmsnarl|33/293 brn|[from] brn\n|upkeep\n|\n|t:|1733853188\n|switch|p2a: Darkrai|Darkrai, L77|211/234\n|turn|21\n|\n|t:|1733853197\n|-terastallize|p2a: Darkrai|Poison\n|move|p1a: Grimmsnarl|Parting Shot|p2a: Darkrai\n|-unboost|p2a: Darkrai|atk|1\n|-unboost|p2a: Darkrai|spa|1\n|\n|t:|1733853201\n|switch|p1a: Dunsparce|Dunsparce, L86, F|312/312|[from] Parting Shot\n|move|p2a: Darkrai|Nasty Plot|p2a: Darkrai\n|-boost|p2a: Darkrai|spa|2\n|\n|upkeep\n|turn|22\n|\n|t:|1733853208\n|move|p2a: Darkrai|Hypnosis|p1a: Dunsparce\n|-status|p1a: Dunsparce|slp|[from] move: Hypnosis\n|cant|p1a: Dunsparce|slp\n|\n|-damage|p1a: Dunsparce|273/312 slp|[from] ability: Bad Dreams|[of] p2a: Darkrai\n|upkeep\n|turn|23\n|\n|t:|1733853215\n|switch|p1a: Hitmontop|Hitmontop, L88, M|231/231\n|-ability|p1a: Hitmontop|Intimidate|boost\n|-unboost|p2a: Darkrai|atk|1\n|move|p2a: Darkrai|Nasty Plot|p2a: Darkrai\n|-boost|p2a: Darkrai|spa|2\n|\n|upkeep\n|turn|24\n|\n|t:|1733853221\n|move|p2a: Darkrai|Sludge Bomb|p1a: Hitmontop\n|-damage|p1a: Hitmontop|62/231\n|-damage|p2a: Darkrai|188/234|[from] item: Life Orb\n|move|p1a: Hitmontop|Rapid Spin|p2a: Darkrai\n|-damage|p2a: Darkrai|144/234\n|-boost|p1a: Hitmontop|spe|1\n|\n|upkeep\n|turn|25\n|\n|t:|1733853230\n|move|p1a: Hitmontop|Earthquake|p2a: Darkrai\n|-supereffective|p2a: Darkrai\n|-damage|p2a: Darkrai|0 fnt\n|faint|p2a: Darkrai\n|\n|upkeep\n|\n|t:|1733853243\n|switch|p2a: Avalugg|Avalugg, L88, M|248/310\n|turn|26\n|\n|t:|1733853253\n|move|p1a: Hitmontop|Close Combat|p2a: Avalugg\n|-supereffective|p2a: Avalugg\n|-damage|p2a: Avalugg|92/310\n|-unboost|p1a: Hitmontop|def|1\n|-unboost|p1a: Hitmontop|spd|1\n|move|p2a: Avalugg|Body Press|p1a: Hitmontop\n|-damage|p1a: Hitmontop|0 fnt\n|faint|p1a: Hitmontop\n|\n|upkeep\n|\n|t:|1733853258\n|switch|p1a: Revavroom|Revavroom, L79, F|256/256\n|turn|27\n|\n|t:|1733853272\n|move|p1a: Revavroom|Shift Gear|p1a: Revavroom\n|-boost|p1a: Revavroom|spe|2\n|-boost|p1a: Revavroom|atk|1\n|move|p2a: Avalugg|Recover|p2a: Avalugg\n|-heal|p2a: Avalugg|247/310\n|\n|upkeep\n|turn|28\n|\n|t:|1733853288\n|move|p1a: Revavroom|Shift Gear|p1a: Revavroom\n|-boost|p1a: Revavroom|spe|2\n|-boost|p1a: Revavroom|atk|1\n|move|p2a: Avalugg|Body Press|p1a: Revavroom\n|-damage|p1a: Revavroom|139/256\n|\n|upkeep\n|turn|29\n|\n|t:|1733853295\n|move|p1a: Revavroom|Iron Head|p2a: Avalugg\n|-supereffective|p2a: Avalugg\n|-damage|p2a: Avalugg|0 fnt\n|faint|p2a: Avalugg\n|-damage|p1a: Revavroom|114/256|[from] item: Life Orb\n|\n|upkeep\n|\n|t:|1733853297\n|switch|p2a: Sneasler|Sneasler, L74, F|240/240\n|turn|30\n|\n|t:|1733853305\n|move|p1a: Revavroom|Iron Head|p2a: Sneasler\n|-damage|p2a: Sneasler|0 fnt\n|faint|p2a: Sneasler\n|-damage|p1a: Revavroom|89/256|[from] item: Life Orb\n|\n|win|Mattattac\n|raw|Mattattac's rating: 1668 &rarr; <strong>1685</strong><br />(+17 for winning)\n|raw|AmeisonGE's rating: 1619 &rarr; <strong>1602</strong><br />(-17 for losing)\n|l|\u2606AmeisonGE\n|player|p2|\n", "inputlog": ">version bfd83cad13791eb5a5a409923076391caf6fb4d4\n>start {\"formatid\":\"gen9randombattle\",\"seed\":[21493,47270,21672,34753],\"rated\":\"Rated battle\"}\n>player p1 {\"name\":\"Mattattac\",\"avatar\":\"nate\",\"rating\":1668,\"seed\":[59611,25775,51888,52619]}\n>player p2 {\"name\":\"AmeisonGE\",\"avatar\":\"1\",\"rating\":1619,\"seed\":[52974,10041,49348,8119]}\n>p1 move earthquake\n>p2 move uturn\n>p2 switch 4\n>p1 switch 6\n>p2 move spacialrend\n>p1 move lightscreen\n>p2 switch 2\n>p1 move reflect\n>p2 move knockoff\n>p1 move partingshot\n>p2 move knockoff\n>p1 switch 4\n>p1 move bulkup\n>p2 move scald\n>p1 move bulkup\n>p2 switch 2\n>p1 move ragefist\n>p2 move dracometeor\n>p2 switch 5\n>p1 move drainpunch\n>p2 move darkpulse\n>p1 switch 4\n>p1 move spiritbreak\n>p2 switch 2\n>p1 move lightscreen\n>p2 move scald\n>p1 move reflect\n>p2 move scald\n>p1 move spiritbreak\n>p2 move knockoff\n>p1 move spiritbreak\n>p2 move flareblitz\n>p1 move partingshot\n>p2 move flareblitz\n>p1 switch 6\n>p1 move dragondance\n>p2 move closecombat\n>p1 move heatcrash\n>p2 move closecombat\n>p2 switch 3\n>p1 move heatcrash\n>p2 switch 6\n>p1 move outrage\n>p2 switch 6\n>p1 switch 6\n>p1 move spiritbreak\n>p2 move gigadrain\n>p2 switch 2\n>p1 move partingshot\n>p2 move nastyplot terastallize\n>p1 switch 5\n>p1 move bodyslam\n>p2 move hypnosis\n>p1 switch 2\n>p2 move nastyplot\n>p1 move rapidspin\n>p2 move sludgebomb\n>p1 move earthquake\n>p2 move sludgebomb\n>p2 switch 6\n>p1 move closecombat\n>p2 move bodypress\n>p1 switch 3\n>p1 move shiftgear\n>p2 move recover\n>p1 move shiftgear\n>p2 move bodypress\n>p1 move ironhead\n>p2 move bodypress\n>p2 switch 4\n>p1 move ironhead\n>p2 move closecombat", "uploadtime": 1733853308, "views": 2, "formatid": "gen9randombattle", "rating": 1602, "private": 0, "password": null}