{"id": "gen9randombattle-2260791782", "format": "[Gen 9] Random Battle", "players": ["LeviAEthan.K1043", "bluedream222"], "log": "|j|\u2606LeviAEthan.K1043\n|j|\u2606bluedream222\n|t:|1733892780\n|gametype|singles\n|player|p1|LeviAEthan.K1043|hiker|1345\n|player|p2|bluedream222|alder|1367\n|teamsize|p1|6\n|teamsize|p2|6\n|gen|9\n|tier|[Gen 9] Random Battle\n|rated|\n|rule|Species Clause: Limit one of each Pok\u00e9mon\n|rule|HP Percentage Mod: HP is shown in percentages\n|rule|Sleep Clause Mod: Limit one foe put to sleep\n|rule|Illusion Level Mod: Illusion disguises the Pok\u00e9mon's true level\n|\n|t:|1733892780\n|start\n|switch|p1a: Jolteon|Jolteon, L84, M|246/246\n|switch|p2a: Bellibolt|Bellibolt, L84, M|320/320\n|turn|1\n|inactive|Battle timer is ON: inactive players will automatically lose when time's up. (requested by bluedream222)\n|\n|t:|1733892800\n|switch|p1a: Shiftry|Shiftry, L89, F|305/305\n|move|p2a: Bellibolt|Toxic|p1a: Shiftry\n|-status|p1a: Shiftry|tox\n|\n|-damage|p1a: Shiftry|286/305 tox|[from] psn\n|upkeep\n|turn|2\n|\n|t:|1733892816\n|move|p1a: Shiftry|Tailwind|p1a: Shiftry\n|-sidestart|p1: LeviAEthan.K1043|move: Tailwind\n|-ability|p1a: Shiftry|Wind Rider|boost\n|-boost|p1a: Shiftry|atk|1\n|move|p2a: Bellibolt|Slack Off||[still]\n|-fail|p2a: Bellibolt|heal\n|\n|-damage|p1a: Shiftry|248/305 tox|[from] psn\n|upkeep\n|turn|3\n|\n|t:|1733892832\n|switch|p1a: Dachsbun|Dachsbun, L92, M|254/254\n|move|p2a: Bellibolt|Muddy Water|p1a: Dachsbun\n|-damage|p1a: Dachsbun|194/254\n|\n|-heal|p1a: Dachsbun|209/254|[from] item: Leftovers\n|upkeep\n|turn|4\n|\n|t:|1733892841\n|move|p1a: Dachsbun|Stomping Tantrum|p2a: Bellibolt\n|-supereffective|p2a: Bellibolt\n|-damage|p2a: Bellibolt|222/320\n|-start|p2a: Bellibolt|Charge|Stomping Tantrum|[from] ability: Electromorphosis\n|move|p2a: Bellibolt|Toxic|p1a: Dachsbun\n|-status|p1a: Dachsbun|tox\n|\n|-heal|p1a: Dachsbun|224/254 tox|[from] item: Leftovers\n|-heal|p2a: Bellibolt|242/320|[from] item: Leftovers\n|-damage|p1a: Dachsbun|209/254 tox|[from] psn\n|upkeep\n|turn|5\n|\n|t:|1733892870\n|move|p1a: Dachsbun|Wish|p1a: Dachsbun\n|move|p2a: Bellibolt|Slack Off|p2a: Bellibolt\n|-heal|p2a: Bellibolt|320/320\n|\n|-heal|p1a: Dachsbun|224/254 tox|[from] item: Leftovers\n|-damage|p1a: Dachsbun|194/254 tox|[from] psn\n|-sideend|p1: LeviAEthan.K1043|move: Tailwind\n|upkeep\n|turn|6\n|c|\u2606bluedream222|Bellibolt sweep?\n|\n|t:|1733892884\n|move|p1a: Dachsbun|Stomping Tantrum|p2a: Bellibolt\n|-supereffective|p2a: Bellibolt\n|-damage|p2a: Bellibolt|216/320\n|-start|p2a: Bellibolt|Charge|Stomping Tantrum|[from] ability: Electromorphosis\n|move|p2a: Bellibolt|Muddy Water|p1a: Dachsbun\n|-damage|p1a: Dachsbun|129/254 tox\n|-unboost|p1a: Dachsbun|accuracy|1\n|\n|-heal|p1a: Dachsbun|254/254 tox|[from] move: Wish|[wisher] Dachsbun\n|-heal|p2a: Bellibolt|236/320|[from] item: Leftovers\n|-damage|p1a: Dachsbun|209/254 tox|[from] psn\n|upkeep\n|turn|7\n|inactive|LeviAEthan.K1043 has 120 seconds left.\n|\n|t:|1733892906\n|switch|p1a: Morpeko|Morpeko, L88, M|245/245\n|move|p2a: Bellibolt|Slack Off|p2a: Bellibolt\n|-heal|p2a: Bellibolt|320/320\n|\n|-formechange|p1a: Morpeko|Morpeko-Hangry||[from] ability: Hunger Switch\n|upkeep\n|turn|8\n|inactive|LeviAEthan.K1043 has 120 seconds left.\n|\n|t:|1733892916\n|move|p1a: Morpeko|Parting Shot|p2a: Bellibolt\n|-unboost|p2a: Bellibolt|atk|1\n|-unboost|p2a: Bellibolt|spa|1\n|inactive|LeviAEthan.K1043 has 120 seconds left.\n|\n|t:|1733892925\n|switch|p1a: Dachsbun|Dachsbun, L92, M|209/254 tox|[from] Parting Shot\n|move|p2a: Bellibolt|Toxic|p1a: Dachsbun\n|-fail|p1a: Dachsbun|tox\n|\n|-heal|p1a: Dachsbun|224/254 tox|[from] item: Leftovers\n|-damage|p1a: Dachsbun|209/254 tox|[from] psn\n|upkeep\n|turn|9\n|\n|t:|1733892934\n|move|p1a: Dachsbun|Wish|p1a: Dachsbun\n|move|p2a: Bellibolt|Muddy Water|p1a: Dachsbun|[miss]\n|-miss|p2a: Bellibolt|p1a: Dachsbun\n|\n|-heal|p1a: Dachsbun|224/254 tox|[from] item: Leftovers\n|-damage|p1a: Dachsbun|194/254 tox|[from] psn\n|upkeep\n|turn|10\n|\n|t:|1733892942\n|move|p1a: Dachsbun|Stomping Tantrum|p2a: Bellibolt\n|-supereffective|p2a: Bellibolt\n|-damage|p2a: Bellibolt|208/320\n|-start|p2a: Bellibolt|Charge|Stomping Tantrum|[from] ability: Electromorphosis\n|move|p2a: Bellibolt|Muddy Water|p1a: Dachsbun\n|-damage|p1a: Dachsbun|151/254 tox\n|\n|-heal|p1a: Dachsbun|254/254 tox|[from] move: Wish|[wisher] Dachsbun\n|-heal|p2a: Bellibolt|228/320|[from] item: Leftovers\n|-damage|p1a: Dachsbun|209/254 tox|[from] psn\n|upkeep\n|turn|11\n|\n|t:|1733892954\n|switch|p1a: Morpeko|Morpeko, L88, M|245/245\n|move|p2a: Bellibolt|Slack Off|p2a: Bellibolt\n|-heal|p2a: Bellibolt|320/320\n|\n|-formechange|p1a: Morpeko|Morpeko-Hangry||[from] ability: Hunger Switch\n|upkeep\n|turn|12\n|\n|t:|1733892962\n|move|p1a: Morpeko|Parting Shot|p2a: Bellibolt\n|-unboost|p2a: Bellibolt|atk|1\n|-unboost|p2a: Bellibolt|spa|1\n|\n|t:|1733892978\n|switch|p1a: Shiftry|Shiftry, L89, F|248/305 tox|[from] Parting Shot\n|move|p2a: Bellibolt|Toxic|p1a: Shiftry\n|-fail|p1a: Shiftry|tox\n|\n|-damage|p1a: Shiftry|229/305 tox|[from] psn\n|upkeep\n|turn|13\n|\n|t:|1733892989\n|move|p1a: Shiftry|Knock Off|p2a: Bellibolt\n|-damage|p2a: Bellibolt|160/320\n|-start|p2a: Bellibolt|Charge|Knock Off|[from] ability: Electromorphosis\n|-enditem|p2a: Bellibolt|Leftovers|[from] move: Knock Off|[of] p1a: Shiftry\n|-damage|p1a: Shiftry|199/305 tox|[from] item: Life Orb\n|move|p2a: Bellibolt|Muddy Water|p1a: Shiftry\n|-resisted|p1a: Shiftry\n|-damage|p1a: Shiftry|178/305 tox\n|\n|-damage|p1a: Shiftry|140/305 tox|[from] psn\n|upkeep\n|turn|14\n|inactive|LeviAEthan.K1043 has 120 seconds left.\n|\n|t:|1733893006\n|switch|p1a: Dachsbun|Dachsbun, L92, M|209/254 tox\n|move|p2a: Bellibolt|Slack Off|p2a: Bellibolt\n|-heal|p2a: Bellibolt|320/320\n|\n|-heal|p1a: Dachsbun|224/254 tox|[from] item: Leftovers\n|-damage|p1a: Dachsbun|209/254 tox|[from] psn\n|upkeep\n|turn|15\n|inactive|bluedream222 has 120 seconds left.\n|\n|t:|1733893045\n|move|p1a: Dachsbun|Wish|p1a: Dachsbun\n|move|p2a: Bellibolt|Muddy Water|p1a: Dachsbun\n|-damage|p1a: Dachsbun|179/254 tox\n|-unboost|p1a: Dachsbun|accuracy|1\n|\n|-heal|p1a: Dachsbun|194/254 tox|[from] item: Leftovers\n|-damage|p1a: Dachsbun|164/254 tox|[from] psn\n|upkeep\n|turn|16\n|inactive|bluedream222 has 120 seconds left.\n|\n|t:|1733893056\n|switch|p1a: Shiftry|Shiftry, L89, F|140/305 tox\n|switch|p2a: Chien-Pao|Chien-Pao, L72|234/234\n|-ability|p2a: Chien-Pao|Sword of Ruin\n|\n|-heal|p1a: Shiftry|267/305 tox|[from] move: Wish|[wisher] Dachsbun\n|-damage|p1a: Shiftry|248/305 tox|[from] psn\n|upkeep\n|turn|17\n|inactive|bluedream222 has 120 seconds left.\n|inactive|LeviAEthan.K1043 has 120 seconds left.\n|c|\u2606bluedream222|lol\n|c|\u2606bluedream222|quit running\n|\n|t:|1733893082\n|switch|p2a: Bellibolt|Bellibolt, L84, M|320/320\n|-terastallize|p1a: Shiftry|Dark\n|move|p1a: Shiftry|Tailwind|p1a: Shiftry\n|-sidestart|p1: LeviAEthan.K1043|move: Tailwind\n|-ability|p1a: Shiftry|Wind Rider|boost\n|-boost|p1a: Shiftry|atk|1\n|\n|-damage|p1a: Shiftry|210/305 tox|[from] psn\n|upkeep\n|turn|18\n|inactive|bluedream222 has 120 seconds left.\n|\n|t:|1733893094\n|move|p1a: Shiftry|Knock Off|p2a: Bellibolt\n|-damage|p2a: Bellibolt|130/320\n|-start|p2a: Bellibolt|Charge|Knock Off|[from] ability: Electromorphosis\n|-damage|p1a: Shiftry|180/305 tox|[from] item: Life Orb\n|move|p2a: Bellibolt|Toxic|p1a: Shiftry\n|-fail|p1a: Shiftry|tox\n|\n|-damage|p1a: Shiftry|123/305 tox|[from] psn\n|upkeep\n|turn|19\n|inactive|bluedream222 has 120 seconds left.\n|\n|t:|1733893117\n|move|p1a: Shiftry|Knock Off|p2a: Bellibolt\n|-crit|p2a: Bellibolt\n|-damage|p2a: Bellibolt|0 fnt\n|faint|p2a: Bellibolt\n|-damage|p1a: Shiftry|93/305 tox|[from] item: Life Orb\n|\n|-damage|p1a: Shiftry|17/305 tox|[from] psn\n|upkeep\n|inactive|bluedream222 has 90 seconds left.\n|\n|t:|1733893159\n|switch|p2a: Gallade|Gallade, L81, M|243/243\n|turn|20\n|inactive|LeviAEthan.K1043 has 120 seconds left.\n|\n|t:|1733893172\n|move|p1a: Shiftry|Knock Off|p2a: Gallade\n|-damage|p2a: Gallade|0 fnt\n|-enditem|p2a: Gallade|Life Orb|[from] move: Knock Off|[of] p1a: Shiftry\n|faint|p2a: Gallade\n|-damage|p1a: Shiftry|0 fnt|[from] item: Life Orb\n|faint|p1a: Shiftry\n|\n|-sideend|p1: LeviAEthan.K1043|move: Tailwind\n|upkeep\n|inactive|LeviAEthan.K1043 has 120 seconds left.\n|\n|t:|1733893183\n|switch|p1a: Dachsbun|Dachsbun, L92, M|164/254 tox\n|switch|p2a: Ambipom|Ambipom, L84, M|263/263\n|turn|21\n|inactive|bluedream222 has 60 seconds left.\n|\n|t:|1733893215\n|move|p1a: Dachsbun|Protect|p1a: Dachsbun\n|-singleturn|p1a: Dachsbun|Protect\n|move|p2a: Ambipom|Double-Edge|p1a: Dachsbun\n|-activate|p1a: Dachsbun|move: Protect\n|\n|-heal|p1a: Dachsbun|179/254 tox|[from] item: Leftovers\n|-damage|p1a: Dachsbun|164/254 tox|[from] psn\n|upkeep\n|turn|22\n|inactive|LeviAEthan.K1043 has 120 seconds left.\n|\n|t:|1733893239\n|switch|p1a: Toucannon|Toucannon, L88, M|284/284\n|move|p2a: Ambipom|Double-Edge|p1a: Toucannon\n|-damage|p1a: Toucannon|77/284\n|-damage|p2a: Ambipom|195/263|[from] Recoil\n|\n|upkeep\n|turn|23\n|inactive|LeviAEthan.K1043 has 120 seconds left.\n|\n|t:|1733893247\n|-singleturn|p1a: Toucannon|move: Beak Blast\n|move|p2a: Ambipom|Double-Edge|p1a: Toucannon\n|-damage|p1a: Toucannon|0 fnt\n|-status|p2a: Ambipom|brn\n|faint|p1a: Toucannon\n|-damage|p2a: Ambipom|170/263 brn|[from] Recoil\n|\n|-damage|p2a: Ambipom|154/263 brn|[from] brn\n|upkeep\n|inactive|LeviAEthan.K1043 has 120 seconds left.\n|\n|t:|1733893261\n|switch|p1a: Jolteon|Jolteon, L84, M|246/246\n|turn|24\n|inactive|LeviAEthan.K1043 has 120 seconds left.\n|\n|t:|1733893268\n|move|p1a: Jolteon|Calm Mind|p1a: Jolteon\n|-boost|p1a: Jolteon|spa|1\n|-boost|p1a: Jolteon|spd|1\n|move|p2a: Ambipom|Double-Edge|p1a: Jolteon\n|-damage|p1a: Jolteon|118/246\n|-damage|p2a: Ambipom|112/263 brn|[from] Recoil\n|\n|-damage|p2a: Ambipom|96/263 brn|[from] brn\n|upkeep\n|turn|25\n|inactive|bluedream222 has 90 seconds left.\n|\n|t:|1733893278\n|move|p1a: Jolteon|Thunderbolt|p2a: Ambipom\n|-damage|p2a: Ambipom|0 fnt\n|faint|p2a: Ambipom\n|-damage|p1a: Jolteon|94/246|[from] item: Life Orb\n|\n|upkeep\n|inactive|bluedream222 has 90 seconds left.\n|\n|t:|1733893299\n|switch|p2a: Chien-Pao|Chien-Pao, L72|234/234\n|-ability|p2a: Chien-Pao|Sword of Ruin\n|turn|26\n|\n|t:|1733893313\n|move|p1a: Jolteon|Alluring Voice|p2a: Chien-Pao\n|-supereffective|p2a: Chien-Pao\n|-damage|p2a: Chien-Pao|0 fnt\n|faint|p2a: Chien-Pao\n|-damage|p1a: Jolteon|70/246|[from] item: Life Orb\n|\n|upkeep\n|\n|t:|1733893328\n|switch|p2a: Bruxish|Bruxish, L85, F|254/254\n|turn|27\n|\n|t:|1733893336\n|move|p2a: Bruxish|Aqua Jet|p1a: Jolteon\n|-damage|p1a: Jolteon|0 fnt\n|faint|p1a: Jolteon\n|\n|upkeep\n|\n|t:|1733893342\n|switch|p1a: Morpeko|Morpeko, L88, M|245/245\n|turn|28\n|\n|t:|1733893347\n|move|p2a: Bruxish|Aqua Jet|p1a: Morpeko\n|-damage|p1a: Morpeko|160/245\n|move|p1a: Morpeko|Aura Wheel|p2a: Bruxish\n|-supereffective|p2a: Bruxish\n|-damage|p2a: Bruxish|0 fnt\n|-boost|p1a: Morpeko|spe|1\n|faint|p2a: Bruxish\n|\n|-formechange|p1a: Morpeko|Morpeko-Hangry||[from] ability: Hunger Switch\n|upkeep\n|inactive|bluedream222 has 90 seconds left.\n|\n|t:|1733893356\n|switch|p2a: Noivern|Noivern, L82, M|274/274\n|turn|29\n|inactive|bluedream222 has 90 seconds left.\n|\n|t:|1733893373\n|-terastallize|p2a: Noivern|Normal\n|move|p1a: Morpeko|Parting Shot|p2a: Noivern\n|-unboost|p2a: Noivern|atk|1\n|-unboost|p2a: Noivern|spa|1\n|\n|t:|1733893398\n|switch|p1a: Porygon2|Porygon2, L82|274/274|[from] Parting Shot\n|-ability|p1a: Porygon2|Download|boost\n|-boost|p1a: Porygon2|spa|1\n|move|p2a: Noivern|Boomburst|p1a: Porygon2\n|-damage|p1a: Porygon2|213/274\n|\n|upkeep\n|turn|30\n|inactive|bluedream222 has 90 seconds left.\n|\n|t:|1733893412\n|move|p2a: Noivern|Hurricane|p1a: Porygon2|[miss]\n|-miss|p2a: Noivern|p1a: Porygon2\n|move|p1a: Porygon2|Tri Attack|p2a: Noivern\n|-damage|p2a: Noivern|138/274\n|\n|upkeep\n|turn|31\n|-message|bluedream222 forfeited.\n|\n|win|LeviAEthan.K1043\n|raw|LeviAEthan.K1043's rating: 1345 &rarr; <strong>1366</strong><br />(+21 for winning)\n|raw|bluedream222's rating: 1367 &rarr; <strong>1346</strong><br />(-21 for losing)\n|l|\u2606bluedream222\n|player|p2|\n", "inputlog": ">version bfd83cad13791eb5a5a409923076391caf6fb4d4\n>start {\"formatid\":\"gen9randombattle\",\"seed\":[31078,63410,22022,40649],\"rated\":\"Rated battle\"}\n>player p1 {\"name\":\"LeviAEthan.K1043\",\"avatar\":\"hiker\",\"rating\":1345,\"seed\":[3550,25464,8537,47095]}\n>player p2 {\"name\":\"bluedream222\",\"avatar\":\"alder\",\"rating\":1367,\"seed\":[19054,22214,47918,44833]}\n>p1 switch 3\n>p2 move toxic\n>p1 move tailwind\n>p2 move slackoff\n>p1 switch 2\n>p2 move muddywater\n>p1 move stompingtantrum\n>p2 move toxic\n>p1 move wish\n>p2 move slackoff\n>chat \u2606bluedream222|Bellibolt sweep?\n>p1 move stompingtantrum\n>p2 move muddywater\n>p1 switch 5\n>p2 move slackoff\n>p1 move partingshot\n>p2 move toxic\n>p1 switch 5\n>p1 move wish\n>p2 move muddywater\n>p1 move stompingtantrum\n>p2 move muddywater\n>p1 switch 5\n>p2 move slackoff\n>p1 move partingshot\n>p2 move toxic\n>p1 switch 2\n>p1 move knockoff\n>p2 move muddywater\n>p1 switch 5\n>p2 move slackoff\n>p1 move wish\n>p2 move muddywater\n>p1 switch 5\n>p2 switch 5\n>chat \u2606bluedream222|lol\n>chat \u2606bluedream222|quit running \n>p1 move tailwind terastallize\n>p2 switch 5\n>p1 move knockoff\n>p2 move toxic\n>p1 move knockoff\n>p2 move slackoff\n>p2 switch 6\n>p1 move knockoff\n>p2 move agility\n>p1 switch 5\n>p2 switch 4\n>p1 move protect\n>p2 move doubleedge\n>p1 switch 4\n>p2 move doubleedge\n>p1 move beakblast\n>p2 move doubleedge\n>p1 switch 3\n>p1 move calmmind\n>p2 move doubleedge\n>p1 move thunderbolt\n>p2 move doubleedge\n>p2 switch 5\n>p1 move alluringvoice\n>p2 move sacredsword\n>p2 switch 3\n>p1 move thunderbolt\n>p2 move aquajet\n>p1 switch 2\n>p1 move aurawheel\n>p2 move aquajet\n>p2 switch 2\n>p1 move partingshot\n>p2 move boomburst terastallize\n>p1 switch 6\n>p1 move triattack\n>p2 move hurricane\n>forcelose p2", "uploadtime": 1733893427, "views": 15, "formatid": "gen9randombattle", "rating": 1346, "private": 0, "password": null}