{"id": "gen9randombattle-2243301083", "format": "[Gen 9] Random Battle", "players": ["useemstohavefun", "Star Wheel"], "log": "|j|\u2606useemstohavefun\n|j|\u2606Star Wheel\n|t:|1731531097\n|gametype|singles\n|player|p1|useemstohavefun|thorton|2202\n|player|p2|Star Wheel|darach-caitlin|2248\n|teamsize|p1|6\n|teamsize|p2|6\n|gen|9\n|tier|[Gen 9] Random Battle\n|rated|\n|rule|Species Clause: Limit one of each Pok\u00e9mon\n|rule|HP Percentage Mod: HP is shown in percentages\n|rule|Sleep Clause Mod: Limit one foe put to sleep\n|rule|Illusion Level Mod: Illusion disguises the Pok\u00e9mon's true level\n|\n|t:|1731531097\n|start\n|switch|p1a: Sandy Shocks|Sandy Shocks, L80|267/267\n|switch|p2a: Rayquaza|Rayquaza, L72|270/270\n|-ability|p2a: Rayquaza|Air Lock\n|turn|1\n|inactive|Battle timer is ON: inactive players will automatically lose when time's up. (requested by Star Wheel)\n|inactive|useemstohavefun also wants the timer to be on.\n|inactive|Star Wheel has 120 seconds left.\n|\n|t:|1731531134\n|switch|p2a: Rhyperior|Rhyperior, L82, M|323/323\n|move|p1a: Sandy Shocks|Stealth Rock|p2a: Rhyperior\n|-sidestart|p2: Star Wheel|move: Stealth Rock\n|\n|upkeep\n|turn|2\n|\n|t:|1731531150\n|move|p1a: Sandy Shocks|Spikes|p2a: Rhyperior\n|-sidestart|p2: Star Wheel|Spikes\n|move|p2a: Rhyperior|Earthquake|p1a: Sandy Shocks\n|-supereffective|p1a: Sandy Shocks\n|-damage|p1a: Sandy Shocks|0 fnt\n|faint|p1a: Sandy Shocks\n|-end|p1a: Sandy Shocks|Protosynthesis|[silent]\n|\n|upkeep\n|\n|t:|1731531158\n|switch|p1a: Dewgong|Dewgong, L94, M|322/322\n|turn|3\n|\n|t:|1731531179\n|switch|p2a: Oranguru|Oranguru, L92, F|315/315\n|-damage|p2a: Oranguru|276/315|[from] Stealth Rock\n|-damage|p2a: Oranguru|237/315|[from] Spikes\n|move|p1a: Dewgong|Surf|p2a: Oranguru\n|-damage|p2a: Oranguru|168/315\n|\n|upkeep\n|turn|4\n|\n|t:|1731531184\n|move|p1a: Dewgong|Knock Off|p2a: Oranguru\n|-supereffective|p2a: Oranguru\n|-damage|p2a: Oranguru|42/315\n|-enditem|p2a: Oranguru|Life Orb|[from] move: Knock Off|[of] p1a: Dewgong\n|move|p2a: Oranguru|Thunderbolt|p1a: Dewgong\n|-supereffective|p1a: Dewgong\n|-damage|p1a: Dewgong|246/322\n|\n|upkeep\n|turn|5\n|inactive|Star Wheel has 120 seconds left.\n|inactive|Star Wheel has 90 seconds left.\n|\n|t:|1731531252\n|move|p1a: Dewgong|Knock Off|p2a: Oranguru\n|-supereffective|p2a: Oranguru\n|-damage|p2a: Oranguru|0 fnt\n|faint|p2a: Oranguru\n|\n|upkeep\n|\n|t:|1731531263\n|switch|p2a: Slither Wing|Slither Wing, L81|270/270\n|-damage|p2a: Slither Wing|237/270|[from] Stealth Rock\n|-damage|p2a: Slither Wing|204/270|[from] Spikes\n|-enditem|p2a: Slither Wing|Booster Energy\n|-activate|p2a: Slither Wing|ability: Protosynthesis|[fromitem]\n|-start|p2a: Slither Wing|protosynthesisatk\n|turn|6\n|\n|t:|1731531283\n|move|p1a: Dewgong|Flip Turn|p2a: Slither Wing\n|-damage|p2a: Slither Wing|132/270\n|\n|t:|1731531288\n|switch|p1a: Ribombee|Ribombee, L82, F|233/233|[from] Flip Turn\n|move|p2a: Slither Wing|Leech Life|p1a: Ribombee\n|-resisted|p1a: Ribombee\n|-damage|p1a: Ribombee|146/233\n|-heal|p2a: Slither Wing|176/270|[from] drain|[of] p1a: Ribombee\n|\n|upkeep\n|turn|7\n|\n|t:|1731531298\n|-end|p2a: Slither Wing|Protosynthesis|[silent]\n|switch|p2a: Chandelure|Chandelure, L83, F|235/235\n|-damage|p2a: Chandelure|177/235|[from] Stealth Rock\n|-damage|p2a: Chandelure|148/235|[from] Spikes\n|move|p1a: Ribombee|Moonblast|p2a: Chandelure\n|-resisted|p2a: Chandelure\n|-damage|p2a: Chandelure|97/235\n|-unboost|p2a: Chandelure|spa|1\n|\n|upkeep\n|turn|8\n|\n|t:|1731531307\n|switch|p1a: Heatran|Heatran, L79, F|273/273\n|move|p2a: Chandelure|Trick|p1a: Heatran\n|-activate|p2a: Chandelure|move: Trick|[of] p1a: Heatran\n|-item|p1a: Heatran|Choice Scarf|[from] move: Trick\n|-item|p2a: Chandelure|Assault Vest|[from] move: Trick\n|\n|upkeep\n|turn|9\n|\n|t:|1731531329\n|move|p1a: Heatran|Flash Cannon|p2a: Chandelure\n|-resisted|p2a: Chandelure\n|-damage|p2a: Chandelure|64/235\n|move|p2a: Chandelure|Shadow Ball|p1a: Heatran\n|-damage|p1a: Heatran|206/273\n|-unboost|p1a: Heatran|spd|1\n|\n|upkeep\n|turn|10\n|\n|t:|1731531341\n|move|p1a: Heatran|Flash Cannon|p2a: Chandelure\n|-resisted|p2a: Chandelure\n|-damage|p2a: Chandelure|31/235\n|move|p2a: Chandelure|Shadow Ball|p1a: Heatran\n|-damage|p1a: Heatran|92/273\n|\n|upkeep\n|turn|11\n|\n|t:|1731531345\n|move|p1a: Heatran|Flash Cannon|p2a: Chandelure\n|-resisted|p2a: Chandelure\n|-damage|p2a: Chandelure|0 fnt\n|faint|p2a: Chandelure\n|\n|upkeep\n|\n|t:|1731531347\n|switch|p2a: Rayquaza|Rayquaza, L72|270/270\n|-ability|p2a: Rayquaza|Air Lock\n|turn|12\n|\n|t:|1731531352\n|move|p1a: Heatran|Flash Cannon|p2a: Rayquaza\n|-damage|p2a: Rayquaza|159/270\n|-unboost|p2a: Rayquaza|spd|1\n|move|p2a: Rayquaza|Dragon Dance|p2a: Rayquaza\n|-boost|p2a: Rayquaza|atk|1\n|-boost|p2a: Rayquaza|spe|1\n|\n|upkeep\n|turn|13\n|\n|t:|1731531356\n|move|p2a: Rayquaza|Earthquake|p1a: Heatran\n|-supereffective|p1a: Heatran\n|-damage|p1a: Heatran|0 fnt\n|faint|p1a: Heatran\n|\n|upkeep\n|\n|t:|1731531365\n|switch|p1a: Chien-Pao|Chien-Pao, L72|234/234\n|-ability|p1a: Chien-Pao|Sword of Ruin\n|turn|14\n|inactive|Star Wheel has 120 seconds left.\n|\n|t:|1731531402\n|-terastallize|p2a: Rayquaza|Steel\n|move|p1a: Chien-Pao|Ice Shard|p2a: Rayquaza\n|-resisted|p2a: Rayquaza\n|-damage|p2a: Rayquaza|117/270\n|move|p2a: Rayquaza|Dragon Ascent|p1a: Chien-Pao\n|-damage|p1a: Chien-Pao|0 fnt\n|-unboost|p2a: Rayquaza|def|1\n|-unboost|p2a: Rayquaza|spd|1\n|faint|p1a: Chien-Pao\n|\n|upkeep\n|\n|t:|1731531414\n|switch|p1a: Dewgong|Dewgong, L94, M|246/322\n|turn|15\n|\n|t:|1731531419\n|move|p2a: Rayquaza|Dragon Ascent|p1a: Dewgong\n|-damage|p1a: Dewgong|48/322\n|-unboost|p2a: Rayquaza|def|1\n|-unboost|p2a: Rayquaza|spd|1\n|move|p1a: Dewgong|Surf|p2a: Rayquaza\n|-damage|p2a: Rayquaza|0 fnt\n|faint|p2a: Rayquaza\n|\n|upkeep\n|\n|t:|1731531423\n|switch|p2a: Slither Wing|Slither Wing, L81|176/270\n|-damage|p2a: Slither Wing|143/270|[from] Stealth Rock\n|-damage|p2a: Slither Wing|110/270|[from] Spikes\n|turn|16\n|\n|t:|1731531432\n|move|p1a: Dewgong|Triple Axel|p2a: Slither Wing\n|-damage|p2a: Slither Wing|86/270\n|-damage|p2a: Slither Wing|40/270\n|-damage|p2a: Slither Wing|0 fnt\n|faint|p2a: Slither Wing\n|-end|p2a: Slither Wing|Protosynthesis|[silent]\n|-hitcount|p2: Slither Wing|3\n|\n|upkeep\n|\n|t:|1731531437\n|switch|p2a: Carbink|Carbink, L90|236/236\n|-damage|p2a: Carbink|207/236|[from] Stealth Rock\n|-damage|p2a: Carbink|178/236|[from] Spikes\n|turn|17\n|\n|t:|1731531443\n|move|p1a: Dewgong|Flip Turn|p2a: Carbink\n|-supereffective|p2a: Carbink\n|-damage|p2a: Carbink|98/236\n|\n|t:|1731531446\n|switch|p1a: Ribombee|Ribombee, L82, F|146/233|[from] Flip Turn\n|move|p2a: Carbink|Rest|p2a: Carbink\n|-status|p2a: Carbink|slp|[from] move: Rest\n|-heal|p2a: Carbink|236/236 slp|[silent]\n|-enditem|p2a: Carbink|Chesto Berry|[eat]\n|-curestatus|p2a: Carbink|slp|[msg]\n|\n|upkeep\n|turn|18\n|\n|t:|1731531453\n|move|p1a: Ribombee|Quiver Dance|p1a: Ribombee\n|-boost|p1a: Ribombee|spa|1\n|-boost|p1a: Ribombee|spd|1\n|-boost|p1a: Ribombee|spe|1\n|move|p2a: Carbink|Moonblast|p1a: Ribombee\n|-damage|p1a: Ribombee|89/233\n|\n|upkeep\n|turn|19\n|inactive|Star Wheel has 120 seconds left.\n|\n|t:|1731531492\n|-terastallize|p1a: Ribombee|Ground\n|move|p1a: Ribombee|Tera Blast|p2a: Carbink|[anim] Tera Blast Ground\n|-supereffective|p2a: Carbink\n|-damage|p2a: Carbink|84/236\n|move|p2a: Carbink|Moonblast|p1a: Ribombee\n|-damage|p1a: Ribombee|34/233\n|\n|upkeep\n|turn|20\n|-message|Star Wheel forfeited.\n|\n|win|useemstohavefun\n|raw|useemstohavefun's rating: 2202 &rarr; <strong>2225</strong><br />(+23 for winning)\n|raw|Star Wheel's rating: 2262 &rarr; <strong>2239</strong><br />(-23 for losing)\n|l|\u2606Star Wheel\n|player|p2|\n", "inputlog": ">version 48604a2341c6e7bec58958c0f00ddbd3a745b6d0\n>start {\"formatid\":\"gen9randombattle\",\"seed\":[39123,9461,23053,18921],\"rated\":\"Rated battle\"}\n>player p1 {\"name\":\"useemstohavefun\",\"avatar\":\"thorton\",\"rating\":2202,\"seed\":[51454,41273,8258,35813]}\n>player p2 {\"name\":\"Star Wheel\",\"avatar\":\"darach-caitlin\",\"rating\":2248,\"seed\":[40050,51176,37379,49904]}\n>p1 move stealthrock\n>p2 switch 4\n>p1 move spikes\n>p2 move earthquake\n>p1 switch 4\n>p1 move surf\n>p2 switch 6\n>p1 move knockoff\n>p2 move thunderbolt\n>p1 move knockoff\n>p2 move psyshock\n>p2 switch 3\n>p1 move flipturn\n>p2 move leechlife\n>p1 switch 6\n>p1 move moonblast\n>p2 switch 2\n>p1 switch 3\n>p2 move trick\n>p1 move flashcannon\n>p2 move shadowball\n>p1 move flashcannon\n>p2 move shadowball\n>p1 move flashcannon\n>p2 move shadowball\n>p2 switch 4\n>p1 move flashcannon\n>p2 move dragondance\n>p1 move flashcannon\n>p2 move earthquake\n>p1 switch 2\n>p1 move iceshard\n>p2 move dragonascent terastallize\n>p1 switch 6\n>p1 move surf\n>p2 move dragonascent\n>p2 switch 2\n>p1 move tripleaxel\n>p2 move leechlife\n>p2 switch 5\n>p1 move flipturn\n>p2 move rest\n>p1 switch 3\n>p1 move quiverdance\n>p2 move moonblast\n>p1 move terablast terastallize\n>p2 move moonblast\n>forcelose p2", "uploadtime": 1731531514, "views": 28, "formatid": "gen9randombattle", "rating": 2225, "private": 0, "password": null}