{"id": "gen9randombattle-2099269514", "format": "[Gen 9] Random Battle", "players": ["Qiuescent", "bombom02"], "log": "|uhtml|medal-msg|<div class=\"broadcast-blue\">Curious what those medals under the avatar are? PS now has Ladder Seasons! For more information, check out the <a href=\"https://www.smogon.com/forums/threads/3740067/\">thread on Smogon.</a></div>\n|badge|p2|bronze|gen9randombattle|100-1\n|uhtml|medal-msg|<div class=\"broadcast-blue\">Curious what those medals under the avatar are? PS now has Ladder Seasons! For more information, check out the <a href=\"https://www.smogon.com/forums/threads/3740067/\">thread on Smogon.</a></div>\n|j|\u203dQiuescent\n|j|\u2606bombom02\n|t:|1712642671\n|gametype|singles\n|player|p1|Qiuescent|102|2200\n|player|p2|bombom02|marnie|2295\n|teamsize|p1|6\n|teamsize|p2|6\n|gen|9\n|tier|[Gen 9] Random Battle\n|rated|\n|rule|Species Clause: Limit one of each Pok\u00e9mon\n|rule|HP Percentage Mod: HP is shown in percentages\n|rule|Sleep Clause Mod: Limit one foe put to sleep\n|rule|Illusion Level Mod: Illusion disguises the Pok\u00e9mon's true level\n|\n|t:|1712642671\n|start\n|switch|p1a: Jirachi|Jirachi, L80|291/291\n|switch|p2a: Slowking|Slowking-Galar, L85, M|300/300\n|turn|1\n|inactive|Battle timer is ON: inactive players will automatically lose when time's up. (requested by bombom02)\n|\n|t:|1712642692\n|switch|p2a: Gastrodon|Gastrodon-East, L86, M|331/331\n|move|p1a: Jirachi|U-turn|p2a: Gastrodon\n|-damage|p2a: Gastrodon|275/331\n|\n|t:|1712642705\n|switch|p1a: Umbreon|Umbreon, L84, F|297/297|[from] U-turn\n|\n|-heal|p2a: Gastrodon|295/331|[from] item: Leftovers\n|upkeep\n|turn|2\n|\n|t:|1712642719\n|switch|p2a: Furret|Furret, L93, F|309/309\n|-item|p1a: Umbreon|Leftovers|[from] ability: Frisk|[of] p2a: Furret|[identify]\n|move|p1a: Umbreon|Toxic|p2a: Furret\n|-status|p2a: Furret|tox\n|\n|-damage|p2a: Furret|290/309 tox|[from] psn\n|upkeep\n|turn|3\n|\n|t:|1712642722\n|move|p1a: Umbreon|Protect|p1a: Umbreon\n|-singleturn|p1a: Umbreon|Protect\n|move|p2a: Furret|Knock Off|p1a: Umbreon\n|-activate|p1a: Umbreon|move: Protect\n|\n|-damage|p2a: Furret|252/309 tox|[from] psn\n|upkeep\n|turn|4\n|\n|t:|1712642726\n|move|p2a: Furret|Knock Off|p1a: Umbreon\n|-resisted|p1a: Umbreon\n|-damage|p1a: Umbreon|259/297\n|-enditem|p1a: Umbreon|Leftovers|[from] move: Knock Off|[of] p2a: Furret\n|-damage|p2a: Furret|222/309 tox|[from] item: Life Orb\n|move|p1a: Umbreon|Wish|p1a: Umbreon\n|\n|-damage|p2a: Furret|165/309 tox|[from] psn\n|upkeep\n|turn|5\n|\n|t:|1712642730\n|move|p2a: Furret|Tidy Up|p2a: Furret\n|-boost|p2a: Furret|atk|1\n|-boost|p2a: Furret|spe|1\n|move|p1a: Umbreon|Foul Play|p2a: Furret\n|-damage|p2a: Furret|17/309 tox\n|\n|-heal|p1a: Umbreon|297/297|[from] move: Wish|[wisher] Umbreon\n|-damage|p2a: Furret|0 fnt|[from] psn\n|faint|p2a: Furret\n|upkeep\n|\n|t:|1712642737\n|switch|p2a: Eiscue|Eiscue, L87, M|272/272\n|turn|6\n|\n|t:|1712642752\n|switch|p1a: Sylveon|Sylveon, L84, M|297/297\n|move|p2a: Eiscue|Belly Drum|p2a: Eiscue\n|-damage|p2a: Eiscue|136/272\n|-setboost|p2a: Eiscue|atk|6|[from] move: Belly Drum\n|-enditem|p2a: Eiscue|Sitrus Berry|[eat]\n|-heal|p2a: Eiscue|204/272|[from] item: Sitrus Berry\n|\n|upkeep\n|turn|7\n|\n|t:|1712642760\n|move|p1a: Sylveon|Hyper Voice|p2a: Eiscue\n|-crit|p2a: Eiscue\n|-damage|p2a: Eiscue|9/272\n|move|p2a: Eiscue|Ice Spinner|p1a: Sylveon\n|-damage|p1a: Sylveon|0 fnt\n|faint|p1a: Sylveon\n|\n|upkeep\n|\n|t:|1712642763\n|switch|p1a: Phione|Phione, L90|290/290\n|turn|8\n|\n|t:|1712642766\n|switch|p2a: Gastrodon|Gastrodon-East, L86, M|295/331\n|move|p1a: Phione|Scald|p2a: Gastrodon\n|-ability|p2a: Gastrodon|Storm Drain|boost\n|-boost|p2a: Gastrodon|spa|1\n|\n|-heal|p2a: Gastrodon|315/331|[from] item: Leftovers\n|upkeep\n|turn|9\n|\n|t:|1712642769\n|switch|p1a: Umbreon|Umbreon, L84, F|297/297\n|move|p2a: Gastrodon|Earthquake|p1a: Umbreon\n|-damage|p1a: Umbreon|209/297\n|\n|-heal|p2a: Gastrodon|331/331|[from] item: Leftovers\n|upkeep\n|turn|10\n|\n|t:|1712642772\n|-terastallize|p2a: Gastrodon|Steel\n|move|p1a: Umbreon|Foul Play|p2a: Gastrodon\n|-damage|p2a: Gastrodon|220/331\n|move|p2a: Gastrodon|Ice Beam|p1a: Umbreon\n|-damage|p1a: Umbreon|139/297\n|\n|-heal|p2a: Gastrodon|240/331|[from] item: Leftovers\n|upkeep\n|turn|11\n|\n|t:|1712642777\n|move|p1a: Umbreon|Wish|p1a: Umbreon\n|move|p2a: Gastrodon|Ice Beam|p1a: Umbreon\n|-damage|p1a: Umbreon|70/297\n|\n|-heal|p2a: Gastrodon|260/331|[from] item: Leftovers\n|upkeep\n|turn|12\n|\n|t:|1712642781\n|move|p1a: Umbreon|Protect|p1a: Umbreon\n|-singleturn|p1a: Umbreon|Protect\n|move|p2a: Gastrodon|Ice Beam|p1a: Umbreon\n|-activate|p1a: Umbreon|move: Protect\n|\n|-heal|p1a: Umbreon|218/297|[from] move: Wish|[wisher] Umbreon\n|-heal|p2a: Gastrodon|280/331|[from] item: Leftovers\n|upkeep\n|turn|13\n|\n|t:|1712642783\n|move|p1a: Umbreon|Wish|p1a: Umbreon\n|move|p2a: Gastrodon|Ice Beam|p1a: Umbreon\n|-damage|p1a: Umbreon|146/297\n|\n|-heal|p2a: Gastrodon|300/331|[from] item: Leftovers\n|upkeep\n|turn|14\n|\n|t:|1712642785\n|move|p1a: Umbreon|Protect|p1a: Umbreon\n|-singleturn|p1a: Umbreon|Protect\n|move|p2a: Gastrodon|Ice Beam|p1a: Umbreon\n|-activate|p1a: Umbreon|move: Protect\n|\n|-heal|p1a: Umbreon|294/297|[from] move: Wish|[wisher] Umbreon\n|-heal|p2a: Gastrodon|320/331|[from] item: Leftovers\n|upkeep\n|turn|15\n|\n|t:|1712642788\n|move|p1a: Umbreon|Foul Play|p2a: Gastrodon\n|-damage|p2a: Gastrodon|220/331\n|move|p2a: Gastrodon|Ice Beam|p1a: Umbreon\n|-damage|p1a: Umbreon|227/297\n|\n|-heal|p2a: Gastrodon|240/331|[from] item: Leftovers\n|upkeep\n|turn|16\n|\n|t:|1712642791\n|move|p1a: Umbreon|Foul Play|p2a: Gastrodon\n|-crit|p2a: Gastrodon\n|-damage|p2a: Gastrodon|72/331\n|move|p2a: Gastrodon|Earthquake|p1a: Umbreon\n|-damage|p1a: Umbreon|145/297\n|\n|-heal|p2a: Gastrodon|92/331|[from] item: Leftovers\n|upkeep\n|turn|17\n|\n|t:|1712642804\n|move|p1a: Umbreon|Foul Play|p2a: Gastrodon\n|-damage|p2a: Gastrodon|0 fnt\n|faint|p2a: Gastrodon\n|\n|upkeep\n|\n|t:|1712642810\n|switch|p2a: Reuniclus|Reuniclus, L88, M|337/337\n|turn|18\n|\n|t:|1712642818\n|switch|p1a: Jirachi|Jirachi, L80|291/291\n|move|p2a: Reuniclus|Focus Blast|p1a: Jirachi\n|-damage|p1a: Jirachi|161/291\n|\n|-heal|p1a: Jirachi|179/291|[from] item: Leftovers\n|upkeep\n|turn|19\n|\n|t:|1712642824\n|switch|p2a: Eiscue|Eiscue, L87, M|9/272\n|move|p1a: Jirachi|Iron Head|p2a: Eiscue\n|-activate|p2a: Eiscue|ability: Ice Face\n|-damage|p2a: Eiscue|9/272\n|detailschange|p2a: Eiscue|Eiscue-Noice, L87, M\n|\n|-heal|p1a: Jirachi|197/291|[from] item: Leftovers\n|upkeep\n|turn|20\n|\n|t:|1712642827\n|switch|p1a: Phione|Phione, L90|290/290\n|move|p2a: Eiscue|Liquidation|p1a: Phione\n|-resisted|p1a: Phione\n|-damage|p1a: Phione|264/290\n|\n|-heal|p1a: Phione|282/290|[from] item: Leftovers\n|upkeep\n|turn|21\n|\n|t:|1712642830\n|move|p2a: Eiscue|Ice Spinner|p1a: Phione\n|-resisted|p1a: Phione\n|-damage|p1a: Phione|242/290\n|move|p1a: Phione|Take Heart|p1a: Phione\n|-boost|p1a: Phione|spa|1\n|-boost|p1a: Phione|spd|1\n|\n|-heal|p1a: Phione|260/290|[from] item: Leftovers\n|upkeep\n|turn|22\n|\n|t:|1712642832\n|switch|p2a: Slowking|Slowking-Galar, L85, M|300/300\n|move|p1a: Phione|Take Heart|p1a: Phione\n|-boost|p1a: Phione|spa|1\n|-boost|p1a: Phione|spd|1\n|\n|-heal|p1a: Phione|278/290|[from] item: Leftovers\n|upkeep\n|turn|23\n|\n|t:|1712642836\n|move|p1a: Phione|Scald|p2a: Slowking\n|-damage|p2a: Slowking|200/300\n|move|p2a: Slowking|Psychic Noise|p1a: Phione\n|-damage|p1a: Phione|230/290\n|-start|p1a: Phione|move: Heal Block\n|\n|upkeep\n|turn|24\n|\n|t:|1712642842\n|move|p1a: Phione|Scald|p2a: Slowking\n|-damage|p2a: Slowking|104/300\n|move|p2a: Slowking|Sludge Bomb|p1a: Phione\n|-crit|p1a: Phione\n|-damage|p1a: Phione|68/290\n|\n|-end|p1a: Phione|move: Heal Block\n|upkeep\n|turn|25\n|\n|t:|1712642860\n|switch|p2a: Reuniclus|Reuniclus, L88, M|337/337\n|move|p1a: Phione|Rest|p1a: Phione\n|-status|p1a: Phione|slp|[from] move: Rest\n|-heal|p1a: Phione|290/290 slp|[silent]\n|\n|upkeep\n|turn|26\n|\n|t:|1712642868\n|cant|p1a: Phione|slp\n|move|p1a: Phione|Sleep Talk|p1a: Phione\n|move|p1a: Phione|Scald|p2a: Reuniclus|[from]move: Sleep Talk\n|-damage|p2a: Reuniclus|184/337\n|move|p2a: Reuniclus|Calm Mind|p2a: Reuniclus\n|-boost|p2a: Reuniclus|spa|1\n|-boost|p2a: Reuniclus|spd|1\n|\n|upkeep\n|turn|27\n|\n|t:|1712642872\n|switch|p1a: Jirachi|Jirachi, L80|197/291\n|move|p2a: Reuniclus|Calm Mind|p2a: Reuniclus\n|-boost|p2a: Reuniclus|spa|1\n|-boost|p2a: Reuniclus|spd|1\n|\n|-heal|p1a: Jirachi|215/291|[from] item: Leftovers\n|upkeep\n|turn|28\n|\n|t:|1712642875\n|move|p1a: Jirachi|Iron Head|p2a: Reuniclus\n|-damage|p2a: Reuniclus|99/337\n|move|p2a: Reuniclus|Focus Blast|p1a: Jirachi\n|-damage|p1a: Jirachi|0 fnt\n|faint|p1a: Jirachi\n|\n|upkeep\n|\n|t:|1712642880\n|switch|p1a: Talonflame|Talonflame, L84, F|268/268\n|turn|29\n|\n|t:|1712642883\n|switch|p2a: Eiscue|Eiscue-Noice, L87, M|9/272\n|move|p1a: Talonflame|Brave Bird|p2a: Eiscue\n|-damage|p2a: Eiscue|0 fnt\n|faint|p2a: Eiscue\n|-damage|p1a: Talonflame|265/268|[from] Recoil\n|\n|upkeep\n|\n|t:|1712642884\n|switch|p2a: Slowking|Slowking-Galar, L85, M|204/300\n|turn|30\n|\n|t:|1712642895\n|move|p1a: Talonflame|Swords Dance|p1a: Talonflame\n|-boost|p1a: Talonflame|atk|2\n|move|p2a: Slowking|Sludge Bomb|p1a: Talonflame\n|-damage|p1a: Talonflame|129/268\n|\n|upkeep\n|turn|31\n|\n|t:|1712642922\n|-terastallize|p1a: Talonflame|Ground\n|move|p1a: Talonflame|Tera Blast|p2a: Slowking|[anim] Tera Blast Ground\n|-supereffective|p2a: Slowking\n|-damage|p2a: Slowking|0 fnt\n|faint|p2a: Slowking\n|\n|upkeep\n|\n|t:|1712642924\n|switch|p2a: Misdreavus|Misdreavus, L90, F|254/254\n|turn|32\n|\n|t:|1712642933\n|move|p1a: Talonflame|Flare Blitz|p2a: Misdreavus\n|-damage|p2a: Misdreavus|58/254\n|-damage|p1a: Talonflame|64/268|[from] Recoil\n|move|p2a: Misdreavus|Draining Kiss|p1a: Talonflame\n|-damage|p1a: Talonflame|18/268\n|-heal|p2a: Misdreavus|93/254|[from] drain|[of] p1a: Talonflame\n|-status|p2a: Misdreavus|brn|[from] ability: Flame Body|[of] p1a: Talonflame\n|\n|-damage|p2a: Misdreavus|78/254 brn|[from] brn\n|upkeep\n|turn|33\n|\n|t:|1712642940\n|move|p1a: Talonflame|Swords Dance|p1a: Talonflame\n|-boost|p1a: Talonflame|atk|2\n|move|p2a: Misdreavus|Draining Kiss|p1a: Talonflame\n|-damage|p1a: Talonflame|0 fnt\n|-heal|p2a: Misdreavus|92/254 brn|[from] drain|[of] p1a: Talonflame\n|faint|p1a: Talonflame\n|\n|-damage|p2a: Misdreavus|77/254 brn|[from] brn\n|upkeep\n|\n|t:|1712642942\n|switch|p1a: Magearna|Magearna, L77|250/250\n|turn|34\n|\n|t:|1712642947\n|move|p2a: Misdreavus|Shadow Ball|p1a: Magearna\n|-damage|p1a: Magearna|171/250\n|move|p1a: Magearna|Shift Gear|p1a: Magearna\n|-boost|p1a: Magearna|spe|2\n|-boost|p1a: Magearna|atk|1\n|\n|-heal|p1a: Magearna|186/250|[from] item: Leftovers\n|-damage|p2a: Misdreavus|62/254 brn|[from] brn\n|upkeep\n|turn|35\n|\n|t:|1712642950\n|move|p1a: Magearna|Calm Mind|p1a: Magearna\n|-boost|p1a: Magearna|spa|1\n|-boost|p1a: Magearna|spd|1\n|move|p2a: Misdreavus|Will-O-Wisp|p1a: Magearna\n|-status|p1a: Magearna|brn\n|\n|-heal|p1a: Magearna|201/250 brn|[from] item: Leftovers\n|-damage|p1a: Magearna|186/250 brn|[from] brn\n|-damage|p2a: Misdreavus|47/254 brn|[from] brn\n|upkeep\n|turn|36\n|\n|t:|1712642953\n|switch|p2a: Reuniclus|Reuniclus, L88, M|99/337\n|move|p1a: Magearna|Calm Mind|p1a: Magearna\n|-boost|p1a: Magearna|spa|1\n|-boost|p1a: Magearna|spd|1\n|\n|-heal|p1a: Magearna|201/250 brn|[from] item: Leftovers\n|-damage|p1a: Magearna|186/250 brn|[from] brn\n|upkeep\n|turn|37\n|\n|t:|1712642955\n|move|p1a: Magearna|Flash Cannon|p2a: Reuniclus\n|-damage|p2a: Reuniclus|0 fnt\n|faint|p2a: Reuniclus\n|-ability|p1a: Magearna|Soul-Heart|boost\n|-boost|p1a: Magearna|spa|1\n|\n|-heal|p1a: Magearna|201/250 brn|[from] item: Leftovers\n|-damage|p1a: Magearna|186/250 brn|[from] brn\n|upkeep\n|-message|bombom02 forfeited.\n|\n|win|Qiuescent\n|raw|Qiuescent's rating: 2200 &rarr; <strong>2226</strong><br />(+26 for winning)\n|raw|bombom02's rating: 2313 &rarr; <strong>2287</strong><br />(-26 for losing)\n|l|\u2606bombom02\n|player|p2|\n", "inputlog": ">version 3a5338d38dc0bb363dd203110c27f40e04e176a8\n>start {\"formatid\":\"gen9randombattle\",\"seed\":[36856,126,9468,38160],\"rated\":\"Rated battle\"}\n>player p1 {\"name\":\"Qiuescent\",\"avatar\":\"102\",\"rating\":2200,\"seed\":[28073,63371,31612,13176]}\n>player p2 {\"name\":\"bombom02\",\"avatar\":\"marnie\",\"rating\":2295,\"seed\":[42813,10696,45563,19818]}\n>p1 move uturn\n>p2 switch 4\n>p1 switch 2\n>p1 move toxic\n>p2 switch 5\n>p1 move protect\n>p2 move knockoff\n>p1 move wish\n>p2 move knockoff\n>p1 move foulplay\n>p2 move tidyup\n>p2 switch 2\n>p1 switch 4\n>p2 move bellydrum\n>p1 move hypervoice\n>p2 move icespinner\n>p1 switch 6\n>p1 move scald\n>p2 switch 5\n>p1 switch 4\n>p2 move earthquake\n>p1 move foulplay\n>p2 move icebeam terastallize\n>p1 move wish\n>p2 move icebeam\n>p1 move protect\n>p2 move icebeam\n>p1 move wish\n>p2 move icebeam\n>p1 move protect\n>p2 move icebeam\n>p1 move foulplay\n>p2 move icebeam\n>p1 move foulplay\n>p2 move earthquake\n>p1 move foulplay\n>p2 move recover\n>p2 switch 3\n>p1 switch 2\n>p2 move focusblast\n>p1 move ironhead\n>p2 switch 5\n>p1 switch 4\n>p2 move liquidation\n>p1 move takeheart\n>p2 move icespinner\n>p1 move takeheart\n>p2 switch 4\n>p1 move scald\n>p2 move psychicnoise\n>p1 move scald\n>p2 move sludgebomb\n>p1 move rest\n>p2 switch 5\n>p1 move sleeptalk\n>p2 move calmmind\n>p1 switch 4\n>p2 move calmmind\n>p1 move ironhead\n>p2 move focusblast\n>p1 switch 5\n>p1 move bravebird\n>p2 switch 4\n>p2 switch 5\n>p1 move swordsdance\n>p2 move sludgebomb\n>p1 move terablast terastallize\n>p2 move sludgebomb\n>p2 switch 6\n>p1 move flareblitz\n>p2 move drainingkiss\n>p1 move swordsdance\n>p2 move drainingkiss\n>p1 switch 3\n>p1 move shiftgear\n>p2 move shadowball\n>p1 move calmmind\n>p2 move willowisp\n>p1 move calmmind\n>p2 switch 4\n>p1 move flashcannon\n>p2 move recover\n>forcelose p2", "uploadtime": 1712642962, "views": 236, "formatid": "gen9randombattle", "rating": 2226, "private": 0, "password": null}