{"id": "gen9randombattle-2260835308", "format": "[Gen 9] Random Battle", "players": ["56i645i5s", "nod.gamer"], "log": "|j|\u260656i645i5s\n|j|\u2606nod.gamer\n|t:|1733900980\n|gametype|singles\n|player|p1|56i645i5s|2|1073\n|player|p2|nod.gamer|rosa|1121\n|teamsize|p1|6\n|teamsize|p2|6\n|gen|9\n|tier|[Gen 9] Random Battle\n|rated|\n|rule|Species Clause: Limit one of each Pok\u00e9mon\n|rule|HP Percentage Mod: HP is shown in percentages\n|rule|Sleep Clause Mod: Limit one foe put to sleep\n|rule|Illusion Level Mod: Illusion disguises the Pok\u00e9mon's true level\n|\n|t:|1733900980\n|start\n|switch|p1a: Dugtrio|Dugtrio, L84, M|196/196\n|switch|p2a: Squawkabilly|Squawkabilly-Blue, L85, M|278/278\n|turn|1\n|inactive|Battle timer is ON: inactive players will automatically lose when time's up. (requested by 56i645i5s)\n|\n|t:|1733901021\n|move|p1a: Dugtrio|Stone Edge|p2a: Squawkabilly\n|-supereffective|p2a: Squawkabilly\n|-damage|p2a: Squawkabilly|0 fnt\n|faint|p2a: Squawkabilly\n|\n|upkeep\n|l|\u2606nod.gamer\n|inactive|nod.gamer disconnected and has a minute to reconnect!\n|player|p2|\n|j|\u2606nod.gamer\n|inactive|nod.gamer reconnected and has 135 seconds left.\n|player|p2|nod.gamer|rosa|\n|\n|t:|1733901039\n|switch|p2a: Kilowattrel|Kilowattrel, L83, F|252/252\n|turn|2\n|inactive|56i645i5s has 120 seconds left.\n|\n|t:|1733901089\n|move|p2a: Kilowattrel|U-turn|p1a: Dugtrio\n|-damage|p1a: Dugtrio|139/196\n|\n|t:|1733901093\n|switch|p2a: Sinistcha|Sinistcha-Masterpiece, L83|254/254|[from] U-turn\n|move|p1a: Dugtrio|Stone Edge|p2a: Sinistcha\n|-damage|p2a: Sinistcha|166/254\n|\n|-heal|p2a: Sinistcha|181/254|[from] item: Leftovers\n|upkeep\n|turn|3\n|\n|t:|1733901105\n|switch|p1a: Skuntank|Skuntank, L84, F|310/310\n|move|p2a: Sinistcha|Strength Sap|p1a: Skuntank\n|-unboost|p1a: Skuntank|atk|1\n|-heal|p2a: Sinistcha|254/254\n|\n|upkeep\n|turn|4\n|\n|t:|1733901118\n|-terastallize|p2a: Sinistcha|Steel\n|move|p1a: Skuntank|Knock Off|p2a: Sinistcha\n|-damage|p2a: Sinistcha|172/254\n|-enditem|p2a: Sinistcha|Leftovers|[from] move: Knock Off|[of] p1a: Skuntank\n|-damage|p1a: Skuntank|279/310|[from] item: Life Orb\n|move|p2a: Sinistcha|Calm Mind|p2a: Sinistcha\n|-boost|p2a: Sinistcha|spa|1\n|-boost|p2a: Sinistcha|spd|1\n|\n|upkeep\n|turn|5\n|\n|t:|1733901137\n|move|p1a: Skuntank|Toxic Spikes|p2a: Sinistcha\n|-sidestart|p2: nod.gamer|move: Toxic Spikes\n|move|p2a: Sinistcha|Calm Mind|p2a: Sinistcha\n|-boost|p2a: Sinistcha|spa|1\n|-boost|p2a: Sinistcha|spd|1\n|\n|upkeep\n|turn|6\n|\n|t:|1733901145\n|move|p1a: Skuntank|Fire Blast|p2a: Sinistcha\n|-supereffective|p2a: Sinistcha\n|-damage|p2a: Sinistcha|128/254\n|-damage|p1a: Skuntank|248/310|[from] item: Life Orb\n|move|p2a: Sinistcha|Matcha Gotcha|p1a: Skuntank|[miss]\n|-miss|p2a: Sinistcha|p1a: Skuntank\n|\n|upkeep\n|turn|7\n|inactive|56i645i5s has 120 seconds left.\n|\n|t:|1733901153\n|move|p1a: Skuntank|Fire Blast|p2a: Sinistcha\n|-supereffective|p2a: Sinistcha\n|-damage|p2a: Sinistcha|84/254\n|-damage|p1a: Skuntank|217/310|[from] item: Life Orb\n|move|p2a: Sinistcha|Matcha Gotcha|p1a: Skuntank\n|-resisted|p1a: Skuntank\n|-damage|p1a: Skuntank|81/310\n|-heal|p2a: Sinistcha|152/254|[from] drain|[of] p1a: Skuntank\n|\n|upkeep\n|turn|8\n|\n|t:|1733901163\n|move|p1a: Skuntank|Fire Blast|p2a: Sinistcha\n|-supereffective|p2a: Sinistcha\n|-damage|p2a: Sinistcha|110/254\n|-status|p2a: Sinistcha|brn\n|-damage|p1a: Skuntank|50/310|[from] item: Life Orb\n|move|p2a: Sinistcha|Matcha Gotcha|p1a: Skuntank\n|-resisted|p1a: Skuntank\n|-damage|p1a: Skuntank|0 fnt\n|-heal|p2a: Sinistcha|135/254 brn|[from] drain|[of] p1a: Skuntank\n|faint|p1a: Skuntank\n|\n|-damage|p2a: Sinistcha|128/254 brn|[from] brn\n|upkeep\n|inactive|56i645i5s has 120 seconds left.\n|\n|t:|1733901189\n|switch|p1a: Dugtrio|Dugtrio, L84, M|139/196\n|turn|9\n|\n|t:|1733901194\n|move|p1a: Dugtrio|Earthquake|p2a: Sinistcha\n|-supereffective|p2a: Sinistcha\n|-damage|p2a: Sinistcha|0 fnt\n|faint|p2a: Sinistcha\n|\n|upkeep\n|\n|t:|1733901199\n|switch|p2a: Lokix|Lokix, L82, M|251/251\n|-status|p2a: Lokix|psn\n|turn|10\n|\n|t:|1733901209\n|switch|p1a: Zacian|Zacian, L69|241/241\n|-ability|p1a: Zacian|Intrepid Sword|boost\n|-boost|p1a: Zacian|atk|1\n|move|p2a: Lokix|Knock Off|p1a: Zacian\n|-resisted|p1a: Zacian\n|-damage|p1a: Zacian|116/241\n|-enditem|p1a: Zacian|Choice Band|[from] move: Knock Off|[of] p2a: Lokix\n|-damage|p2a: Lokix|226/251 psn|[from] item: Life Orb\n|\n|-damage|p2a: Lokix|195/251 psn|[from] psn\n|upkeep\n|turn|11\n|\n|t:|1733901220\n|move|p1a: Zacian|Play Rough|p2a: Lokix\n|-supereffective|p2a: Lokix\n|-damage|p2a: Lokix|0 fnt\n|faint|p2a: Lokix\n|\n|upkeep\n|\n|t:|1733901224\n|switch|p2a: Kilowattrel|Kilowattrel, L83, F|252/252\n|turn|12\n|\n|t:|1733901229\n|move|p2a: Kilowattrel|Thunder Wave|p1a: Zacian|[miss]\n|-miss|p2a: Kilowattrel|p1a: Zacian\n|move|p1a: Zacian|Play Rough|p2a: Kilowattrel\n|-damage|p2a: Kilowattrel|98/252\n|\n|upkeep\n|turn|13\n|\n|t:|1733901238\n|move|p2a: Kilowattrel|Thunderbolt|p1a: Zacian\n|-damage|p1a: Zacian|13/241\n|move|p1a: Zacian|Play Rough|p2a: Kilowattrel\n|-damage|p2a: Kilowattrel|0 fnt\n|faint|p2a: Kilowattrel\n|\n|upkeep\n|l|\u2606nod.gamer\n|inactive|nod.gamer disconnected and has a minute to reconnect!\n|player|p2|\n|inactive|nod.gamer has 30 seconds to reconnect!\n|inactive|nod.gamer has 20 seconds to reconnect!\n|inactive|nod.gamer has 15 seconds to reconnect!\n|inactive|nod.gamer has 10 seconds to reconnect!\n|inactive|nod.gamer has 5 seconds to reconnect!\n|-message|nod.gamer lost due to inactivity.\n|\n|win|56i645i5s\n|raw|56i645i5s's rating: 1073 &rarr; <strong>1106</strong><br />(+33 for winning)\n|raw|nod.gamer's rating: 1121 &rarr; <strong>1093</strong><br />(-28 for losing)\n", "inputlog": ">version bfd83cad13791eb5a5a409923076391caf6fb4d4\n>start {\"formatid\":\"gen9randombattle\",\"seed\":[22186,34052,36108,55761],\"rated\":\"Rated battle\"}\n>player p1 {\"name\":\"56i645i5s\",\"avatar\":\"2\",\"rating\":1073,\"seed\":[64135,12244,1165,26985]}\n>player p2 {\"name\":\"nod.gamer\",\"avatar\":\"rosa\",\"rating\":1121,\"seed\":[21817,14688,22609,21657]}\n>p1 move stoneedge\n>p2 move uturn\n>p2 switch 2\n>p1 move stoneedge\n>p2 move uturn\n>p2 switch 5\n>p1 switch 6\n>p2 move strengthsap\n>p1 move knockoff\n>p2 move calmmind terastallize\n>p1 move toxicspikes\n>p2 move calmmind\n>p1 move fireblast\n>p2 move matchagotcha\n>p1 move fireblast\n>p2 move matchagotcha\n>p1 move fireblast\n>p2 move matchagotcha\n>p1 switch 6\n>p1 move earthquake\n>p2 move strengthsap\n>p2 switch 4\n>p1 switch 5\n>p2 move knockoff\n>p1 move playrough\n>p2 move leechlife\n>p2 switch 5\n>p1 move playrough\n>p2 move thunderwave\n>p1 move playrough\n>p2 move thunderbolt\n>forcelose p2", "uploadtime": 1733901325, "views": 1, "formatid": "gen9randombattle", "rating": 1093, "private": 0, "password": null}