{"id": "gen9randombattle-2260106144", "format": "[Gen 9] Random Battle", "players": ["liakko", "ZBreaka"], "log": "|j|\u2606liakko\n|j|\u2606ZBreaka\n|t:|1733803282\n|gametype|singles\n|player|p1|liakko|1|1339\n|player|p2|ZBreaka|benga|1297\n|teamsize|p1|6\n|teamsize|p2|6\n|gen|9\n|tier|[Gen 9] Random Battle\n|rated|\n|rule|Species Clause: Limit one of each Pok\u00e9mon\n|rule|HP Percentage Mod: HP is shown in percentages\n|rule|Sleep Clause Mod: Limit one foe put to sleep\n|rule|Illusion Level Mod: Illusion disguises the Pok\u00e9mon's true level\n|\n|t:|1733803282\n|start\n|switch|p1a: Luvdisc|Luvdisc, F|247/247\n|switch|p2a: Dewgong|Dewgong, L94, F|322/322\n|turn|1\n|inactive|Battle timer is ON: inactive players will automatically lose when time's up. (requested by liakko)\n|inactive|liakko has 120 seconds left.\n|\n|t:|1733803315\n|switch|p2a: Pawmot|Pawmot, L80, M|243/243\n|move|p1a: Luvdisc|Substitute|p1a: Luvdisc\n|-start|p1a: Luvdisc|Substitute\n|-damage|p1a: Luvdisc|186/247\n|\n|upkeep\n|turn|2\n|\n|t:|1733803338\n|move|p1a: Luvdisc|Whirlpool|p2a: Pawmot|[miss]\n|-miss|p1a: Luvdisc|p2a: Pawmot\n|move|p2a: Pawmot|Nuzzle|p1a: Luvdisc\n|-supereffective|p1a: Luvdisc\n|-activate|p1a: Luvdisc|move: Substitute|[damage]\n|\n|upkeep\n|turn|3\n|\n|t:|1733803346\n|move|p1a: Luvdisc|Whirlpool|p2a: Pawmot\n|-damage|p2a: Pawmot|200/243\n|-activate|p2a: Pawmot|move: Whirlpool|[of] p1a: Luvdisc\n|move|p2a: Pawmot|Close Combat|p1a: Luvdisc\n|-end|p1a: Luvdisc|Substitute\n|-unboost|p2a: Pawmot|def|1\n|-unboost|p2a: Pawmot|spd|1\n|\n|-damage|p2a: Pawmot|170/243|[from] move: Whirlpool|[partiallytrapped]\n|upkeep\n|turn|4\n|\n|t:|1733803356\n|move|p1a: Luvdisc|Substitute|p1a: Luvdisc\n|-start|p1a: Luvdisc|Substitute\n|-damage|p1a: Luvdisc|125/247\n|move|p2a: Pawmot|Nuzzle|p1a: Luvdisc\n|-supereffective|p1a: Luvdisc\n|-activate|p1a: Luvdisc|move: Substitute|[damage]\n|\n|-damage|p2a: Pawmot|140/243|[from] move: Whirlpool|[partiallytrapped]\n|upkeep\n|turn|5\n|\n|t:|1733803366\n|move|p1a: Luvdisc|Surf|p2a: Pawmot\n|-damage|p2a: Pawmot|0 fnt\n|faint|p2a: Pawmot\n|\n|upkeep\n|\n|t:|1733803371\n|switch|p2a: Ogerpon|Ogerpon, L80, F|259/259\n|turn|6\n|\n|t:|1733803377\n|move|p1a: Luvdisc|Whirlpool|p2a: Ogerpon\n|-resisted|p2a: Ogerpon\n|-damage|p2a: Ogerpon|246/259\n|-activate|p2a: Ogerpon|move: Whirlpool|[of] p1a: Luvdisc\n|move|p2a: Ogerpon|Swords Dance|p2a: Ogerpon\n|-boost|p2a: Ogerpon|atk|2\n|\n|-damage|p2a: Ogerpon|214/259|[from] move: Whirlpool|[partiallytrapped]\n|upkeep\n|turn|7\n|\n|t:|1733803386\n|move|p1a: Luvdisc|Surf|p2a: Ogerpon\n|-resisted|p2a: Ogerpon\n|-damage|p2a: Ogerpon|179/259\n|move|p2a: Ogerpon|Ivy Cudgel|p1a: Luvdisc\n|-supereffective|p1a: Luvdisc\n|-end|p1a: Luvdisc|Substitute\n|-damage|p2a: Ogerpon|154/259|[from] item: Life Orb\n|\n|-damage|p2a: Ogerpon|122/259|[from] move: Whirlpool|[partiallytrapped]\n|upkeep\n|turn|8\n|\n|t:|1733803403\n|move|p1a: Luvdisc|Substitute|p1a: Luvdisc\n|-start|p1a: Luvdisc|Substitute\n|-damage|p1a: Luvdisc|64/247\n|move|p2a: Ogerpon|Ivy Cudgel|p1a: Luvdisc\n|-supereffective|p1a: Luvdisc\n|-end|p1a: Luvdisc|Substitute\n|-damage|p2a: Ogerpon|97/259|[from] item: Life Orb\n|\n|-damage|p2a: Ogerpon|65/259|[from] move: Whirlpool|[partiallytrapped]\n|upkeep\n|turn|9\n|\n|t:|1733803423\n|move|p1a: Luvdisc|Substitute|p1a: Luvdisc\n|-start|p1a: Luvdisc|Substitute\n|-damage|p1a: Luvdisc|3/247\n|move|p2a: Ogerpon|Ivy Cudgel|p1a: Luvdisc\n|-supereffective|p1a: Luvdisc\n|-end|p1a: Luvdisc|Substitute\n|-damage|p2a: Ogerpon|40/259|[from] item: Life Orb\n|\n|-damage|p2a: Ogerpon|8/259|[from] move: Whirlpool|[partiallytrapped]\n|upkeep\n|turn|10\n|\n|t:|1733803441\n|move|p1a: Luvdisc|Surf|p2a: Ogerpon\n|-resisted|p2a: Ogerpon\n|-damage|p2a: Ogerpon|0 fnt\n|faint|p2a: Ogerpon\n|\n|upkeep\n|\n|t:|1733803445\n|switch|p2a: Chansey|Chansey, L85, F|564/564\n|turn|11\n|\n|t:|1733803449\n|move|p1a: Luvdisc|Endeavor|p2a: Chansey\n|-damage|p2a: Chansey|3/564\n|move|p2a: Chansey|Stealth Rock|p1a: Luvdisc\n|-sidestart|p1: liakko|move: Stealth Rock\n|\n|upkeep\n|turn|12\n|\n|t:|1733803455\n|move|p1a: Luvdisc|Surf|p2a: Chansey\n|-damage|p2a: Chansey|0 fnt\n|faint|p2a: Chansey\n|\n|upkeep\n|\n|t:|1733803460\n|switch|p2a: Iron Treads|Iron Treads, L77|265/265\n|turn|13\n|\n|t:|1733803465\n|move|p1a: Luvdisc|Endeavor|p2a: Iron Treads\n|-damage|p2a: Iron Treads|3/265\n|move|p2a: Iron Treads|Rapid Spin|p1a: Luvdisc\n|-damage|p1a: Luvdisc|0 fnt\n|-boost|p2a: Iron Treads|spe|1\n|faint|p1a: Luvdisc\n|\n|upkeep\n|\n|t:|1733803477\n|switch|p1a: Deoxys|Deoxys-Speed, L82|216/216\n|-damage|p1a: Deoxys|189/216|[from] Stealth Rock\n|-ability|p1a: Deoxys|Pressure\n|turn|14\n|\n|t:|1733803485\n|move|p1a: Deoxys|Knock Off|p2a: Iron Treads\n|-damage|p2a: Iron Treads|0 fnt\n|-enditem|p2a: Iron Treads|Assault Vest|[from] move: Knock Off|[of] p1a: Deoxys\n|faint|p2a: Iron Treads\n|-end|p2a: Iron Treads|Quark Drive|[silent]\n|\n|-heal|p1a: Deoxys|202/216|[from] item: Leftovers\n|upkeep\n|\n|t:|1733803492\n|switch|p2a: Dewgong|Dewgong, L94, F|322/322\n|turn|15\n|\n|t:|1733803496\n|move|p1a: Deoxys|Stealth Rock|p2a: Dewgong\n|-sidestart|p2: ZBreaka|move: Stealth Rock\n|move|p2a: Dewgong|Surf|p1a: Deoxys\n|-damage|p1a: Deoxys|103/216\n|\n|-heal|p1a: Deoxys|116/216|[from] item: Leftovers\n|upkeep\n|turn|16\n|\n|t:|1733803514\n|move|p1a: Deoxys|Knock Off|p2a: Dewgong\n|-damage|p2a: Dewgong|264/322\n|-enditem|p2a: Dewgong|Heavy-Duty Boots|[from] move: Knock Off|[of] p1a: Deoxys\n|move|p2a: Dewgong|Surf|p1a: Deoxys\n|-crit|p1a: Deoxys\n|-damage|p1a: Deoxys|0 fnt\n|faint|p1a: Deoxys\n|\n|upkeep\n|\n|t:|1733803528\n|switch|p1a: Gallade|Gallade, L81, M|243/243\n|-damage|p1a: Gallade|228/243|[from] Stealth Rock\n|turn|17\n|\n|t:|1733803533\n|-terastallize|p1a: Gallade|Fighting\n|move|p2a: Dewgong|Surf|p1a: Gallade\n|-damage|p1a: Gallade|153/243\n|move|p1a: Gallade|Sacred Sword|p2a: Dewgong\n|-supereffective|p2a: Dewgong\n|-damage|p2a: Dewgong|0 fnt\n|faint|p2a: Dewgong\n|-damage|p1a: Gallade|129/243|[from] item: Life Orb\n|\n|upkeep\n|\n|t:|1733803543\n|switch|p2a: Sunflora|Sunflora, F|312/312\n|-damage|p2a: Sunflora|273/312|[from] Stealth Rock\n|turn|18\n|\n|t:|1733803549\n|move|p1a: Gallade|Sacred Sword|p2a: Sunflora\n|-damage|p2a: Sunflora|0 fnt\n|faint|p2a: Sunflora\n|-damage|p1a: Gallade|105/243|[from] item: Life Orb\n|\n|win|liakko\n|raw|liakko's rating: 1339 &rarr; <strong>1357</strong><br />(+18 for winning)\n|raw|ZBreaka's rating: 1297 &rarr; <strong>1275</strong><br />(-22 for losing)\n|l|\u2606ZBreaka\n|player|p2|\n", "inputlog": ">version bfd83cad13791eb5a5a409923076391caf6fb4d4\n>start {\"formatid\":\"gen9randombattle\",\"seed\":[40672,23007,31884,19274],\"rated\":\"Rated battle\"}\n>player p1 {\"name\":\"liakko\",\"avatar\":\"1\",\"rating\":1339,\"seed\":[63112,38929,41900,30704]}\n>player p2 {\"name\":\"ZBreaka\",\"avatar\":\"benga\",\"rating\":1297,\"seed\":[19498,29139,55699,17502]}\n>p1 move substitute\n>p2 switch 3\n>p1 move whirlpool\n>p2 move nuzzle\n>p1 move whirlpool\n>p2 move closecombat\n>p1 move substitute\n>p2 move nuzzle\n>p1 move surf\n>p2 move nuzzle\n>p2 switch 4\n>p1 move whirlpool\n>p2 move swordsdance\n>p1 move surf\n>p2 move ivycudgel\n>p1 move substitute\n>p2 move ivycudgel\n>p1 move substitute\n>p2 move ivycudgel\n>p1 move surf\n>p2 move ivycudgel\n>p2 switch 5\n>p1 move endeavor\n>p2 move stealthrock\n>p1 move surf\n>p2 move seismictoss\n>p2 switch 2\n>p1 move endeavor\n>p2 move rapidspin\n>p1 switch 3\n>p1 move knockoff\n>p2 move knockoff\n>p2 switch 3\n>p1 move stealthrock\n>p2 move surf\n>p1 move knockoff\n>p2 move surf\n>p1 switch 4\n>p1 move sacredsword terastallize\n>p2 move surf\n>p2 switch 6\n>p1 move sacredsword\n>p2 move sunnyday", "uploadtime": 1733803597, "views": 23, "formatid": "gen9randombattle", "rating": 1275, "private": 0, "password": null}