{"id": "gen9randombattle-2223908386", "format": "[Gen 9] Random Battle", "players": ["Found it to", "gamerunglued"], "log": "|j|\u2606Found it to\n|j|\u2606gamerunglued\n|t:|1729047844\n|gametype|singles\n|player|p1|Found it to|hilda-masters3|2275\n|player|p2|gamerunglued|jasmine|2219\n|teamsize|p1|6\n|teamsize|p2|6\n|gen|9\n|tier|[Gen 9] Random Battle\n|rated|\n|rule|Species Clause: Limit one of each Pok\u00e9mon\n|rule|HP Percentage Mod: HP is shown in percentages\n|rule|Sleep Clause Mod: Limit one foe put to sleep\n|rule|Illusion Level Mod: Illusion disguises the Pok\u00e9mon's true level\n|\n|t:|1729047844\n|start\n|switch|p1a: Meowscarada|Meowscarada, L78, M|247/247\n|switch|p2a: Vaporeon|Vaporeon, L86, M|364/364\n|turn|1\n|inactive|Battle timer is ON: inactive players will automatically lose when time's up. (requested by gamerunglued)\n|inactive|Found it to also wants the timer to be on.\n|\n|t:|1729047860\n|switch|p2a: Illumise|Illumise, L91, F|266/266\n|move|p1a: Meowscarada|Toxic Spikes|p2a: Illumise\n|-start|p1a: Meowscarada|typechange|Poison|[from] ability: Protean\n|-sidestart|p2: gamerunglued|move: Toxic Spikes\n|\n|upkeep\n|turn|2\n|\n|t:|1729047873\n|switch|p1a: Delibird|Delibird, F|252/252\n|move|p2a: Illumise|Thunder Wave|p1a: Delibird\n|-status|p1a: Delibird|par\n|\n|upkeep\n|turn|3\n|\n|t:|1729047893\n|switch|p2a: Vaporeon|Vaporeon, L86, M|364/364\n|-status|p2a: Vaporeon|psn\n|move|p1a: Delibird|Brave Bird|p2a: Vaporeon\n|-damage|p2a: Vaporeon|216/364 psn\n|-damage|p1a: Delibird|203/252 par|[from] Recoil\n|\n|-heal|p2a: Vaporeon|238/364 psn|[from] item: Leftovers\n|-damage|p2a: Vaporeon|193/364 psn|[from] psn\n|upkeep\n|turn|4\n|\n|t:|1729047900\n|move|p2a: Vaporeon|Scald|p1a: Delibird\n|-damage|p1a: Delibird|79/252 par\n|cant|p1a: Delibird|par\n|\n|-heal|p2a: Vaporeon|215/364 psn|[from] item: Leftovers\n|-damage|p2a: Vaporeon|170/364 psn|[from] psn\n|upkeep\n|turn|5\n|\n|t:|1729047912\n|switch|p1a: Meowscarada|Meowscarada, L78, M|247/247\n|move|p2a: Vaporeon|Ice Beam|p1a: Meowscarada\n|-supereffective|p1a: Meowscarada\n|-damage|p1a: Meowscarada|51/247\n|\n|-heal|p2a: Vaporeon|192/364 psn|[from] item: Leftovers\n|-damage|p2a: Vaporeon|147/364 psn|[from] psn\n|upkeep\n|turn|6\n|\n|t:|1729047923\n|move|p2a: Vaporeon|Protect|p2a: Vaporeon\n|-singleturn|p2a: Vaporeon|Protect\n|move|p1a: Meowscarada|Knock Off|p2a: Vaporeon\n|-start|p1a: Meowscarada|typechange|Dark|[from] ability: Protean\n|-activate|p2a: Vaporeon|move: Protect\n|\n|-heal|p2a: Vaporeon|169/364 psn|[from] item: Leftovers\n|-damage|p2a: Vaporeon|124/364 psn|[from] psn\n|upkeep\n|turn|7\n|\n|t:|1729047930\n|switch|p2a: Wigglytuff|Wigglytuff, L96, M|424/424\n|-status|p2a: Wigglytuff|psn\n|move|p1a: Meowscarada|Knock Off|p2a: Wigglytuff\n|-resisted|p2a: Wigglytuff\n|-damage|p2a: Wigglytuff|357/424 psn\n|-enditem|p2a: Wigglytuff|Leftovers|[from] move: Knock Off|[of] p1a: Meowscarada\n|\n|-damage|p2a: Wigglytuff|304/424 psn|[from] psn\n|upkeep\n|turn|8\n|\n|t:|1729047937\n|move|p1a: Meowscarada|U-turn|p2a: Wigglytuff\n|-resisted|p2a: Wigglytuff\n|-damage|p2a: Wigglytuff|272/424 psn\n|\n|t:|1729047939\n|switch|p1a: Delibird|Delibird, F|79/252 par|[from] U-turn\n|move|p2a: Wigglytuff|Alluring Voice|p1a: Delibird\n|-damage|p1a: Delibird|0 fnt\n|faint|p1a: Delibird\n|\n|-damage|p2a: Wigglytuff|219/424 psn|[from] psn\n|upkeep\n|\n|t:|1729047949\n|switch|p1a: Flamigo|Flamigo, L82, F|269/269\n|turn|9\n|\n|t:|1729047956\n|move|p2a: Wigglytuff|Protect|p2a: Wigglytuff\n|-singleturn|p2a: Wigglytuff|Protect\n|move|p1a: Flamigo|Brave Bird|p2a: Wigglytuff\n|-activate|p2a: Wigglytuff|move: Protect\n|\n|-damage|p2a: Wigglytuff|166/424 psn|[from] psn\n|upkeep\n|turn|10\n|\n|t:|1729047982\n|-terastallize|p2a: Wigglytuff|Steel\n|move|p1a: Flamigo|Brave Bird|p2a: Wigglytuff\n|-resisted|p2a: Wigglytuff\n|-damage|p2a: Wigglytuff|35/424 psn\n|-damage|p1a: Flamigo|226/269|[from] Recoil\n|move|p2a: Wigglytuff|Alluring Voice|p1a: Flamigo\n|-supereffective|p1a: Flamigo\n|-damage|p1a: Flamigo|0 fnt\n|faint|p1a: Flamigo\n|\n|-damage|p2a: Wigglytuff|0 fnt|[from] psn\n|faint|p2a: Wigglytuff\n|upkeep\n|\n|t:|1729047996\n|switch|p1a: Pachirisu|Pachirisu, L96, M|271/271\n|switch|p2a: Illumise|Illumise, L91, F|266/266\n|turn|11\n|\n|t:|1729048007\n|switch|p2a: Pawmot|Pawmot, L80, M|243/243\n|-status|p2a: Pawmot|psn\n|move|p1a: Pachirisu|Discharge|p2a: Pawmot\n|-immune|p2a: Pawmot|[from] ability: Volt Absorb\n|\n|-damage|p2a: Pawmot|213/243 psn|[from] psn\n|upkeep\n|turn|12\n|\n|t:|1729048029\n|move|p1a: Pachirisu|Super Fang|p2a: Pawmot\n|-damage|p2a: Pawmot|107/243 psn\n|move|p2a: Pawmot|Close Combat|p1a: Pachirisu\n|-damage|p1a: Pachirisu|130/271\n|-unboost|p2a: Pawmot|def|1\n|-unboost|p2a: Pawmot|spd|1\n|\n|-damage|p2a: Pawmot|77/243 psn|[from] psn\n|upkeep\n|turn|13\n|\n|t:|1729048049\n|move|p1a: Pachirisu|U-turn|p2a: Pawmot\n|-resisted|p2a: Pawmot\n|-damage|p2a: Pawmot|41/243 psn\n|\n|t:|1729048052\n|switch|p1a: Palossand|Palossand, L89, M|296/296|[from] U-turn\n|move|p2a: Pawmot|Close Combat|p1a: Palossand\n|-immune|p1a: Palossand\n|\n|-damage|p2a: Pawmot|11/243 psn|[from] psn\n|upkeep\n|turn|14\n|\n|t:|1729048066\n|switch|p2a: Yanmega|Yanmega, L82, M|275/275\n|move|p1a: Palossand|Shore Up|p1a: Palossand\n|-fail|p1a: Palossand|heal\n|\n|upkeep\n|turn|15\n|\n|t:|1729048078\n|switch|p1a: Pachirisu|Pachirisu, L96, M|130/271\n|move|p2a: Yanmega|Air Slash|p1a: Pachirisu\n|-resisted|p1a: Pachirisu\n|-damage|p1a: Pachirisu|92/271\n|\n|-ability|p2a: Yanmega|Speed Boost|boost\n|-boost|p2a: Yanmega|spe|1\n|upkeep\n|turn|16\n|\n|t:|1729048092\n|move|p2a: Yanmega|Bug Buzz|p1a: Pachirisu\n|-damage|p1a: Pachirisu|4/271\n|-unboost|p1a: Pachirisu|spd|1\n|move|p1a: Pachirisu|U-turn|p2a: Yanmega\n|-resisted|p2a: Yanmega\n|-damage|p2a: Yanmega|255/275\n|\n|t:|1729048099\n|switch|p1a: Palossand|Palossand, L89, M|296/296|[from] U-turn\n|\n|-ability|p2a: Yanmega|Speed Boost|boost\n|-boost|p2a: Yanmega|spe|1\n|upkeep\n|turn|17\n|\n|t:|1729048117\n|switch|p2a: Pawmot|Pawmot, L80, M|219/219\n|-status|p2a: Pawmot|psn\n|move|p1a: Palossand|Shadow Ball|p2a: Pawmot\n|-immune|p2a: Pawmot\n|\n|-damage|p2a: Pawmot|192/219 psn|[from] psn\n|upkeep\n|turn|18\n|\n|t:|1729048145\n|switch|p1a: Pachirisu|Pachirisu, L96, M|4/271\n|move|p2a: Pawmot|Bitter Malice|p1a: Pachirisu\n|-damage|p1a: Pachirisu|0 fnt\n|faint|p1a: Pachirisu\n|\n|-damage|p2a: Pawmot|165/219 psn|[from] psn\n|upkeep\n|\n|t:|1729048151\n|switch|p1a: Meowscarada|Meowscarada, L78, M|51/247\n|turn|19\n|\n|t:|1729048164\n|switch|p2a: Illumise|Illumise, L91, F|266/266\n|move|p1a: Meowscarada|Knock Off|p2a: Illumise\n|-start|p1a: Meowscarada|typechange|Dark|[from] ability: Protean\n|-damage|p2a: Illumise|167/266\n|-enditem|p2a: Illumise|Heavy-Duty Boots|[from] move: Knock Off|[of] p1a: Meowscarada\n|\n|upkeep\n|turn|20\n|\n|t:|1729048178\n|move|p1a: Meowscarada|U-turn|p2a: Illumise\n|-damage|p2a: Illumise|117/266\n|\n|t:|1729048180\n|switch|p1a: Palossand|Palossand, L89, M|296/296|[from] U-turn\n|move|p2a: Illumise|Bug Buzz|p1a: Palossand\n|-resisted|p1a: Palossand\n|-damage|p1a: Palossand|249/296\n|\n|-heal|p1a: Palossand|267/296|[from] item: Leftovers\n|upkeep\n|turn|21\n|\n|t:|1729048189\n|move|p2a: Illumise|Roost|p2a: Illumise\n|-heal|p2a: Illumise|250/266\n|-singleturn|p2a: Illumise|move: Roost\n|move|p1a: Palossand|Sludge Bomb|p2a: Illumise\n|-damage|p2a: Illumise|175/266\n|\n|-heal|p1a: Palossand|285/296|[from] item: Leftovers\n|upkeep\n|turn|22\n|\n|t:|1729048205\n|switch|p2a: Yanmega|Yanmega, L82, M|255/275\n|move|p1a: Palossand|Earth Power|p2a: Yanmega\n|-immune|p2a: Yanmega\n|\n|-heal|p1a: Palossand|296/296|[from] item: Leftovers\n|upkeep\n|turn|23\n|\n|t:|1729048211\n|move|p2a: Yanmega|Air Slash|p1a: Palossand\n|-damage|p1a: Palossand|206/296\n|move|p1a: Palossand|Shadow Ball|p2a: Yanmega\n|-damage|p2a: Yanmega|107/275\n|\n|-heal|p1a: Palossand|224/296|[from] item: Leftovers\n|-ability|p2a: Yanmega|Speed Boost|boost\n|-boost|p2a: Yanmega|spe|1\n|upkeep\n|turn|24\n|\n|t:|1729048217\n|move|p2a: Yanmega|Air Slash|p1a: Palossand\n|-damage|p1a: Palossand|136/296\n|move|p1a: Palossand|Shore Up|p1a: Palossand\n|-heal|p1a: Palossand|284/296\n|\n|-heal|p1a: Palossand|296/296|[from] item: Leftovers\n|-ability|p2a: Yanmega|Speed Boost|boost\n|-boost|p2a: Yanmega|spe|1\n|upkeep\n|turn|25\n|\n|t:|1729048226\n|move|p2a: Yanmega|Air Slash|p1a: Palossand\n|-damage|p1a: Palossand|209/296\n|move|p1a: Palossand|Shadow Ball|p2a: Yanmega\n|-damage|p2a: Yanmega|0 fnt\n|faint|p2a: Yanmega\n|\n|-heal|p1a: Palossand|227/296|[from] item: Leftovers\n|upkeep\n|\n|t:|1729048244\n|switch|p2a: Pawmot|Pawmot, L80, M|165/219 psn\n|turn|26\n|inactive|gamerunglued has 120 seconds left.\n|\n|t:|1729048284\n|-terastallize|p1a: Palossand|Water\n|move|p2a: Pawmot|Bitter Malice|p1a: Palossand\n|-damage|p1a: Palossand|91/296\n|-unboost|p1a: Palossand|atk|1\n|move|p1a: Palossand|Earth Power|p2a: Pawmot\n|-damage|p2a: Pawmot|15/219 psn\n|replace|p2a: Zoroark|Zoroark-Hisui, L80, M\n|-end|p2a: Zoroark|Illusion\n|-hint|Illusion Level Mod is active, so this Pok\u00e9mon's true level was hidden.\n|\n|-heal|p1a: Palossand|109/296|[from] item: Leftovers\n|-damage|p2a: Zoroark|0 fnt|[from] psn\n|faint|p2a: Zoroark\n|upkeep\n|\n|t:|1729048295\n|switch|p2a: Pawmot|Pawmot, L80, M|11/243 psn\n|turn|27\n|\n|t:|1729048315\n|switch|p1a: Annihilape|Annihilape, L76, M|292/292\n|move|p2a: Pawmot|Revival Blessing|p2a: Pawmot\n|-enditem|p2a: Pawmot|Leppa Berry|[eat]\n|-activate|p2a: Pawmot|item: Leppa Berry|Revival Blessing|[consumed]\n|\n|t:|1729048321\n|-heal|p2: Zoroark|109/219|[from] move: Revival Blessing\n|\n|-damage|p2a: Pawmot|0 fnt|[from] psn\n|faint|p2a: Pawmot\n|upkeep\n|\n|t:|1729048332\n|switch|p2a: Vaporeon|Vaporeon, L86, M|124/364 psn\n|turn|28\n|\n|t:|1729048340\n|move|p1a: Annihilape|Taunt|p2a: Vaporeon\n|-start|p2a: Vaporeon|move: Taunt\n|cant|p2a: Vaporeon|move: Taunt|Wish\n|\n|-heal|p2a: Vaporeon|146/364 psn|[from] item: Leftovers\n|-damage|p2a: Vaporeon|101/364 psn|[from] psn\n|upkeep\n|turn|29\n|\n|t:|1729048353\n|switch|p2a: Vaporeon|Vaporeon, L86, M|109/219\n|-status|p2a: Vaporeon|psn\n|move|p1a: Annihilape|Drain Punch|p2a: Vaporeon\n|-immune|p2a: Vaporeon\n|\n|-damage|p2a: Vaporeon|82/219 psn|[from] psn\n|upkeep\n|turn|30\n|\n|t:|1729048362\n|switch|p1a: Palossand|Palossand, L89, M, tera:Water|109/296\n|move|p2a: Vaporeon|Bitter Malice|p1a: Palossand\n|-damage|p1a: Palossand|0 fnt\n|faint|p1a: Palossand\n|\n|-damage|p2a: Vaporeon|55/219 psn|[from] psn\n|upkeep\n|\n|t:|1729048366\n|switch|p1a: Meowscarada|Meowscarada, L78, M|51/247\n|turn|31\n|\n|t:|1729048374\n|switch|p2a: Illumise|Illumise, L91, F|175/266\n|-status|p2a: Illumise|psn\n|move|p1a: Meowscarada|Knock Off|p2a: Illumise\n|-start|p1a: Meowscarada|typechange|Dark|[from] ability: Protean\n|-damage|p2a: Illumise|105/266 psn\n|\n|-damage|p2a: Illumise|72/266 psn|[from] psn\n|upkeep\n|turn|32\n|\n|t:|1729048378\n|move|p2a: Illumise|Roost|p2a: Illumise\n|-heal|p2a: Illumise|205/266 psn\n|-singleturn|p2a: Illumise|move: Roost\n|move|p1a: Meowscarada|U-turn|p2a: Illumise\n|-damage|p2a: Illumise|158/266 psn\n|\n|t:|1729048383\n|switch|p1a: Annihilape|Annihilape, L76, M|292/292|[from] U-turn\n|\n|-damage|p2a: Illumise|125/266 psn|[from] psn\n|upkeep\n|turn|33\n|\n|t:|1729048395\n|move|p2a: Illumise|Thunder Wave|p1a: Annihilape\n|-status|p1a: Annihilape|par\n|cant|p1a: Annihilape|par\n|\n|-damage|p2a: Illumise|92/266 psn|[from] psn\n|upkeep\n|turn|34\n|\n|t:|1729048405\n|move|p2a: Illumise|Roost|p2a: Illumise\n|-heal|p2a: Illumise|225/266 psn\n|-singleturn|p2a: Illumise|move: Roost\n|move|p1a: Annihilape|Rage Fist|p2a: Illumise\n|-damage|p2a: Illumise|173/266 psn\n|\n|-damage|p2a: Illumise|140/266 psn|[from] psn\n|upkeep\n|turn|35\n|\n|t:|1729048424\n|switch|p1a: Meowscarada|Meowscarada, L78, M|51/247\n|move|p2a: Illumise|Bug Buzz|p1a: Meowscarada\n|-supereffective|p1a: Meowscarada\n|-damage|p1a: Meowscarada|0 fnt\n|faint|p1a: Meowscarada\n|\n|-damage|p2a: Illumise|107/266 psn|[from] psn\n|upkeep\n|c|\u2606Found it to|ggwo\n|c|\u2606gamerunglued|gg\n|-message|Found it to forfeited.\n|\n|win|gamerunglued\n|raw|Found it to's rating: 2275 &rarr; <strong>2252</strong><br />(-23 for losing)\n|raw|gamerunglued's rating: 2219 &rarr; <strong>2242</strong><br />(+23 for winning)\n|l|\u2606Found it to\n|player|p1|\n", "inputlog": ">version 24b5ea12b3dbe77b1f0aa07975a48e3bd4b94ca5\n>start {\"formatid\":\"gen9randombattle\",\"seed\":[57965,41795,13020,59479],\"rated\":\"Rated battle\"}\n>player p1 {\"name\":\"Found it to\",\"avatar\":\"hilda-masters3\",\"rating\":2275,\"seed\":[62804,50469,63817,57038]}\n>player p2 {\"name\":\"gamerunglued\",\"avatar\":\"jasmine\",\"rating\":2219,\"seed\":[2601,43432,54006,24019]}\n>p1 move toxicspikes\n>p2 switch 2\n>p1 switch 3\n>p2 move thunderwave\n>p1 move bravebird\n>p2 switch 2\n>p1 move spikes\n>p2 move scald\n>p1 switch 3\n>p2 move icebeam\n>p1 move knockoff\n>p2 move protect\n>p1 move knockoff\n>p2 switch 3\n>p1 move uturn\n>p2 move alluringvoice\n>p1 switch 3\n>p1 switch 4\n>p1 move bravebird\n>p2 move protect\n>p1 move bravebird\n>p2 move alluringvoice terastallize\n>p1 switch 2\n>p2 switch 2\n>p1 move discharge\n>p2 switch 4\n>p1 move superfang\n>p2 move closecombat\n>p1 move uturn\n>p2 move closecombat\n>p1 switch 6\n>p1 move shoreup\n>p2 switch 6\n>p1 switch 6\n>p2 move airslash\n>p1 move uturn\n>p2 move bugbuzz\n>p1 switch 6\n>p1 move shadowball\n>p2 switch 5\n>p1 switch 6\n>p2 move bittermalice\n>p1 switch 3\n>p1 move knockoff\n>p2 switch 4\n>p1 move uturn\n>p2 move bugbuzz\n>p1 switch 6\n>p1 move sludgebomb\n>p2 move roost\n>p1 move earthpower\n>p2 switch 5\n>p1 move shadowball\n>p2 move airslash\n>p1 move shoreup\n>p2 move airslash\n>p1 move shadowball\n>p2 move airslash\n>p2 switch 4\n>p1 move earthpower terastallize\n>p2 move bittermalice\n>p2 switch 6\n>p1 switch 5\n>p2 move revivalblessing\n>p2 switch 6\n>p2 switch 3\n>p1 move taunt\n>p2 move wish\n>p1 move drainpunch\n>p2 switch 6\n>p1 switch 5\n>p2 move bittermalice\n>p1 switch 6\n>p1 move knockoff\n>p2 switch 5\n>p1 move uturn\n>p2 move roost\n>p1 switch 5\n>p1 move taunt\n>p2 move thunderwave\n>p1 move ragefist\n>p2 move roost\n>p1 switch 5\n>p2 move bugbuzz\n>chat \u2606Found it to|ggwo\n>chat \u2606gamerunglued|gg\n>forcelose p1", "uploadtime": 1729048511, "views": 81, "formatid": "gen9randombattle", "rating": 2242, "private": 0, "password": null}