{"id": "gen9randombattle-2260701513", "format": "[Gen 9] Random Battle", "players": ["jbucketz15", "yukieschnook"], "log": "|j|\u2606jbucketz15\n|j|\u2606yukieschnook\n|t:|1733880295\n|gametype|singles\n|player|p1|jbucketz15|101|1356\n|player|p2|yukieschnook|169|1357\n|teamsize|p1|6\n|teamsize|p2|6\n|gen|9\n|tier|[Gen 9] Random Battle\n|rated|\n|rule|Species Clause: Limit one of each Pok\u00e9mon\n|rule|HP Percentage Mod: HP is shown in percentages\n|rule|Sleep Clause Mod: Limit one foe put to sleep\n|rule|Illusion Level Mod: Illusion disguises the Pok\u00e9mon's true level\n|\n|t:|1733880295\n|start\n|switch|p1a: Tsareena|Tsareena, L87, F|267/267\n|switch|p2a: Houndstone|Houndstone, L86, M|264/264\n|turn|1\n|inactive|Battle timer is ON: inactive players will automatically lose when time's up. (requested by jbucketz15)\n|\n|t:|1733880326\n|switch|p2a: Regice|Regice, L88|284/284\n|move|p1a: Tsareena|Knock Off|p2a: Regice\n|-damage|p2a: Regice|215/284\n|-enditem|p2a: Regice|Heavy-Duty Boots|[from] move: Knock Off|[of] p1a: Tsareena\n|\n|upkeep\n|turn|2\n|\n|t:|1733880335\n|move|p1a: Tsareena|High Jump Kick|p2a: Regice\n|-supereffective|p2a: Regice\n|-damage|p2a: Regice|15/284\n|move|p2a: Regice|Ice Beam|p1a: Tsareena\n|-supereffective|p1a: Tsareena\n|-damage|p1a: Tsareena|129/267\n|\n|upkeep\n|turn|3\n|inactive|yukieschnook has 120 seconds left.\n|\n|t:|1733880370\n|switch|p2a: Houndstone|Houndstone, L86, M|264/264\n|move|p1a: Tsareena|Power Whip|p2a: Houndstone\n|-damage|p2a: Houndstone|189/264\n|\n|-heal|p2a: Houndstone|205/264|[from] item: Leftovers\n|upkeep\n|turn|4\n|inactive|yukieschnook has 120 seconds left.\n|\n|t:|1733880382\n|switch|p2a: Regice|Regice, L88|15/284\n|move|p1a: Tsareena|Knock Off|p2a: Regice\n|-damage|p2a: Regice|0 fnt\n|faint|p2a: Regice\n|\n|upkeep\n|inactive|yukieschnook has 120 seconds left.\n|\n|t:|1733880388\n|switch|p2a: Tornadus|Tornadus-Therian, L79, M|254/254\n|turn|5\n|\n|t:|1733880396\n|move|p2a: Tornadus|Bleakwind Storm|p1a: Tsareena\n|-supereffective|p1a: Tsareena\n|-damage|p1a: Tsareena|0 fnt\n|faint|p1a: Tsareena\n|\n|upkeep\n|\n|t:|1733880405\n|switch|p1a: Rampardos|Rampardos, L90, F|321/321\n|turn|6\n|inactive|yukieschnook has 120 seconds left.\n|inactive|yukieschnook has 90 seconds left.\n|\n|t:|1733880461\n|switch|p2a: Kommo-o|Kommo-o, L78, M|245/245\n|move|p1a: Rampardos|Rock Slide|p2a: Kommo-o\n|-resisted|p2a: Kommo-o\n|-damage|p2a: Kommo-o|151/245\n|\n|upkeep\n|turn|7\n|inactive|yukieschnook has 90 seconds left.\n|\n|t:|1733880474\n|switch|p1a: Sableye|Sableye, L89, F|234/234\n|move|p2a: Kommo-o|Clangorous Soul|p2a: Kommo-o\n|-boost|p2a: Kommo-o|atk|1\n|-boost|p2a: Kommo-o|def|1\n|-boost|p2a: Kommo-o|spa|1\n|-boost|p2a: Kommo-o|spd|1\n|-boost|p2a: Kommo-o|spe|1\n|-damage|p2a: Kommo-o|71/245\n|-enditem|p2a: Kommo-o|Throat Spray\n|-boost|p2a: Kommo-o|spa|1|[from] item: Throat Spray\n|\n|upkeep\n|turn|8\n|inactive|yukieschnook has 90 seconds left.\n|\n|t:|1733880484\n|move|p1a: Sableye|Encore|p2a: Kommo-o\n|-start|p2a: Kommo-o|Encore\n|move|p2a: Kommo-o|Clangorous Soul||[still]\n|-fail|p2a: Kommo-o\n|\n|upkeep\n|turn|9\n|\n|t:|1733880494\n|move|p2a: Kommo-o|Clangorous Soul||[still]\n|-fail|p2a: Kommo-o\n|move|p1a: Sableye|Knock Off|p2a: Kommo-o\n|-resisted|p2a: Kommo-o\n|-damage|p2a: Kommo-o|54/245\n|\n|upkeep\n|turn|10\n|\n|t:|1733880501\n|move|p1a: Sableye|Will-O-Wisp|p2a: Kommo-o\n|-status|p2a: Kommo-o|brn\n|move|p2a: Kommo-o|Clangorous Soul||[still]\n|-fail|p2a: Kommo-o\n|\n|-damage|p2a: Kommo-o|39/245 brn|[from] brn\n|-end|p2a: Kommo-o|Encore\n|upkeep\n|turn|11\n|\n|t:|1733880510\n|move|p1a: Sableye|Encore|p2a: Kommo-o\n|-start|p2a: Kommo-o|Encore\n|move|p2a: Kommo-o|Clangorous Soul||[still]\n|-fail|p2a: Kommo-o\n|\n|-damage|p2a: Kommo-o|24/245 brn|[from] brn\n|upkeep\n|turn|12\n|\n|t:|1733880518\n|move|p2a: Kommo-o|Clangorous Soul||[still]\n|-fail|p2a: Kommo-o\n|move|p1a: Sableye|Knock Off|p2a: Kommo-o\n|-resisted|p2a: Kommo-o\n|-damage|p2a: Kommo-o|8/245 brn\n|\n|-damage|p2a: Kommo-o|0 fnt|[from] brn\n|faint|p2a: Kommo-o\n|upkeep\n|inactive|yukieschnook has 120 seconds left.\n|\n|t:|1733880528\n|switch|p2a: Tornadus|Tornadus-Therian, L79, M|254/254\n|turn|13\n|inactive|yukieschnook has 120 seconds left.\n|\n|t:|1733880538\n|move|p1a: Sableye|Will-O-Wisp|p2a: Tornadus\n|-status|p2a: Tornadus|brn\n|move|p2a: Tornadus|U-turn|p1a: Sableye\n|-damage|p1a: Sableye|211/234\n|inactive|yukieschnook has 120 seconds left.\n|\n|t:|1733880554\n|switch|p2a: Magnezone|Magnezone, L85|258/258|[from] U-turn\n|\n|-heal|p1a: Sableye|225/234|[from] item: Leftovers\n|upkeep\n|turn|14\n|\n|t:|1733880569\n|move|p2a: Magnezone|Volt Switch|p1a: Sableye\n|-damage|p1a: Sableye|113/234\n|inactive|yukieschnook has 120 seconds left.\n|\n|t:|1733880577\n|switch|p2a: Tornadus|Tornadus-Therian, L79, M|254/254 brn|[from] Volt Switch\n|move|p1a: Sableye|Knock Off|p2a: Tornadus\n|-damage|p2a: Tornadus|152/254 brn\n|-enditem|p2a: Tornadus|Choice Specs|[from] move: Knock Off|[of] p1a: Sableye\n|\n|-heal|p1a: Sableye|127/234|[from] item: Leftovers\n|-damage|p2a: Tornadus|137/254 brn|[from] brn\n|upkeep\n|turn|15\n|\n|t:|1733880588\n|move|p1a: Sableye|Recover|p1a: Sableye\n|-heal|p1a: Sableye|234/234\n|move|p2a: Tornadus|Bleakwind Storm|p1a: Sableye\n|-damage|p1a: Sableye|102/234\n|\n|-heal|p1a: Sableye|116/234|[from] item: Leftovers\n|-damage|p2a: Tornadus|122/254 brn|[from] brn\n|upkeep\n|turn|16\n|\n|t:|1733880598\n|move|p1a: Sableye|Recover|p1a: Sableye\n|-heal|p1a: Sableye|233/234\n|move|p2a: Tornadus|Bleakwind Storm|p1a: Sableye|[miss]\n|-miss|p2a: Tornadus|p1a: Sableye\n|\n|-heal|p1a: Sableye|234/234|[from] item: Leftovers\n|-damage|p2a: Tornadus|107/254 brn|[from] brn\n|upkeep\n|turn|17\n|\n|t:|1733880607\n|move|p1a: Sableye|Encore|p2a: Tornadus\n|-start|p2a: Tornadus|Encore\n|move|p2a: Tornadus|Bleakwind Storm|p1a: Sableye|[miss]\n|-miss|p2a: Tornadus|p1a: Sableye\n|\n|-damage|p2a: Tornadus|92/254 brn|[from] brn\n|upkeep\n|turn|18\n|\n|t:|1733880616\n|move|p2a: Tornadus|Bleakwind Storm|p1a: Sableye|[miss]\n|-miss|p2a: Tornadus|p1a: Sableye\n|move|p1a: Sableye|Knock Off|p2a: Tornadus\n|-damage|p2a: Tornadus|25/254 brn\n|\n|-damage|p2a: Tornadus|10/254 brn|[from] brn\n|upkeep\n|turn|19\n|\n|t:|1733880624\n|switch|p2a: Magnezone|Magnezone, L85|258/258\n|move|p1a: Sableye|Knock Off|p2a: Magnezone\n|-damage|p2a: Magnezone|185/258\n|-enditem|p2a: Magnezone|Assault Vest|[from] move: Knock Off|[of] p1a: Sableye\n|\n|upkeep\n|turn|20\n|\n|t:|1733880635\n|move|p2a: Magnezone|Flash Cannon|p1a: Sableye\n|-damage|p1a: Sableye|102/234\n|move|p1a: Sableye|Knock Off|p2a: Magnezone\n|-damage|p2a: Magnezone|136/258\n|\n|-heal|p1a: Sableye|116/234|[from] item: Leftovers\n|upkeep\n|turn|21\n|\n|t:|1733880643\n|move|p1a: Sableye|Recover|p1a: Sableye\n|-heal|p1a: Sableye|233/234\n|move|p2a: Magnezone|Flash Cannon|p1a: Sableye\n|-damage|p1a: Sableye|71/234\n|\n|-heal|p1a: Sableye|85/234|[from] item: Leftovers\n|upkeep\n|turn|22\n|\n|t:|1733880659\n|switch|p1a: Altaria|Altaria, L88, F|275/275\n|move|p2a: Magnezone|Flash Cannon|p1a: Altaria\n|-damage|p1a: Altaria|143/275\n|\n|upkeep\n|turn|23\n|\n|t:|1733880674\n|move|p1a: Altaria|Dragon Dance|p1a: Altaria\n|-boost|p1a: Altaria|atk|1\n|-boost|p1a: Altaria|spe|1\n|move|p2a: Magnezone|Flash Cannon|p1a: Altaria\n|-damage|p1a: Altaria|29/275\n|\n|upkeep\n|turn|24\n|\n|t:|1733880686\n|move|p1a: Altaria|Earthquake|p2a: Magnezone\n|-supereffective|p2a: Magnezone\n|-damage|p2a: Magnezone|0 fnt\n|faint|p2a: Magnezone\n|\n|upkeep\n|\n|t:|1733880690\n|switch|p2a: Espathra|Espathra, L80, M|283/283\n|turn|25\n|\n|t:|1733880699\n|move|p2a: Espathra|Protect|p2a: Espathra\n|-singleturn|p2a: Espathra|Protect\n|move|p1a: Altaria|Brave Bird|p2a: Espathra\n|-activate|p2a: Espathra|move: Protect\n|\n|-ability|p2a: Espathra|Speed Boost|boost\n|-boost|p2a: Espathra|spe|1\n|upkeep\n|turn|26\n|\n|t:|1733880708\n|move|p2a: Espathra|Dazzling Gleam|p1a: Altaria\n|-supereffective|p1a: Altaria\n|-damage|p1a: Altaria|0 fnt\n|faint|p1a: Altaria\n|\n|-ability|p2a: Espathra|Speed Boost|boost\n|-boost|p2a: Espathra|spe|1\n|upkeep\n|\n|t:|1733880713\n|switch|p1a: Sableye|Sableye, L89, F|85/234\n|turn|27\n|\n|t:|1733880739\n|-terastallize|p1a: Sableye|Steel\n|move|p1a: Sableye|Recover|p1a: Sableye\n|-heal|p1a: Sableye|202/234\n|move|p2a: Espathra|Dazzling Gleam|p1a: Sableye\n|-resisted|p1a: Sableye\n|-damage|p1a: Sableye|168/234\n|\n|-heal|p1a: Sableye|182/234|[from] item: Leftovers\n|-ability|p2a: Espathra|Speed Boost|boost\n|-boost|p2a: Espathra|spe|1\n|upkeep\n|turn|28\n|\n|t:|1733880749\n|switch|p2a: Tornadus|Tornadus-Therian, L79, M|94/254 brn\n|move|p1a: Sableye|Encore||[still]\n|-fail|p1a: Sableye\n|\n|-heal|p1a: Sableye|196/234|[from] item: Leftovers\n|-damage|p2a: Tornadus|79/254 brn|[from] brn\n|upkeep\n|turn|29\n|\n|t:|1733880758\n|move|p2a: Tornadus|Heat Wave|p1a: Sableye\n|-supereffective|p1a: Sableye\n|-damage|p1a: Sableye|48/234\n|move|p1a: Sableye|Knock Off|p2a: Tornadus\n|-damage|p2a: Tornadus|10/254 brn\n|\n|-heal|p1a: Sableye|62/234|[from] item: Leftovers\n|-damage|p2a: Tornadus|0 fnt|[from] brn\n|faint|p2a: Tornadus\n|upkeep\n|\n|t:|1733880768\n|switch|p2a: Espathra|Espathra, L80, M|283/283\n|turn|30\n|\n|t:|1733880779\n|move|p1a: Sableye|Will-O-Wisp|p2a: Espathra\n|-status|p2a: Espathra|brn\n|move|p2a: Espathra|Calm Mind|p2a: Espathra\n|-boost|p2a: Espathra|spa|1\n|-boost|p2a: Espathra|spd|1\n|\n|-heal|p1a: Sableye|76/234|[from] item: Leftovers\n|-damage|p2a: Espathra|266/283 brn|[from] brn\n|-ability|p2a: Espathra|Speed Boost|boost\n|-boost|p2a: Espathra|spe|1\n|upkeep\n|turn|31\n|\n|t:|1733880786\n|move|p2a: Espathra|Protect|p2a: Espathra\n|-singleturn|p2a: Espathra|Protect\n|move|p1a: Sableye|Encore|p2a: Espathra\n|-activate|p2a: Espathra|move: Protect\n|\n|-heal|p2a: Espathra|283/283 brn|[from] item: Leftovers\n|-heal|p1a: Sableye|90/234|[from] item: Leftovers\n|-damage|p2a: Espathra|266/283 brn|[from] brn\n|-ability|p2a: Espathra|Speed Boost|boost\n|-boost|p2a: Espathra|spe|1\n|upkeep\n|turn|32\n|\n|t:|1733880801\n|move|p1a: Sableye|Encore|p2a: Espathra\n|-start|p2a: Espathra|Encore\n|move|p2a: Espathra|Protect||[still]\n|-fail|p2a: Espathra\n|\n|-heal|p2a: Espathra|283/283 brn|[from] item: Leftovers\n|-heal|p1a: Sableye|104/234|[from] item: Leftovers\n|-damage|p2a: Espathra|266/283 brn|[from] brn\n|-ability|p2a: Espathra|Speed Boost|boost\n|-boost|p2a: Espathra|spe|1\n|upkeep\n|turn|33\n|\n|t:|1733880813\n|move|p2a: Espathra|Protect|p2a: Espathra\n|-singleturn|p2a: Espathra|Protect\n|move|p1a: Sableye|Knock Off|p2a: Espathra\n|-activate|p2a: Espathra|move: Protect\n|\n|-heal|p2a: Espathra|283/283 brn|[from] item: Leftovers\n|-heal|p1a: Sableye|118/234|[from] item: Leftovers\n|-damage|p2a: Espathra|266/283 brn|[from] brn\n|-ability|p2a: Espathra|Speed Boost|boost\n|-boost|p2a: Espathra|spe|1\n|upkeep\n|turn|34\n|\n|t:|1733880826\n|-terastallize|p2a: Espathra|Fairy\n|move|p2a: Espathra|Protect|p2a: Espathra\n|-singleturn|p2a: Espathra|Protect\n|move|p1a: Sableye|Knock Off|p2a: Espathra\n|-activate|p2a: Espathra|move: Protect\n|\n|-heal|p2a: Espathra|283/283 brn|[from] item: Leftovers\n|-heal|p1a: Sableye|132/234|[from] item: Leftovers\n|-damage|p2a: Espathra|266/283 brn|[from] brn\n|-end|p2a: Espathra|Encore\n|-ability|p2a: Espathra|Speed Boost|boost\n|-boost|p2a: Espathra|spe|1\n|upkeep\n|turn|35\n|\n|t:|1733880840\n|move|p1a: Sableye|Encore|p2a: Espathra\n|-start|p2a: Espathra|Encore\n|move|p2a: Espathra|Protect||[still]\n|-fail|p2a: Espathra\n|\n|-heal|p2a: Espathra|283/283 brn|[from] item: Leftovers\n|-heal|p1a: Sableye|146/234|[from] item: Leftovers\n|-damage|p2a: Espathra|266/283 brn|[from] brn\n|-ability|p2a: Espathra|Speed Boost|boost\n|-boost|p2a: Espathra|spe|1\n|upkeep\n|turn|36\n|inactive|jbucketz15 has 120 seconds left.\n|\n|t:|1733880877\n|switch|p1a: Smeargle|Smeargle, L95, M|258/258\n|move|p2a: Espathra|Protect||[still]\n|-fail|p2a: Espathra\n|\n|-heal|p2a: Espathra|283/283 brn|[from] item: Leftovers\n|-damage|p2a: Espathra|266/283 brn|[from] brn\n|upkeep\n|turn|37\n|inactive|jbucketz15 has 120 seconds left.\n|\n|t:|1733880885\n|move|p2a: Espathra|Protect|p2a: Espathra\n|-singleturn|p2a: Espathra|Protect\n|move|p1a: Smeargle|Shell Smash|p1a: Smeargle\n|-unboost|p1a: Smeargle|def|1\n|-unboost|p1a: Smeargle|spd|1\n|-boost|p1a: Smeargle|atk|2\n|-boost|p1a: Smeargle|spa|2\n|-boost|p1a: Smeargle|spe|2\n|\n|-heal|p2a: Espathra|283/283 brn|[from] item: Leftovers\n|-damage|p2a: Espathra|266/283 brn|[from] brn\n|-end|p2a: Espathra|Encore\n|upkeep\n|turn|38\n|inactive|jbucketz15 has 120 seconds left.\n|\n|t:|1733880899\n|move|p2a: Espathra|Stored Power|p1a: Smeargle\n|-damage|p1a: Smeargle|0 fnt\n|faint|p1a: Smeargle\n|\n|-heal|p2a: Espathra|283/283 brn|[from] item: Leftovers\n|-damage|p2a: Espathra|266/283 brn|[from] brn\n|upkeep\n|inactive|jbucketz15 has 120 seconds left.\n|\n|t:|1733880911\n|switch|p1a: Sableye|Sableye, L89, F, tera:Steel|146/234\n|turn|39\n|inactive|jbucketz15 has 120 seconds left.\n|\n|t:|1733880917\n|move|p1a: Sableye|Recover|p1a: Sableye\n|-heal|p1a: Sableye|234/234\n|move|p2a: Espathra|Calm Mind|p2a: Espathra\n|-boost|p2a: Espathra|spa|1\n|-boost|p2a: Espathra|spd|1\n|\n|-heal|p2a: Espathra|283/283 brn|[from] item: Leftovers\n|-damage|p2a: Espathra|266/283 brn|[from] brn\n|upkeep\n|turn|40\n|\n|t:|1733880933\n|move|p2a: Espathra|Protect|p2a: Espathra\n|-singleturn|p2a: Espathra|Protect\n|move|p1a: Sableye|Encore|p2a: Espathra\n|-activate|p2a: Espathra|move: Protect\n|\n|-heal|p2a: Espathra|283/283 brn|[from] item: Leftovers\n|-damage|p2a: Espathra|266/283 brn|[from] brn\n|upkeep\n|turn|41\n|\n|t:|1733880937\n|move|p2a: Espathra|Calm Mind|p2a: Espathra\n|-boost|p2a: Espathra|spa|1\n|-boost|p2a: Espathra|spd|1\n|move|p1a: Sableye|Knock Off|p2a: Espathra\n|-resisted|p2a: Espathra\n|-damage|p2a: Espathra|206/283 brn\n|-enditem|p2a: Espathra|Leftovers|[from] move: Knock Off|[of] p1a: Sableye\n|\n|-damage|p2a: Espathra|189/283 brn|[from] brn\n|upkeep\n|turn|42\n|\n|t:|1733880953\n|move|p2a: Espathra|Calm Mind|p2a: Espathra\n|-boost|p2a: Espathra|spa|1\n|-boost|p2a: Espathra|spd|1\n|move|p1a: Sableye|Knock Off|p2a: Espathra\n|-resisted|p2a: Espathra\n|-damage|p2a: Espathra|146/283 brn\n|\n|-damage|p2a: Espathra|129/283 brn|[from] brn\n|upkeep\n|turn|43\n|\n|t:|1733880962\n|move|p2a: Espathra|Stored Power|p1a: Sableye\n|-resisted|p1a: Sableye\n|-damage|p1a: Sableye|0 fnt\n|faint|p1a: Sableye\n|\n|-damage|p2a: Espathra|112/283 brn|[from] brn\n|upkeep\n|\n|t:|1733880969\n|switch|p1a: Medicham|Medicham, L86, F|243/243\n|turn|44\n|\n|t:|1733880979\n|move|p1a: Medicham|Bullet Punch|p2a: Espathra\n|-supereffective|p2a: Espathra\n|-damage|p2a: Espathra|0 fnt\n|faint|p2a: Espathra\n|\n|upkeep\n|\n|t:|1733880980\n|switch|p2a: Houndstone|Houndstone, L86, M|205/264\n|turn|45\n|\n|t:|1733880996\n|move|p1a: Medicham|Bullet Punch|p2a: Houndstone\n|-damage|p2a: Houndstone|175/264\n|move|p2a: Houndstone|Poltergeist|p1a: Medicham|[miss]\n|-miss|p2a: Houndstone|p1a: Medicham\n|\n|-heal|p2a: Houndstone|191/264|[from] item: Leftovers\n|upkeep\n|turn|46\n|\n|t:|1733881020\n|switch|p1a: Rampardos|Rampardos, L90, F|321/321\n|move|p2a: Houndstone|Poltergeist|p1a: Rampardos\n|-activate|p1a: Rampardos|move: Poltergeist|Life Orb\n|-damage|p1a: Rampardos|152/321\n|\n|-heal|p2a: Houndstone|207/264|[from] item: Leftovers\n|upkeep\n|turn|47\n|inactive|yukieschnook has 120 seconds left.\n|\n|t:|1733881050\n|move|p2a: Houndstone|Poltergeist|p1a: Rampardos\n|-activate|p1a: Rampardos|move: Poltergeist|Life Orb\n|-damage|p1a: Rampardos|0 fnt\n|faint|p1a: Rampardos\n|\n|-heal|p2a: Houndstone|223/264|[from] item: Leftovers\n|upkeep\n|\n|t:|1733881054\n|switch|p1a: Medicham|Medicham, L86, F|243/243\n|turn|48\n|\n|t:|1733881066\n|move|p1a: Medicham|Zen Headbutt|p2a: Houndstone\n|-damage|p2a: Houndstone|141/264\n|cant|p2a: Houndstone|flinch\n|\n|-heal|p2a: Houndstone|157/264|[from] item: Leftovers\n|upkeep\n|turn|49\n|\n|t:|1733881075\n|move|p1a: Medicham|Zen Headbutt|p2a: Houndstone\n|-damage|p2a: Houndstone|69/264\n|move|p2a: Houndstone|Rest|p2a: Houndstone\n|-status|p2a: Houndstone|slp|[from] move: Rest\n|-heal|p2a: Houndstone|264/264 slp|[silent]\n|\n|upkeep\n|turn|50\n|\n|t:|1733881080\n|move|p1a: Medicham|Zen Headbutt|p2a: Houndstone\n|-damage|p2a: Houndstone|177/264 slp\n|cant|p2a: Houndstone|slp\n|cant|p2a: Houndstone|flinch\n|\n|-heal|p2a: Houndstone|193/264 slp|[from] item: Leftovers\n|upkeep\n|turn|51\n|\n|t:|1733881087\n|move|p1a: Medicham|Zen Headbutt|p2a: Houndstone|[miss]\n|-miss|p1a: Medicham|p2a: Houndstone\n|cant|p2a: Houndstone|slp\n|move|p2a: Houndstone|Sleep Talk|p2a: Houndstone\n|move|p2a: Houndstone|Rest||[from]move: Sleep Talk|[still]\n|-fail|p2a: Houndstone\n|\n|-heal|p2a: Houndstone|209/264 slp|[from] item: Leftovers\n|upkeep\n|turn|52\n|\n|t:|1733881094\n|move|p1a: Medicham|Zen Headbutt|p2a: Houndstone\n|-damage|p2a: Houndstone|131/264 slp\n|-curestatus|p2a: Houndstone|slp|[msg]\n|move|p2a: Houndstone|Poltergeist|p1a: Medicham\n|-activate|p1a: Medicham|move: Poltergeist|Choice Band\n|-supereffective|p1a: Medicham\n|-crit|p1a: Medicham\n|-damage|p1a: Medicham|0 fnt\n|faint|p1a: Medicham\n|\n|win|yukieschnook\n|raw|jbucketz15's rating: 1356 &rarr; <strong>1336</strong><br />(-20 for losing)\n|raw|yukieschnook's rating: 1357 &rarr; <strong>1377</strong><br />(+20 for winning)\n|c|\u2606yukieschnook|gg\n", "inputlog": ">version bfd83cad13791eb5a5a409923076391caf6fb4d4\n>start {\"formatid\":\"gen9randombattle\",\"seed\":[42788,61979,54861,58653],\"rated\":\"Rated battle\"}\n>player p1 {\"name\":\"jbucketz15\",\"avatar\":\"101\",\"rating\":1356,\"seed\":[1673,12618,40345,26962]}\n>player p2 {\"name\":\"yukieschnook\",\"avatar\":\"169\",\"rating\":1357,\"seed\":[15048,28918,20181,29557]}\n>p1 move knockoff\n>p2 switch 2\n>p1 move highjumpkick\n>p2 move icebeam\n>p1 move powerwhip\n>p2 switch 2\n>p1 move knockoff\n>p2 switch 2\n>p2 switch 6\n>p1 move rapidspin\n>p2 move bleakwindstorm\n>p1 switch 6\n>p1 move rockslide\n>p2 switch 5\n>p1 switch 3\n>p2 move clangoroussoul\n>p1 move encore\n>p2 move clangingscales\n>p1 move knockoff\n>p2 move clangoroussoul\n>p1 move willowisp\n>p2 move clangoroussoul\n>p1 move encore\n>p2 move clangingscales\n>p1 move knockoff\n>p2 move clangoroussoul\n>p2 switch 5\n>p1 move willowisp\n>p2 move uturn\n>p2 switch 3\n>p1 move knockoff\n>p2 move voltswitch\n>p2 switch 3\n>p1 move recover\n>p2 move bleakwindstorm\n>p1 move recover\n>p2 move bleakwindstorm\n>p1 move encore\n>p2 move bleakwindstorm\n>p1 move knockoff\n>p2 move bleakwindstorm\n>p1 move knockoff\n>p2 switch 3\n>p1 move knockoff\n>p2 move flashcannon\n>p1 move recover\n>p2 move flashcannon\n>p1 switch 5\n>p2 move flashcannon\n>p1 move dragondance\n>p2 move flashcannon\n>p1 move earthquake\n>p2 move flashcannon\n>p2 switch 4\n>p1 move bravebird\n>p2 move protect\n>p1 move roost\n>p2 move dazzlinggleam\n>p1 switch 5\n>p1 move recover terastallize\n>p2 move dazzlinggleam\n>p1 move encore\n>p2 switch 3\n>p1 move knockoff\n>p2 move heatwave\n>p2 switch 3\n>p1 move willowisp\n>p2 move calmmind\n>p1 move encore\n>p2 move protect\n>p1 move encore\n>p2 move storedpower\n>p1 move knockoff\n>p2 move protect\n>p1 move knockoff\n>p2 move protect terastallize\n>p1 move encore\n>p2 move calmmind\n>p1 switch 2\n>p2 move protect\n>p1 move shellsmash\n>p2 move protect\n>p1 move populationbomb\n>p2 move storedpower\n>p1 switch 2\n>p1 move recover\n>p2 move calmmind\n>p1 move encore\n>p2 move protect\n>p1 move knockoff\n>p2 move calmmind\n>p1 move knockoff\n>p2 move calmmind\n>p1 move knockoff\n>p2 move storedpower\n>p1 switch 4\n>p1 move bulletpunch\n>p2 move dazzlinggleam\n>p2 switch 2\n>p1 move bulletpunch\n>p2 move poltergeist\n>p1 switch 3\n>p2 move poltergeist\n>p1 move rockslide\n>p2 move poltergeist\n>p1 switch 3\n>p1 move zenheadbutt\n>p2 move poltergeist\n>p1 move zenheadbutt\n>p2 move rest\n>p1 move zenheadbutt\n>p2 move sleeptalk\n>p1 move zenheadbutt\n>p2 move sleeptalk\n>p1 move zenheadbutt\n>p2 move poltergeist", "uploadtime": 1733881101, "views": 1, "formatid": "gen9randombattle", "rating": 1336, "private": 0, "password": null}