{"id": "gen9randombattle-2259814985", "format": "[Gen 9] Random Battle", "players": ["idkbutw", "UziBoii"], "log": "|j|\u2606idkbutw\n|j|\u2606UziBoii\n|t:|1733769405\n|gametype|singles\n|player|p1|idkbutw|benga|1449\n|player|p2|UziBoii|ethan|1461\n|teamsize|p1|6\n|teamsize|p2|6\n|gen|9\n|tier|[Gen 9] Random Battle\n|rated|\n|rule|Species Clause: Limit one of each Pok\u00e9mon\n|rule|HP Percentage Mod: HP is shown in percentages\n|rule|Sleep Clause Mod: Limit one foe put to sleep\n|rule|Illusion Level Mod: Illusion disguises the Pok\u00e9mon's true level\n|\n|t:|1733769405\n|start\n|switch|p1a: Raikou|Raikou, L81|278/278\n|switch|p2a: Flapple|Flapple, L88, M|266/266\n|-ability|p1a: Raikou|Pressure\n|turn|1\n|inactive|Battle timer is ON: inactive players will automatically lose when time's up. (requested by UziBoii)\n|\n|t:|1733769410\n|switch|p1a: Vikavolt|Vikavolt, L83, M|263/263\n|move|p2a: Flapple|U-turn|p1a: Vikavolt\n|-damage|p1a: Vikavolt|138/263\n|\n|t:|1733769428\n|switch|p2a: Kyogre|Kyogre, L71|259/259|[from] U-turn\n|-weather|RainDance|[from] ability: Drizzle|[of] p2a: Kyogre\n|\n|-weather|RainDance|[upkeep]\n|upkeep\n|turn|2\n|\n|t:|1733769435\n|move|p2a: Kyogre|Origin Pulse|p1a: Vikavolt\n|-damage|p1a: Vikavolt|0 fnt\n|faint|p1a: Vikavolt\n|\n|-weather|RainDance|[upkeep]\n|upkeep\n|\n|t:|1733769440\n|switch|p1a: Raikou|Raikou, L81|278/278\n|-ability|p1a: Raikou|Pressure\n|turn|3\n|\n|t:|1733769446\n|switch|p2a: Flapple|Flapple, L88, M|266/266\n|move|p1a: Raikou|Thunderbolt|p2a: Flapple\n|-resisted|p2a: Flapple\n|-damage|p2a: Flapple|236/266\n|\n|-weather|RainDance|[upkeep]\n|upkeep\n|turn|4\n|\n|t:|1733769457\n|switch|p1a: Latias|Latias, L79, F|256/256\n|move|p2a: Flapple|U-turn|p1a: Latias\n|-supereffective|p1a: Latias\n|-damage|p1a: Latias|0 fnt\n|faint|p1a: Latias\n|\n|t:|1733769468\n|switch|p2a: Jirachi|Jirachi, L80|291/291|[from] U-turn\n|\n|-weather|RainDance|[upkeep]\n|upkeep\n|\n|t:|1733769473\n|switch|p1a: Charizard|Charizard, L85, M|271/271\n|turn|5\n|\n|t:|1733769481\n|move|p1a: Charizard|Swords Dance|p1a: Charizard\n|-boost|p1a: Charizard|atk|2\n|move|p2a: Jirachi|Body Slam|p1a: Charizard\n|-damage|p1a: Charizard|208/271\n|-status|p1a: Charizard|par\n|\n|-weather|none\n|upkeep\n|turn|6\n|\n|t:|1733769486\n|move|p2a: Jirachi|Iron Head|p1a: Charizard\n|-resisted|p1a: Charizard\n|-damage|p1a: Charizard|168/271 par\n|cant|p1a: Charizard|flinch\n|\n|upkeep\n|turn|7\n|\n|t:|1733769492\n|switch|p2a: Kyogre|Kyogre, L71|259/259\n|-weather|RainDance|[from] ability: Drizzle|[of] p2a: Kyogre\n|move|p1a: Charizard|Earthquake|p2a: Kyogre\n|-damage|p2a: Kyogre|96/259\n|\n|-weather|RainDance|[upkeep]\n|-heal|p2a: Kyogre|112/259|[from] item: Leftovers\n|upkeep\n|turn|8\n|\n|t:|1733769501\n|move|p2a: Kyogre|Origin Pulse|p1a: Charizard\n|-supereffective|p1a: Charizard\n|-damage|p1a: Charizard|0 fnt\n|faint|p1a: Charizard\n|\n|-weather|RainDance|[upkeep]\n|-heal|p2a: Kyogre|128/259|[from] item: Leftovers\n|upkeep\n|\n|t:|1733769504\n|switch|p1a: Raikou|Raikou, L81|278/278\n|-ability|p1a: Raikou|Pressure\n|turn|9\n|\n|t:|1733769510\n|switch|p2a: Flapple|Flapple, L88, M|236/266\n|move|p1a: Raikou|Shadow Ball|p2a: Flapple\n|-damage|p2a: Flapple|156/266\n|-unboost|p2a: Flapple|spd|1\n|\n|-weather|RainDance|[upkeep]\n|upkeep\n|turn|10\n|\n|t:|1733769515\n|move|p1a: Raikou|Shadow Ball|p2a: Flapple\n|-damage|p2a: Flapple|52/266\n|move|p2a: Flapple|U-turn|p1a: Raikou\n|-damage|p1a: Raikou|111/278\n|\n|t:|1733769525\n|switch|p2a: Jirachi|Jirachi, L80|291/291|[from] U-turn\n|\n|-weather|RainDance|[upkeep]\n|-heal|p1a: Raikou|128/278|[from] item: Leftovers\n|upkeep\n|turn|11\n|\n|t:|1733769531\n|move|p1a: Raikou|Shadow Ball|p2a: Jirachi\n|-supereffective|p2a: Jirachi\n|-damage|p2a: Jirachi|183/291\n|move|p2a: Jirachi|Wish|p2a: Jirachi\n|\n|-weather|none\n|-heal|p1a: Raikou|145/278|[from] item: Leftovers\n|-heal|p2a: Jirachi|201/291|[from] item: Leftovers\n|upkeep\n|turn|12\n|\n|t:|1733769538\n|switch|p2a: Keldeo|Keldeo-Resolute, L79|273/273\n|move|p1a: Raikou|Calm Mind|p1a: Raikou\n|-boost|p1a: Raikou|spa|1\n|-boost|p1a: Raikou|spd|1\n|\n|-heal|p1a: Raikou|162/278|[from] item: Leftovers\n|upkeep\n|turn|13\n|\n|t:|1733769548\n|move|p1a: Raikou|Thunderbolt|p2a: Keldeo\n|-supereffective|p2a: Keldeo\n|-damage|p2a: Keldeo|0 fnt\n|faint|p2a: Keldeo\n|\n|-heal|p1a: Raikou|179/278|[from] item: Leftovers\n|upkeep\n|\n|t:|1733769552\n|switch|p2a: Flapple|Flapple, L88, M|52/266\n|turn|14\n|\n|t:|1733769555\n|move|p2a: Flapple|Sucker Punch|p1a: Raikou|[miss]\n|-miss|p2a: Flapple|p1a: Raikou\n|move|p1a: Raikou|Shadow Ball|p2a: Flapple\n|-damage|p2a: Flapple|0 fnt\n|faint|p2a: Flapple\n|\n|-heal|p1a: Raikou|196/278|[from] item: Leftovers\n|upkeep\n|\n|t:|1733769565\n|switch|p2a: Flutter Mane|Flutter Mane, L74|203/203\n|turn|15\n|\n|t:|1733769570\n|move|p2a: Flutter Mane|Psyshock|p1a: Raikou\n|-damage|p1a: Raikou|97/278\n|move|p1a: Raikou|Shadow Ball|p2a: Flutter Mane\n|-supereffective|p2a: Flutter Mane\n|-damage|p2a: Flutter Mane|59/203\n|-unboost|p2a: Flutter Mane|spd|1\n|\n|-heal|p1a: Raikou|114/278|[from] item: Leftovers\n|upkeep\n|turn|16\n|\n|t:|1733769577\n|move|p2a: Flutter Mane|Psyshock|p1a: Raikou\n|-damage|p1a: Raikou|19/278\n|move|p1a: Raikou|Shadow Ball|p2a: Flutter Mane\n|-supereffective|p2a: Flutter Mane\n|-damage|p2a: Flutter Mane|0 fnt\n|faint|p2a: Flutter Mane\n|-end|p2a: Flutter Mane|Protosynthesis|[silent]\n|\n|-heal|p1a: Raikou|36/278|[from] item: Leftovers\n|upkeep\n|inactive|UziBoii has 120 seconds left.\n|\n|t:|1733769615\n|switch|p2a: Kyogre|Kyogre, L71|128/259\n|-weather|RainDance|[from] ability: Drizzle|[of] p2a: Kyogre\n|turn|17\n|inactive|UziBoii has 120 seconds left.\n|\n|t:|1733769621\n|-terastallize|p2a: Kyogre|Electric\n|move|p1a: Raikou|Thunderbolt|p2a: Kyogre\n|-resisted|p2a: Kyogre\n|-damage|p2a: Kyogre|70/259\n|move|p2a: Kyogre|Origin Pulse|p1a: Raikou\n|-damage|p1a: Raikou|0 fnt\n|faint|p1a: Raikou\n|\n|-weather|RainDance|[upkeep]\n|-heal|p2a: Kyogre|86/259|[from] item: Leftovers\n|upkeep\n|\n|t:|1733769628\n|switch|p1a: Gallade|Gallade, L81, M|243/243\n|turn|18\n|\n|t:|1733769639\n|move|p1a: Gallade|Psycho Cut|p2a: Kyogre\n|-damage|p2a: Kyogre|0 fnt\n|faint|p2a: Kyogre\n|-damage|p1a: Gallade|219/243|[from] item: Life Orb\n|\n|-weather|RainDance|[upkeep]\n|upkeep\n|\n|t:|1733769641\n|switch|p2a: Jirachi|Jirachi, L80|201/291\n|turn|19\n|\n|t:|1733769644\n|move|p2a: Jirachi|Body Slam|p1a: Gallade\n|-damage|p1a: Gallade|140/243\n|move|p1a: Gallade|Night Slash|p2a: Jirachi\n|-supereffective|p2a: Jirachi\n|-damage|p2a: Jirachi|0 fnt\n|faint|p2a: Jirachi\n|-damage|p1a: Gallade|116/243|[from] item: Life Orb\n|\n|-weather|RainDance|[upkeep]\n|upkeep\n|\n|t:|1733769648\n|switch|p2a: Kingambit|Kingambit, L74, F|270/270\n|-activate|p2a: Kingambit|ability: Supreme Overlord\n|-start|p2a: Kingambit|fallen5|[silent]\n|turn|20\n|\n|t:|1733769654\n|move|p2a: Kingambit|Sucker Punch|p1a: Gallade\n|-damage|p1a: Gallade|0 fnt\n|faint|p1a: Gallade\n|\n|-weather|RainDance|[upkeep]\n|upkeep\n|\n|t:|1733769655\n|switch|p1a: Copperajah|Copperajah, L86, F|349/349\n|turn|21\n|\n|t:|1733769663\n|move|p2a: Kingambit|Kowtow Cleave|p1a: Copperajah\n|-damage|p1a: Copperajah|193/349\n|move|p1a: Copperajah|Heat Crash|p2a: Kingambit\n|-supereffective|p2a: Kingambit\n|-damage|p2a: Kingambit|132/270\n|\n|-weather|none\n|-heal|p2a: Kingambit|148/270|[from] item: Leftovers\n|upkeep\n|turn|22\n|\n|t:|1733769671\n|move|p2a: Kingambit|Kowtow Cleave|p1a: Copperajah\n|-damage|p1a: Copperajah|21/349\n|move|p1a: Copperajah|Heat Crash|p2a: Kingambit\n|-supereffective|p2a: Kingambit\n|-damage|p2a: Kingambit|0 fnt\n|faint|p2a: Kingambit\n|-end|p2a: Kingambit|fallen5|[silent]\n|\n|win|idkbutw\n|raw|idkbutw's rating: 1449 &rarr; <strong>1470</strong><br />(+21 for winning)\n|raw|UziBoii's rating: 1461 &rarr; <strong>1440</strong><br />(-21 for losing)\n|l|\u2606idkbutw\n|player|p1|\n", "inputlog": ">version bfd83cad13791eb5a5a409923076391caf6fb4d4\n>start {\"formatid\":\"gen9randombattle\",\"seed\":[34092,56803,64197,42738],\"rated\":\"Rated battle\"}\n>player p1 {\"name\":\"idkbutw\",\"avatar\":\"benga\",\"rating\":1449,\"seed\":[64185,48693,63297,7389]}\n>player p2 {\"name\":\"UziBoii\",\"avatar\":\"ethan\",\"rating\":1461,\"seed\":[40682,7506,26208,28322]}\n>p1 switch 5\n>p2 move uturn\n>p2 switch 4\n>p1 move stickyweb\n>p2 move originpulse\n>p1 switch 5\n>p1 move thunderbolt\n>p2 switch 4\n>p1 switch 4\n>p2 move uturn\n>p2 switch 5\n>p1 switch 2\n>p1 move swordsdance\n>p2 move bodyslam\n>p1 move earthquake\n>p2 move ironhead\n>p1 move earthquake\n>p2 switch 4\n>p1 move outrage\n>p2 move originpulse\n>p1 switch 4\n>p1 move shadowball\n>p2 switch 5\n>p1 move shadowball\n>p2 move uturn\n>p2 switch 4\n>p1 move shadowball\n>p2 move wish\n>p1 move calmmind\n>p2 switch 2\n>p1 move thunderbolt\n>p2 move calmmind\n>p2 switch 4\n>p1 move shadowball\n>p2 move suckerpunch\n>p2 switch 6\n>p1 move shadowball\n>p2 move psyshock\n>p1 move shadowball\n>p2 move psyshock\n>p2 switch 5\n>p1 move thunderbolt\n>p2 move originpulse terastallize\n>p1 switch 3\n>p1 move psychocut\n>p2 move originpulse\n>p2 switch 2\n>p1 move nightslash\n>p2 move bodyslam\n>p2 switch 3\n>p1 move sacredsword\n>p2 move suckerpunch\n>p1 switch 6\n>p1 move heatcrash\n>p2 move kowtowcleave\n>p1 move heatcrash\n>p2 move kowtowcleave", "uploadtime": 1733769677, "views": 1, "formatid": "gen9randombattle", "rating": 1440, "private": 0, "password": null}