{"id": "gen9randombattle-2199315487", "format": "[Gen 9] Random Battle", "players": ["RBLT Separa", "RBLT yerdunc"], "log": "|badge|p1|bronze|gen9randombattle|100-2\n|uhtml|medal-msg|<div class=\"broadcast-blue\">Curious what those medals under the avatar are? PS now has Ladder Seasons! For more information, check out the <a href=\"https://www.smogon.com/forums/threads/3740067/\">thread on Smogon.</a></div>\n|badge|p2|bronze|gen9randombattle|100-2\n|uhtml|medal-msg|<div class=\"broadcast-blue\">Curious what those medals under the avatar are? PS now has Ladder Seasons! For more information, check out the <a href=\"https://www.smogon.com/forums/threads/3740067/\">thread on Smogon.</a></div>\n|j|\u2606RBLT Separa\n|j|\u2606RBLT yerdunc\n|t:|1726064519\n|gametype|singles\n|player|p1|RBLT Separa|acetrainerf-gen4dp|2348\n|player|p2|RBLT yerdunc|ethan|2374\n|teamsize|p1|6\n|teamsize|p2|6\n|gen|9\n|tier|[Gen 9] Random Battle\n|rated|\n|rule|Species Clause: Limit one of each Pok\u00e9mon\n|rule|HP Percentage Mod: HP is shown in percentages\n|rule|Sleep Clause Mod: Limit one foe put to sleep\n|rule|Illusion Level Mod: Illusion disguises the Pok\u00e9mon's true level\n|\n|t:|1726064519\n|start\n|switch|p1a: Iron Hands|Iron Hands, L79|373/373\n|switch|p2a: Mabosstiff|Mabosstiff, L86, M|278/278\n|turn|1\n|inactive|Battle timer is ON: inactive players will automatically lose when time's up. (requested by RBLT Separa)\n|j| Hounds of Fate\n|inactive|RBLT yerdunc has 120 seconds left.\n|\n|t:|1726064560\n|switch|p2a: Golurk|Golurk, L87|297/297\n|move|p1a: Iron Hands|Volt Switch|p2a: Golurk\n|-immune|p2a: Golurk\n|\n|upkeep\n|turn|2\n|\n|t:|1726064571\n|-end|p1a: Iron Hands|Quark Drive|[silent]\n|switch|p1a: Mabosstiff|Mabosstiff, L86, M|278/278\n|move|p2a: Golurk|Poltergeist|p1a: Mabosstiff\n|-activate|p1a: Mabosstiff|move: Poltergeist|Choice Band\n|-resisted|p1a: Mabosstiff\n|-crit|p1a: Mabosstiff\n|-damage|p1a: Mabosstiff|122/278\n|\n|upkeep\n|turn|3\n|\n|t:|1726064580\n|switch|p2a: Virizion|Virizion, L82|283/283\n|move|p1a: Mabosstiff|Crunch|p2a: Virizion\n|-resisted|p2a: Virizion\n|-damage|p2a: Virizion|89/283\n|-ability|p2a: Virizion|Justified|boost\n|-boost|p2a: Virizion|atk|1\n|\n|upkeep\n|turn|4\n|\n|t:|1726064592\n|switch|p1a: Cresselia|Cresselia, L80, F|323/323\n|move|p2a: Virizion|Leaf Blade|p1a: Cresselia\n|-damage|p1a: Cresselia|189/323\n|-damage|p2a: Virizion|61/283|[from] item: Life Orb\n|\n|-heal|p1a: Cresselia|209/323|[from] item: Leftovers\n|upkeep\n|turn|5\n|\n|t:|1726064601\n|move|p2a: Virizion|Leaf Blade|p1a: Cresselia\n|-damage|p1a: Cresselia|75/323\n|-damage|p2a: Virizion|33/283|[from] item: Life Orb\n|move|p1a: Cresselia|Moonblast|p2a: Virizion\n|-supereffective|p2a: Virizion\n|-damage|p2a: Virizion|0 fnt\n|faint|p2a: Virizion\n|\n|-heal|p1a: Cresselia|95/323|[from] item: Leftovers\n|upkeep\n|\n|t:|1726064610\n|switch|p2a: Mabosstiff|Mabosstiff, L86, M|278/278\n|turn|6\n|\n|t:|1726064612\n|switch|p1a: Iron Hands|Iron Hands, L79|373/373\n|move|p2a: Mabosstiff|Retaliate|p1a: Iron Hands\n|-damage|p1a: Iron Hands|35/373\n|\n|upkeep\n|turn|7\n|\n|t:|1726064620\n|-end|p1a: Iron Hands|Quark Drive|[silent]\n|switch|p1a: Archaludon|Archaludon, L78, M|268/268\n|move|p2a: Mabosstiff|Retaliate|p1a: Archaludon\n|-resisted|p1a: Archaludon\n|-damage|p1a: Archaludon|201/268\n|-ability|p1a: Archaludon|Stamina|boost\n|-boost|p1a: Archaludon|def|1\n|\n|upkeep\n|turn|8\n|\n|t:|1726064634\n|switch|p2a: Golurk|Golurk, L87|297/297\n|move|p1a: Archaludon|Draco Meteor|p2a: Golurk\n|-damage|p2a: Golurk|155/297\n|-unboost|p1a: Archaludon|spa|2\n|\n|upkeep\n|turn|9\n|\n|t:|1726064641\n|switch|p1a: Iron Hands|Iron Hands, L79|35/373\n|move|p2a: Golurk|Dynamic Punch|p1a: Iron Hands\n|-crit|p1a: Iron Hands\n|-damage|p1a: Iron Hands|0 fnt\n|faint|p1a: Iron Hands\n|-end|p1a: Iron Hands|Quark Drive|[silent]\n|\n|upkeep\n|\n|t:|1726064646\n|switch|p1a: Mabosstiff|Mabosstiff, L86, M|122/278\n|turn|10\n|\n|t:|1726064652\n|switch|p2a: Mabosstiff|Mabosstiff, L86, M|278/278\n|move|p1a: Mabosstiff|Retaliate|p2a: Mabosstiff\n|-damage|p2a: Mabosstiff|0 fnt\n|faint|p2a: Mabosstiff\n|\n|upkeep\n|\n|t:|1726064658\n|switch|p2a: Arceus|Arceus-Rock, L73|296/296\n|turn|11\n|\n|t:|1726064674\n|switch|p1a: Komala|Komala, L89, M|260/260\n|-ability|p1a: Komala|Comatose\n|move|p2a: Arceus|Calm Mind|p2a: Arceus\n|-boost|p2a: Arceus|spa|1\n|-boost|p2a: Arceus|spd|1\n|\n|upkeep\n|turn|12\n|inactive|RBLT Separa has 120 seconds left.\n|\n|t:|1726064702\n|move|p1a: Komala|Earthquake|p2a: Arceus\n|-supereffective|p2a: Arceus\n|-damage|p2a: Arceus|124/296\n|move|p2a: Arceus|Judgment|p1a: Komala\n|-damage|p1a: Komala|97/260\n|\n|upkeep\n|turn|13\n|\n|t:|1726064708\n|-terastallize|p2a: Arceus|Ground\n|move|p1a: Komala|Earthquake|p2a: Arceus\n|-damage|p2a: Arceus|44/296\n|move|p2a: Arceus|Recover|p2a: Arceus\n|-heal|p2a: Arceus|192/296\n|\n|upkeep\n|turn|14\n|inactive|RBLT Separa has 120 seconds left.\n|\n|t:|1726064730\n|switch|p1a: Mabosstiff|Mabosstiff, L86, M|122/278\n|move|p2a: Arceus|Recover|p2a: Arceus\n|-heal|p2a: Arceus|296/296\n|\n|upkeep\n|turn|15\n|inactive|RBLT Separa has 120 seconds left.\n|\n|t:|1726064736\n|move|p2a: Arceus|Judgment|p1a: Mabosstiff\n|-damage|p1a: Mabosstiff|0 fnt\n|faint|p1a: Mabosstiff\n|\n|upkeep\n|inactive|RBLT Separa has 120 seconds left.\n|\n|t:|1726064746\n|switch|p1a: Salamence|Salamence, L77, F|273/273\n|-ability|p1a: Salamence|Intimidate|boost\n|-unboost|p2a: Arceus|atk|1\n|turn|16\n|\n|t:|1726064752\n|-terastallize|p1a: Salamence|Dragon\n|move|p2a: Arceus|Judgment|p1a: Salamence\n|-damage|p1a: Salamence|66/273\n|move|p1a: Salamence|Dragon Dance|p1a: Salamence\n|-boost|p1a: Salamence|atk|1\n|-boost|p1a: Salamence|spe|1\n|\n|upkeep\n|turn|17\n|inactive|RBLT yerdunc has 120 seconds left.\n|\n|t:|1726064801\n|move|p1a: Salamence|Outrage|p2a: Arceus\n|-damage|p2a: Arceus|52/296\n|move|p2a: Arceus|Judgment|p1a: Salamence\n|-damage|p1a: Salamence|0 fnt\n|faint|p1a: Salamence\n|\n|upkeep\n|\n|t:|1726064807\n|switch|p1a: Komala|Komala, L89, M|97/260\n|-ability|p1a: Komala|Comatose\n|turn|18\n|\n|t:|1726064822\n|move|p1a: Komala|Earthquake|p2a: Arceus\n|-damage|p2a: Arceus|0 fnt\n|faint|p2a: Arceus\n|\n|upkeep\n|\n|t:|1726064824\n|switch|p2a: Talonflame|Talonflame, L84, M|268/268\n|turn|19\n|\n|t:|1726064828\n|switch|p1a: Archaludon|Archaludon, L78, M|201/268\n|move|p2a: Talonflame|Swords Dance|p2a: Talonflame\n|-boost|p2a: Talonflame|atk|2\n|\n|upkeep\n|turn|20\n|\n|t:|1726064839\n|move|p2a: Talonflame|Swords Dance|p2a: Talonflame\n|-boost|p2a: Talonflame|atk|2\n|move|p1a: Archaludon|Thunderbolt|p2a: Talonflame\n|-supereffective|p2a: Talonflame\n|-damage|p2a: Talonflame|108/268\n|\n|upkeep\n|turn|21\n|\n|t:|1726064847\n|move|p2a: Talonflame|Flare Blitz|p1a: Archaludon\n|-damage|p1a: Archaludon|0 fnt\n|faint|p1a: Archaludon\n|-damage|p2a: Talonflame|42/268|[from] Recoil\n|\n|upkeep\n|\n|t:|1726064852\n|switch|p1a: Cresselia|Cresselia, L80, F|95/323\n|turn|22\n|\n|t:|1726064854\n|move|p2a: Talonflame|Flare Blitz|p1a: Cresselia\n|-damage|p1a: Cresselia|0 fnt\n|faint|p1a: Cresselia\n|-damage|p2a: Talonflame|11/268|[from] Recoil\n|\n|upkeep\n|\n|t:|1726064857\n|switch|p1a: Komala|Komala, L89, M|97/260\n|-ability|p1a: Komala|Comatose\n|turn|23\n|\n|t:|1726064860\n|move|p2a: Talonflame|Flare Blitz|p1a: Komala\n|-damage|p1a: Komala|0 fnt\n|faint|p1a: Komala\n|-damage|p2a: Talonflame|0 fnt|[from] Recoil\n|faint|p2a: Talonflame\n|\n|win|RBLT yerdunc\n|raw|RBLT Separa's rating: 2348 &rarr; <strong>2329</strong><br />(-19 for losing)\n|raw|RBLT yerdunc's rating: 2374 &rarr; <strong>2393</strong><br />(+19 for winning)\n|l|\u2606RBLT yerdunc\n|player|p2|\n", "inputlog": ">version 4aaeaf600b1c44f5d740f3e60432e126c6a1bdf3\n>start {\"formatid\":\"gen9randombattle\",\"seed\":[43161,9382,50018,64290],\"rated\":\"Rated battle\"}\n>player p1 {\"name\":\"RBLT Separa\",\"avatar\":\"acetrainerf-gen4dp\",\"rating\":2348,\"seed\":[35698,25545,62770,27415]}\n>player p2 {\"name\":\"RBLT yerdunc\",\"avatar\":\"ethan\",\"rating\":2374,\"seed\":[31869,56938,63955,59239]}\n>p1 move voltswitch\n>p2 switch 3\n>p1 switch 3\n>p2 move poltergeist\n>p1 move crunch\n>p2 switch 2\n>p1 switch 2\n>p2 move leafblade\n>p1 move moonblast\n>p2 move leafblade\n>p2 switch 3\n>p1 switch 3\n>p2 move retaliate\n>p1 switch 5\n>p2 move retaliate\n>p1 move dracometeor\n>p2 switch 2\n>p1 switch 5\n>p2 move dynamicpunch\n>p1 switch 2\n>p1 move retaliate\n>p2 switch 2\n>p2 switch 6\n>p1 switch 6\n>p2 move calmmind\n>p1 move earthquake\n>p2 move judgment\n>p1 move earthquake\n>p2 move recover terastallize\n>p1 switch 6\n>p2 move recover\n>p1 move crunch\n>p2 move judgment\n>p1 switch 4\n>p1 move dragondance terastallize\n>p2 move judgment\n>p1 move outrage\n>p2 move judgment\n>p1 switch 6\n>p1 move earthquake\n>p2 move judgment\n>p2 switch 5\n>p1 switch 5\n>p2 move swordsdance\n>p1 move thunderbolt\n>p2 move swordsdance\n>p1 move dracometeor\n>p2 move flareblitz\n>p1 switch 3\n>p1 move psyshock\n>p2 move flareblitz\n>p1 switch 5\n>p1 move knockoff\n>p2 move flareblitz", "uploadtime": 1726064866, "views": 98, "formatid": "gen9randombattle", "rating": 2329, "private": 0, "password": null}