{"id": "gen9randombattle-2260330602", "format": "[Gen 9] Random Battle", "players": ["MrPopoTheGodOfAlll", "qqy123"], "log": "|j|\u2606MrPopoTheGodOfAlll\n|j|\u2606qqy123\n|t:|1733840703\n|gametype|singles\n|player|p1|MrPopoTheGodOfAlll|ash-sinnoh|1268\n|player|p2|qqy123|erika|1241\n|teamsize|p1|6\n|teamsize|p2|6\n|gen|9\n|tier|[Gen 9] Random Battle\n|rated|\n|rule|Species Clause: Limit one of each Pok\u00e9mon\n|rule|HP Percentage Mod: HP is shown in percentages\n|rule|Sleep Clause Mod: Limit one foe put to sleep\n|rule|Illusion Level Mod: Illusion disguises the Pok\u00e9mon's true level\n|\n|t:|1733840703\n|start\n|switch|p1a: Rampardos|Rampardos, L90, M|321/321\n|switch|p2a: Thundurus|Thundurus-Therian, L80, M|258/258\n|turn|1\n|inactive|Battle timer is ON: inactive players will automatically lose when time's up. (requested by MrPopoTheGodOfAlll)\n|\n|t:|1733840714\n|switch|p2a: Arboliva|Arboliva, L91, M|288/288\n|move|p1a: Rampardos|Rock Slide|p2a: Arboliva\n|-damage|p2a: Arboliva|81/288\n|-enditem|p2a: Arboliva|Sitrus Berry|[eat]\n|-heal|p2a: Arboliva|153/288|[from] item: Sitrus Berry\n|\n|-item|p2a: Arboliva|Sitrus Berry|[from] ability: Harvest\n|upkeep\n|turn|2\n|\n|t:|1733840725\n|move|p2a: Arboliva|Protect|p2a: Arboliva\n|-singleturn|p2a: Arboliva|Protect\n|move|p1a: Rampardos|Fire Punch|p2a: Arboliva\n|-activate|p2a: Arboliva|move: Protect\n|\n|upkeep\n|turn|3\n|\n|t:|1733840746\n|move|p1a: Rampardos|Fire Punch|p2a: Arboliva\n|-supereffective|p2a: Arboliva\n|-damage|p2a: Arboliva|0 fnt\n|faint|p2a: Arboliva\n|\n|upkeep\n|\n|t:|1733840752\n|switch|p2a: Sandy Shocks|Sandy Shocks, L80|267/267\n|turn|4\n|\n|t:|1733840763\n|switch|p1a: Cacturne|Cacturne, L92, F|278/278\n|move|p2a: Sandy Shocks|Earth Power|p1a: Cacturne\n|-resisted|p1a: Cacturne\n|-damage|p1a: Cacturne|215/278\n|-unboost|p1a: Cacturne|spd|1\n|\n|upkeep\n|turn|5\n|\n|t:|1733840777\n|move|p2a: Sandy Shocks|Volt Switch|p1a: Cacturne\n|-resisted|p1a: Cacturne\n|-damage|p1a: Cacturne|146/278\n|\n|t:|1733840784\n|-end|p2a: Sandy Shocks|Protosynthesis|[silent]\n|switch|p2a: Thundurus|Thundurus-Therian, L80, M|258/258|[from] Volt Switch\n|move|p1a: Cacturne|Knock Off|p2a: Thundurus\n|-damage|p2a: Thundurus|23/258\n|-enditem|p2a: Thundurus|Heavy-Duty Boots|[from] move: Knock Off|[of] p1a: Cacturne\n|-damage|p1a: Cacturne|119/278|[from] item: Life Orb\n|\n|upkeep\n|turn|6\n|\n|t:|1733840800\n|move|p1a: Cacturne|Sucker Punch|p2a: Thundurus\n|-damage|p2a: Thundurus|0 fnt\n|faint|p2a: Thundurus\n|-damage|p1a: Cacturne|92/278|[from] item: Life Orb\n|\n|upkeep\n|\n|t:|1733840805\n|switch|p2a: Zangoose|Zangoose, L85, F|263/263\n|turn|7\n|\n|t:|1733840833\n|switch|p1a: Lunala|Lunala, L70|308/308\n|move|p2a: Zangoose|Quick Attack|p1a: Lunala\n|-immune|p1a: Lunala\n|\n|-status|p2a: Zangoose|tox|[from] item: Toxic Orb\n|upkeep\n|turn|8\n|\n|t:|1733840840\n|switch|p1a: Emboar|Emboar, L84, M|322/322\n|move|p2a: Zangoose|Knock Off|p1a: Emboar\n|-resisted|p1a: Emboar\n|-damage|p1a: Emboar|252/322\n|-enditem|p1a: Emboar|Assault Vest|[from] move: Knock Off|[of] p2a: Zangoose\n|\n|-damage|p2a: Zangoose|247/263 tox|[from] psn\n|upkeep\n|turn|9\n|\n|t:|1733840851\n|move|p2a: Zangoose|Facade|p1a: Emboar\n|-damage|p1a: Emboar|0 fnt\n|faint|p1a: Emboar\n|\n|-damage|p2a: Zangoose|215/263 tox|[from] psn\n|upkeep\n|\n|t:|1733840857\n|switch|p1a: Wyrdeer|Wyrdeer, L87, F|321/321\n|-ability|p1a: Wyrdeer|Intimidate|boost\n|-unboost|p2a: Zangoose|atk|1\n|turn|10\n|\n|t:|1733840865\n|move|p2a: Zangoose|Knock Off|p1a: Wyrdeer\n|-supereffective|p1a: Wyrdeer\n|-damage|p1a: Wyrdeer|143/321\n|-enditem|p1a: Wyrdeer|Assault Vest|[from] move: Knock Off|[of] p2a: Zangoose\n|move|p1a: Wyrdeer|Body Slam|p2a: Zangoose\n|-damage|p2a: Zangoose|80/263 tox\n|\n|-damage|p2a: Zangoose|32/263 tox|[from] psn\n|upkeep\n|turn|11\n|\n|t:|1733840873\n|move|p2a: Zangoose|Facade|p1a: Wyrdeer\n|-damage|p1a: Wyrdeer|0 fnt\n|faint|p1a: Wyrdeer\n|\n|-damage|p2a: Zangoose|0 fnt|[from] psn\n|faint|p2a: Zangoose\n|upkeep\n|\n|t:|1733840879\n|switch|p2a: Granbull|Granbull, L88, F|302/302\n|switch|p1a: Lurantis|Lurantis, L87, M|264/264\n|-ability|p2a: Granbull|Intimidate|boost\n|-boost|p1a: Lurantis|atk|1\n|turn|12\n|\n|t:|1733840886\n|move|p2a: Granbull|Thunder Wave|p1a: Lurantis|[miss]\n|-miss|p2a: Granbull|p1a: Lurantis\n|move|p1a: Lurantis|Leaf Storm|p2a: Granbull\n|-damage|p2a: Granbull|152/302\n|-boost|p1a: Lurantis|spa|2\n|\n|-heal|p2a: Granbull|170/302|[from] item: Leftovers\n|upkeep\n|turn|13\n|\n|t:|1733840893\n|move|p2a: Granbull|Thunder Wave|p1a: Lurantis\n|-status|p1a: Lurantis|par\n|move|p1a: Lurantis|Leaf Storm|p2a: Granbull\n|-damage|p2a: Granbull|0 fnt\n|-boost|p1a: Lurantis|spa|2\n|faint|p2a: Granbull\n|\n|upkeep\n|\n|t:|1733840897\n|switch|p2a: Gyarados|Gyarados, L79, M|280/280\n|turn|14\n|\n|t:|1733840905\n|move|p2a: Gyarados|Dragon Dance|p2a: Gyarados\n|-boost|p2a: Gyarados|atk|1\n|-boost|p2a: Gyarados|spe|1\n|move|p1a: Lurantis|Leaf Storm|p2a: Gyarados\n|-crit|p2a: Gyarados\n|-damage|p2a: Gyarados|0 fnt\n|-boost|p1a: Lurantis|spa|2\n|faint|p2a: Gyarados\n|\n|upkeep\n|c|\u2606MrPopoTheGodOfAlll|lol\n|-message|qqy123 forfeited.\n|\n|win|MrPopoTheGodOfAlll\n|raw|MrPopoTheGodOfAlll's rating: 1268 &rarr; <strong>1291</strong><br />(+23 for winning)\n|raw|qqy123's rating: 1241 &rarr; <strong>1218</strong><br />(-23 for losing)\n|l|\u2606qqy123\n|player|p2|\n", "inputlog": ">version bfd83cad13791eb5a5a409923076391caf6fb4d4\n>start {\"formatid\":\"gen9randombattle\",\"seed\":[27136,33896,50410,42757],\"rated\":\"Rated battle\"}\n>player p1 {\"name\":\"MrPopoTheGodOfAlll\",\"avatar\":\"ash-sinnoh\",\"rating\":1268,\"seed\":[12111,58767,20052,17417]}\n>player p2 {\"name\":\"qqy123\",\"avatar\":\"erika\",\"rating\":1241,\"seed\":[64285,25094,2979,40882]}\n>p1 move rockslide\n>p2 switch 6\n>p1 move firepunch\n>p2 move protect\n>p1 move firepunch\n>p2 move leechseed\n>p2 switch 2\n>p1 switch 3\n>p2 move earthpower\n>p1 move knockoff\n>p2 move voltswitch\n>p2 switch 6\n>p1 move suckerpunch\n>p2 move focusblast\n>p2 switch 3\n>p1 switch 6\n>p2 move quickattack\n>p1 switch 5\n>p2 move knockoff\n>p1 move closecombat\n>p2 move facade\n>p1 switch 2\n>p1 move bodyslam\n>p2 move knockoff\n>p1 move bodyslam\n>p2 move facade\n>p1 switch 4\n>p2 switch 5\n>p1 move leafstorm\n>p2 move thunderwave\n>p1 move leafstorm\n>p2 move thunderwave\n>p2 switch 4\n>p1 move leafstorm\n>p2 move dragondance\n>chat \u2606MrPopoTheGodOfAlll|lol\n>forcelose p2", "uploadtime": 1733840914, "views": 1, "formatid": "gen9randombattle", "rating": 1218, "private": 0, "password": null}