{"id": "gen9randombattle-2260532624", "format": "[Gen 9] Random Battle", "players": ["Akoasma", "Mephiles1998"], "log": "|j|\u2606Akoasma\n|j|\u2606Mephiles1998\n|t:|1733860777\n|gametype|singles\n|player|p1|Akoasma|janitor|\n|player|p2|Mephiles1998|clay|\n|teamsize|p1|6\n|teamsize|p2|6\n|gen|9\n|tier|[Gen 9] Random Battle\n|rule|Species Clause: Limit one of each Pok\u00e9mon\n|rule|HP Percentage Mod: HP is shown in percentages\n|rule|Sleep Clause Mod: Limit one foe put to sleep\n|rule|Illusion Level Mod: Illusion disguises the Pok\u00e9mon's true level\n|\n|t:|1733860777\n|start\n|switch|p1a: Ariados|Ariados, L95, M|287/287\n|switch|p2a: Exeggutor|Exeggutor-Alola, L89, M|314/314\n|-item|p1a: Ariados|Focus Sash|[from] ability: Frisk|[of] p2a: Exeggutor\n|turn|1\n|\n|t:|1733860787\n|move|p2a: Exeggutor|Flamethrower|p1a: Ariados\n|-supereffective|p1a: Ariados\n|-damage|p1a: Ariados|21/287\n|move|p1a: Ariados|Sticky Web|p2a: Exeggutor\n|-sidestart|p2: Mephiles1998|move: Sticky Web\n|\n|upkeep\n|turn|2\n|\n|t:|1733860795\n|move|p2a: Exeggutor|Flamethrower|p1a: Ariados\n|-supereffective|p1a: Ariados\n|-damage|p1a: Ariados|0 fnt\n|faint|p1a: Ariados\n|\n|upkeep\n|\n|t:|1733860809\n|switch|p1a: Ursaring|Ursaring, L84, M|288/288\n|turn|3\n|\n|t:|1733860822\n|switch|p2a: Medicham|Medicham, L86, F|243/243\n|-activate|p2a: Medicham|move: Sticky Web\n|-unboost|p2a: Medicham|spe|1\n|move|p1a: Ursaring|Body Slam|p2a: Medicham\n|-damage|p2a: Medicham|119/243\n|-status|p2a: Medicham|par\n|\n|upkeep\n|turn|4\n|\n|t:|1733860833\n|move|p1a: Ursaring|Body Slam|p2a: Medicham\n|-crit|p2a: Medicham\n|-damage|p2a: Medicham|0 fnt\n|faint|p2a: Medicham\n|\n|upkeep\n|\n|t:|1733860842\n|switch|p2a: Tinkaton|Tinkaton, L82, F|274/274\n|-activate|p2a: Tinkaton|move: Sticky Web\n|-unboost|p2a: Tinkaton|spe|1\n|-ability|p2a: Tinkaton|Mold Breaker\n|turn|5\n|\n|t:|1733860849\n|move|p1a: Ursaring|Earthquake|p2a: Tinkaton\n|-supereffective|p2a: Tinkaton\n|-damage|p2a: Tinkaton|62/274\n|move|p2a: Tinkaton|Gigaton Hammer|p1a: Ursaring\n|-crit|p1a: Ursaring\n|-damage|p1a: Ursaring|97/288\n|-damage|p2a: Tinkaton|35/274|[from] item: Life Orb\n|\n|upkeep\n|turn|6\n|\n|t:|1733860861\n|move|p1a: Ursaring|Earthquake|p2a: Tinkaton\n|-supereffective|p2a: Tinkaton\n|-damage|p2a: Tinkaton|0 fnt\n|faint|p2a: Tinkaton\n|\n|upkeep\n|\n|t:|1733860868\n|switch|p2a: Cyclizar|Cyclizar, L83, M|252/252\n|turn|7\n|\n|t:|1733860874\n|move|p2a: Cyclizar|Rapid Spin|p1a: Ursaring\n|-damage|p1a: Ursaring|58/288\n|-boost|p2a: Cyclizar|spe|1\n|-sideend|p2: Mephiles1998|Sticky Web|[from] move: Rapid Spin|[of] p2a: Cyclizar\n|move|p1a: Ursaring|Rest|p1a: Ursaring\n|-status|p1a: Ursaring|slp|[from] move: Rest\n|-heal|p1a: Ursaring|288/288 slp|[silent]\n|\n|upkeep\n|turn|8\n|\n|t:|1733860884\n|move|p2a: Cyclizar|Shed Tail|p2a: Cyclizar\n|-start|p2a: Cyclizar|Substitute|[from] move: Shed Tail\n|-damage|p2a: Cyclizar|126/252\n|\n|t:|1733860887\n|switch|p2a: Exeggutor|Exeggutor-Alola, L89, M|314/314|[from] Shed Tail\n|-item|p1a: Ursaring|Eviolite|[from] ability: Frisk|[of] p2a: Exeggutor\n|cant|p1a: Ursaring|slp\n|move|p1a: Ursaring|Sleep Talk|p1a: Ursaring\n|move|p1a: Ursaring|Earthquake|p2a: Exeggutor|[from]move: Sleep Talk\n|-resisted|p2a: Exeggutor\n|-end|p2a: Exeggutor|Substitute\n|\n|upkeep\n|turn|9\n|\n|t:|1733860900\n|cant|p1a: Ursaring|slp\n|move|p1a: Ursaring|Sleep Talk|p1a: Ursaring\n|move|p1a: Ursaring|Body Slam|p2a: Exeggutor|[from]move: Sleep Talk\n|-damage|p2a: Exeggutor|142/314\n|move|p2a: Exeggutor|Draco Meteor|p1a: Ursaring|[miss]\n|-miss|p2a: Exeggutor|p1a: Ursaring\n|\n|upkeep\n|turn|10\n|\n|t:|1733860916\n|-curestatus|p1a: Ursaring|slp|[msg]\n|move|p1a: Ursaring|Body Slam|p2a: Exeggutor\n|-damage|p2a: Exeggutor|24/314\n|move|p2a: Exeggutor|Draco Meteor|p1a: Ursaring\n|-damage|p1a: Ursaring|81/288\n|-unboost|p2a: Exeggutor|spa|2\n|\n|upkeep\n|turn|11\n|\n|t:|1733860927\n|switch|p2a: Entei|Entei, L78|307/307\n|move|p1a: Ursaring|Rest|p1a: Ursaring\n|-status|p1a: Ursaring|slp|[from] move: Rest\n|-heal|p1a: Ursaring|288/288 slp|[silent]\n|\n|upkeep\n|turn|12\n|\n|t:|1733860935\n|move|p2a: Entei|Extreme Speed|p1a: Ursaring\n|-damage|p1a: Ursaring|226/288 slp\n|cant|p1a: Ursaring|slp\n|move|p1a: Ursaring|Sleep Talk|p1a: Ursaring\n|move|p1a: Ursaring|Rest||[from]move: Sleep Talk|[still]\n|-fail|p1a: Ursaring\n|\n|upkeep\n|turn|13\n|\n|t:|1733860951\n|move|p2a: Entei|Extreme Speed|p1a: Ursaring\n|-crit|p1a: Ursaring\n|-damage|p1a: Ursaring|134/288 slp\n|cant|p1a: Ursaring|slp\n|move|p1a: Ursaring|Sleep Talk|p1a: Ursaring\n|move|p1a: Ursaring|Rest||[from]move: Sleep Talk|[still]\n|-fail|p1a: Ursaring\n|\n|upkeep\n|turn|14\n|\n|t:|1733860964\n|move|p2a: Entei|Extreme Speed|p1a: Ursaring\n|-damage|p1a: Ursaring|75/288 slp\n|-curestatus|p1a: Ursaring|slp|[msg]\n|move|p1a: Ursaring|Rest|p1a: Ursaring\n|-status|p1a: Ursaring|slp|[from] move: Rest\n|-heal|p1a: Ursaring|288/288 slp|[silent]\n|\n|upkeep\n|turn|15\n|\n|t:|1733860986\n|move|p2a: Entei|Extreme Speed|p1a: Ursaring\n|-damage|p1a: Ursaring|225/288 slp\n|cant|p1a: Ursaring|slp\n|move|p1a: Ursaring|Sleep Talk|p1a: Ursaring\n|move|p1a: Ursaring|Rest||[from]move: Sleep Talk|[still]\n|-fail|p1a: Ursaring\n|\n|upkeep\n|turn|16\n|\n|t:|1733860997\n|move|p2a: Entei|Extreme Speed|p1a: Ursaring\n|-damage|p1a: Ursaring|160/288 slp\n|cant|p1a: Ursaring|slp\n|move|p1a: Ursaring|Sleep Talk|p1a: Ursaring\n|move|p1a: Ursaring|Rest||[from]move: Sleep Talk|[still]\n|-fail|p1a: Ursaring\n|\n|upkeep\n|turn|17\n|\n|t:|1733861008\n|move|p2a: Entei|Extreme Speed|p1a: Ursaring\n|-crit|p1a: Ursaring\n|-damage|p1a: Ursaring|73/288 slp\n|-curestatus|p1a: Ursaring|slp|[msg]\n|move|p1a: Ursaring|Earthquake|p2a: Entei\n|-supereffective|p2a: Entei\n|-damage|p2a: Entei|119/307\n|\n|upkeep\n|turn|18\n|\n|t:|1733861017\n|move|p2a: Entei|Extreme Speed|p1a: Ursaring\n|-damage|p1a: Ursaring|5/288\n|move|p1a: Ursaring|Rest|p1a: Ursaring\n|-status|p1a: Ursaring|slp|[from] move: Rest\n|-heal|p1a: Ursaring|288/288 slp|[silent]\n|\n|upkeep\n|turn|19\n|\n|t:|1733861028\n|switch|p2a: Pincurchin|Pincurchin, M|258/258\n|-fieldstart|move: Electric Terrain|[from] ability: Electric Surge|[of] p2a: Pincurchin\n|cant|p1a: Ursaring|slp\n|move|p1a: Ursaring|Sleep Talk|p1a: Ursaring\n|move|p1a: Ursaring|Earthquake|p2a: Pincurchin|[from]move: Sleep Talk\n|-supereffective|p2a: Pincurchin\n|-damage|p2a: Pincurchin|38/258\n|\n|-heal|p2a: Pincurchin|54/258|[from] item: Leftovers\n|upkeep\n|turn|20\n|\n|t:|1733861041\n|cant|p1a: Ursaring|slp\n|move|p1a: Ursaring|Sleep Talk|p1a: Ursaring\n|move|p1a: Ursaring|Body Slam|p2a: Pincurchin|[from]move: Sleep Talk\n|-damage|p2a: Pincurchin|0 fnt\n|faint|p2a: Pincurchin\n|\n|upkeep\n|\n|t:|1733861053\n|switch|p2a: Cyclizar|Cyclizar, L83, M|210/252\n|turn|21\n|\n|t:|1733861061\n|move|p2a: Cyclizar|Draco Meteor|p1a: Ursaring\n|-damage|p1a: Ursaring|192/288 slp\n|-unboost|p2a: Cyclizar|spa|2\n|-curestatus|p1a: Ursaring|slp|[msg]\n|move|p1a: Ursaring|Body Slam|p2a: Cyclizar\n|-damage|p2a: Cyclizar|65/252\n|\n|upkeep\n|turn|22\n|\n|t:|1733861077\n|-terastallize|p2a: Cyclizar|Ghost\n|move|p2a: Cyclizar|Draco Meteor|p1a: Ursaring\n|-damage|p1a: Ursaring|143/288\n|-unboost|p2a: Cyclizar|spa|2\n|move|p1a: Ursaring|Rest||[still]\n|-activate|p1a: Ursaring|move: Electric Terrain\n|-fail|p1a: Ursaring\n|\n|upkeep\n|turn|23\n|\n|t:|1733861087\n|move|p2a: Cyclizar|Draco Meteor|p1a: Ursaring\n|-damage|p1a: Ursaring|110/288\n|-unboost|p2a: Cyclizar|spa|2\n|move|p1a: Ursaring|Body Slam|p2a: Cyclizar\n|-immune|p2a: Cyclizar\n|\n|-fieldend|move: Electric Terrain\n|upkeep\n|turn|24\n|\n|t:|1733861097\n|move|p2a: Cyclizar|Draco Meteor|p1a: Ursaring\n|-damage|p1a: Ursaring|86/288\n|move|p1a: Ursaring|Rest|p1a: Ursaring\n|-status|p1a: Ursaring|slp|[from] move: Rest\n|-heal|p1a: Ursaring|288/288 slp|[silent]\n|\n|upkeep\n|turn|25\n|\n|t:|1733861106\n|move|p2a: Cyclizar|Rapid Spin|p1a: Ursaring\n|-damage|p1a: Ursaring|249/288 slp\n|-boost|p2a: Cyclizar|spe|1\n|cant|p1a: Ursaring|slp\n|move|p1a: Ursaring|Sleep Talk|p1a: Ursaring\n|move|p1a: Ursaring|Earthquake|p2a: Cyclizar|[from]move: Sleep Talk\n|-damage|p2a: Cyclizar|0 fnt\n|faint|p2a: Cyclizar\n|\n|upkeep\n|\n|t:|1733861115\n|switch|p2a: Entei|Entei, L78|119/307\n|turn|26\n|\n|t:|1733861120\n|move|p2a: Entei|Sacred Fire|p1a: Ursaring\n|-damage|p1a: Ursaring|128/288 slp\n|cant|p1a: Ursaring|slp\n|move|p1a: Ursaring|Sleep Talk|p1a: Ursaring\n|move|p1a: Ursaring|Earthquake|p2a: Entei|[from]move: Sleep Talk\n|-supereffective|p2a: Entei\n|-damage|p2a: Entei|0 fnt\n|faint|p2a: Entei\n|\n|upkeep\n|\n|t:|1733861129\n|switch|p2a: Exeggutor|Exeggutor-Alola, L89, M|24/314\n|-item|p1a: Ursaring|Eviolite|[from] ability: Frisk|[of] p2a: Exeggutor\n|turn|27\n|\n|t:|1733861136\n|-curestatus|p1a: Ursaring|slp|[msg]\n|move|p1a: Ursaring|Rest|p1a: Ursaring\n|-status|p1a: Ursaring|slp|[from] move: Rest\n|-heal|p1a: Ursaring|288/288 slp|[silent]\n|move|p2a: Exeggutor|Flamethrower|p1a: Ursaring\n|-damage|p1a: Ursaring|190/288 slp\n|\n|upkeep\n|turn|28\n|\n|t:|1733861152\n|cant|p1a: Ursaring|slp\n|move|p1a: Ursaring|Sleep Talk|p1a: Ursaring\n|move|p1a: Ursaring|Earthquake|p2a: Exeggutor|[from]move: Sleep Talk\n|-resisted|p2a: Exeggutor\n|-damage|p2a: Exeggutor|0 fnt\n|faint|p2a: Exeggutor\n|\n|win|Akoasma\n|l|\u2606Mephiles1998\n|player|p2|\n", "inputlog": ">version bfd83cad13791eb5a5a409923076391caf6fb4d4\n>start {\"formatid\":\"gen9randombattle\",\"seed\":[9494,12187,3435,44633]}\n>player p1 {\"name\":\"Akoasma\",\"avatar\":\"janitor\",\"rating\":0,\"seed\":[21448,61923,17104,47481]}\n>player p2 {\"name\":\"Mephiles1998\",\"avatar\":\"clay\",\"rating\":0,\"seed\":[22776,55423,31029,22000]}\n>p1 move stickyweb\n>p2 move flamethrower\n>p1 move toxicspikes\n>p2 move flamethrower\n>p1 switch 2\n>p1 move bodyslam\n>p2 switch 6\n>p1 move bodyslam\n>p2 move closecombat\n>p2 switch 5\n>p1 move earthquake\n>p2 move gigatonhammer\n>p1 move earthquake\n>p2 move playrough\n>p2 switch 4\n>p1 move rest\n>p2 move rapidspin\n>p1 move sleeptalk\n>p2 move shedtail\n>p2 switch 6\n>p1 move sleeptalk\n>p2 move dracometeor\n>p1 move bodyslam\n>p2 move dracometeor\n>p1 move rest\n>p2 switch 3\n>p1 move sleeptalk\n>p2 move extremespeed\n>p1 move sleeptalk\n>p2 move extremespeed\n>p1 move rest\n>p2 move extremespeed\n>p1 move sleeptalk\n>p2 move extremespeed\n>p1 move sleeptalk\n>p2 move extremespeed\n>p1 move earthquake\n>p2 move extremespeed\n>p1 move rest\n>p2 move extremespeed\n>p1 move sleeptalk\n>p2 switch 2\n>p1 move sleeptalk\n>p2 move toxicspikes\n>p2 switch 6\n>p1 move bodyslam\n>p2 move dracometeor\n>p1 move rest\n>p2 move dracometeor terastallize\n>p1 move bodyslam\n>p2 move dracometeor\n>p1 move rest\n>p2 move dracometeor\n>p1 move sleeptalk\n>p2 move rapidspin\n>p2 switch 2\n>p1 move sleeptalk\n>p2 move sacredfire\n>p2 switch 3\n>p1 move rest\n>p2 move flamethrower\n>p1 move sleeptalk\n>p2 move flamethrower", "uploadtime": 1733861168, "views": 13, "formatid": "gen9randombattle", "rating": null, "private": 0, "password": null}