{"id": "gen9randombattle-2201531047", "format": "[Gen 9] Random Battle", "players": ["Patolegend", "Rblt G"], "log": "|raw|<div class=\"broadcast-blue\"><strong>This battle is required to be public due to a player having a name starting with 'rblt'.</div>\n|j|\u2606Patolegend\n|j|\u2606Rblt G\n|t:|1726328475\n|gametype|singles\n|player|p1|Patolegend|265|2252\n|player|p2|Rblt G|ash-kalos|2243\n|teamsize|p1|6\n|teamsize|p2|6\n|gen|9\n|tier|[Gen 9] Random Battle\n|rated|\n|rule|Species Clause: Limit one of each Pok\u00e9mon\n|rule|HP Percentage Mod: HP is shown in percentages\n|rule|Sleep Clause Mod: Limit one foe put to sleep\n|rule|Illusion Level Mod: Illusion disguises the Pok\u00e9mon's true level\n|\n|t:|1726328475\n|start\n|switch|p1a: Ampharos|Ampharos, L88, M|302/302\n|switch|p2a: Scrafty|Scrafty, L84, M|246/246\n|-ability|p2a: Scrafty|Intimidate|boost\n|-unboost|p1a: Ampharos|atk|1\n|turn|1\n|inactive|Battle timer is ON: inactive players will automatically lose when time's up. (requested by Patolegend)\n|inactive|Rblt G has 120 seconds left.\n|\n|t:|1726328506\n|switch|p2a: Bellibolt|Bellibolt, L84, M|320/320\n|move|p1a: Ampharos|Dazzling Gleam|p2a: Bellibolt\n|-damage|p2a: Bellibolt|229/320\n|-start|p2a: Bellibolt|Charge|Dazzling Gleam|[from] ability: Electromorphosis\n|-damage|p1a: Ampharos|272/302|[from] item: Life Orb\n|\n|-heal|p2a: Bellibolt|249/320|[from] item: Leftovers\n|upkeep\n|turn|2\n|inactive|Rblt G has 120 seconds left.\n|\n|t:|1726328537\n|switch|p1a: Gothitelle|Gothitelle, L90, M|272/272\n|move|p2a: Bellibolt|Toxic|p1a: Gothitelle\n|-status|p1a: Gothitelle|tox\n|\n|-heal|p2a: Bellibolt|269/320|[from] item: Leftovers\n|-damage|p1a: Gothitelle|255/272 tox|[from] psn\n|upkeep\n|turn|3\n|\n|t:|1726328545\n|move|p1a: Gothitelle|Trick|p2a: Bellibolt\n|-activate|p1a: Gothitelle|move: Trick|[of] p2a: Bellibolt\n|-item|p2a: Bellibolt|Choice Scarf|[from] move: Trick\n|-item|p1a: Gothitelle|Leftovers|[from] move: Trick\n|move|p2a: Bellibolt|Thunderbolt|p1a: Gothitelle\n|-damage|p1a: Gothitelle|86/272 tox\n|-end|p2a: Bellibolt|Charge|[silent]\n|\n|-heal|p1a: Gothitelle|103/272 tox|[from] item: Leftovers\n|-damage|p1a: Gothitelle|69/272 tox|[from] psn\n|upkeep\n|turn|4\n|\n|t:|1726328561\n|move|p2a: Bellibolt|Thunderbolt|p1a: Gothitelle\n|-crit|p1a: Gothitelle\n|-damage|p1a: Gothitelle|0 fnt\n|faint|p1a: Gothitelle\n|\n|upkeep\n|\n|t:|1726328575\n|switch|p1a: Ampharos|Ampharos, L88, M|272/302\n|turn|5\n|inactive|Rblt G has 120 seconds left.\n|\n|t:|1726328596\n|move|p2a: Bellibolt|Thunderbolt|p1a: Ampharos\n|-resisted|p1a: Ampharos\n|-damage|p1a: Ampharos|222/302\n|move|p1a: Ampharos|Agility|p1a: Ampharos\n|-boost|p1a: Ampharos|spe|2\n|\n|upkeep\n|turn|6\n|\n|t:|1726328607\n|move|p1a: Ampharos|Focus Blast|p2a: Bellibolt\n|-damage|p2a: Bellibolt|134/320\n|-start|p2a: Bellibolt|Charge|Focus Blast|[from] ability: Electromorphosis\n|-damage|p1a: Ampharos|192/302|[from] item: Life Orb\n|move|p2a: Bellibolt|Thunderbolt|p1a: Ampharos\n|-resisted|p1a: Ampharos\n|-damage|p1a: Ampharos|104/302\n|-end|p2a: Bellibolt|Charge|[silent]\n|\n|upkeep\n|turn|7\n|\n|t:|1726328619\n|move|p1a: Ampharos|Focus Blast|p2a: Bellibolt|[miss]\n|-miss|p1a: Ampharos|p2a: Bellibolt\n|move|p2a: Bellibolt|Thunderbolt|p1a: Ampharos\n|-resisted|p1a: Ampharos\n|-damage|p1a: Ampharos|57/302\n|\n|upkeep\n|turn|8\n|\n|t:|1726328625\n|move|p1a: Ampharos|Focus Blast|p2a: Bellibolt\n|-damage|p2a: Bellibolt|0 fnt\n|faint|p2a: Bellibolt\n|-damage|p1a: Ampharos|27/302|[from] item: Life Orb\n|\n|upkeep\n|inactive|Rblt G has 120 seconds left.\n|\n|t:|1726328655\n|switch|p2a: Comfey|Comfey, L85, M|225/225\n|turn|9\n|\n|t:|1726328667\n|move|p2a: Comfey|Draining Kiss|p1a: Ampharos\n|-damage|p1a: Ampharos|0 fnt\n|-status|p2a: Comfey|par|[from] ability: Static|[of] p1a: Ampharos\n|faint|p1a: Ampharos\n|\n|upkeep\n|\n|t:|1726328672\n|switch|p1a: Tinkaton|Tinkaton, L82, F|274/274\n|-ability|p1a: Tinkaton|Mold Breaker\n|turn|10\n|\n|t:|1726328688\n|switch|p2a: Jolteon|Jolteon, L84, M|246/246\n|move|p1a: Tinkaton|Knock Off|p2a: Jolteon\n|-crit|p2a: Jolteon\n|-damage|p2a: Jolteon|136/246\n|-enditem|p2a: Jolteon|Life Orb|[from] move: Knock Off|[of] p1a: Tinkaton\n|\n|upkeep\n|turn|11\n|inactive|Rblt G has 120 seconds left.\n|inactive|Rblt G has 90 seconds left.\n|inactive|Rblt G has 60 seconds left.\n|\n|t:|1726328780\n|move|p2a: Jolteon|Thunderbolt|p1a: Tinkaton\n|-damage|p1a: Tinkaton|181/274\n|move|p1a: Tinkaton|Play Rough|p2a: Jolteon\n|-damage|p2a: Jolteon|39/246\n|\n|-heal|p1a: Tinkaton|198/274|[from] item: Leftovers\n|upkeep\n|turn|12\n|\n|t:|1726328787\n|move|p2a: Jolteon|Thunderbolt|p1a: Tinkaton\n|-damage|p1a: Tinkaton|108/274\n|move|p1a: Tinkaton|Knock Off|p2a: Jolteon\n|-damage|p2a: Jolteon|0 fnt\n|faint|p2a: Jolteon\n|\n|-heal|p1a: Tinkaton|125/274|[from] item: Leftovers\n|upkeep\n|inactive|Rblt G has 60 seconds left.\n|\n|t:|1726328803\n|switch|p2a: Scrafty|Scrafty, L84, M|246/246\n|-ability|p2a: Scrafty|Intimidate|boost\n|-unboost|p1a: Tinkaton|atk|1\n|turn|13\n|\n|t:|1726328820\n|switch|p1a: Rotom|Rotom-Fan, L86|226/226\n|move|p2a: Scrafty|Dragon Dance|p2a: Scrafty\n|-boost|p2a: Scrafty|atk|1\n|-boost|p2a: Scrafty|spe|1\n|\n|upkeep\n|turn|14\n|\n|t:|1726328826\n|move|p2a: Scrafty|Knock Off|p1a: Rotom\n|-damage|p1a: Rotom|78/226\n|-enditem|p1a: Rotom|Heavy-Duty Boots|[from] move: Knock Off|[of] p2a: Scrafty\n|-damage|p2a: Scrafty|222/246|[from] item: Life Orb\n|move|p1a: Rotom|Air Slash|p2a: Scrafty\n|-supereffective|p2a: Scrafty\n|-damage|p2a: Scrafty|70/246\n|\n|upkeep\n|turn|15\n|\n|t:|1726328836\n|move|p2a: Scrafty|Poison Jab|p1a: Rotom\n|-damage|p1a: Rotom|0 fnt\n|faint|p1a: Rotom\n|-damage|p2a: Scrafty|46/246|[from] item: Life Orb\n|\n|upkeep\n|\n|t:|1726328842\n|switch|p1a: Kleavor|Kleavor, L78, F|237/237\n|turn|16\n|\n|t:|1726328849\n|move|p2a: Scrafty|Close Combat|p1a: Kleavor\n|-damage|p1a: Kleavor|11/237\n|-unboost|p2a: Scrafty|def|1\n|-unboost|p2a: Scrafty|spd|1\n|-damage|p2a: Scrafty|22/246|[from] item: Life Orb\n|move|p1a: Kleavor|X-Scissor|p2a: Scrafty\n|-damage|p2a: Scrafty|0 fnt\n|faint|p2a: Scrafty\n|\n|upkeep\n|\n|t:|1726328859\n|switch|p2a: Iron Bundle|Iron Bundle, L77|213/213\n|turn|17\n|\n|t:|1726328868\n|move|p2a: Iron Bundle|Flip Turn|p1a: Kleavor\n|-supereffective|p1a: Kleavor\n|-damage|p1a: Kleavor|0 fnt\n|faint|p1a: Kleavor\n|\n|t:|1726328875\n|-end|p2a: Iron Bundle|Quark Drive|[silent]\n|switch|p2a: Flygon|Flygon, L82, M|265/265|[from] Flip Turn\n|\n|upkeep\n|\n|t:|1726328883\n|switch|p1a: Tinkaton|Tinkaton, L82, F|125/274\n|-ability|p1a: Tinkaton|Mold Breaker\n|turn|18\n|\n|t:|1726328889\n|switch|p1a: Ogerpon|Ogerpon-Wellspring, L76, F|247/247\n|move|p2a: Flygon|Earthquake|p1a: Ogerpon\n|-resisted|p1a: Ogerpon\n|-damage|p1a: Ogerpon|184/247\n|\n|upkeep\n|turn|19\n|\n|t:|1726328896\n|move|p2a: Flygon|Dragon Dance|p2a: Flygon\n|-boost|p2a: Flygon|atk|1\n|-boost|p2a: Flygon|spe|1\n|move|p1a: Ogerpon|Wood Hammer|p2a: Flygon\n|-damage|p2a: Flygon|93/265\n|-damage|p1a: Ogerpon|127/247|[from] Recoil\n|\n|upkeep\n|turn|20\n|-message|Patolegend forfeited.\n|\n|win|Rblt G\n|raw|Patolegend's rating: 2252 &rarr; <strong>2230</strong><br />(-22 for losing)\n|raw|Rblt G's rating: 2225 &rarr; <strong>2247</strong><br />(+22 for winning)\n", "inputlog": ">version abcf08933808d3fb39dbc2b54a8665d830b47482\n>start {\"formatid\":\"gen9randombattle\",\"seed\":[4722,52319,40943,42935],\"rated\":\"Rated battle\"}\n>player p1 {\"name\":\"Patolegend\",\"avatar\":\"265\",\"rating\":2252,\"seed\":[60222,20111,53998,52302]}\n>player p2 {\"name\":\"Rblt G\",\"avatar\":\"ash-kalos\",\"rating\":2243,\"seed\":[46429,31144,50939,2901]}\n>p1 move dazzlinggleam\n>p2 switch 5\n>p1 switch 6\n>p2 move toxic\n>p1 move trick\n>p2 move thunderbolt\n>p1 move psychic\n>p2 move thunderbolt\n>p1 switch 6\n>p1 move agility\n>p2 move thunderbolt\n>p1 move focusblast\n>p2 move thunderbolt\n>p1 move focusblast\n>p2 move thunderbolt\n>p1 move focusblast\n>p2 move thunderbolt\n>p2 switch 3\n>p1 move thunderbolt\n>p2 move drainingkiss\n>p1 switch 5\n>p1 move knockoff\n>p2 switch 6\n>p1 move playrough\n>p2 move thunderbolt\n>p1 move knockoff\n>p2 move thunderbolt\n>p2 switch 5\n>p1 switch 2\n>p2 move dragondance\n>p1 move airslash\n>p2 move knockoff\n>p1 move airslash\n>p2 move poisonjab\n>p1 switch 4\n>p1 move xscissor\n>p2 move closecombat\n>p2 switch 4\n>p1 move stoneaxe\n>p2 move flipturn\n>p2 switch 2\n>p1 switch 2\n>p1 switch 3\n>p2 move earthquake\n>p1 move woodhammer\n>p2 move dragondance\n>forcelose p1", "uploadtime": 1726328904, "views": 88, "formatid": "gen9randombattle", "rating": 2230, "private": 0, "password": null}