{"id": "gen9randombattle-2260309463", "format": "[Gen 9] Random Battle", "players": ["a.lex020510", "rip_killua123"], "log": "|j|\u2606a.lex020510\n|j|\u2606rip_killua123\n|t:|1733838237\n|gametype|singles\n|player|p1|a.lex020510|1|1044\n|player|p2|rip_killua123|1|1009\n|teamsize|p1|6\n|teamsize|p2|6\n|gen|9\n|tier|[Gen 9] Random Battle\n|rated|\n|rule|Species Clause: Limit one of each Pok\u00e9mon\n|rule|HP Percentage Mod: HP is shown in percentages\n|rule|Sleep Clause Mod: Limit one foe put to sleep\n|rule|Illusion Level Mod: Illusion disguises the Pok\u00e9mon's true level\n|\n|t:|1733838237\n|start\n|switch|p1a: Magearna|Magearna-Original, L77|250/250\n|switch|p2a: Zebstrika|Zebstrika, L87, F|272/272\n|turn|1\n|j| WinstonZaHuman\n|\n|t:|1733838252\n|switch|p1a: Roaring Moon|Roaring Moon, L72|270/270\n|-enditem|p1a: Roaring Moon|Booster Energy\n|-activate|p1a: Roaring Moon|ability: Protosynthesis|[fromitem]\n|-start|p1a: Roaring Moon|protosynthesisatk\n|move|p2a: Zebstrika|High Horsepower|p1a: Roaring Moon\n|-damage|p1a: Roaring Moon|144/270\n|-damage|p2a: Zebstrika|245/272|[from] item: Life Orb\n|\n|upkeep\n|turn|2\n|l| WinstonZaHuman\n|\n|t:|1733838264\n|move|p2a: Zebstrika|Overheat|p1a: Roaring Moon\n|-resisted|p1a: Roaring Moon\n|-damage|p1a: Roaring Moon|82/270\n|-unboost|p2a: Zebstrika|spa|2\n|-damage|p2a: Zebstrika|218/272|[from] item: Life Orb\n|move|p1a: Roaring Moon|Dragon Dance|p1a: Roaring Moon\n|-boost|p1a: Roaring Moon|atk|1\n|-boost|p1a: Roaring Moon|spe|1\n|\n|upkeep\n|turn|3\n|\n|t:|1733838275\n|move|p1a: Roaring Moon|Knock Off|p2a: Zebstrika\n|-damage|p2a: Zebstrika|0 fnt\n|-enditem|p2a: Zebstrika|Life Orb|[from] move: Knock Off|[of] p1a: Roaring Moon\n|faint|p2a: Zebstrika\n|\n|upkeep\n|inactive|Battle timer is ON: inactive players will automatically lose when time's up. (requested by a.lex020510)\n|\n|t:|1733838284\n|switch|p2a: Medicham|Medicham, L86, M|243/243\n|turn|4\n|\n|t:|1733838289\n|move|p1a: Roaring Moon|Knock Off|p2a: Medicham\n|-damage|p2a: Medicham|45/243\n|-enditem|p2a: Medicham|Choice Band|[from] move: Knock Off|[of] p1a: Roaring Moon\n|move|p2a: Medicham|Ice Punch|p1a: Roaring Moon\n|-supereffective|p1a: Roaring Moon\n|-damage|p1a: Roaring Moon|0 fnt\n|faint|p1a: Roaring Moon\n|-end|p1a: Roaring Moon|Protosynthesis|[silent]\n|\n|upkeep\n|\n|t:|1733838294\n|switch|p1a: Magearna|Magearna-Original, L77|250/250\n|turn|5\n|\n|t:|1733838300\n|move|p2a: Medicham|Close Combat|p1a: Magearna\n|-damage|p1a: Magearna|82/250\n|-unboost|p2a: Medicham|def|1\n|-unboost|p2a: Medicham|spd|1\n|move|p1a: Magearna|Fleur Cannon|p2a: Medicham|[miss]\n|-miss|p1a: Magearna|p2a: Medicham\n|\n|-heal|p1a: Magearna|97/250|[from] item: Leftovers\n|upkeep\n|turn|6\n|\n|t:|1733838310\n|move|p2a: Medicham|Close Combat|p1a: Magearna\n|-damage|p1a: Magearna|0 fnt\n|-unboost|p2a: Medicham|def|1\n|-unboost|p2a: Medicham|spd|1\n|faint|p1a: Magearna\n|\n|upkeep\n|\n|t:|1733838319\n|switch|p1a: Oranguru|Oranguru, L92, F|315/315\n|turn|7\n|\n|t:|1733838328\n|move|p2a: Medicham|Bullet Punch|p1a: Oranguru\n|-damage|p1a: Oranguru|276/315\n|move|p1a: Oranguru|Thunderbolt|p2a: Medicham\n|-damage|p2a: Medicham|0 fnt\n|faint|p2a: Medicham\n|\n|-heal|p1a: Oranguru|295/315|[from] item: Leftovers\n|upkeep\n|\n|t:|1733838339\n|switch|p2a: Umbreon|Umbreon, L84, M|297/297\n|turn|8\n|\n|t:|1733838344\n|move|p1a: Oranguru|Thunderbolt|p2a: Umbreon\n|-damage|p2a: Umbreon|246/297\n|move|p2a: Umbreon|Foul Play|p1a: Oranguru\n|-supereffective|p1a: Oranguru\n|-damage|p1a: Oranguru|187/315\n|\n|-heal|p1a: Oranguru|206/315|[from] item: Leftovers\n|-heal|p2a: Umbreon|264/297|[from] item: Leftovers\n|upkeep\n|turn|9\n|\n|t:|1733838355\n|move|p1a: Oranguru|Focus Blast|p2a: Umbreon\n|-supereffective|p2a: Umbreon\n|-damage|p2a: Umbreon|122/297\n|move|p2a: Umbreon|Toxic|p1a: Oranguru\n|-status|p1a: Oranguru|tox\n|\n|-heal|p1a: Oranguru|225/315 tox|[from] item: Leftovers\n|-heal|p2a: Umbreon|140/297|[from] item: Leftovers\n|-damage|p1a: Oranguru|206/315 tox|[from] psn\n|upkeep\n|turn|10\n|\n|t:|1733838366\n|move|p1a: Oranguru|Focus Blast|p2a: Umbreon\n|-supereffective|p2a: Umbreon\n|-damage|p2a: Umbreon|8/297\n|move|p2a: Umbreon|Wish|p2a: Umbreon\n|\n|-heal|p1a: Oranguru|225/315 tox|[from] item: Leftovers\n|-heal|p2a: Umbreon|26/297|[from] item: Leftovers\n|-damage|p1a: Oranguru|187/315 tox|[from] psn\n|upkeep\n|turn|11\n|\n|t:|1733838377\n|move|p2a: Umbreon|Protect|p2a: Umbreon\n|-singleturn|p2a: Umbreon|Protect\n|move|p1a: Oranguru|Thunderbolt|p2a: Umbreon\n|-activate|p2a: Umbreon|move: Protect\n|\n|-heal|p2a: Umbreon|174/297|[from] move: Wish|[wisher] Umbreon\n|-heal|p1a: Oranguru|206/315 tox|[from] item: Leftovers\n|-heal|p2a: Umbreon|192/297|[from] item: Leftovers\n|-damage|p1a: Oranguru|149/315 tox|[from] psn\n|upkeep\n|turn|12\n|\n|t:|1733838390\n|move|p1a: Oranguru|Nasty Plot|p1a: Oranguru\n|-boost|p1a: Oranguru|spa|2\n|move|p2a: Umbreon|Wish|p2a: Umbreon\n|\n|-heal|p1a: Oranguru|168/315 tox|[from] item: Leftovers\n|-heal|p2a: Umbreon|210/297|[from] item: Leftovers\n|-damage|p1a: Oranguru|92/315 tox|[from] psn\n|upkeep\n|turn|13\n|\n|t:|1733838400\n|move|p1a: Oranguru|Focus Blast|p2a: Umbreon\n|-supereffective|p2a: Umbreon\n|-damage|p2a: Umbreon|0 fnt\n|faint|p2a: Umbreon\n|\n|-heal|p1a: Oranguru|111/315 tox|[from] item: Leftovers\n|-damage|p1a: Oranguru|16/315 tox|[from] psn\n|upkeep\n|\n|t:|1733838412\n|switch|p2a: Victreebel|Victreebel, L90, M|290/290\n|turn|14\n|\n|t:|1733838419\n|-terastallize|p1a: Oranguru|Psychic\n|move|p2a: Victreebel|Sunny Day|p2a: Victreebel\n|-weather|SunnyDay\n|move|p1a: Oranguru|Focus Blast|p2a: Victreebel\n|-resisted|p2a: Victreebel\n|-damage|p2a: Victreebel|179/290\n|\n|-weather|SunnyDay|[upkeep]\n|-heal|p1a: Oranguru|35/315 tox|[from] item: Leftovers\n|-damage|p1a: Oranguru|0 fnt|[from] psn\n|faint|p1a: Oranguru\n|upkeep\n|\n|t:|1733838430\n|switch|p1a: Enamorus|Enamorus, L79, F|247/247\n|turn|15\n|\n|t:|1733838435\n|move|p2a: Victreebel|Sludge Wave|p1a: Enamorus\n|-supereffective|p1a: Enamorus\n|-damage|p1a: Enamorus|0 fnt\n|faint|p1a: Enamorus\n|-damage|p2a: Victreebel|150/290|[from] item: Life Orb\n|\n|-weather|SunnyDay|[upkeep]\n|upkeep\n|\n|t:|1733838438\n|switch|p1a: Snorlax|Snorlax, L82, M|397/397\n|turn|16\n|\n|t:|1733838445\n|move|p2a: Victreebel|Power Whip|p1a: Snorlax|[miss]\n|-miss|p2a: Victreebel|p1a: Snorlax\n|move|p1a: Snorlax|Curse|p1a: Snorlax\n|-unboost|p1a: Snorlax|spe|1\n|-boost|p1a: Snorlax|atk|1\n|-boost|p1a: Snorlax|def|1\n|\n|-weather|SunnyDay|[upkeep]\n|upkeep\n|turn|17\n|\n|t:|1733838455\n|move|p2a: Victreebel|Weather Ball|p1a: Snorlax\n|-damage|p1a: Snorlax|323/397\n|-damage|p2a: Victreebel|121/290|[from] item: Life Orb\n|move|p1a: Snorlax|Body Slam|p2a: Victreebel\n|-damage|p2a: Victreebel|0 fnt\n|faint|p2a: Victreebel\n|\n|-weather|SunnyDay|[upkeep]\n|-heal|p1a: Snorlax|347/397|[from] item: Leftovers\n|upkeep\n|\n|t:|1733838468\n|switch|p2a: Bronzong|Bronzong, L88|261/261\n|turn|18\n|\n|t:|1733838474\n|move|p2a: Bronzong|Hypnosis|p1a: Snorlax\n|-status|p1a: Snorlax|slp|[from] move: Hypnosis\n|cant|p1a: Snorlax|slp\n|\n|-weather|none\n|-heal|p1a: Snorlax|371/397 slp|[from] item: Leftovers\n|upkeep\n|turn|19\n|\n|t:|1733838483\n|move|p2a: Bronzong|Earthquake|p1a: Snorlax\n|-damage|p1a: Snorlax|311/397 slp\n|-curestatus|p1a: Snorlax|slp|[msg]\n|move|p1a: Snorlax|Body Slam|p2a: Bronzong\n|-resisted|p2a: Bronzong\n|-crit|p2a: Bronzong\n|-damage|p2a: Bronzong|183/261\n|\n|-heal|p2a: Bronzong|199/261|[from] item: Leftovers\n|-heal|p1a: Snorlax|335/397|[from] item: Leftovers\n|upkeep\n|turn|20\n|\n|t:|1733838496\n|move|p2a: Bronzong|Psychic Noise|p1a: Snorlax\n|-damage|p1a: Snorlax|268/397\n|-start|p1a: Snorlax|move: Heal Block\n|move|p1a: Snorlax|Body Slam|p2a: Bronzong\n|-resisted|p2a: Bronzong\n|-damage|p2a: Bronzong|148/261\n|\n|-heal|p2a: Bronzong|164/261|[from] item: Leftovers\n|upkeep\n|turn|21\n|\n|t:|1733838507\n|move|p2a: Bronzong|Stealth Rock|p1a: Snorlax\n|-sidestart|p1: a.lex020510|move: Stealth Rock\n|move|p1a: Snorlax|Body Slam|p2a: Bronzong\n|-resisted|p2a: Bronzong\n|-damage|p2a: Bronzong|110/261\n|-status|p2a: Bronzong|par\n|\n|-heal|p2a: Bronzong|126/261 par|[from] item: Leftovers\n|-end|p1a: Snorlax|move: Heal Block\n|upkeep\n|turn|22\n|\n|t:|1733838529\n|move|p1a: Snorlax|Body Slam|p2a: Bronzong\n|-resisted|p2a: Bronzong\n|-damage|p2a: Bronzong|67/261 par\n|move|p2a: Bronzong|Hypnosis|p1a: Snorlax\n|-status|p1a: Snorlax|slp|[from] move: Hypnosis\n|\n|-heal|p1a: Snorlax|292/397 slp|[from] item: Leftovers\n|-heal|p2a: Bronzong|83/261 par|[from] item: Leftovers\n|upkeep\n|turn|23\n|inactive|rip_killua123 has 120 seconds left.\n|\n|t:|1733838566\n|cant|p1a: Snorlax|slp\n|move|p2a: Bronzong|Earthquake|p1a: Snorlax\n|-damage|p1a: Snorlax|230/397 slp\n|\n|-heal|p1a: Snorlax|254/397 slp|[from] item: Leftovers\n|-heal|p2a: Bronzong|99/261 par|[from] item: Leftovers\n|upkeep\n|turn|24\n|inactive|rip_killua123 has 120 seconds left.\n|\n|t:|1733838576\n|-curestatus|p1a: Snorlax|slp|[msg]\n|move|p1a: Snorlax|Body Slam|p2a: Bronzong\n|-resisted|p2a: Bronzong\n|-damage|p2a: Bronzong|45/261 par\n|move|p2a: Bronzong|Psychic Noise|p1a: Snorlax\n|-damage|p1a: Snorlax|188/397\n|-start|p1a: Snorlax|move: Heal Block\n|\n|-heal|p2a: Bronzong|61/261 par|[from] item: Leftovers\n|upkeep\n|turn|25\n|inactive|rip_killua123 has 120 seconds left.\n|\n|t:|1733838592\n|move|p1a: Snorlax|Body Slam|p2a: Bronzong\n|-resisted|p2a: Bronzong\n|-damage|p2a: Bronzong|7/261 par\n|move|p2a: Bronzong|Psychic Noise|p1a: Snorlax\n|-damage|p1a: Snorlax|127/397\n|\n|-heal|p2a: Bronzong|23/261 par|[from] item: Leftovers\n|-end|p1a: Snorlax|move: Heal Block\n|upkeep\n|turn|26\n|\n|t:|1733838605\n|move|p1a: Snorlax|Body Slam|p2a: Bronzong\n|-resisted|p2a: Bronzong\n|-crit|p2a: Bronzong\n|-damage|p2a: Bronzong|0 fnt\n|faint|p2a: Bronzong\n|\n|-heal|p1a: Snorlax|151/397|[from] item: Leftovers\n|upkeep\n|\n|t:|1733838613\n|switch|p2a: Empoleon|Empoleon, L84, M|278/278\n|turn|27\n|\n|t:|1733838621\n|move|p2a: Empoleon|Ice Beam|p1a: Snorlax\n|-damage|p1a: Snorlax|121/397\n|move|p1a: Snorlax|Rest|p1a: Snorlax\n|-status|p1a: Snorlax|slp|[from] move: Rest\n|-heal|p1a: Snorlax|397/397 slp|[silent]\n|\n|upkeep\n|turn|28\n|inactive|rip_killua123 has 120 seconds left.\n|\n|t:|1733838631\n|move|p2a: Empoleon|Knock Off|p1a: Snorlax\n|-damage|p1a: Snorlax|346/397 slp\n|-enditem|p1a: Snorlax|Leftovers|[from] move: Knock Off|[of] p2a: Empoleon\n|cant|p1a: Snorlax|slp\n|\n|upkeep\n|turn|29\n|\n|t:|1733838641\n|move|p2a: Empoleon|Knock Off|p1a: Snorlax\n|-damage|p1a: Snorlax|311/397 slp\n|cant|p1a: Snorlax|slp\n|\n|upkeep\n|turn|30\n|\n|t:|1733838650\n|move|p2a: Empoleon|Knock Off|p1a: Snorlax\n|-damage|p1a: Snorlax|274/397 slp\n|-curestatus|p1a: Snorlax|slp|[msg]\n|move|p1a: Snorlax|Body Slam|p2a: Empoleon\n|-resisted|p2a: Empoleon\n|-damage|p2a: Empoleon|211/278\n|-status|p2a: Empoleon|par\n|\n|-heal|p2a: Empoleon|228/278 par|[from] item: Leftovers\n|upkeep\n|turn|31\n|\n|t:|1733838663\n|move|p2a: Empoleon|Surf|p1a: Snorlax\n|-damage|p1a: Snorlax|177/397\n|move|p1a: Snorlax|Body Slam|p2a: Empoleon\n|-resisted|p2a: Empoleon\n|-damage|p2a: Empoleon|152/278 par\n|\n|-heal|p2a: Empoleon|169/278 par|[from] item: Leftovers\n|upkeep\n|turn|32\n|\n|t:|1733838675\n|move|p2a: Empoleon|Surf|p1a: Snorlax\n|-damage|p1a: Snorlax|84/397\n|move|p1a: Snorlax|Rest|p1a: Snorlax\n|-status|p1a: Snorlax|slp|[from] move: Rest\n|-heal|p1a: Snorlax|397/397 slp|[silent]\n|\n|-heal|p2a: Empoleon|186/278 par|[from] item: Leftovers\n|upkeep\n|turn|33\n|\n|t:|1733838688\n|move|p2a: Empoleon|Surf|p1a: Snorlax\n|-damage|p1a: Snorlax|303/397 slp\n|cant|p1a: Snorlax|slp\n|\n|-heal|p2a: Empoleon|203/278 par|[from] item: Leftovers\n|upkeep\n|turn|34\n|\n|t:|1733838699\n|move|p2a: Empoleon|Surf|p1a: Snorlax\n|-damage|p1a: Snorlax|206/397 slp\n|cant|p1a: Snorlax|slp\n|\n|-heal|p2a: Empoleon|220/278 par|[from] item: Leftovers\n|upkeep\n|turn|35\n|\n|t:|1733838722\n|cant|p2a: Empoleon|par\n|-curestatus|p1a: Snorlax|slp|[msg]\n|move|p1a: Snorlax|Body Slam|p2a: Empoleon\n|-resisted|p2a: Empoleon\n|-damage|p2a: Empoleon|147/278 par\n|\n|-heal|p2a: Empoleon|164/278 par|[from] item: Leftovers\n|upkeep\n|turn|36\n|\n|t:|1733838732\n|move|p2a: Empoleon|Surf|p1a: Snorlax\n|-damage|p1a: Snorlax|119/397\n|move|p1a: Snorlax|Body Slam|p2a: Empoleon\n|-resisted|p2a: Empoleon\n|-damage|p2a: Empoleon|97/278 par\n|\n|-heal|p2a: Empoleon|114/278 par|[from] item: Leftovers\n|upkeep\n|turn|37\n|\n|t:|1733838744\n|move|p2a: Empoleon|Surf|p1a: Snorlax\n|-damage|p1a: Snorlax|22/397\n|move|p1a: Snorlax|Rest|p1a: Snorlax\n|-status|p1a: Snorlax|slp|[from] move: Rest\n|-heal|p1a: Snorlax|397/397 slp|[silent]\n|\n|-heal|p2a: Empoleon|131/278 par|[from] item: Leftovers\n|upkeep\n|turn|38\n|\n|t:|1733838756\n|move|p2a: Empoleon|Surf|p1a: Snorlax\n|-damage|p1a: Snorlax|304/397 slp\n|cant|p1a: Snorlax|slp\n|\n|-heal|p2a: Empoleon|148/278 par|[from] item: Leftovers\n|upkeep\n|turn|39\n|\n|t:|1733838765\n|cant|p2a: Empoleon|par\n|cant|p1a: Snorlax|slp\n|\n|-heal|p2a: Empoleon|165/278 par|[from] item: Leftovers\n|upkeep\n|turn|40\n|\n|t:|1733838772\n|move|p2a: Empoleon|Surf|p1a: Snorlax\n|-damage|p1a: Snorlax|205/397 slp\n|-curestatus|p1a: Snorlax|slp|[msg]\n|move|p1a: Snorlax|Body Slam|p2a: Empoleon\n|-resisted|p2a: Empoleon\n|-damage|p2a: Empoleon|96/278 par\n|\n|-heal|p2a: Empoleon|113/278 par|[from] item: Leftovers\n|upkeep\n|turn|41\n|\n|t:|1733838784\n|cant|p2a: Empoleon|par\n|move|p1a: Snorlax|Body Slam|p2a: Empoleon\n|-resisted|p2a: Empoleon\n|-damage|p2a: Empoleon|43/278 par\n|\n|-heal|p2a: Empoleon|60/278 par|[from] item: Leftovers\n|upkeep\n|turn|42\n|\n|t:|1733838793\n|move|p2a: Empoleon|Roost|p2a: Empoleon\n|-heal|p2a: Empoleon|199/278 par\n|-singleturn|p2a: Empoleon|move: Roost\n|move|p1a: Snorlax|Body Slam|p2a: Empoleon\n|-resisted|p2a: Empoleon\n|-damage|p2a: Empoleon|123/278 par\n|\n|-heal|p2a: Empoleon|140/278 par|[from] item: Leftovers\n|upkeep\n|turn|43\n|\n|t:|1733838805\n|move|p2a: Empoleon|Roost|p2a: Empoleon\n|-heal|p2a: Empoleon|278/278 par\n|-singleturn|p2a: Empoleon|move: Roost\n|move|p1a: Snorlax|Rest|p1a: Snorlax\n|-status|p1a: Snorlax|slp|[from] move: Rest\n|-heal|p1a: Snorlax|397/397 slp|[silent]\n|\n|upkeep\n|turn|44\n|\n|t:|1733838815\n|switch|p1a: Articuno|Articuno, L86|295/295\n|-ability|p1a: Articuno|Pressure\n|move|p2a: Empoleon|Surf|p1a: Articuno\n|-damage|p1a: Articuno|222/295\n|\n|upkeep\n|turn|45\n|\n|t:|1733838827\n|move|p1a: Articuno|Brave Bird|p2a: Empoleon\n|-resisted|p2a: Empoleon\n|-damage|p2a: Empoleon|217/278 par\n|-damage|p1a: Articuno|202/295|[from] Recoil\n|move|p2a: Empoleon|Knock Off|p1a: Articuno\n|-damage|p1a: Articuno|146/295\n|-enditem|p1a: Articuno|Heavy-Duty Boots|[from] move: Knock Off|[of] p2a: Empoleon\n|\n|-heal|p2a: Empoleon|234/278 par|[from] item: Leftovers\n|upkeep\n|turn|46\n|\n|t:|1733838830\n|move|p1a: Articuno|Roost|p1a: Articuno\n|-heal|p1a: Articuno|294/295\n|-singleturn|p1a: Articuno|move: Roost\n|move|p2a: Empoleon|Knock Off|p1a: Articuno\n|-damage|p1a: Articuno|256/295\n|\n|-heal|p2a: Empoleon|251/278 par|[from] item: Leftovers\n|upkeep\n|turn|47\n|\n|t:|1733838854\n|-terastallize|p2a: Empoleon|Flying\n|move|p1a: Articuno|Freeze-Dry|p2a: Empoleon\n|-supereffective|p2a: Empoleon\n|-damage|p2a: Empoleon|113/278 par\n|move|p2a: Empoleon|Ice Beam|p1a: Articuno\n|-damage|p1a: Articuno|207/295\n|\n|-heal|p2a: Empoleon|130/278 par|[from] item: Leftovers\n|upkeep\n|turn|48\n|\n|t:|1733838869\n|move|p1a: Articuno|Freeze-Dry|p2a: Empoleon\n|-supereffective|p2a: Empoleon\n|-damage|p2a: Empoleon|0 fnt\n|faint|p2a: Empoleon\n|\n|win|a.lex020510\n|raw|a.lex020510's rating: 1044 &rarr; <strong>1074</strong><br />(+30 for winning)\n|raw|rip_killua123's rating: 1009 &rarr; <strong>1000</strong><br />(-9 for losing)\n|l|\u2606rip_killua123\n|player|p2|\n", "inputlog": ">version bfd83cad13791eb5a5a409923076391caf6fb4d4\n>start {\"formatid\":\"gen9randombattle\",\"seed\":[55365,23069,37449,31004],\"rated\":\"Rated battle\"}\n>player p1 {\"name\":\"a.lex020510\",\"avatar\":\"1\",\"rating\":1044,\"seed\":[296,37733,27273,30319]}\n>player p2 {\"name\":\"rip_killua123\",\"avatar\":\"1\",\"rating\":1009,\"seed\":[24332,389,45370,26693]}\n>p1 switch 4\n>p2 move highhorsepower\n>p1 move dragondance\n>p2 move overheat\n>p1 move knockoff\n>p2 move overheat\n>p2 switch 5\n>p1 move knockoff\n>p2 move icepunch\n>p1 switch 4\n>p1 move fleurcannon\n>p2 move closecombat\n>p1 move flashcannon\n>p2 move closecombat\n>p1 switch 3\n>p1 move thunderbolt\n>p2 move bulletpunch\n>p2 switch 4\n>p1 move thunderbolt\n>p2 move foulplay\n>p1 move focusblast\n>p2 move toxic\n>p1 move focusblast\n>p2 move wish\n>p1 move thunderbolt\n>p2 move protect\n>p1 move nastyplot\n>p2 move wish\n>p1 move focusblast\n>p2 move foulplay\n>p2 switch 6\n>p1 move focusblast terastallize\n>p2 move sunnyday\n>p1 switch 6\n>p1 move zenheadbutt\n>p2 move sludgewave\n>p1 switch 5\n>p1 move curse\n>p2 move powerwhip\n>p1 move bodyslam\n>p2 move weatherball\n>p2 switch 3\n>p1 move rest\n>p2 move hypnosis\n>p1 move bodyslam\n>p2 move earthquake\n>p1 move bodyslam\n>p2 move psychicnoise\n>p1 move bodyslam\n>p2 move stealthrock\n>p1 move bodyslam\n>p2 move hypnosis\n>p1 move bodyslam\n>p2 move earthquake\n>p1 move bodyslam\n>p2 move psychicnoise\n>p1 move bodyslam\n>p2 move psychicnoise\n>p1 move bodyslam\n>p2 move hypnosis\n>p2 switch 2\n>p1 move rest\n>p2 move icebeam\n>p1 move bodyslam\n>p2 move knockoff\n>p1 move bodyslam\n>p2 move knockoff\n>p1 move bodyslam\n>p2 move knockoff\n>p1 move bodyslam\n>p2 move surf\n>p1 move rest\n>p2 move surf\n>p1 move rest\n>p2 move surf\n>p1 move bodyslam\n>p2 move surf\n>p1 move bodyslam\n>p2 move surf\n>p1 move bodyslam\n>p2 move surf\n>p1 move rest\n>p2 move surf\n>p1 move bodyslam\n>p2 move surf\n>p1 move bodyslam\n>p2 move surf\n>p1 move bodyslam\n>p2 move surf\n>p1 move bodyslam\n>p2 move roost\n>p1 move bodyslam\n>p2 move roost\n>p1 move rest\n>p2 move roost\n>p1 switch 2\n>p2 move surf\n>p1 move bravebird\n>p2 move knockoff\n>p1 move roost\n>p2 move knockoff\n>p1 move freezedry\n>p2 move icebeam terastallize\n>p1 move freezedry\n>p2 move surf", "uploadtime": 1733838879, "views": 3, "formatid": "gen9randombattle", "rating": 1000, "private": 0, "password": null}