{"id": "gen9randombattle-2260710653", "format": "[Gen 9] Random Battle", "players": ["pingula_rei_delas", "Ashkira"], "log": "|j|\u2606pingula_rei_delas\n|j|\u2606Ashkira\n|t:|1733881462\n|gametype|singles\n|player|p1|pingula_rei_delas|ethan|1040\n|player|p2|Ashkira|1|1000\n|teamsize|p1|6\n|teamsize|p2|6\n|gen|9\n|tier|[Gen 9] Random Battle\n|rated|\n|rule|Species Clause: Limit one of each Pok\u00e9mon\n|rule|HP Percentage Mod: HP is shown in percentages\n|rule|Sleep Clause Mod: Limit one foe put to sleep\n|rule|Illusion Level Mod: Illusion disguises the Pok\u00e9mon's true level\n|\n|t:|1733881462\n|start\n|switch|p1a: Delphox|Delphox, L84, M|263/263\n|switch|p2a: Persian|Persian-Alola, L86, M|252/252\n|turn|1\n|\n|t:|1733881470\n|switch|p2a: Blastoise|Blastoise, L80, F|258/258\n|move|p1a: Delphox|Psyshock|p2a: Blastoise\n|-damage|p2a: Blastoise|170/258\n|\n|upkeep\n|turn|2\n|\n|t:|1733881479\n|move|p1a: Delphox|Grass Knot|p2a: Blastoise\n|-supereffective|p2a: Blastoise\n|-damage|p2a: Blastoise|46/258\n|move|p2a: Blastoise|Hydro Pump|p1a: Delphox\n|-supereffective|p1a: Delphox\n|-damage|p1a: Delphox|0 fnt\n|faint|p1a: Delphox\n|\n|upkeep\n|inactive|Battle timer is ON: inactive players will automatically lose when time's up. (requested by Ashkira)\n|\n|t:|1733881488\n|switch|p1a: Empoleon|Empoleon, L84, M|278/278\n|turn|3\n|\n|t:|1733881497\n|move|p2a: Blastoise|Tera Blast|p1a: Empoleon\n|-resisted|p1a: Empoleon\n|-damage|p1a: Empoleon|257/278\n|move|p1a: Empoleon|Knock Off|p2a: Blastoise\n|-damage|p2a: Blastoise|0 fnt\n|-enditem|p2a: Blastoise|White Herb|[from] move: Knock Off|[of] p1a: Empoleon\n|faint|p2a: Blastoise\n|\n|-heal|p1a: Empoleon|274/278|[from] item: Leftovers\n|upkeep\n|\n|t:|1733881508\n|switch|p2a: Reshiram|Reshiram, L76|277/277\n|-ability|p2a: Reshiram|Turboblaze\n|turn|4\n|\n|t:|1733881523\n|switch|p2a: Jumpluff|Jumpluff, L87, F|271/271\n|move|p1a: Empoleon|Surf|p2a: Jumpluff\n|-resisted|p2a: Jumpluff\n|-damage|p2a: Jumpluff|223/271\n|\n|-heal|p1a: Empoleon|278/278|[from] item: Leftovers\n|upkeep\n|turn|5\n|\n|t:|1733881534\n|switch|p1a: Mandibuzz|Mandibuzz, L85, F|326/326\n|move|p2a: Jumpluff|Leech Seed|p1a: Mandibuzz\n|-start|p1a: Mandibuzz|move: Leech Seed\n|\n|-damage|p1a: Mandibuzz|286/326|[from] Leech Seed|[of] p2a: Jumpluff\n|-heal|p2a: Jumpluff|263/271|[silent]\n|upkeep\n|turn|6\n|\n|t:|1733881544\n|move|p2a: Jumpluff|Acrobatics|p1a: Mandibuzz\n|-damage|p1a: Mandibuzz|211/326\n|move|p1a: Mandibuzz|Roost|p1a: Mandibuzz\n|-heal|p1a: Mandibuzz|326/326\n|-singleturn|p1a: Mandibuzz|move: Roost\n|\n|-damage|p1a: Mandibuzz|286/326|[from] Leech Seed|[of] p2a: Jumpluff\n|-heal|p2a: Jumpluff|271/271|[silent]\n|upkeep\n|turn|7\n|\n|t:|1733881561\n|move|p2a: Jumpluff|Strength Sap|p1a: Mandibuzz\n|-unboost|p1a: Mandibuzz|atk|1\n|move|p1a: Mandibuzz|Foul Play|p2a: Jumpluff\n|-damage|p2a: Jumpluff|195/271\n|\n|-damage|p1a: Mandibuzz|246/326|[from] Leech Seed|[of] p2a: Jumpluff\n|-heal|p2a: Jumpluff|235/271|[silent]\n|upkeep\n|turn|8\n|\n|t:|1733881586\n|move|p2a: Jumpluff|Acrobatics|p1a: Mandibuzz\n|-damage|p1a: Mandibuzz|173/326\n|move|p1a: Mandibuzz|U-turn|p2a: Jumpluff\n|-damage|p2a: Jumpluff|206/271\n|\n|t:|1733881593\n|switch|p1a: Porygon-Z|Porygon-Z, L83|277/277|[from] U-turn\n|\n|upkeep\n|turn|9\n|\n|t:|1733881598\n|move|p2a: Jumpluff|Leech Seed|p1a: Porygon-Z\n|-start|p1a: Porygon-Z|move: Leech Seed\n|move|p1a: Porygon-Z|Shadow Ball|p2a: Jumpluff\n|-damage|p2a: Jumpluff|116/271\n|-unboost|p2a: Jumpluff|spd|1\n|-damage|p1a: Porygon-Z|250/277|[from] item: Life Orb\n|\n|-damage|p1a: Porygon-Z|216/277|[from] Leech Seed|[of] p2a: Jumpluff\n|-heal|p2a: Jumpluff|150/271|[silent]\n|upkeep\n|turn|10\n|\n|t:|1733881616\n|move|p2a: Jumpluff|Acrobatics|p1a: Porygon-Z\n|-damage|p1a: Porygon-Z|111/277\n|move|p1a: Porygon-Z|Tera Blast|p2a: Jumpluff\n|-damage|p2a: Jumpluff|0 fnt\n|faint|p2a: Jumpluff\n|-damage|p1a: Porygon-Z|84/277|[from] item: Life Orb\n|\n|upkeep\n|\n|t:|1733881629\n|switch|p2a: Reshiram|Reshiram, L76|277/277\n|-ability|p2a: Reshiram|Turboblaze\n|turn|11\n|\n|t:|1733881643\n|move|p1a: Porygon-Z|Tera Blast|p2a: Reshiram\n|-damage|p2a: Reshiram|103/277\n|-damage|p1a: Porygon-Z|57/277|[from] item: Life Orb\n|move|p2a: Reshiram|Stone Edge|p1a: Porygon-Z\n|-damage|p1a: Porygon-Z|0 fnt\n|faint|p1a: Porygon-Z\n|\n|upkeep\n|\n|t:|1733881652\n|switch|p1a: Empoleon|Empoleon, L84, M|278/278\n|turn|12\n|\n|t:|1733881660\n|move|p2a: Reshiram|Outrage|p1a: Empoleon\n|-resisted|p1a: Empoleon\n|-damage|p1a: Empoleon|215/278\n|move|p1a: Empoleon|Surf|p2a: Reshiram\n|-damage|p2a: Reshiram|9/277\n|\n|-heal|p1a: Empoleon|232/278|[from] item: Leftovers\n|upkeep\n|turn|13\n|\n|t:|1733881675\n|move|p2a: Reshiram|Outrage|p1a: Empoleon|[from]lockedmove\n|-resisted|p1a: Empoleon\n|-damage|p1a: Empoleon|168/278\n|move|p1a: Empoleon|Surf|p2a: Reshiram\n|-damage|p2a: Reshiram|0 fnt\n|faint|p2a: Reshiram\n|\n|-heal|p1a: Empoleon|185/278|[from] item: Leftovers\n|upkeep\n|\n|t:|1733881683\n|switch|p2a: Persian|Persian-Alola, L86, M|252/252\n|turn|14\n|\n|t:|1733881698\n|move|p2a: Persian|Knock Off|p1a: Empoleon\n|-damage|p1a: Empoleon|107/278\n|-enditem|p1a: Empoleon|Leftovers|[from] move: Knock Off|[of] p2a: Persian\n|move|p1a: Empoleon|Roost|p1a: Empoleon\n|-heal|p1a: Empoleon|246/278\n|-singleturn|p1a: Empoleon|move: Roost\n|\n|upkeep\n|turn|15\n|\n|t:|1733881717\n|move|p2a: Persian|Knock Off|p1a: Empoleon\n|-damage|p1a: Empoleon|195/278\n|move|p1a: Empoleon|Surf|p2a: Persian\n|-damage|p2a: Persian|122/252\n|\n|upkeep\n|turn|16\n|\n|t:|1733881726\n|move|p2a: Persian|Taunt|p1a: Empoleon\n|-start|p1a: Empoleon|move: Taunt\n|move|p1a: Empoleon|Surf|p2a: Persian\n|-damage|p2a: Persian|0 fnt\n|faint|p2a: Persian\n|\n|upkeep\n|\n|t:|1733881734\n|switch|p2a: Clodsire|Clodsire, L81, F|343/343\n|turn|17\n|\n|t:|1733881760\n|move|p1a: Empoleon|Knock Off|p2a: Clodsire\n|-damage|p2a: Clodsire|257/343\n|-enditem|p2a: Clodsire|Leftovers|[from] move: Knock Off|[of] p1a: Empoleon\n|move|p2a: Clodsire|Earthquake|p1a: Empoleon\n|-supereffective|p1a: Empoleon\n|-damage|p1a: Empoleon|19/278\n|\n|upkeep\n|turn|18\n|\n|t:|1733881767\n|move|p1a: Empoleon|Surf|p2a: Clodsire\n|-supereffective|p2a: Clodsire\n|-damage|p2a: Clodsire|53/343\n|move|p2a: Clodsire|Poison Jab|p1a: Empoleon\n|-immune|p1a: Empoleon\n|\n|-end|p1a: Empoleon|move: Taunt\n|upkeep\n|turn|19\n|\n|t:|1733881774\n|move|p1a: Empoleon|Surf|p2a: Clodsire\n|-supereffective|p2a: Clodsire\n|-damage|p2a: Clodsire|0 fnt\n|faint|p2a: Clodsire\n|\n|upkeep\n|\n|t:|1733881778\n|switch|p2a: Sudowoodo|Sudowoodo, L94, F|284/284\n|turn|20\n|\n|t:|1733881797\n|move|p1a: Empoleon|Roost|p1a: Empoleon\n|-heal|p1a: Empoleon|158/278\n|-singleturn|p1a: Empoleon|move: Roost\n|move|p2a: Sudowoodo|Wood Hammer|p1a: Empoleon\n|-damage|p1a: Empoleon|58/278\n|\n|upkeep\n|turn|21\n|-message|Ashkira forfeited.\n|\n|win|pingula_rei_delas\n|raw|pingula_rei_delas's rating: 1040 &rarr; <strong>1070</strong><br />(+30 for winning)\n|raw|Ashkira's rating: 1000 &rarr; <strong>1000</strong><br />(+0 for losing)\n|l|\u2606Ashkira\n|player|p2|\n", "inputlog": ">version bfd83cad13791eb5a5a409923076391caf6fb4d4\n>start {\"formatid\":\"gen9randombattle\",\"seed\":[64118,201,19870,4155],\"rated\":\"Rated battle\"}\n>player p1 {\"name\":\"pingula_rei_delas\",\"avatar\":\"ethan\",\"rating\":1040,\"seed\":[64762,52553,23995,1365]}\n>player p2 {\"name\":\"Ashkira\",\"avatar\":\"1\",\"rating\":1000,\"seed\":[5280,48873,11577,50158]}\n>p1 move psyshock\n>p2 switch 5\n>p1 move grassknot\n>p2 move hydropump\n>p1 switch 2\n>p1 move knockoff\n>p2 move terablast\n>p2 switch 2\n>p1 move surf\n>p2 switch 4\n>p1 switch 5\n>p2 move leechseed\n>p1 move roost\n>p2 move acrobatics\n>p1 move foulplay\n>p2 move strengthsap\n>p1 move uturn\n>p2 move acrobatics\n>p1 switch 6\n>p1 move shadowball\n>p2 move leechseed\n>p1 move terablast\n>p2 move acrobatics\n>p2 switch 4\n>p1 move terablast\n>p2 move stoneedge\n>p1 switch 5\n>p1 move surf\n>p2 move outrage\n>p1 move surf\n>p2 move outrage\n>p2 switch 5\n>p1 move roost\n>p2 move knockoff\n>p1 move surf\n>p2 move knockoff\n>p1 move surf\n>p2 move taunt\n>p2 switch 3\n>p1 move knockoff\n>p2 move earthquake\n>p1 move surf\n>p2 move poisonjab\n>p1 move surf\n>p2 move earthquake\n>p2 switch 6\n>p1 move roost\n>p2 move woodhammer\n>forcelose p2", "uploadtime": 1733881815, "views": 2, "formatid": "gen9randombattle", "rating": 1000, "private": 0, "password": null}