{"id": "gen9randombattle-2260851653", "format": "[Gen 9] Random Battle", "players": ["danlillis25", "inchbeastr"], "log": "|j|\u2606danlillis25\n|j|\u2606inchbeastr\n|t:|1733904228\n|gametype|singles\n|player|p1|danlillis25|ethan|1144\n|player|p2|inchbeastr|1|1098\n|teamsize|p1|6\n|teamsize|p2|6\n|gen|9\n|tier|[Gen 9] Random Battle\n|rated|\n|rule|Species Clause: Limit one of each Pok\u00e9mon\n|rule|HP Percentage Mod: HP is shown in percentages\n|rule|Sleep Clause Mod: Limit one foe put to sleep\n|rule|Illusion Level Mod: Illusion disguises the Pok\u00e9mon's true level\n|\n|t:|1733904228\n|start\n|switch|p1a: Grumpig|Grumpig, L92, M|297/297\n|switch|p2a: Galvantula|Galvantula, L82, F|249/249\n|turn|1\n|\n|t:|1733904254\n|switch|p1a: Seviper|Seviper, L93, M|287/287\n|move|p2a: Galvantula|Sticky Web|p1a: Seviper\n|-sidestart|p1: danlillis25|move: Sticky Web\n|\n|upkeep\n|turn|2\n|\n|t:|1733904274\n|move|p2a: Galvantula|Thunder|p1a: Seviper\n|-damage|p1a: Seviper|154/287\n|move|p1a: Seviper|Gunk Shot|p2a: Galvantula\n|-enditem|p2a: Galvantula|Focus Sash\n|-damage|p2a: Galvantula|1/249\n|-damage|p1a: Seviper|126/287|[from] item: Life Orb\n|\n|upkeep\n|turn|3\n|\n|t:|1733904303\n|move|p2a: Galvantula|Thunder|p1a: Seviper\n|-crit|p1a: Seviper\n|-damage|p1a: Seviper|0 fnt\n|faint|p1a: Seviper\n|\n|upkeep\n|\n|t:|1733904323\n|switch|p1a: Breloom|Breloom, L82, M|233/233\n|-activate|p1a: Breloom|move: Sticky Web\n|-unboost|p1a: Breloom|spe|1\n|turn|4\n|\n|t:|1733904330\n|move|p1a: Breloom|Mach Punch|p2a: Galvantula\n|-resisted|p2a: Galvantula\n|-damage|p2a: Galvantula|0 fnt\n|faint|p2a: Galvantula\n|-damage|p1a: Breloom|210/233|[from] item: Life Orb\n|\n|upkeep\n|\n|t:|1733904342\n|switch|p2a: Raging Bolt|Raging Bolt, L78|323/323\n|turn|5\n|\n|t:|1733904351\n|move|p2a: Raging Bolt|Dragon Pulse|p1a: Breloom\n|-damage|p1a: Breloom|66/233\n|move|p1a: Breloom|Spore|p2a: Raging Bolt\n|-status|p2a: Raging Bolt|slp|[from] move: Spore\n|\n|upkeep\n|turn|6\n|\n|t:|1733904378\n|cant|p2a: Raging Bolt|slp\n|move|p1a: Breloom|Bullet Seed|p2a: Raging Bolt\n|-resisted|p2a: Raging Bolt\n|-damage|p2a: Raging Bolt|291/323 slp\n|-resisted|p2a: Raging Bolt\n|-damage|p2a: Raging Bolt|260/323 slp\n|-resisted|p2a: Raging Bolt\n|-damage|p2a: Raging Bolt|231/323 slp\n|-resisted|p2a: Raging Bolt\n|-damage|p2a: Raging Bolt|200/323 slp\n|-resisted|p2a: Raging Bolt\n|-damage|p2a: Raging Bolt|170/323 slp\n|-hitcount|p2a: Raging Bolt|5\n|-damage|p1a: Breloom|43/233|[from] item: Life Orb\n|\n|-heal|p2a: Raging Bolt|190/323 slp|[from] item: Leftovers\n|upkeep\n|turn|7\n|\n|t:|1733904395\n|-end|p2a: Raging Bolt|Protosynthesis|[silent]\n|switch|p2a: Mew|Mew, L82|298/298\n|move|p1a: Breloom|Bullet Seed|p2a: Mew\n|-damage|p2a: Mew|238/298\n|-damage|p2a: Mew|183/298\n|-hitcount|p2a: Mew|2\n|-damage|p1a: Breloom|20/233|[from] item: Life Orb\n|\n|upkeep\n|turn|8\n|\n|t:|1733904411\n|switch|p1a: Grumpig|Grumpig, L92, M|297/297\n|-activate|p1a: Grumpig|move: Sticky Web\n|-unboost|p1a: Grumpig|spe|1\n|move|p2a: Mew|Fire Blast|p1a: Grumpig\n|-damage|p1a: Grumpig|255/297\n|-damage|p2a: Mew|154/298|[from] item: Life Orb\n|\n|-heal|p1a: Grumpig|273/297|[from] item: Leftovers\n|upkeep\n|turn|9\n|\n|t:|1733904428\n|move|p2a: Mew|Psychic|p1a: Grumpig\n|-resisted|p1a: Grumpig\n|-damage|p1a: Grumpig|228/297\n|-damage|p2a: Mew|125/298|[from] item: Life Orb\n|move|p1a: Grumpig|Nasty Plot|p1a: Grumpig\n|-boost|p1a: Grumpig|spa|2\n|\n|-heal|p1a: Grumpig|246/297|[from] item: Leftovers\n|upkeep\n|turn|10\n|\n|t:|1733904441\n|move|p2a: Mew|Nasty Plot|p2a: Mew\n|-boost|p2a: Mew|spa|2\n|move|p1a: Grumpig|Dazzling Gleam|p2a: Mew\n|-damage|p2a: Mew|9/298\n|\n|-heal|p1a: Grumpig|264/297|[from] item: Leftovers\n|upkeep\n|turn|11\n|\n|t:|1733904450\n|move|p2a: Mew|Aura Sphere|p1a: Grumpig\n|-resisted|p1a: Grumpig\n|-damage|p1a: Grumpig|212/297\n|-damage|p2a: Mew|0 fnt|[from] item: Life Orb\n|faint|p2a: Mew\n|move|p1a: Grumpig|Dazzling Gleam|p2: Mew|[notarget]\n|-fail|p1a: Grumpig\n|\n|-heal|p1a: Grumpig|230/297|[from] item: Leftovers\n|upkeep\n|\n|t:|1733904462\n|switch|p2a: Raging Bolt|Raging Bolt, L78|190/323 slp\n|turn|12\n|\n|t:|1733904473\n|-end|p2a: Raging Bolt|Protosynthesis|[silent]\n|switch|p2a: Venusaur|Venusaur, L84, M|272/272\n|move|p1a: Grumpig|Dazzling Gleam|p2a: Venusaur\n|-resisted|p2a: Venusaur\n|-damage|p2a: Venusaur|216/272\n|\n|-heal|p2a: Venusaur|233/272|[from] item: Leftovers\n|-heal|p1a: Grumpig|248/297|[from] item: Leftovers\n|upkeep\n|turn|13\n|\n|t:|1733904485\n|move|p2a: Venusaur|Sludge Bomb|p1a: Grumpig\n|-damage|p1a: Grumpig|169/297\n|move|p1a: Grumpig|Psyshock|p2a: Venusaur\n|-supereffective|p2a: Venusaur\n|-damage|p2a: Venusaur|0 fnt\n|faint|p2a: Venusaur\n|\n|-heal|p1a: Grumpig|187/297|[from] item: Leftovers\n|upkeep\n|\n|t:|1733904497\n|switch|p2a: Noctowl|Noctowl, L95, F|344/344\n|turn|14\n|\n|t:|1733904501\n|move|p2a: Noctowl|Nasty Plot|p2a: Noctowl\n|-boost|p2a: Noctowl|spa|2\n|move|p1a: Grumpig|Psyshock|p2a: Noctowl\n|-damage|p2a: Noctowl|109/344\n|\n|-heal|p1a: Grumpig|205/297|[from] item: Leftovers\n|upkeep\n|turn|15\n|\n|t:|1733904512\n|move|p2a: Noctowl|Hyper Voice|p1a: Grumpig\n|-crit|p1a: Grumpig\n|-damage|p1a: Grumpig|0 fnt\n|faint|p1a: Grumpig\n|\n|upkeep\n|\n|t:|1733904534\n|switch|p1a: Krookodile|Krookodile, L80, M|283/283\n|-activate|p1a: Krookodile|move: Sticky Web\n|-unboost|p1a: Krookodile|spe|1\n|-ability|p1a: Krookodile|Intimidate|boost\n|-unboost|p2a: Noctowl|atk|1\n|turn|16\n|\n|t:|1733904542\n|move|p2a: Noctowl|Hyper Voice|p1a: Krookodile\n|-damage|p1a: Krookodile|0 fnt\n|faint|p1a: Krookodile\n|\n|upkeep\n|\n|t:|1733904552\n|switch|p1a: Breloom|Breloom, L82, M|20/233\n|-activate|p1a: Breloom|move: Sticky Web\n|-unboost|p1a: Breloom|spe|1\n|turn|17\n|\n|t:|1733904560\n|move|p1a: Breloom|Mach Punch|p2a: Noctowl\n|-damage|p2a: Noctowl|0 fnt\n|faint|p2a: Noctowl\n|-damage|p1a: Breloom|0 fnt|[from] item: Life Orb\n|faint|p1a: Breloom\n|\n|upkeep\n|\n|t:|1733904569\n|switch|p2a: Crabominable|Crabominable, L90, F|321/321\n|switch|p1a: Darkrai|Darkrai, L77|234/234\n|-activate|p1a: Darkrai|move: Sticky Web\n|-unboost|p1a: Darkrai|spe|1\n|turn|18\n|\n|t:|1733904578\n|move|p1a: Darkrai|Hypnosis|p2a: Crabominable\n|-message|Sleep Clause Mod activated.\n|-hint|Sleep Clause Mod prevents players from putting more than one of their opponent's Pok\u00e9mon to sleep at a time\n|move|p2a: Crabominable|Knock Off|p1a: Darkrai\n|-resisted|p1a: Darkrai\n|-damage|p1a: Darkrai|152/234\n|-enditem|p1a: Darkrai|Life Orb|[from] move: Knock Off|[of] p2a: Crabominable\n|\n|upkeep\n|turn|19\n|inactive|Battle timer is ON: inactive players will automatically lose when time's up. (requested by inchbeastr)\n|\n|t:|1733904610\n|-terastallize|p1a: Darkrai|Poison\n|move|p1a: Darkrai|Hypnosis|p2a: Crabominable\n|-message|Sleep Clause Mod activated.\n|-hint|Sleep Clause Mod prevents players from putting more than one of their opponent's Pok\u00e9mon to sleep at a time\n|move|p2a: Crabominable|Knock Off|p1a: Darkrai\n|-damage|p1a: Darkrai|51/234\n|\n|upkeep\n|turn|20\n|inactive|inchbeastr has 120 seconds left.\n|l|\u2606inchbeastr\n|inactive|inchbeastr disconnected and has a minute to reconnect!\n|player|p2|\n|j|\u2606inchbeastr\n|inactive|inchbeastr reconnected and has 95 seconds left.\n|player|p2|inchbeastr|1|\n|inactive|inchbeastr has 90 seconds left.\n|\n|t:|1733904674\n|switch|p1a: Glaceon|Glaceon, L94, F|275/275\n|move|p2a: Crabominable|Knock Off|p1a: Glaceon\n|-damage|p1a: Glaceon|153/275\n|-enditem|p1a: Glaceon|Heavy-Duty Boots|[from] move: Knock Off|[of] p2a: Crabominable\n|\n|upkeep\n|turn|21\n|\n|t:|1733904697\n|move|p1a: Glaceon|Wish|p1a: Glaceon\n|move|p2a: Crabominable|Knock Off|p1a: Glaceon\n|-damage|p1a: Glaceon|80/275\n|\n|upkeep\n|turn|22\n|\n|t:|1733904702\n|move|p1a: Glaceon|Protect|p1a: Glaceon\n|-singleturn|p1a: Glaceon|Protect\n|move|p2a: Crabominable|Knock Off|p1a: Glaceon\n|-activate|p1a: Glaceon|move: Protect\n|\n|-heal|p1a: Glaceon|217/275|[from] move: Wish|[wisher] Glaceon\n|upkeep\n|turn|23\n|\n|t:|1733904711\n|move|p1a: Glaceon|Wish|p1a: Glaceon\n|move|p2a: Crabominable|Knock Off|p1a: Glaceon\n|-crit|p1a: Glaceon\n|-damage|p1a: Glaceon|107/275\n|\n|upkeep\n|turn|24\n|\n|t:|1733904725\n|move|p1a: Glaceon|Mud Shot|p2a: Crabominable\n|-damage|p2a: Crabominable|250/321\n|-unboost|p2a: Crabominable|spe|1\n|move|p2a: Crabominable|Knock Off|p1a: Glaceon\n|-damage|p1a: Glaceon|24/275\n|\n|-heal|p1a: Glaceon|161/275|[from] move: Wish|[wisher] Glaceon\n|upkeep\n|turn|25\n|\n|t:|1733904735\n|move|p1a: Glaceon|Wish|p1a: Glaceon\n|move|p2a: Crabominable|Knock Off|p1a: Glaceon\n|-damage|p1a: Glaceon|86/275\n|\n|upkeep\n|turn|26\n|\n|t:|1733904755\n|move|p1a: Glaceon|Protect|p1a: Glaceon\n|-singleturn|p1a: Glaceon|Protect\n|move|p2a: Crabominable|Knock Off|p1a: Glaceon\n|-activate|p1a: Glaceon|move: Protect\n|\n|-heal|p1a: Glaceon|223/275|[from] move: Wish|[wisher] Glaceon\n|upkeep\n|turn|27\n|inactive|inchbeastr has 120 seconds left.\n|\n|t:|1733904771\n|move|p1a: Glaceon|Wish|p1a: Glaceon\n|move|p2a: Crabominable|Knock Off|p1a: Glaceon\n|-damage|p1a: Glaceon|150/275\n|\n|upkeep\n|turn|28\n|\n|t:|1733904776\n|move|p1a: Glaceon|Mud Shot|p2a: Crabominable\n|-damage|p2a: Crabominable|174/321\n|-unboost|p2a: Crabominable|spe|1\n|move|p2a: Crabominable|Knock Off|p1a: Glaceon\n|-damage|p1a: Glaceon|67/275\n|\n|-heal|p1a: Glaceon|204/275|[from] move: Wish|[wisher] Glaceon\n|upkeep\n|turn|29\n|inactive|inchbeastr has 120 seconds left.\n|\n|t:|1733904787\n|move|p1a: Glaceon|Wish|p1a: Glaceon\n|move|p2a: Crabominable|Knock Off|p1a: Glaceon\n|-damage|p1a: Glaceon|133/275\n|\n|upkeep\n|turn|30\n|inactive|inchbeastr has 120 seconds left.\n|\n|t:|1733904792\n|move|p1a: Glaceon|Mud Shot|p2a: Crabominable\n|-damage|p2a: Crabominable|99/321\n|-unboost|p2a: Crabominable|spe|1\n|move|p2a: Crabominable|Knock Off|p1a: Glaceon\n|-damage|p1a: Glaceon|53/275\n|\n|-heal|p1a: Glaceon|190/275|[from] move: Wish|[wisher] Glaceon\n|upkeep\n|turn|31\n|inactive|inchbeastr has 120 seconds left.\n|\n|t:|1733904804\n|-terastallize|p2a: Crabominable|Ground\n|move|p1a: Glaceon|Wish|p1a: Glaceon\n|move|p2a: Crabominable|Knock Off|p1a: Glaceon\n|-damage|p1a: Glaceon|117/275\n|\n|upkeep\n|turn|32\n|\n|t:|1733904811\n|move|p1a: Glaceon|Freeze-Dry|p2a: Crabominable\n|-supereffective|p2a: Crabominable\n|-damage|p2a: Crabominable|0 fnt\n|faint|p2a: Crabominable\n|\n|-heal|p1a: Glaceon|254/275|[from] move: Wish|[wisher] Glaceon\n|upkeep\n|\n|t:|1733904820\n|switch|p2a: Raging Bolt|Raging Bolt, L78|190/323 slp\n|turn|33\n|\n|t:|1733904825\n|move|p1a: Glaceon|Freeze-Dry|p2a: Raging Bolt\n|-supereffective|p2a: Raging Bolt\n|-damage|p2a: Raging Bolt|0 fnt\n|faint|p2a: Raging Bolt\n|-end|p2a: Raging Bolt|Protosynthesis|[silent]\n|\n|win|danlillis25\n|raw|danlillis25's rating: 1144 &rarr; <strong>1166</strong><br />(+22 for winning)\n|raw|inchbeastr's rating: 1098 &rarr; <strong>1077</strong><br />(-21 for losing)\n|l|\u2606inchbeastr\n|player|p2|\n", "inputlog": ">version bfd83cad13791eb5a5a409923076391caf6fb4d4\n>start {\"formatid\":\"gen9randombattle\",\"seed\":[320,43091,21469,13848],\"rated\":\"Rated battle\"}\n>player p1 {\"name\":\"danlillis25\",\"avatar\":\"ethan\",\"rating\":1144,\"seed\":[35361,5257,26145,34035]}\n>player p2 {\"name\":\"inchbeastr\",\"avatar\":\"1\",\"rating\":1098,\"seed\":[64268,26873,20131,55255]}\n>p1 switch 4\n>p2 move stickyweb\n>p1 move gunkshot\n>p2 move thunder\n>p1 move gigadrain\n>p2 move thunder\n>p1 switch 5\n>p1 move machpunch\n>p2 move thunder\n>p2 switch 5\n>p1 move spore\n>p2 move dragonpulse\n>p1 move bulletseed\n>p2 move dragonpulse\n>p1 move bulletseed\n>p2 switch 4\n>p1 switch 4\n>p2 move fireblast\n>p1 move nastyplot\n>p2 move psychic\n>p1 move dazzlinggleam\n>p2 move nastyplot\n>p1 move dazzlinggleam\n>p2 move aurasphere\n>p2 switch 4\n>p1 move dazzlinggleam\n>p2 switch 6\n>p1 move psyshock\n>p2 move sludgebomb\n>p2 switch 3\n>p1 move psyshock\n>p2 move nastyplot\n>p1 move psyshock\n>p2 move hypervoice\n>p1 switch 6\n>p1 move knockoff\n>p2 move hypervoice\n>p1 switch 4\n>p1 move machpunch\n>p2 move hypervoice\n>p1 switch 3\n>p2 switch 2\n>p1 move hypnosis\n>p2 move knockoff\n>p1 move hypnosis terastallize\n>p2 move knockoff\n>p1 switch 2\n>p2 move knockoff\n>p1 move wish\n>p2 move knockoff\n>p1 move protect\n>p2 move knockoff\n>p1 move wish\n>p2 move knockoff\n>p1 move mudshot\n>p2 move knockoff\n>p1 move wish\n>p2 move knockoff\n>p1 move protect\n>p2 move knockoff\n>p1 move wish\n>p2 move knockoff\n>p1 move mudshot\n>p2 move knockoff\n>p1 move wish\n>p2 move knockoff\n>p1 move mudshot\n>p2 move knockoff\n>p1 move wish\n>p2 move knockoff terastallize\n>p1 move freezedry\n>p2 move knockoff\n>p2 switch 6\n>p1 move freezedry\n>p2 move dragonpulse", "uploadtime": 1733904836, "views": 2, "formatid": "gen9randombattle", "rating": 1077, "private": 0, "password": null}