{"id": "gen9randombattle-2260565638", "format": "[Gen 9] Random Battle", "players": ["Chief Quiggles", "Leggomygecko-2"], "log": "|j|\u2606Chief Quiggles\n|j|\u203dLeggomygecko-2\n|t:|1733864157\n|gametype|singles\n|player|p1|Chief Quiggles|2|1660\n|player|p2|Leggomygecko-2|102|1664\n|teamsize|p1|6\n|teamsize|p2|6\n|gen|9\n|tier|[Gen 9] Random Battle\n|rated|\n|rule|Species Clause: Limit one of each Pok\u00e9mon\n|rule|HP Percentage Mod: HP is shown in percentages\n|rule|Sleep Clause Mod: Limit one foe put to sleep\n|rule|Illusion Level Mod: Illusion disguises the Pok\u00e9mon's true level\n|\n|t:|1733864157\n|start\n|switch|p1a: Sneasler|Sneasler, L74, M|240/240\n|switch|p2a: Meowscarada|Meowscarada, L78, M|247/247\n|turn|1\n|inactive|Battle timer is ON: inactive players will automatically lose when time's up. (requested by Chief Quiggles)\n|\n|t:|1733864161\n|move|p2a: Meowscarada|U-turn|p1a: Sneasler\n|-start|p2a: Meowscarada|typechange|Bug|[from] ability: Protean\n|-resisted|p1a: Sneasler\n|-damage|p1a: Sneasler|202/240\n|\n|t:|1733864166\n|switch|p2a: Houndstone|Houndstone, L86, F|264/264|[from] U-turn\n|move|p1a: Sneasler|U-turn|p2a: Houndstone\n|-resisted|p2a: Houndstone\n|-damage|p2a: Houndstone|247/264\n|\n|t:|1733864172\n|switch|p1a: Morpeko|Morpeko, L88, M|245/245|[from] U-turn\n|\n|-heal|p2a: Houndstone|263/264|[from] item: Leftovers\n|-formechange|p1a: Morpeko|Morpeko-Hangry||[from] ability: Hunger Switch\n|upkeep\n|turn|2\n|\n|t:|1733864181\n|switch|p2a: Chesnaught|Chesnaught, L84, M|285/285\n|move|p1a: Morpeko|Aura Wheel|p2a: Chesnaught\n|-resisted|p2a: Chesnaught\n|-damage|p2a: Chesnaught|234/285\n|-boost|p1a: Morpeko|spe|1\n|\n|-formechange|p1a: Morpeko|Morpeko||[from] ability: Hunger Switch\n|upkeep\n|turn|3\n|\n|t:|1733864188\n|move|p1a: Morpeko|Parting Shot|p2a: Chesnaught\n|-unboost|p2a: Chesnaught|atk|1\n|-unboost|p2a: Chesnaught|spa|1\n|\n|t:|1733864194\n|switch|p1a: Tropius|Tropius, L91, M|328/328|[from] Parting Shot\n|move|p2a: Chesnaught|Spikes|p1a: Tropius\n|-sidestart|p1: Chief Quiggles|Spikes\n|\n|upkeep\n|turn|4\n|\n|t:|1733864202\n|switch|p2a: Lapras|Lapras, L87, F|367/367\n|move|p1a: Tropius|Substitute|p1a: Tropius\n|-start|p1a: Tropius|Substitute\n|-damage|p1a: Tropius|246/328\n|\n|upkeep\n|turn|5\n|\n|t:|1733864210\n|move|p2a: Lapras|Freeze-Dry|p1a: Tropius\n|-supereffective|p1a: Tropius\n|-end|p1a: Tropius|Substitute\n|move|p1a: Tropius|Leech Seed|p2a: Lapras|[miss]\n|-miss|p1a: Tropius|p2a: Lapras\n|\n|upkeep\n|turn|6\n|\n|t:|1733864217\n|switch|p1a: Cetitan|Cetitan, L82, F|412/412\n|-damage|p1a: Cetitan|361/412|[from] Spikes\n|move|p2a: Lapras|Freeze-Dry|p1a: Cetitan\n|-resisted|p1a: Cetitan\n|-damage|p1a: Cetitan|325/412\n|\n|upkeep\n|turn|7\n|\n|t:|1733864229\n|switch|p2a: Hypno|Hypno, L95, M|315/315\n|move|p1a: Cetitan|Belly Drum|p1a: Cetitan\n|-damage|p1a: Cetitan|119/412\n|-setboost|p1a: Cetitan|atk|6|[from] move: Belly Drum\n|-enditem|p1a: Cetitan|Sitrus Berry|[eat]\n|-heal|p1a: Cetitan|222/412|[from] item: Sitrus Berry\n|\n|upkeep\n|turn|8\n|\n|t:|1733864237\n|move|p1a: Cetitan|Ice Shard|p2a: Hypno\n|-damage|p2a: Hypno|141/315\n|move|p2a: Hypno|Focus Blast|p1a: Cetitan\n|-supereffective|p1a: Cetitan\n|-damage|p1a: Cetitan|0 fnt\n|faint|p1a: Cetitan\n|\n|-heal|p2a: Hypno|160/315|[from] item: Leftovers\n|upkeep\n|\n|t:|1733864246\n|switch|p1a: Morpeko|Morpeko, L88, M|245/245\n|turn|9\n|\n|t:|1733864251\n|move|p1a: Morpeko|Protect|p1a: Morpeko\n|-singleturn|p1a: Morpeko|Protect\n|move|p2a: Hypno|Toxic|p1a: Morpeko\n|-activate|p1a: Morpeko|move: Protect\n|\n|-heal|p2a: Hypno|179/315|[from] item: Leftovers\n|-formechange|p1a: Morpeko|Morpeko-Hangry||[from] ability: Hunger Switch\n|upkeep\n|turn|10\n|\n|t:|1733864252\n|move|p2a: Hypno|Protect|p2a: Hypno\n|-singleturn|p2a: Hypno|Protect\n|move|p1a: Morpeko|Aura Wheel|p2a: Hypno\n|-activate|p2a: Hypno|move: Protect\n|\n|-heal|p2a: Hypno|198/315|[from] item: Leftovers\n|-formechange|p1a: Morpeko|Morpeko||[from] ability: Hunger Switch\n|upkeep\n|turn|11\n|\n|t:|1733864255\n|move|p1a: Morpeko|Protect|p1a: Morpeko\n|-singleturn|p1a: Morpeko|Protect\n|move|p2a: Hypno|Psychic Noise|p1a: Morpeko\n|-activate|p1a: Morpeko|move: Protect\n|\n|-heal|p2a: Hypno|217/315|[from] item: Leftovers\n|-formechange|p1a: Morpeko|Morpeko-Hangry||[from] ability: Hunger Switch\n|upkeep\n|turn|12\n|\n|t:|1733864261\n|move|p2a: Hypno|Protect|p2a: Hypno\n|-singleturn|p2a: Hypno|Protect\n|move|p1a: Morpeko|Aura Wheel|p2a: Hypno\n|-activate|p2a: Hypno|move: Protect\n|\n|-heal|p2a: Hypno|236/315|[from] item: Leftovers\n|-formechange|p1a: Morpeko|Morpeko||[from] ability: Hunger Switch\n|upkeep\n|turn|13\n|\n|t:|1733864267\n|move|p1a: Morpeko|Parting Shot|p2a: Hypno\n|-unboost|p2a: Hypno|atk|1\n|-unboost|p2a: Hypno|spa|1\n|\n|t:|1733864273\n|switch|p1a: Tropius|Tropius, L91, M|246/328|[from] Parting Shot\n|move|p2a: Hypno|Toxic|p1a: Tropius\n|-status|p1a: Tropius|tox\n|\n|-heal|p2a: Hypno|255/315|[from] item: Leftovers\n|-damage|p1a: Tropius|226/328 tox|[from] psn\n|upkeep\n|turn|14\n|\n|t:|1733864279\n|move|p2a: Hypno|Psychic Noise|p1a: Tropius\n|-damage|p1a: Tropius|174/328 tox\n|-start|p1a: Tropius|move: Heal Block\n|move|p1a: Tropius|Leech Seed|p2a: Hypno\n|-start|p2a: Hypno|move: Leech Seed\n|\n|-heal|p2a: Hypno|274/315|[from] item: Leftovers\n|-damage|p2a: Hypno|235/315|[from] Leech Seed|[of] p1a: Tropius\n|-damage|p1a: Tropius|134/328 tox|[from] psn\n|upkeep\n|turn|15\n|\n|t:|1733864289\n|switch|p2a: Lapras|Lapras, L87, F|367/367\n|switch|p1a: Morpeko|Morpeko, L88, M|245/245\n|\n|-formechange|p1a: Morpeko|Morpeko-Hangry||[from] ability: Hunger Switch\n|upkeep\n|turn|16\n|\n|t:|1733864297\n|move|p1a: Morpeko|Rapid Spin|p2a: Lapras\n|-damage|p2a: Lapras|330/367\n|-boost|p1a: Morpeko|spe|1\n|-sideend|p1: Chief Quiggles|Spikes|[from] move: Rapid Spin|[of] p1a: Morpeko\n|move|p2a: Lapras|Ice Beam|p1a: Morpeko\n|-damage|p1a: Morpeko|56/245\n|\n|-formechange|p1a: Morpeko|Morpeko||[from] ability: Hunger Switch\n|upkeep\n|turn|17\n|\n|t:|1733864306\n|switch|p2a: Chesnaught|Chesnaught, L84, M|234/285\n|move|p1a: Morpeko|Aura Wheel|p2a: Chesnaught\n|-resisted|p2a: Chesnaught\n|-damage|p2a: Chesnaught|182/285\n|-boost|p1a: Morpeko|spe|1\n|\n|-formechange|p1a: Morpeko|Morpeko-Hangry||[from] ability: Hunger Switch\n|upkeep\n|turn|18\n|\n|t:|1733864314\n|move|p1a: Morpeko|Parting Shot|p2a: Chesnaught\n|-unboost|p2a: Chesnaught|atk|1\n|-unboost|p2a: Chesnaught|spa|1\n|\n|t:|1733864317\n|switch|p1a: Tropius|Tropius, L91, M|134/328 tox|[from] Parting Shot\n|-enditem|p1a: Tropius|Sitrus Berry|[eat]\n|-heal|p1a: Tropius|216/328 tox|[from] item: Sitrus Berry\n|move|p2a: Chesnaught|Synthesis|p2a: Chesnaught\n|-heal|p2a: Chesnaught|285/285\n|\n|-damage|p1a: Tropius|196/328 tox|[from] psn\n|-item|p1a: Tropius|Sitrus Berry|[from] ability: Harvest\n|upkeep\n|turn|19\n|\n|t:|1733864325\n|switch|p2a: Hypno|Hypno, L95, M|235/315\n|move|p1a: Tropius|Air Slash|p2a: Hypno\n|-damage|p2a: Hypno|184/315\n|\n|-heal|p2a: Hypno|203/315|[from] item: Leftovers\n|-damage|p1a: Tropius|156/328 tox|[from] psn\n|upkeep\n|-enditem|p1a: Tropius|Sitrus Berry|[eat]\n|-heal|p1a: Tropius|238/328 tox|[from] item: Sitrus Berry\n|turn|20\n|\n|t:|1733864331\n|move|p2a: Hypno|Protect|p2a: Hypno\n|-singleturn|p2a: Hypno|Protect\n|move|p1a: Tropius|Leech Seed|p2a: Hypno\n|-activate|p2a: Hypno|move: Protect\n|\n|-heal|p2a: Hypno|222/315|[from] item: Leftovers\n|-damage|p1a: Tropius|178/328 tox|[from] psn\n|upkeep\n|turn|21\n|\n|t:|1733864337\n|move|p2a: Hypno|Psychic Noise|p1a: Tropius\n|-damage|p1a: Tropius|105/328 tox\n|-start|p1a: Tropius|move: Heal Block\n|move|p1a: Tropius|Leech Seed|p2a: Hypno\n|-start|p2a: Hypno|move: Leech Seed\n|\n|-heal|p2a: Hypno|241/315|[from] item: Leftovers\n|-damage|p2a: Hypno|202/315|[from] Leech Seed|[of] p1a: Tropius\n|-damage|p1a: Tropius|25/328 tox|[from] psn\n|-item|p1a: Tropius|Sitrus Berry|[from] ability: Harvest\n|upkeep\n|turn|22\n|\n|t:|1733864349\n|move|p1a: Tropius|Protect|p1a: Tropius\n|-singleturn|p1a: Tropius|Protect\n|move|p2a: Hypno|Focus Blast|p1a: Tropius\n|-activate|p1a: Tropius|move: Protect\n|\n|-heal|p2a: Hypno|221/315|[from] item: Leftovers\n|-damage|p2a: Hypno|182/315|[from] Leech Seed|[of] p1a: Tropius\n|-damage|p1a: Tropius|0 fnt|[from] psn\n|faint|p1a: Tropius\n|upkeep\n|\n|t:|1733864352\n|switch|p1a: Morpeko|Morpeko, L88, M|56/245\n|turn|23\n|\n|t:|1733864356\n|move|p1a: Morpeko|Aura Wheel|p2a: Hypno\n|-damage|p2a: Hypno|59/315\n|-boost|p1a: Morpeko|spe|1\n|move|p2a: Hypno|Focus Blast|p1a: Morpeko|[miss]\n|-miss|p2a: Hypno|p1a: Morpeko\n|\n|-heal|p2a: Hypno|78/315|[from] item: Leftovers\n|-damage|p2a: Hypno|39/315|[from] Leech Seed|[of] p1a: Morpeko\n|-heal|p1a: Morpeko|95/245|[silent]\n|-formechange|p1a: Morpeko|Morpeko-Hangry||[from] ability: Hunger Switch\n|upkeep\n|turn|24\n|\n|t:|1733864369\n|move|p1a: Morpeko|Protect|p1a: Morpeko\n|-singleturn|p1a: Morpeko|Protect\n|move|p2a: Hypno|Focus Blast|p1a: Morpeko\n|-activate|p1a: Morpeko|move: Protect\n|\n|-heal|p2a: Hypno|58/315|[from] item: Leftovers\n|-damage|p2a: Hypno|19/315|[from] Leech Seed|[of] p1a: Morpeko\n|-heal|p1a: Morpeko|134/245|[silent]\n|-formechange|p1a: Morpeko|Morpeko||[from] ability: Hunger Switch\n|upkeep\n|turn|25\n|\n|t:|1733864375\n|move|p1a: Morpeko|Rapid Spin|p2a: Hypno\n|-damage|p2a: Hypno|0 fnt\n|-boost|p1a: Morpeko|spe|1\n|faint|p2a: Hypno\n|\n|-formechange|p1a: Morpeko|Morpeko-Hangry||[from] ability: Hunger Switch\n|upkeep\n|\n|t:|1733864380\n|switch|p2a: Chesnaught|Chesnaught, L84, M|285/285\n|turn|26\n|\n|t:|1733864391\n|move|p1a: Morpeko|Parting Shot|p2a: Chesnaught\n|-unboost|p2a: Chesnaught|atk|1\n|-unboost|p2a: Chesnaught|spa|1\n|\n|t:|1733864393\n|switch|p1a: Sneasler|Sneasler, L74, M|202/240|[from] Parting Shot\n|move|p2a: Chesnaught|Body Press|p1a: Sneasler\n|-resisted|p1a: Sneasler\n|-damage|p1a: Sneasler|127/240\n|\n|upkeep\n|turn|27\n|\n|t:|1733864400\n|move|p1a: Sneasler|U-turn|p2a: Chesnaught\n|-damage|p2a: Chesnaught|230/285\n|-damage|p1a: Sneasler|87/240|[from] item: Rocky Helmet|[of] p2a: Chesnaught\n|\n|t:|1733864407\n|switch|p1a: Empoleon|Empoleon, L84, F|278/278|[from] U-turn\n|move|p2a: Chesnaught|Body Press|p1a: Empoleon\n|-supereffective|p1a: Empoleon\n|-damage|p1a: Empoleon|60/278\n|\n|-heal|p1a: Empoleon|77/278|[from] item: Leftovers\n|upkeep\n|turn|28\n|-message|Chief Quiggles forfeited.\n|\n|win|Leggomygecko-2\n|raw|Chief Quiggles's rating: 1660 &rarr; <strong>1641</strong><br />(-19 for losing)\n|raw|Leggomygecko-2's rating: 1682 &rarr; <strong>1701</strong><br />(+19 for winning)\n|l|\u2606Chief Quiggles\n|player|p1|\n", "inputlog": ">version bfd83cad13791eb5a5a409923076391caf6fb4d4\n>start {\"formatid\":\"gen9randombattle\",\"seed\":[29624,19546,23775,24307],\"rated\":\"Rated battle\"}\n>player p1 {\"name\":\"Chief Quiggles\",\"avatar\":\"2\",\"rating\":1660,\"seed\":[13994,21793,425,8996]}\n>player p2 {\"name\":\"Leggomygecko-2\",\"avatar\":\"102\",\"rating\":1664,\"seed\":[6619,29932,29539,728]}\n>p1 move uturn\n>p2 move uturn\n>p2 switch 3\n>p1 switch 2\n>p1 move aurawheel\n>p2 switch 2\n>p1 move partingshot\n>p2 move spikes\n>p1 switch 6\n>p1 move substitute\n>p2 switch 4\n>p1 move leechseed\n>p2 move freezedry\n>p1 switch 5\n>p2 move freezedry\n>p1 move bellydrum\n>p2 switch 5\n>p1 move iceshard\n>p2 move focusblast\n>p1 switch 6\n>p1 move protect\n>p2 move toxic\n>p1 move aurawheel\n>p2 move protect\n>p1 move protect\n>p2 move psychicnoise\n>p1 move aurawheel\n>p2 move protect\n>p1 move partingshot\n>p2 move toxic\n>p1 switch 5\n>p1 move leechseed\n>p2 move psychicnoise\n>p1 switch 5\n>p2 switch 5\n>p1 move rapidspin\n>p2 move icebeam\n>p1 move aurawheel\n>p2 switch 4\n>p1 move partingshot\n>p2 move synthesis\n>p1 switch 5\n>p1 move airslash\n>p2 switch 5\n>p1 move leechseed\n>p2 move protect\n>p1 move leechseed\n>p2 move psychicnoise\n>p1 move protect\n>p2 move focusblast\n>p1 switch 5\n>p1 move aurawheel\n>p2 move focusblast\n>p1 move protect\n>p2 move focusblast\n>p1 move rapidspin\n>p2 move focusblast\n>p2 switch 5\n>p1 move partingshot\n>p2 move bodypress\n>p1 switch 2\n>p1 move uturn\n>p2 move bodypress\n>p1 switch 4\n>forcelose p1", "uploadtime": 1733864416, "views": 1, "formatid": "gen9randombattle", "rating": 1641, "private": 0, "password": null}