{"id": "gen9randombattle-2260767882", "format": "[Gen 9] Random Battle", "players": ["SnorlaxS3XOffender", "dirtygattsu"], "log": "|j|\u2606SnorlaxS3XOffender\n|j|\u2606dirtygattsu\n|t:|1733889118\n|gametype|singles\n|player|p1|SnorlaxS3XOffender|2|1165\n|player|p2|dirtygattsu|hoopster|1209\n|teamsize|p1|6\n|teamsize|p2|6\n|gen|9\n|tier|[Gen 9] Random Battle\n|rated|\n|rule|Species Clause: Limit one of each Pok\u00e9mon\n|rule|HP Percentage Mod: HP is shown in percentages\n|rule|Sleep Clause Mod: Limit one foe put to sleep\n|rule|Illusion Level Mod: Illusion disguises the Pok\u00e9mon's true level\n|\n|t:|1733889118\n|start\n|switch|p1a: Misdreavus|Misdreavus, L90, F|254/254\n|switch|p2a: Snorlax|Snorlax, L82, M|397/397\n|turn|1\n|inactive|Battle timer is ON: inactive players will automatically lose when time's up. (requested by dirtygattsu)\n|\n|t:|1733889136\n|switch|p2a: Morpeko|Morpeko, L88, F|245/245\n|move|p1a: Misdreavus|Will-O-Wisp|p2a: Morpeko\n|-status|p2a: Morpeko|brn\n|\n|-damage|p2a: Morpeko|230/245 brn|[from] brn\n|-formechange|p2a: Morpeko|Morpeko-Hangry||[from] ability: Hunger Switch\n|upkeep\n|turn|2\n|\n|t:|1733889155\n|-terastallize|p1a: Misdreavus|Fairy\n|move|p2a: Morpeko|Aura Wheel|p1a: Misdreavus\n|-resisted|p1a: Misdreavus\n|-damage|p1a: Misdreavus|227/254\n|-boost|p2a: Morpeko|spe|1\n|move|p1a: Misdreavus|Draining Kiss|p2a: Morpeko\n|-supereffective|p2a: Morpeko\n|-damage|p2a: Morpeko|72/245 brn\n|-heal|p1a: Misdreavus|254/254|[from] drain|[of] p2a: Morpeko\n|\n|-damage|p2a: Morpeko|57/245 brn|[from] brn\n|-formechange|p2a: Morpeko|Morpeko||[from] ability: Hunger Switch\n|upkeep\n|turn|3\n|\n|t:|1733889167\n|move|p2a: Morpeko|Protect|p2a: Morpeko\n|-singleturn|p2a: Morpeko|Protect\n|move|p1a: Misdreavus|Draining Kiss|p2a: Morpeko\n|-activate|p2a: Morpeko|move: Protect\n|\n|-damage|p2a: Morpeko|42/245 brn|[from] brn\n|-formechange|p2a: Morpeko|Morpeko-Hangry||[from] ability: Hunger Switch\n|upkeep\n|turn|4\n|\n|t:|1733889177\n|move|p2a: Morpeko|Parting Shot|p1a: Misdreavus\n|-unboost|p1a: Misdreavus|atk|1\n|-unboost|p1a: Misdreavus|spa|1\n|\n|t:|1733889184\n|switch|p2a: Snorlax|Snorlax, L82, M|397/397|[from] Parting Shot\n|move|p1a: Misdreavus|Draining Kiss|p2a: Snorlax\n|-damage|p2a: Snorlax|360/397\n|\n|-heal|p2a: Snorlax|384/397|[from] item: Leftovers\n|upkeep\n|turn|5\n|\n|t:|1733889192\n|move|p1a: Misdreavus|Will-O-Wisp|p2a: Snorlax\n|-status|p2a: Snorlax|brn\n|move|p2a: Snorlax|Curse|p2a: Snorlax\n|-unboost|p2a: Snorlax|spe|1\n|-boost|p2a: Snorlax|atk|1\n|-boost|p2a: Snorlax|def|1\n|\n|-heal|p2a: Snorlax|397/397 brn|[from] item: Leftovers\n|-damage|p2a: Snorlax|373/397 brn|[from] brn\n|upkeep\n|turn|6\n|\n|t:|1733889209\n|switch|p1a: Great Tusk|Great Tusk, L77|304/304\n|move|p2a: Snorlax|Rest|p2a: Snorlax\n|-status|p2a: Snorlax|slp|[from] move: Rest\n|-heal|p2a: Snorlax|397/397 slp|[silent]\n|\n|upkeep\n|turn|7\n|\n|t:|1733889220\n|-terastallize|p2a: Snorlax|Poison\n|move|p1a: Great Tusk|Close Combat|p2a: Snorlax\n|-resisted|p2a: Snorlax\n|-damage|p2a: Snorlax|318/397 slp\n|-unboost|p1a: Great Tusk|def|1\n|-unboost|p1a: Great Tusk|spd|1\n|cant|p2a: Snorlax|slp\n|move|p2a: Snorlax|Sleep Talk|p2a: Snorlax\n|move|p2a: Snorlax|Curse|p2a: Snorlax|[from]move: Sleep Talk\n|-unboost|p2a: Snorlax|spe|1\n|-boost|p2a: Snorlax|atk|1\n|-boost|p2a: Snorlax|def|1\n|\n|-heal|p2a: Snorlax|342/397 slp|[from] item: Leftovers\n|upkeep\n|turn|8\n|\n|t:|1733889242\n|-end|p1a: Great Tusk|Protosynthesis|[silent]\n|switch|p1a: Excadrill|Excadrill, L79, F|303/303\n|-ability|p1a: Excadrill|Mold Breaker\n|cant|p2a: Snorlax|slp\n|move|p2a: Snorlax|Sleep Talk|p2a: Snorlax\n|move|p2a: Snorlax|Curse|p2a: Snorlax|[from]move: Sleep Talk\n|-unboost|p2a: Snorlax|spe|1\n|-boost|p2a: Snorlax|atk|1\n|-boost|p2a: Snorlax|def|1\n|\n|-heal|p2a: Snorlax|366/397 slp|[from] item: Leftovers\n|upkeep\n|turn|9\n|\n|t:|1733889260\n|move|p1a: Excadrill|Earthquake|p2a: Snorlax\n|-supereffective|p2a: Snorlax\n|-damage|p2a: Snorlax|232/397 slp\n|-curestatus|p2a: Snorlax|slp|[msg]\n|move|p2a: Snorlax|Curse|p2a: Snorlax\n|-unboost|p2a: Snorlax|spe|1\n|-boost|p2a: Snorlax|atk|1\n|-boost|p2a: Snorlax|def|1\n|\n|-heal|p2a: Snorlax|256/397|[from] item: Leftovers\n|upkeep\n|turn|10\n|\n|t:|1733889272\n|move|p1a: Excadrill|Earthquake|p2a: Snorlax\n|-supereffective|p2a: Snorlax\n|-damage|p2a: Snorlax|140/397\n|move|p2a: Snorlax|Rest|p2a: Snorlax\n|-status|p2a: Snorlax|slp|[from] move: Rest\n|-heal|p2a: Snorlax|397/397 slp|[silent]\n|\n|upkeep\n|turn|11\n|\n|t:|1733889278\n|move|p1a: Excadrill|Earthquake|p2a: Snorlax\n|-supereffective|p2a: Snorlax\n|-damage|p2a: Snorlax|295/397 slp\n|cant|p2a: Snorlax|slp\n|move|p2a: Snorlax|Sleep Talk|p2a: Snorlax\n|move|p2a: Snorlax|Rest||[from]move: Sleep Talk|[still]\n|-fail|p2a: Snorlax\n|\n|-heal|p2a: Snorlax|319/397 slp|[from] item: Leftovers\n|upkeep\n|turn|12\n|\n|t:|1733889288\n|move|p1a: Excadrill|Earthquake|p2a: Snorlax\n|-supereffective|p2a: Snorlax\n|-damage|p2a: Snorlax|217/397 slp\n|cant|p2a: Snorlax|slp\n|move|p2a: Snorlax|Sleep Talk|p2a: Snorlax\n|move|p2a: Snorlax|Curse|p2a: Snorlax|[from]move: Sleep Talk\n|-unboost|p2a: Snorlax|spe|1\n|-boost|p2a: Snorlax|atk|1\n|-boost|p2a: Snorlax|def|1\n|\n|-heal|p2a: Snorlax|241/397 slp|[from] item: Leftovers\n|upkeep\n|turn|13\n|\n|t:|1733889314\n|switch|p1a: Latias|Latias, L79, F|256/256\n|-curestatus|p2a: Snorlax|slp|[msg]\n|move|p2a: Snorlax|Rest|p2a: Snorlax\n|-status|p2a: Snorlax|slp|[from] move: Rest\n|-heal|p2a: Snorlax|397/397 slp|[silent]\n|\n|upkeep\n|turn|14\n|\n|t:|1733889329\n|move|p1a: Latias|Calm Mind|p1a: Latias\n|-boost|p1a: Latias|spa|1\n|-boost|p1a: Latias|spd|1\n|cant|p2a: Snorlax|slp\n|move|p2a: Snorlax|Sleep Talk|p2a: Snorlax\n|move|p2a: Snorlax|Curse|p2a: Snorlax|[from]move: Sleep Talk\n|-unboost|p2a: Snorlax|spe|1\n|-boost|p2a: Snorlax|atk|1\n|-boost|p2a: Snorlax|def|1\n|\n|upkeep\n|turn|15\n|\n|t:|1733889338\n|move|p1a: Latias|Calm Mind|p1a: Latias\n|-boost|p1a: Latias|spa|1\n|-boost|p1a: Latias|spd|1\n|cant|p2a: Snorlax|slp\n|move|p2a: Snorlax|Sleep Talk|p2a: Snorlax\n|move|p2a: Snorlax|Rest||[from]move: Sleep Talk|[still]\n|-fail|p2a: Snorlax\n|\n|upkeep\n|turn|16\n|\n|t:|1733889348\n|move|p1a: Latias|Psyshock|p2a: Snorlax\n|-supereffective|p2a: Snorlax\n|-damage|p2a: Snorlax|263/397 slp\n|-curestatus|p2a: Snorlax|slp|[msg]\n|move|p2a: Snorlax|Body Slam|p1a: Latias\n|-damage|p1a: Latias|0 fnt\n|faint|p1a: Latias\n|\n|-heal|p2a: Snorlax|287/397|[from] item: Leftovers\n|upkeep\n|inactive|SnorlaxS3XOffender has 120 seconds left.\n|\n|t:|1733889373\n|switch|p1a: Excadrill|Excadrill, L79, F|303/303\n|-ability|p1a: Excadrill|Mold Breaker\n|turn|17\n|\n|t:|1733889387\n|move|p1a: Excadrill|Iron Head|p2a: Snorlax\n|-damage|p2a: Snorlax|256/397\n|move|p2a: Snorlax|Body Slam|p1a: Excadrill\n|-resisted|p1a: Excadrill\n|-damage|p1a: Excadrill|46/303\n|\n|-heal|p2a: Snorlax|280/397|[from] item: Leftovers\n|upkeep\n|turn|18\n|-message|SnorlaxS3XOffender forfeited.\n|\n|win|dirtygattsu\n|raw|SnorlaxS3XOffender's rating: 1165 &rarr; <strong>1143</strong><br />(-22 for losing)\n|raw|dirtygattsu's rating: 1209 &rarr; <strong>1231</strong><br />(+22 for winning)\n|l|\u2606SnorlaxS3XOffender\n|player|p1|\n", "inputlog": ">version bfd83cad13791eb5a5a409923076391caf6fb4d4\n>start {\"formatid\":\"gen9randombattle\",\"seed\":[47464,6416,61977,11494],\"rated\":\"Rated battle\"}\n>player p1 {\"name\":\"SnorlaxS3XOffender\",\"avatar\":\"2\",\"rating\":1165,\"seed\":[35501,32644,55944,12791]}\n>player p2 {\"name\":\"dirtygattsu\",\"avatar\":\"hoopster\",\"rating\":1209,\"seed\":[22056,3611,1325,14652]}\n>p1 move willowisp\n>p2 switch 5\n>p1 move drainingkiss terastallize\n>p2 move aurawheel\n>p1 move drainingkiss\n>p2 move protect\n>p1 move drainingkiss\n>p2 move partingshot\n>p2 switch 5\n>p1 move willowisp\n>p2 move curse\n>p1 switch 4\n>p2 move rest\n>p1 move closecombat\n>p2 move sleeptalk terastallize\n>p1 switch 3\n>p2 move sleeptalk\n>p1 move earthquake\n>p2 move curse\n>p1 move earthquake\n>p2 move rest\n>p1 move earthquake\n>p2 move sleeptalk\n>p1 move earthquake\n>p2 move sleeptalk\n>p1 switch 2\n>p2 move rest\n>p1 move calmmind\n>p2 move sleeptalk\n>p1 move calmmind\n>p2 move sleeptalk\n>p1 move psyshock\n>p2 move bodyslam\n>p1 switch 2\n>p1 move ironhead\n>p2 move bodyslam\n>forcelose p1", "uploadtime": 1733889395, "views": 9, "formatid": "gen9randombattle", "rating": 1143, "private": 0, "password": null}