{"id": "gen9randombattle-2260706427", "format": "[Gen 9] Random Battle", "players": ["enstrom", "Yes Indubitably"], "log": "|j|\u203denstrom\n|j|\u2606Yes Indubitably\n|t:|1733880929\n|gametype|singles\n|player|p1|enstrom|rancher|2126\n|player|p2|Yes Indubitably|unknown|2220\n|teamsize|p1|6\n|teamsize|p2|6\n|gen|9\n|tier|[Gen 9] Random Battle\n|rated|\n|rule|Species Clause: Limit one of each Pok\u00e9mon\n|rule|HP Percentage Mod: HP is shown in percentages\n|rule|Sleep Clause Mod: Limit one foe put to sleep\n|rule|Illusion Level Mod: Illusion disguises the Pok\u00e9mon's true level\n|\n|t:|1733880929\n|start\n|switch|p1a: Bruxish|Bruxish, L85, M|254/254\n|switch|p2a: Tauros|Tauros, L82, M|257/257\n|turn|1\n|inactive|Battle timer is ON: inactive players will automatically lose when time's up. (requested by Yes Indubitably)\n|inactive|enstrom also wants the timer to be on.\n|inactive|enstrom has 120 seconds left.\n|\n|t:|1733880961\n|switch|p1a: Gurdurr|Gurdurr, L85, F|283/283\n|move|p2a: Tauros|Throat Chop|p1a: Gurdurr\n|-resisted|p1a: Gurdurr\n|-damage|p1a: Gurdurr|251/283\n|\n|upkeep\n|turn|2\n|j| sun24680\n|inactive|Yes Indubitably has 120 seconds left.\n|\n|t:|1733880991\n|switch|p2a: Toxicroak|Toxicroak, L84, M|277/277\n|move|p1a: Gurdurr|Knock Off|p2a: Toxicroak\n|-resisted|p2a: Toxicroak\n|-crit|p2a: Toxicroak\n|-damage|p2a: Toxicroak|203/277\n|-enditem|p2a: Toxicroak|Life Orb|[from] move: Knock Off|[of] p1a: Gurdurr\n|\n|upkeep\n|turn|3\n|\n|t:|1733881003\n|switch|p1a: Swalot|Swalot, L90, F|326/326\n|move|p2a: Toxicroak|Knock Off|p1a: Swalot\n|-damage|p1a: Swalot|259/326\n|-enditem|p1a: Swalot|Leftovers|[from] move: Knock Off|[of] p2a: Toxicroak\n|\n|upkeep\n|turn|4\n|inactive|Yes Indubitably has 120 seconds left.\n|\n|t:|1733881033\n|switch|p2a: Zangoose|Zangoose, L85, F|263/263\n|move|p1a: Swalot|Earthquake|p2a: Zangoose\n|-damage|p2a: Zangoose|181/263\n|\n|-status|p2a: Zangoose|tox|[from] item: Toxic Orb\n|upkeep\n|turn|5\n|inactive|Yes Indubitably has 120 seconds left.\n|\n|t:|1733881059\n|move|p2a: Zangoose|Facade|p1a: Swalot\n|-damage|p1a: Swalot|19/326\n|move|p1a: Swalot|Gunk Shot|p2a: Zangoose\n|-damage|p2a: Zangoose|39/263 tox\n|\n|-damage|p2a: Zangoose|23/263 tox|[from] psn\n|upkeep\n|turn|6\n|\n|t:|1733881067\n|move|p2a: Zangoose|Facade|p1a: Swalot\n|-damage|p1a: Swalot|0 fnt\n|faint|p1a: Swalot\n|\n|-damage|p2a: Zangoose|0 fnt|[from] psn\n|faint|p2a: Zangoose\n|upkeep\n|inactive|Yes Indubitably has 120 seconds left.\n|\n|t:|1733881090\n|switch|p2a: Rhyperior|Rhyperior, L82, M|323/323\n|switch|p1a: Toucannon|Toucannon, L88, F|284/284\n|turn|7\n|inactive|Yes Indubitably has 120 seconds left.\n|l| sun24680\n|inactive|enstrom has 120 seconds left.\n|\n|t:|1733881109\n|move|p1a: Toucannon|Bullet Seed|p2a: Rhyperior\n|-supereffective|p2a: Rhyperior\n|-damage|p2a: Rhyperior|266/323\n|-supereffective|p2a: Rhyperior\n|-damage|p2a: Rhyperior|209/323\n|-supereffective|p2a: Rhyperior\n|-damage|p2a: Rhyperior|158/323\n|-supereffective|p2a: Rhyperior\n|-damage|p2a: Rhyperior|101/323\n|-supereffective|p2a: Rhyperior\n|-damage|p2a: Rhyperior|47/323\n|-hitcount|p2a: Rhyperior|5\n|move|p2a: Rhyperior|Stone Edge|p1a: Toucannon\n|-supereffective|p1a: Toucannon\n|-damage|p1a: Toucannon|0 fnt\n|faint|p1a: Toucannon\n|\n|upkeep\n|inactive|enstrom has 120 seconds left.\n|\n|t:|1733881120\n|switch|p1a: Gurdurr|Gurdurr, L85, F|251/283\n|turn|8\n|\n|t:|1733881128\n|switch|p2a: Toxicroak|Toxicroak, L84, M|203/277\n|move|p1a: Gurdurr|Drain Punch|p2a: Toxicroak\n|-resisted|p2a: Toxicroak\n|-damage|p2a: Toxicroak|152/277\n|-heal|p1a: Gurdurr|277/283|[from] drain|[of] p2a: Toxicroak\n|\n|upkeep\n|turn|9\n|inactive|enstrom has 120 seconds left.\n|\n|t:|1733881159\n|move|p2a: Toxicroak|Knock Off|p1a: Gurdurr\n|-resisted|p1a: Gurdurr\n|-damage|p1a: Gurdurr|254/283\n|-enditem|p1a: Gurdurr|Eviolite|[from] move: Knock Off|[of] p2a: Toxicroak\n|move|p1a: Gurdurr|Drain Punch|p2a: Toxicroak\n|-resisted|p2a: Toxicroak\n|-damage|p2a: Toxicroak|96/277\n|-heal|p1a: Gurdurr|282/283|[from] drain|[of] p2a: Toxicroak\n|\n|upkeep\n|turn|10\n|\n|t:|1733881176\n|move|p2a: Toxicroak|Close Combat|p1a: Gurdurr\n|-damage|p1a: Gurdurr|150/283\n|-unboost|p2a: Toxicroak|def|1\n|-unboost|p2a: Toxicroak|spd|1\n|move|p1a: Gurdurr|Drain Punch|p2a: Toxicroak\n|-resisted|p2a: Toxicroak\n|-damage|p2a: Toxicroak|7/277\n|-heal|p1a: Gurdurr|195/283|[from] drain|[of] p2a: Toxicroak\n|\n|upkeep\n|turn|11\n|\n|t:|1733881184\n|move|p1a: Gurdurr|Mach Punch|p2a: Toxicroak\n|-resisted|p2a: Toxicroak\n|-damage|p2a: Toxicroak|0 fnt\n|faint|p2a: Toxicroak\n|\n|upkeep\n|inactive|Yes Indubitably has 120 seconds left.\n|\n|t:|1733881212\n|switch|p2a: Mienshao|Mienshao, L83, F|244/244\n|turn|12\n|\n|t:|1733881218\n|move|p2a: Mienshao|Swords Dance|p2a: Mienshao\n|-boost|p2a: Mienshao|atk|2\n|move|p1a: Gurdurr|Drain Punch|p2a: Mienshao\n|-damage|p2a: Mienshao|127/244\n|-heal|p1a: Gurdurr|254/283|[from] drain|[of] p2a: Mienshao\n|\n|upkeep\n|turn|13\n|inactive|enstrom has 120 seconds left.\n|\n|t:|1733881250\n|move|p1a: Gurdurr|Mach Punch|p2a: Mienshao\n|-damage|p2a: Mienshao|63/244\n|move|p2a: Mienshao|Close Combat|p1a: Gurdurr\n|-damage|p1a: Gurdurr|0 fnt\n|-unboost|p2a: Mienshao|def|1\n|-unboost|p2a: Mienshao|spd|1\n|faint|p1a: Gurdurr\n|-damage|p2a: Mienshao|39/244|[from] item: Life Orb\n|\n|upkeep\n|\n|t:|1733881259\n|switch|p1a: Fezandipiti|Fezandipiti, L82, M|278/278\n|turn|14\n|\n|t:|1733881267\n|move|p2a: Mienshao|Poison Jab|p1a: Fezandipiti\n|-damage|p1a: Fezandipiti|82/278\n|-damage|p2a: Mienshao|15/244|[from] item: Life Orb\n|move|p1a: Fezandipiti|U-turn|p2a: Mienshao\n|-resisted|p2a: Mienshao\n|-damage|p2a: Mienshao|0 fnt\n|faint|p2a: Mienshao\n|inactive|enstrom has 120 seconds left.\n|\n|t:|1733881285\n|switch|p1a: Bruxish|Bruxish, L85, M|254/254|[from] U-turn\n|\n|upkeep\n|\n|t:|1733881291\n|switch|p2a: Tauros|Tauros, L82, M|257/257\n|turn|15\n|inactive|enstrom has 120 seconds left.\n|\n|t:|1733881302\n|move|p2a: Tauros|Throat Chop|p1a: Bruxish\n|-supereffective|p1a: Bruxish\n|-damage|p1a: Bruxish|56/254\n|move|p1a: Bruxish|Wave Crash|p2a: Tauros\n|-damage|p2a: Tauros|65/257\n|-damage|p1a: Bruxish|0 fnt|[from] Recoil\n|faint|p1a: Bruxish\n|\n|upkeep\n|\n|t:|1733881308\n|switch|p1a: Politoed|Politoed, L88, F|302/302\n|-weather|RainDance|[from] ability: Drizzle|[of] p1a: Politoed\n|turn|16\n|inactive|enstrom has 120 seconds left.\n|\n|t:|1733881328\n|switch|p2a: Rhyperior|Rhyperior, L82, M|47/323\n|move|p1a: Politoed|Weather Ball|p2a: Rhyperior\n|-supereffective|p2a: Rhyperior\n|-crit|p2a: Rhyperior\n|-damage|p2a: Rhyperior|0 fnt\n|faint|p2a: Rhyperior\n|\n|-weather|RainDance|[upkeep]\n|upkeep\n|\n|t:|1733881332\n|switch|p2a: Toxapex|Toxapex, L82, M|216/216\n|turn|17\n|inactive|enstrom has 120 seconds left.\n|\n|t:|1733881348\n|-terastallize|p1a: Politoed|Water\n|move|p1a: Politoed|Weather Ball|p2a: Toxapex\n|-resisted|p2a: Toxapex\n|-damage|p2a: Toxapex|109/216\n|move|p2a: Toxapex|Recover|p2a: Toxapex\n|-heal|p2a: Toxapex|216/216\n|\n|-weather|RainDance|[upkeep]\n|upkeep\n|turn|18\n|\n|t:|1733881354\n|move|p1a: Politoed|Weather Ball|p2a: Toxapex\n|-resisted|p2a: Toxapex\n|-damage|p2a: Toxapex|108/216\n|move|p2a: Toxapex|Recover|p2a: Toxapex\n|-heal|p2a: Toxapex|216/216\n|\n|-weather|RainDance|[upkeep]\n|upkeep\n|turn|19\n|\n|t:|1733881364\n|move|p1a: Politoed|Weather Ball|p2a: Toxapex\n|-resisted|p2a: Toxapex\n|-damage|p2a: Toxapex|108/216\n|move|p2a: Toxapex|Recover|p2a: Toxapex\n|-heal|p2a: Toxapex|216/216\n|\n|-weather|RainDance|[upkeep]\n|upkeep\n|turn|20\n|\n|t:|1733881370\n|move|p1a: Politoed|Weather Ball|p2a: Toxapex\n|-resisted|p2a: Toxapex\n|-damage|p2a: Toxapex|109/216\n|move|p2a: Toxapex|Recover|p2a: Toxapex\n|-heal|p2a: Toxapex|216/216\n|\n|-weather|none\n|upkeep\n|turn|21\n|\n|t:|1733881376\n|switch|p1a: Fezandipiti|Fezandipiti, L82, M|82/278\n|move|p2a: Toxapex|Toxic Spikes|p1a: Fezandipiti\n|-sidestart|p1: enstrom|move: Toxic Spikes\n|\n|upkeep\n|turn|22\n|\n|t:|1733881385\n|move|p1a: Fezandipiti|Gunk Shot|p2a: Toxapex\n|-resisted|p2a: Toxapex\n|-damage|p2a: Toxapex|176/216\n|move|p2a: Toxapex|Toxic Spikes|p1a: Fezandipiti\n|-sidestart|p1: enstrom|move: Toxic Spikes\n|\n|upkeep\n|turn|23\n|\n|t:|1733881390\n|move|p1a: Fezandipiti|Gunk Shot|p2a: Toxapex\n|-resisted|p2a: Toxapex\n|-damage|p2a: Toxapex|140/216\n|move|p2a: Toxapex|Liquidation|p1a: Fezandipiti\n|-damage|p1a: Fezandipiti|13/278\n|\n|upkeep\n|turn|24\n|\n|t:|1733881399\n|move|p1a: Fezandipiti|U-turn|p2a: Toxapex\n|-resisted|p2a: Toxapex\n|-crit|p2a: Toxapex\n|-damage|p2a: Toxapex|118/216\n|-damage|p1a: Fezandipiti|0 fnt|[from] item: Rocky Helmet|[of] p2a: Toxapex\n|faint|p1a: Fezandipiti\n|move|p2a: Toxapex|Recover|p2a: Toxapex\n|-heal|p2a: Toxapex|216/216\n|\n|upkeep\n|\n|t:|1733881406\n|switch|p1a: Politoed|Politoed, L88, F, tera:Water|302/302\n|-status|p1a: Politoed|tox\n|-weather|RainDance|[from] ability: Drizzle|[of] p1a: Politoed\n|turn|25\n|\n|t:|1733881416\n|move|p1a: Politoed|Hydro Pump|p2a: Toxapex\n|-resisted|p2a: Toxapex\n|-damage|p2a: Toxapex|87/216\n|move|p2a: Toxapex|Recover|p2a: Toxapex\n|-heal|p2a: Toxapex|195/216\n|\n|-weather|RainDance|[upkeep]\n|-damage|p1a: Politoed|284/302 tox|[from] psn\n|upkeep\n|turn|26\n|\n|t:|1733881420\n|move|p1a: Politoed|Hydro Pump|p2a: Toxapex|[miss]\n|-miss|p1a: Politoed|p2a: Toxapex\n|move|p2a: Toxapex|Recover|p2a: Toxapex\n|-heal|p2a: Toxapex|216/216\n|\n|-weather|RainDance|[upkeep]\n|-damage|p1a: Politoed|248/302 tox|[from] psn\n|upkeep\n|turn|27\n|-message|enstrom forfeited.\n|\n|win|Yes Indubitably\n|raw|enstrom's rating: 2126 &rarr; <strong>2111</strong><br />(-15 for losing)\n|raw|Yes Indubitably's rating: 2220 &rarr; <strong>2235</strong><br />(+15 for winning)\n|l|\u203denstrom\n|player|p1|\n", "inputlog": ">version bfd83cad13791eb5a5a409923076391caf6fb4d4\n>start {\"formatid\":\"gen9randombattle\",\"seed\":[11924,13580,65422,26036],\"rated\":\"Rated battle\"}\n>player p1 {\"name\":\"enstrom\",\"avatar\":\"rancher\",\"rating\":2126,\"seed\":[42023,62938,53248,32090]}\n>player p2 {\"name\":\"Yes Indubitably\",\"avatar\":\"unknown\",\"rating\":2220,\"seed\":[64076,6516,23820,52948]}\n>p1 switch 3\n>p2 move throatchop\n>p1 move knockoff\n>p2 switch 6\n>p1 switch 4\n>p2 move knockoff\n>p1 move earthquake\n>p2 switch 3\n>p1 move gunkshot\n>p2 move facade\n>p1 move knockoff\n>p2 move facade\n>p1 switch 2\n>p2 switch 2\n>p1 move bulletseed\n>p2 move stoneedge\n>p1 switch 4\n>p1 move drainpunch\n>p2 switch 3\n>p1 move drainpunch\n>p2 move knockoff\n>p1 move drainpunch\n>p2 move closecombat\n>p1 move machpunch\n>p2 move closecombat\n>p2 switch 5\n>p1 move drainpunch\n>p2 move swordsdance\n>p1 move machpunch\n>p2 move closecombat\n>p1 switch 6\n>p1 move uturn\n>p2 move poisonjab\n>p1 switch 3\n>p2 switch 6\n>p1 move wavecrash\n>p2 move throatchop\n>p1 switch 5\n>p1 move weatherball\n>p2 switch 3\n>p2 switch 4\n>p1 move weatherball terastallize\n>p2 move recover\n>p1 move weatherball\n>p2 move recover\n>p1 move weatherball\n>p2 move recover\n>p1 move weatherball\n>p2 move recover\n>p1 switch 3\n>p2 move toxicspikes\n>p1 move gunkshot\n>p2 move toxicspikes\n>p1 move gunkshot\n>p2 move liquidation\n>p1 move uturn\n>p2 move recover\n>p1 switch 3\n>p1 move hydropump\n>p2 move recover\n>p1 move hydropump\n>p2 move recover\n>forcelose p1", "uploadtime": 1733881433, "views": 1, "formatid": "gen9randombattle", "rating": 2111, "private": 0, "password": null}