{"id": "gen9randombattle-2260275655", "format": "[Gen 9] Random Battle", "players": ["JuanAsh \u2605\u2605\u2605\u2605", "sanketsu shoujo"], "log": "|j|\u2606JuanAsh \u2605\u2605\u2605\u2605\n|j|\u2606sanketsu shoujo\n|t:|1733833750\n|gametype|singles\n|player|p1|JuanAsh \u2605\u2605\u2605\u2605|nemona-v|2258\n|player|p2|sanketsu shoujo|misty-masters|2234\n|teamsize|p1|6\n|teamsize|p2|6\n|gen|9\n|tier|[Gen 9] Random Battle\n|rated|\n|rule|Species Clause: Limit one of each Pok\u00e9mon\n|rule|HP Percentage Mod: HP is shown in percentages\n|rule|Sleep Clause Mod: Limit one foe put to sleep\n|rule|Illusion Level Mod: Illusion disguises the Pok\u00e9mon's true level\n|\n|t:|1733833750\n|start\n|switch|p1a: Roaring Moon|Roaring Moon, L72|270/270\n|switch|p2a: Decidueye|Decidueye, L88, F|281/281\n|turn|1\n|inactive|Battle timer is ON: inactive players will automatically lose when time's up. (requested by JuanAsh \u2605\u2605\u2605\u2605)\n|\n|t:|1733833757\n|switch|p2a: Granbull|Granbull, L88, M|302/302\n|-ability|p2a: Granbull|Intimidate|boost\n|-unboost|p1a: Roaring Moon|atk|1\n|move|p1a: Roaring Moon|Knock Off|p2a: Granbull\n|-resisted|p2a: Granbull\n|-damage|p2a: Granbull|252/302\n|-enditem|p2a: Granbull|Leftovers|[from] move: Knock Off|[of] p1a: Roaring Moon\n|\n|upkeep\n|turn|2\n|\n|t:|1733833767\n|-end|p1a: Roaring Moon|Protosynthesis|[silent]\n|switch|p1a: Kleavor|Kleavor, L78, F|237/237\n|move|p2a: Granbull|Thunder Wave|p1a: Kleavor\n|-status|p1a: Kleavor|par\n|\n|upkeep\n|turn|3\n|\n|t:|1733833771\n|move|p2a: Granbull|Play Rough|p1a: Kleavor\n|-damage|p1a: Kleavor|104/237 par\n|move|p1a: Kleavor|Stone Axe|p2a: Granbull\n|-damage|p2a: Granbull|131/302\n|-sidestart|p2: sanketsu shoujo|move: Stealth Rock\n|\n|upkeep\n|turn|4\n|\n|t:|1733833775\n|move|p2a: Granbull|Play Rough|p1a: Kleavor\n|-damage|p1a: Kleavor|0 fnt\n|faint|p1a: Kleavor\n|\n|upkeep\n|\n|t:|1733833779\n|switch|p1a: Emboar|Emboar, L84, F|322/322\n|turn|5\n|\n|t:|1733833785\n|switch|p2a: Heatran|Heatran, L79, M|273/273\n|-damage|p2a: Heatran|239/273|[from] Stealth Rock\n|-item|p2a: Heatran|Air Balloon\n|move|p1a: Emboar|Flare Blitz|p2a: Heatran\n|-start|p2a: Heatran|ability: Flash Fire\n|\n|upkeep\n|turn|6\n|\n|t:|1733833793\n|switch|p1a: Roaring Moon|Roaring Moon, L72|270/270\n|-end|p2a: Heatran|ability: Flash Fire|[silent]\n|switch|p2a: Granbull|Granbull, L88, M|131/302\n|-damage|p2a: Granbull|94/302|[from] Stealth Rock\n|-ability|p2a: Granbull|Intimidate|boost\n|-unboost|p1a: Roaring Moon|atk|1\n|\n|upkeep\n|turn|7\n|\n|t:|1733833799\n|move|p1a: Roaring Moon|Iron Head|p2a: Granbull\n|-supereffective|p2a: Granbull\n|-damage|p2a: Granbull|0 fnt\n|faint|p2a: Granbull\n|\n|upkeep\n|\n|t:|1733833808\n|switch|p2a: Dugtrio|Dugtrio-Alola, L84, F|196/196\n|-damage|p2a: Dugtrio|190/196|[from] Stealth Rock\n|turn|8\n|\n|t:|1733833824\n|-end|p1a: Roaring Moon|Protosynthesis|[silent]\n|switch|p1a: Sceptile|Sceptile, L87, F|264/264\n|move|p2a: Dugtrio|Earthquake|p1a: Sceptile\n|-resisted|p1a: Sceptile\n|-damage|p1a: Sceptile|171/264\n|\n|-heal|p1a: Sceptile|187/264|[from] item: Leftovers\n|upkeep\n|turn|9\n|\n|t:|1733833831\n|switch|p1a: Emboar|Emboar, L84, F|322/322\n|switch|p2a: Landorus|Landorus-Therian, L76, M|260/260\n|-damage|p2a: Landorus|228/260|[from] Stealth Rock\n|-ability|p2a: Landorus|Intimidate|boost\n|-unboost|p1a: Emboar|atk|1\n|\n|-heal|p2a: Landorus|244/260|[from] item: Leftovers\n|upkeep\n|turn|10\n|\n|t:|1733833839\n|switch|p1a: Cinccino|Cinccino, L83, M|260/260\n|move|p2a: Landorus|U-turn|p1a: Cinccino\n|-damage|p1a: Cinccino|191/260\n|\n|t:|1733833847\n|switch|p2a: Heatran|Heatran, L79, M|239/273|[from] U-turn\n|-damage|p2a: Heatran|205/273|[from] Stealth Rock\n|-item|p2a: Heatran|Air Balloon\n|\n|upkeep\n|turn|11\n|\n|t:|1733833852\n|move|p1a: Cinccino|U-turn|p2a: Heatran\n|-resisted|p2a: Heatran\n|-damage|p2a: Heatran|194/273\n|-enditem|p2a: Heatran|Air Balloon\n|\n|t:|1733833855\n|switch|p1a: Emboar|Emboar, L84, F|322/322|[from] U-turn\n|move|p2a: Heatran|Stealth Rock|p1a: Emboar\n|-sidestart|p1: JuanAsh \u2605\u2605\u2605\u2605|move: Stealth Rock\n|\n|upkeep\n|turn|12\n|\n|t:|1733833859\n|switch|p2a: Landorus|Landorus-Therian, L76, M|244/260\n|-damage|p2a: Landorus|212/260|[from] Stealth Rock\n|-ability|p2a: Landorus|Intimidate|boost\n|-unboost|p1a: Emboar|atk|1\n|move|p1a: Emboar|Close Combat|p2a: Landorus\n|-resisted|p2a: Landorus\n|-damage|p2a: Landorus|156/260\n|-unboost|p1a: Emboar|def|1\n|-unboost|p1a: Emboar|spd|1\n|\n|-heal|p2a: Landorus|172/260|[from] item: Leftovers\n|upkeep\n|turn|13\n|\n|t:|1733833862\n|switch|p1a: Cinccino|Cinccino, L83, M|191/260\n|-damage|p1a: Cinccino|159/260|[from] Stealth Rock\n|move|p2a: Landorus|U-turn|p1a: Cinccino\n|-damage|p1a: Cinccino|87/260\n|\n|t:|1733833869\n|switch|p2a: Heatran|Heatran, L79, M|194/273|[from] U-turn\n|-damage|p2a: Heatran|160/273|[from] Stealth Rock\n|\n|upkeep\n|turn|14\n|\n|t:|1733833874\n|move|p1a: Cinccino|Tail Slap|p2a: Heatran\n|-resisted|p2a: Heatran\n|-damage|p2a: Heatran|141/273\n|-resisted|p2a: Heatran\n|-damage|p2a: Heatran|124/273\n|-resisted|p2a: Heatran\n|-damage|p2a: Heatran|108/273\n|-resisted|p2a: Heatran\n|-damage|p2a: Heatran|91/273\n|-hitcount|p2a: Heatran|4\n|move|p2a: Heatran|Earth Power|p1a: Cinccino\n|-damage|p1a: Cinccino|0 fnt\n|faint|p1a: Cinccino\n|\n|upkeep\n|\n|t:|1733833883\n|switch|p1a: Roaring Moon|Roaring Moon, L72|270/270\n|-damage|p1a: Roaring Moon|237/270|[from] Stealth Rock\n|turn|15\n|\n|t:|1733833902\n|move|p1a: Roaring Moon|Knock Off|p2a: Heatran\n|-damage|p2a: Heatran|6/273\n|move|p2a: Heatran|Flash Cannon|p1a: Roaring Moon\n|-damage|p1a: Roaring Moon|138/270\n|\n|upkeep\n|turn|16\n|\n|t:|1733833913\n|move|p1a: Roaring Moon|Knock Off|p2a: Heatran\n|-damage|p2a: Heatran|0 fnt\n|faint|p2a: Heatran\n|\n|upkeep\n|\n|t:|1733833915\n|switch|p2a: Dugtrio|Dugtrio-Alola, L84, F|190/196\n|-damage|p2a: Dugtrio|184/196|[from] Stealth Rock\n|turn|17\n|\n|t:|1733833919\n|-end|p1a: Roaring Moon|Protosynthesis|[silent]\n|switch|p1a: Sceptile|Sceptile, L87, F|187/264\n|-damage|p1a: Sceptile|154/264|[from] Stealth Rock\n|move|p2a: Dugtrio|Iron Head|p1a: Sceptile\n|-damage|p1a: Sceptile|3/264\n|\n|-heal|p1a: Sceptile|19/264|[from] item: Leftovers\n|upkeep\n|turn|18\n|\n|t:|1733833926\n|switch|p2a: Decidueye|Decidueye, L88, F|281/281\n|-damage|p2a: Decidueye|246/281|[from] Stealth Rock\n|move|p1a: Sceptile|Giga Drain|p2a: Decidueye\n|-resisted|p2a: Decidueye\n|-damage|p2a: Decidueye|186/281\n|-heal|p1a: Sceptile|49/264|[from] drain|[of] p2a: Decidueye\n|\n|-heal|p1a: Sceptile|65/264|[from] item: Leftovers\n|upkeep\n|turn|19\n|\n|t:|1733833933\n|switch|p1a: Roaring Moon|Roaring Moon, L72|138/270\n|-damage|p1a: Roaring Moon|105/270|[from] Stealth Rock\n|move|p2a: Decidueye|Poltergeist|p1a: Roaring Moon\n|-activate|p1a: Roaring Moon|move: Poltergeist|Choice Band\n|-resisted|p1a: Roaring Moon\n|-damage|p1a: Roaring Moon|0 fnt\n|faint|p1a: Roaring Moon\n|-end|p1a: Roaring Moon|Protosynthesis|[silent]\n|-damage|p2a: Decidueye|158/281|[from] item: Life Orb\n|\n|upkeep\n|\n|t:|1733833936\n|switch|p1a: Emboar|Emboar, L84, F|322/322\n|-damage|p1a: Emboar|282/322|[from] Stealth Rock\n|turn|20\n|\n|t:|1733833946\n|switch|p2a: Dugtrio|Dugtrio-Alola, L84, F|184/196\n|-damage|p2a: Dugtrio|178/196|[from] Stealth Rock\n|move|p1a: Emboar|Flare Blitz|p2a: Dugtrio\n|-supereffective|p2a: Dugtrio\n|-damage|p2a: Dugtrio|0 fnt\n|-ability|p2a: Dugtrio|Tangling Hair\n|-unboost|p1a: Emboar|spe|1\n|faint|p2a: Dugtrio\n|-damage|p1a: Emboar|223/322|[from] Recoil\n|\n|upkeep\n|\n|t:|1733833949\n|switch|p2a: Decidueye|Decidueye, L88, F|158/281\n|-damage|p2a: Decidueye|123/281|[from] Stealth Rock\n|turn|21\n|\n|t:|1733833954\n|switch|p1a: Sceptile|Sceptile, L87, F|65/264\n|-damage|p1a: Sceptile|32/264|[from] Stealth Rock\n|-terastallize|p2a: Decidueye|Ghost\n|move|p2a: Decidueye|Poltergeist|p1a: Sceptile|[miss]\n|-miss|p2a: Decidueye|p1a: Sceptile\n|\n|-heal|p1a: Sceptile|48/264|[from] item: Leftovers\n|upkeep\n|turn|22\n|\n|t:|1733833958\n|move|p2a: Decidueye|Shadow Sneak|p1a: Sceptile\n|-damage|p1a: Sceptile|0 fnt\n|faint|p1a: Sceptile\n|-damage|p2a: Decidueye|95/281|[from] item: Life Orb\n|\n|upkeep\n|\n|t:|1733833964\n|switch|p1a: Emboar|Emboar, L84, F|223/322\n|-damage|p1a: Emboar|183/322|[from] Stealth Rock\n|turn|23\n|\n|t:|1733833968\n|switch|p2a: Landorus|Landorus-Therian, L76, M|172/260\n|-damage|p2a: Landorus|140/260|[from] Stealth Rock\n|-ability|p2a: Landorus|Intimidate|boost\n|-unboost|p1a: Emboar|atk|1\n|move|p1a: Emboar|Flare Blitz|p2a: Landorus\n|-damage|p2a: Landorus|10/260\n|-status|p2a: Landorus|brn\n|-damage|p1a: Emboar|140/322|[from] Recoil\n|\n|-heal|p2a: Landorus|26/260 brn|[from] item: Leftovers\n|-damage|p2a: Landorus|10/260 brn|[from] brn\n|upkeep\n|turn|24\n|\n|t:|1733833971\n|move|p1a: Emboar|Flare Blitz|p2a: Landorus\n|-damage|p2a: Landorus|0 fnt\n|faint|p2a: Landorus\n|-damage|p1a: Emboar|137/322|[from] Recoil\n|\n|upkeep\n|\n|t:|1733833974\n|switch|p2a: Decidueye|Decidueye, L88, F, tera:Ghost|95/281\n|-damage|p2a: Decidueye|60/281|[from] Stealth Rock\n|turn|25\n|\n|t:|1733833977\n|move|p2a: Decidueye|Shadow Sneak|p1a: Emboar\n|-damage|p1a: Emboar|30/322\n|-damage|p2a: Decidueye|32/281|[from] item: Life Orb\n|move|p1a: Emboar|Flare Blitz|p2a: Decidueye\n|-damage|p2a: Decidueye|0 fnt\n|faint|p2a: Decidueye\n|-damage|p1a: Emboar|19/322|[from] Recoil\n|\n|upkeep\n|\n|t:|1733833979\n|switch|p2a: Kyurem|Kyurem, L77|319/319\n|-damage|p2a: Kyurem|240/319|[from] Stealth Rock\n|-ability|p2a: Kyurem|Pressure\n|turn|26\n|\n|t:|1733833984\n|move|p1a: Emboar|Flare Blitz|p2a: Kyurem\n|-damage|p2a: Kyurem|108/319\n|-damage|p1a: Emboar|0 fnt|[from] Recoil\n|faint|p1a: Emboar\n|move|p2a: Kyurem|Ice Beam|p1: Emboar|[notarget]\n|-fail|p2a: Kyurem\n|\n|upkeep\n|\n|t:|1733833987\n|switch|p1a: Ogerpon|Ogerpon-Cornerstone, L76, F|247/247\n|-damage|p1a: Ogerpon|217/247|[from] Stealth Rock\n|turn|27\n|\n|t:|1733833992\n|-terastallize|p1a: Ogerpon|Rock\n|detailschange|p1a: Ogerpon|Ogerpon-Cornerstone-Tera, L76, F, tera:Rock\n|-ability|p1a: Ogerpon|Embody Aspect (Cornerstone)|boost\n|-boost|p1a: Ogerpon|def|1\n|move|p1a: Ogerpon|Ivy Cudgel|p2a: Kyurem|[anim] Ivy Cudgel Rock\n|-supereffective|p2a: Kyurem\n|-damage|p2a: Kyurem|0 fnt\n|faint|p2a: Kyurem\n|\n|win|JuanAsh \u2605\u2605\u2605\u2605\n|raw|JuanAsh \u2605\u2605\u2605\u2605's rating: 2258 &rarr; <strong>2277</strong><br />(+19 for winning)\n|raw|sanketsu shoujo's rating: 2234 &rarr; <strong>2215</strong><br />(-19 for losing)\n|c|\u2606JuanAsh \u2605\u2605\u2605\u2605|/log JuanAsh \u2605\u2605\u2605\u2605 made this room public.\n", "inputlog": ">version bfd83cad13791eb5a5a409923076391caf6fb4d4\n>start {\"formatid\":\"gen9randombattle\",\"seed\":[65420,59926,34985,23633],\"rated\":\"Rated battle\"}\n>player p1 {\"name\":\"JuanAsh \u2605\u2605\u2605\u2605\",\"avatar\":\"nemona-v\",\"rating\":2258,\"seed\":[33155,31562,31523,48483]}\n>player p2 {\"name\":\"sanketsu shoujo\",\"avatar\":\"misty-masters\",\"rating\":2234,\"seed\":[63623,63579,54649,58393]}\n>p1 move knockoff\n>p2 switch 5\n>p1 switch 6\n>p2 move thunderwave\n>p1 move stoneaxe\n>p2 move playrough\n>p1 move stoneaxe\n>p2 move playrough\n>p1 switch 4\n>p1 move flareblitz\n>p2 switch 2\n>p1 switch 6\n>p2 switch 2\n>p1 move ironhead\n>p2 move playrough\n>p2 switch 3\n>p1 switch 5\n>p2 move earthquake\n>p1 switch 6\n>p2 switch 6\n>p1 switch 2\n>p2 move uturn\n>p2 switch 2\n>p1 move uturn\n>p2 move stealthrock\n>p1 switch 2\n>p1 move closecombat\n>p2 switch 2\n>p1 switch 2\n>p2 move uturn\n>p2 switch 2\n>p1 move tailslap\n>p2 move earthpower\n>p1 switch 5\n>p1 move knockoff\n>p2 move flashcannon\n>p1 move knockoff\n>p2 move flashcannon\n>p2 switch 6\n>p1 switch 6\n>p2 move ironhead\n>p1 move gigadrain\n>p2 switch 5\n>p1 switch 6\n>p2 move poltergeist\n>p1 switch 2\n>p1 move flareblitz\n>p2 switch 5\n>p2 switch 5\n>p1 switch 6\n>p2 move poltergeist terastallize\n>p1 move gigadrain\n>p2 move shadowsneak\n>p1 switch 6\n>p1 move flareblitz\n>p2 switch 2\n>p1 move flareblitz\n>p2 move earthquake\n>p2 switch 2\n>p1 move flareblitz\n>p2 move shadowsneak\n>p2 switch 4\n>p1 move flareblitz\n>p2 move icebeam\n>p1 switch 3\n>p1 move ivycudgel terastallize\n>p2 move icebeam", "uploadtime": 1733834000, "views": 1, "formatid": "gen9randombattle", "rating": 2215, "private": 0, "password": null}