{"id": "gen9randombattle-2260325155", "format": "[Gen 9] Random Battle", "players": ["gamerseatgames", "Vitaminibolejder"], "log": "|j|\u2606gamerseatgames\n|j|\u2606Vitaminibolejder\n|t:|1733840080\n|gametype|singles\n|player|p1|gamerseatgames|102|1165\n|player|p2|Vitaminibolejder|102|1168\n|teamsize|p1|6\n|teamsize|p2|6\n|gen|9\n|tier|[Gen 9] Random Battle\n|rated|\n|rule|Species Clause: Limit one of each Pok\u00e9mon\n|rule|HP Percentage Mod: HP is shown in percentages\n|rule|Sleep Clause Mod: Limit one foe put to sleep\n|rule|Illusion Level Mod: Illusion disguises the Pok\u00e9mon's true level\n|\n|t:|1733840080\n|start\n|switch|p1a: Furret|Furret, L94, F|312/312\n|switch|p2a: Breloom|Breloom, L82, F|233/233\n|-item|p2a: Breloom|Life Orb|[from] ability: Frisk|[of] p1a: Furret\n|turn|1\n|\n|t:|1733840095\n|switch|p1a: Brambleghast|Brambleghast, L88, F|240/240\n|move|p2a: Breloom|Spore|p1a: Brambleghast\n|-immune|p1a: Brambleghast\n|\n|upkeep\n|turn|2\n|inactive|Battle timer is ON: inactive players will automatically lose when time's up. (requested by gamerseatgames)\n|\n|t:|1733840112\n|switch|p2a: Moltres|Moltres-Galar, L79|271/271\n|move|p1a: Brambleghast|Substitute|p1a: Brambleghast\n|-start|p1a: Brambleghast|Substitute\n|-damage|p1a: Brambleghast|180/240\n|\n|-heal|p1a: Brambleghast|195/240|[from] item: Leftovers\n|upkeep\n|turn|3\n|\n|t:|1733840129\n|move|p1a: Brambleghast|Leech Seed|p2a: Moltres|[miss]\n|-miss|p1a: Brambleghast|p2a: Moltres\n|move|p2a: Moltres|Fiery Wrath|p1a: Brambleghast\n|-supereffective|p1a: Brambleghast\n|-end|p1a: Brambleghast|Substitute\n|\n|-heal|p1a: Brambleghast|210/240|[from] item: Leftovers\n|upkeep\n|turn|4\n|\n|t:|1733840148\n|switch|p1a: Scizor|Scizor, L79, F|240/240\n|move|p2a: Moltres|Agility|p2a: Moltres\n|-boost|p2a: Moltres|spe|2\n|\n|upkeep\n|turn|5\n|\n|t:|1733840163\n|move|p2a: Moltres|Nasty Plot|p2a: Moltres\n|-boost|p2a: Moltres|spa|2\n|move|p1a: Scizor|Close Combat|p2a: Moltres\n|-damage|p2a: Moltres|111/271\n|-unboost|p1a: Scizor|def|1\n|-unboost|p1a: Scizor|spd|1\n|-ability|p2a: Moltres|Berserk|boost\n|-boost|p2a: Moltres|spa|1\n|\n|upkeep\n|turn|6\n|\n|t:|1733840174\n|move|p2a: Moltres|Hurricane|p1a: Scizor|[miss]\n|-miss|p2a: Moltres|p1a: Scizor\n|move|p1a: Scizor|Close Combat|p2a: Moltres\n|-damage|p2a: Moltres|0 fnt\n|-unboost|p1a: Scizor|def|1\n|-unboost|p1a: Scizor|spd|1\n|faint|p2a: Moltres\n|\n|upkeep\n|inactive|Vitaminibolejder has 120 seconds left.\n|\n|t:|1733840191\n|switch|p2a: Pikachu|Pikachu-Kalos, L93, M|216/216\n|turn|7\n|\n|t:|1733840199\n|switch|p1a: Brambleghast|Brambleghast, L88, F|210/240\n|move|p2a: Pikachu|Fake Out|p1a: Brambleghast\n|-immune|p1a: Brambleghast\n|\n|-heal|p1a: Brambleghast|225/240|[from] item: Leftovers\n|upkeep\n|turn|8\n|\n|t:|1733840213\n|move|p2a: Pikachu|Volt Switch|p1a: Brambleghast\n|-resisted|p1a: Brambleghast\n|-damage|p1a: Brambleghast|160/240\n|\n|t:|1733840217\n|switch|p2a: Breloom|Breloom, L82, F|233/233|[from] Volt Switch\n|move|p1a: Brambleghast|Poltergeist|p2a: Breloom\n|-activate|p2a: Breloom|move: Poltergeist|Life Orb\n|-damage|p2a: Breloom|70/233\n|\n|-heal|p1a: Brambleghast|175/240|[from] item: Leftovers\n|upkeep\n|turn|9\n|\n|t:|1733840231\n|switch|p2a: Glaceon|Glaceon, L94, F|275/275\n|move|p1a: Brambleghast|Poltergeist|p2a: Glaceon\n|-activate|p2a: Glaceon|move: Poltergeist|Heavy-Duty Boots\n|-damage|p2a: Glaceon|167/275\n|\n|-heal|p1a: Brambleghast|190/240|[from] item: Leftovers\n|upkeep\n|turn|10\n|\n|t:|1733840248\n|move|p1a: Brambleghast|Power Whip|p2a: Glaceon\n|-damage|p2a: Glaceon|40/275\n|move|p2a: Glaceon|Wish|p2a: Glaceon\n|\n|-heal|p1a: Brambleghast|205/240|[from] item: Leftovers\n|upkeep\n|turn|11\n|\n|t:|1733840257\n|move|p2a: Glaceon|Protect|p2a: Glaceon\n|-singleturn|p2a: Glaceon|Protect\n|move|p1a: Brambleghast|Poltergeist|p2a: Glaceon\n|-activate|p2a: Glaceon|move: Protect\n|\n|-heal|p2a: Glaceon|177/275|[from] move: Wish|[wisher] Glaceon\n|-heal|p1a: Brambleghast|220/240|[from] item: Leftovers\n|upkeep\n|turn|12\n|\n|t:|1733840269\n|move|p1a: Brambleghast|Leech Seed|p2a: Glaceon\n|-start|p2a: Glaceon|move: Leech Seed\n|move|p2a: Glaceon|Freeze-Dry|p1a: Brambleghast\n|-supereffective|p1a: Brambleghast\n|-damage|p1a: Brambleghast|0 fnt\n|faint|p1a: Brambleghast\n|\n|upkeep\n|\n|t:|1733840286\n|switch|p1a: Scizor|Scizor, L79, F|240/240\n|turn|13\n|\n|t:|1733840302\n|switch|p2a: Breloom|Breloom, L82, F|70/233\n|move|p1a: Scizor|Bullet Punch|p2a: Breloom\n|-damage|p2a: Breloom|0 fnt\n|faint|p2a: Breloom\n|\n|upkeep\n|\n|t:|1733840310\n|switch|p2a: Illumise|Illumise, L91, F|266/266\n|turn|14\n|\n|t:|1733840316\n|move|p2a: Illumise|Thunder Wave|p1a: Scizor\n|-status|p1a: Scizor|par\n|move|p1a: Scizor|Bullet Punch|p2a: Illumise\n|-damage|p2a: Illumise|160/266\n|\n|upkeep\n|turn|15\n|\n|t:|1733840325\n|move|p2a: Illumise|Roost|p2a: Illumise\n|-heal|p2a: Illumise|266/266\n|-singleturn|p2a: Illumise|move: Roost\n|move|p1a: Scizor|Bullet Punch|p2a: Illumise\n|-damage|p2a: Illumise|160/266\n|\n|upkeep\n|turn|16\n|\n|t:|1733840340\n|move|p2a: Illumise|Roost|p2a: Illumise\n|-heal|p2a: Illumise|266/266\n|-singleturn|p2a: Illumise|move: Roost\n|move|p1a: Scizor|Bullet Punch|p2a: Illumise\n|-damage|p2a: Illumise|161/266\n|\n|upkeep\n|turn|17\n|\n|t:|1733840349\n|move|p1a: Scizor|Bullet Punch|p2a: Illumise\n|-damage|p2a: Illumise|55/266\n|move|p2a: Illumise|Bug Buzz|p1a: Scizor\n|-resisted|p1a: Scizor\n|-damage|p1a: Scizor|192/240 par\n|\n|upkeep\n|turn|18\n|\n|t:|1733840358\n|move|p2a: Illumise|Roost|p2a: Illumise\n|-heal|p2a: Illumise|188/266\n|-singleturn|p2a: Illumise|move: Roost\n|move|p1a: Scizor|Bullet Punch|p2a: Illumise\n|-damage|p2a: Illumise|67/266\n|\n|upkeep\n|turn|19\n|\n|t:|1733840366\n|move|p2a: Illumise|Roost|p2a: Illumise\n|-heal|p2a: Illumise|200/266\n|-singleturn|p2a: Illumise|move: Roost\n|move|p1a: Scizor|Bullet Punch|p2a: Illumise\n|-damage|p2a: Illumise|85/266\n|\n|upkeep\n|turn|20\n|\n|t:|1733840374\n|move|p2a: Illumise|Roost|p2a: Illumise\n|-heal|p2a: Illumise|218/266\n|-singleturn|p2a: Illumise|move: Roost\n|cant|p1a: Scizor|par\n|\n|upkeep\n|turn|21\n|\n|t:|1733840384\n|cant|p1a: Scizor|par\n|move|p2a: Illumise|Bug Buzz|p1a: Scizor\n|-resisted|p1a: Scizor\n|-damage|p1a: Scizor|139/240 par\n|\n|upkeep\n|turn|22\n|\n|t:|1733840391\n|cant|p1a: Scizor|par\n|move|p2a: Illumise|Bug Buzz|p1a: Scizor\n|-resisted|p1a: Scizor\n|-damage|p1a: Scizor|91/240 par\n|\n|upkeep\n|turn|23\n|\n|t:|1733840398\n|cant|p1a: Scizor|par\n|move|p2a: Illumise|Bug Buzz|p1a: Scizor\n|-resisted|p1a: Scizor\n|-damage|p1a: Scizor|36/240 par\n|\n|upkeep\n|turn|24\n|\n|t:|1733840406\n|move|p1a: Scizor|Bullet Punch|p2a: Illumise\n|-damage|p2a: Illumise|101/266\n|move|p2a: Illumise|Bug Buzz|p1a: Scizor\n|-resisted|p1a: Scizor\n|-damage|p1a: Scizor|0 fnt\n|faint|p1a: Scizor\n|\n|upkeep\n|\n|t:|1733840409\n|switch|p1a: Regieleki|Regieleki, L79|256/256\n|turn|25\n|\n|t:|1733840421\n|switch|p2a: Pikachu|Pikachu-Kalos, L93, M|216/216\n|move|p1a: Regieleki|Thunderbolt|p2a: Pikachu\n|-ability|p2a: Pikachu|Lightning Rod|boost\n|-boost|p2a: Pikachu|spa|1\n|\n|upkeep\n|turn|26\n|\n|t:|1733840434\n|switch|p1a: Lurantis|Lurantis, L87, M|264/264\n|move|p2a: Pikachu|Fake Out|p1a: Lurantis\n|-damage|p1a: Lurantis|223/264\n|\n|-heal|p1a: Lurantis|239/264|[from] item: Leftovers\n|upkeep\n|turn|27\n|\n|t:|1733840445\n|move|p2a: Pikachu|Volt Switch|p1a: Lurantis\n|-resisted|p1a: Lurantis\n|-crit|p1a: Lurantis\n|-damage|p1a: Lurantis|108/264\n|\n|t:|1733840449\n|switch|p2a: Glaceon|Glaceon, L94, F|177/275|[from] Volt Switch\n|move|p1a: Lurantis|Leaf Storm|p2a: Glaceon\n|-crit|p2a: Glaceon\n|-damage|p2a: Glaceon|26/275\n|-boost|p1a: Lurantis|spa|2\n|\n|-heal|p1a: Lurantis|124/264|[from] item: Leftovers\n|upkeep\n|turn|28\n|\n|t:|1733840471\n|switch|p1a: Regieleki|Regieleki, L79|256/256\n|move|p2a: Glaceon|Freeze-Dry|p1a: Regieleki\n|-damage|p1a: Regieleki|73/256\n|\n|upkeep\n|turn|29\n|\n|t:|1733840481\n|switch|p2a: Pikachu|Pikachu-Kalos, L93, M|216/216\n|move|p1a: Regieleki|Volt Switch|p2a: Pikachu\n|-ability|p2a: Pikachu|Lightning Rod|boost\n|-boost|p2a: Pikachu|spa|1\n|\n|upkeep\n|turn|30\n|\n|t:|1733840492\n|switch|p1a: Lurantis|Lurantis, L87, M|124/264\n|move|p2a: Pikachu|Fake Out|p1a: Lurantis\n|-damage|p1a: Lurantis|80/264\n|\n|-heal|p1a: Lurantis|96/264|[from] item: Leftovers\n|upkeep\n|turn|31\n|\n|t:|1733840501\n|move|p2a: Pikachu|Volt Switch|p1a: Lurantis\n|-resisted|p1a: Lurantis\n|-damage|p1a: Lurantis|21/264\n|\n|t:|1733840506\n|switch|p2a: Illumise|Illumise, L91, F|101/266|[from] Volt Switch\n|move|p1a: Lurantis|Leaf Storm|p2a: Illumise\n|-resisted|p2a: Illumise\n|-damage|p2a: Illumise|38/266\n|-boost|p1a: Lurantis|spa|2\n|\n|-heal|p1a: Lurantis|37/264|[from] item: Leftovers\n|upkeep\n|turn|32\n|\n|t:|1733840519\n|move|p2a: Illumise|Roost|p2a: Illumise\n|-heal|p2a: Illumise|171/266\n|-singleturn|p2a: Illumise|move: Roost\n|move|p1a: Lurantis|Leaf Storm|p2a: Illumise\n|-resisted|p2a: Illumise\n|-damage|p2a: Illumise|58/266\n|-boost|p1a: Lurantis|spa|2\n|\n|-heal|p1a: Lurantis|53/264|[from] item: Leftovers\n|upkeep\n|turn|33\n|\n|t:|1733840530\n|move|p2a: Illumise|Roost|p2a: Illumise\n|-heal|p2a: Illumise|191/266\n|-singleturn|p2a: Illumise|move: Roost\n|move|p1a: Lurantis|Leaf Storm|p2a: Illumise\n|-resisted|p2a: Illumise\n|-damage|p2a: Illumise|16/266\n|-boost|p1a: Lurantis|spa|2\n|\n|-heal|p1a: Lurantis|69/264|[from] item: Leftovers\n|upkeep\n|turn|34\n|\n|t:|1733840540\n|move|p2a: Illumise|Thunder Wave|p1a: Lurantis\n|-status|p1a: Lurantis|par\n|move|p1a: Lurantis|Leaf Storm|p2a: Illumise\n|-resisted|p2a: Illumise\n|-damage|p2a: Illumise|0 fnt\n|faint|p2a: Illumise\n|\n|-heal|p1a: Lurantis|85/264 par|[from] item: Leftovers\n|upkeep\n|\n|t:|1733840556\n|switch|p2a: Glimmora|Glimmora, L75, F|248/248\n|turn|35\n|\n|t:|1733840561\n|move|p2a: Glimmora|Sludge Wave|p1a: Lurantis\n|-supereffective|p1a: Lurantis\n|-damage|p1a: Lurantis|0 fnt\n|faint|p1a: Lurantis\n|\n|upkeep\n|\n|t:|1733840568\n|switch|p1a: Zangoose|Zangoose, L85, M|263/263\n|turn|36\n|\n|t:|1733840576\n|switch|p2a: Glaceon|Glaceon, L94, F|26/275\n|move|p1a: Zangoose|Swords Dance|p1a: Zangoose\n|-boost|p1a: Zangoose|atk|2\n|\n|-status|p1a: Zangoose|tox|[from] item: Toxic Orb\n|upkeep\n|turn|37\n|\n|t:|1733840589\n|move|p1a: Zangoose|Facade|p2a: Glaceon\n|-damage|p2a: Glaceon|0 fnt\n|faint|p2a: Glaceon\n|\n|-damage|p1a: Zangoose|247/263 tox|[from] psn\n|upkeep\n|\n|t:|1733840596\n|switch|p2a: Pikachu|Pikachu-Kalos, L93, M|216/216\n|turn|38\n|\n|t:|1733840603\n|-terastallize|p1a: Zangoose|Normal\n|move|p2a: Pikachu|Fake Out|p1a: Zangoose\n|-damage|p1a: Zangoose|191/263 tox\n|cant|p1a: Zangoose|flinch\n|\n|-damage|p1a: Zangoose|159/263 tox|[from] psn\n|upkeep\n|turn|39\n|\n|t:|1733840623\n|move|p2a: Pikachu|Volt Tackle|p1a: Zangoose\n|-damage|p1a: Zangoose|0 fnt\n|faint|p1a: Zangoose\n|-damage|p2a: Pikachu|164/216|[from] Recoil\n|\n|upkeep\n|\n|t:|1733840629\n|switch|p1a: Furret|Furret, L94, F|312/312\n|-item|p2a: Pikachu|Light Ball|[from] ability: Frisk|[of] p1a: Furret\n|turn|40\n|\n|t:|1733840637\n|move|p1a: Furret|Tidy Up|p1a: Furret\n|-boost|p1a: Furret|atk|1\n|-boost|p1a: Furret|spe|1\n|move|p2a: Pikachu|Volt Switch|p1a: Furret\n|-damage|p1a: Furret|168/312\n|\n|t:|1733840644\n|switch|p2a: Glimmora|Glimmora, L75, F|248/248|[from] Volt Switch\n|\n|upkeep\n|turn|41\n|\n|t:|1733840655\n|move|p1a: Furret|Double-Edge|p2a: Glimmora\n|-resisted|p2a: Glimmora\n|-damage|p2a: Glimmora|119/248\n|-activate|p2a: Glimmora|ability: Toxic Debris\n|-sidestart|p1: gamerseatgames|move: Toxic Spikes\n|-damage|p1a: Furret|125/312|[from] Recoil\n|-damage|p1a: Furret|94/312|[from] item: Life Orb\n|move|p2a: Glimmora|Sludge Wave|p1a: Furret\n|-damage|p1a: Furret|0 fnt\n|faint|p1a: Furret\n|\n|upkeep\n|\n|t:|1733840658\n|switch|p1a: Regieleki|Regieleki, L79|73/256\n|-status|p1a: Regieleki|psn\n|turn|42\n|\n|t:|1733840672\n|-terastallize|p2a: Glimmora|Grass\n|move|p1a: Regieleki|Thunderbolt|p2a: Glimmora\n|-resisted|p2a: Glimmora\n|-damage|p2a: Glimmora|44/248\n|move|p2a: Glimmora|Earth Power|p1a: Regieleki\n|-supereffective|p1a: Regieleki\n|-damage|p1a: Regieleki|0 fnt\n|faint|p1a: Regieleki\n|\n|win|Vitaminibolejder\n|raw|gamerseatgames's rating: 1165 &rarr; <strong>1140</strong><br />(-25 for losing)\n|raw|Vitaminibolejder's rating: 1168 &rarr; <strong>1193</strong><br />(+25 for winning)\n|l|\u2606gamerseatgames\n|player|p1|\n", "inputlog": ">version bfd83cad13791eb5a5a409923076391caf6fb4d4\n>start {\"formatid\":\"gen9randombattle\",\"seed\":[31506,32374,23515,25568],\"rated\":\"Rated battle\"}\n>player p1 {\"name\":\"gamerseatgames\",\"avatar\":\"102\",\"rating\":1165,\"seed\":[54116,63155,31122,16356]}\n>player p2 {\"name\":\"Vitaminibolejder\",\"avatar\":\"102\",\"rating\":1168,\"seed\":[35564,37327,61573,23615]}\n>p1 switch 3\n>p2 move spore\n>p1 move substitute\n>p2 switch 6\n>p1 move leechseed\n>p2 move fierywrath\n>p1 switch 4\n>p2 move agility\n>p1 move closecombat\n>p2 move nastyplot\n>p1 move closecombat\n>p2 move hurricane\n>p2 switch 4\n>p1 switch 4\n>p2 move fakeout\n>p1 move poltergeist\n>p2 move voltswitch\n>p2 switch 6\n>p1 move poltergeist\n>p2 switch 5\n>p1 move powerwhip\n>p2 move wish\n>p1 move poltergeist\n>p2 move protect\n>p1 move leechseed\n>p2 move freezedry\n>p1 switch 4\n>p1 move bulletpunch\n>p2 switch 5\n>p2 switch 3\n>p1 move bulletpunch\n>p2 move thunderwave\n>p1 move bulletpunch\n>p2 move roost\n>p1 move bulletpunch\n>p2 move roost\n>p1 move bulletpunch\n>p2 move bugbuzz\n>p1 move bulletpunch\n>p2 move roost\n>p1 move bulletpunch\n>p2 move roost\n>p1 move bulletpunch\n>p2 move roost\n>p1 move bulletpunch\n>p2 move bugbuzz\n>p1 move bulletpunch\n>p2 move bugbuzz\n>p1 move bulletpunch\n>p2 move bugbuzz\n>p1 move bulletpunch\n>p2 move bugbuzz\n>p1 switch 2\n>p1 move thunderbolt\n>p2 switch 6\n>p1 switch 5\n>p2 move fakeout\n>p1 move leafstorm\n>p2 move voltswitch\n>p2 switch 5\n>p1 switch 5\n>p2 move freezedry\n>p1 move voltswitch\n>p2 switch 5\n>p1 switch 5\n>p2 move fakeout\n>p1 move leafstorm\n>p2 move voltswitch\n>p2 switch 6\n>p1 move leafstorm\n>p2 move roost\n>p1 move leafstorm\n>p2 move roost\n>p1 move leafstorm\n>p2 move thunderwave\n>p2 switch 2\n>p1 move synthesis\n>p2 move sludgewave\n>p1 switch 6\n>p1 move swordsdance\n>p2 switch 5\n>p1 move facade\n>p2 move freezedry\n>p2 switch 6\n>p1 move facade terastallize\n>p2 move fakeout\n>p1 move facade\n>p2 move volttackle\n>p1 switch 3\n>p1 move tidyup\n>p2 move voltswitch\n>p2 switch 5\n>p1 move doubleedge\n>p2 move sludgewave\n>p1 switch 5\n>p1 move thunderbolt\n>p2 move earthpower terastallize", "uploadtime": 1733840686, "views": 13, "formatid": "gen9randombattle", "rating": 1140, "private": 0, "password": null}