{"id": "gen9randombattle-2260498978", "format": "[Gen 9] Random Battle", "players": ["Slyvegone", "randbats addict"], "log": "|j|\u2606Slyvegone\n|j|\u2606randbats addict\n|t:|1733857478\n|gametype|singles\n|player|p1|Slyvegone|266|1741\n|player|p2|randbats addict|lady|1780\n|teamsize|p1|6\n|teamsize|p2|6\n|gen|9\n|tier|[Gen 9] Random Battle\n|rated|\n|rule|Species Clause: Limit one of each Pok\u00e9mon\n|rule|HP Percentage Mod: HP is shown in percentages\n|rule|Sleep Clause Mod: Limit one foe put to sleep\n|rule|Illusion Level Mod: Illusion disguises the Pok\u00e9mon's true level\n|\n|t:|1733857478\n|start\n|switch|p1a: Lokix|Lokix, L82, M|251/251\n|switch|p2a: Dragonite|Dragonite, L74, M|257/257\n|turn|1\n|\n|t:|1733857494\n|switch|p2a: Ninetales|Ninetales-Alola, L78, F|242/242\n|-weather|Snow|[from] ability: Snow Warning|[of] p2a: Ninetales\n|move|p1a: Lokix|Knock Off|p2a: Ninetales\n|-resisted|p2a: Ninetales\n|-damage|p2a: Ninetales|133/242\n|-enditem|p2a: Ninetales|Light Clay|[from] move: Knock Off|[of] p1a: Lokix\n|-damage|p1a: Lokix|226/251|[from] item: Life Orb\n|\n|-weather|Snow|[upkeep]\n|upkeep\n|turn|2\n|inactive|Battle timer is ON: inactive players will automatically lose when time's up. (requested by randbats addict)\n|\n|t:|1733857514\n|switch|p1a: Sylveon|Sylveon, L85, M|300/300\n|move|p2a: Ninetales|Aurora Veil|p2a: Ninetales\n|-sidestart|p2: randbats addict|move: Aurora Veil\n|\n|-weather|Snow|[upkeep]\n|upkeep\n|turn|3\n|\n|t:|1733857521\n|switch|p2a: Toxtricity|Toxtricity, L82, M|257/257\n|move|p1a: Sylveon|Calm Mind|p1a: Sylveon\n|-boost|p1a: Sylveon|spa|1\n|-boost|p1a: Sylveon|spd|1\n|\n|-weather|Snow|[upkeep]\n|upkeep\n|turn|4\n|\n|t:|1733857540\n|switch|p1a: Brambleghast|Brambleghast, L88, F|240/240\n|move|p2a: Toxtricity|Shift Gear|p2a: Toxtricity\n|-boost|p2a: Toxtricity|spe|2\n|-boost|p2a: Toxtricity|atk|1\n|\n|-weather|Snow|[upkeep]\n|upkeep\n|turn|5\n|\n|t:|1733857554\n|move|p2a: Toxtricity|Overdrive|p1a: Brambleghast\n|-resisted|p1a: Brambleghast\n|-damage|p1a: Brambleghast|168/240\n|-enditem|p2a: Toxtricity|Throat Spray\n|-boost|p2a: Toxtricity|spa|1|[from] item: Throat Spray\n|move|p1a: Brambleghast|Poltergeist||[still]\n|-fail|p1a: Brambleghast\n|\n|-weather|none\n|upkeep\n|turn|6\n|c|\u2606randbats addict|wp\n|\n|t:|1733857569\n|move|p2a: Toxtricity|Shift Gear|p2a: Toxtricity\n|-boost|p2a: Toxtricity|spe|2\n|-boost|p2a: Toxtricity|atk|1\n|move|p1a: Brambleghast|Spikes|p2a: Toxtricity\n|-sidestart|p2: randbats addict|Spikes\n|\n|-sideend|p2: randbats addict|move: Aurora Veil\n|upkeep\n|turn|7\n|\n|t:|1733857579\n|move|p2a: Toxtricity|Gunk Shot|p1a: Brambleghast|[miss]\n|-miss|p2a: Toxtricity|p1a: Brambleghast\n|move|p1a: Brambleghast|Spikes|p2a: Toxtricity\n|-sidestart|p2: randbats addict|Spikes\n|\n|upkeep\n|turn|8\n|c|\u2606randbats addict|wow\n|\n|t:|1733857584\n|move|p2a: Toxtricity|Gunk Shot|p1a: Brambleghast\n|-damage|p1a: Brambleghast|0 fnt\n|faint|p1a: Brambleghast\n|\n|upkeep\n|\n|t:|1733857595\n|switch|p1a: Chimecho|Chimecho, L93, M|290/290\n|turn|9\n|\n|t:|1733857610\n|-terastallize|p2a: Toxtricity|Normal\n|move|p2a: Toxtricity|Gunk Shot|p1a: Chimecho|[miss]\n|-miss|p2a: Toxtricity|p1a: Chimecho\n|move|p1a: Chimecho|Psychic Noise|p2a: Toxtricity\n|-damage|p2a: Toxtricity|203/257\n|-start|p2a: Toxtricity|move: Heal Block\n|\n|upkeep\n|turn|10\n|c|\u2606randbats addict|WTRFF NGR\n|\n|t:|1733857632\n|move|p2a: Toxtricity|Gunk Shot|p1a: Chimecho\n|-damage|p1a: Chimecho|71/290\n|-status|p1a: Chimecho|psn\n|move|p1a: Chimecho|Psychic Noise|p2a: Toxtricity\n|-damage|p2a: Toxtricity|149/257\n|\n|-heal|p1a: Chimecho|89/290 psn|[from] item: Leftovers\n|-damage|p1a: Chimecho|53/290 psn|[from] psn\n|-end|p2a: Toxtricity|move: Heal Block\n|upkeep\n|turn|11\n|\n|t:|1733857662\n|move|p2a: Toxtricity|Boomburst|p1a: Chimecho\n|-damage|p1a: Chimecho|0 fnt\n|faint|p1a: Chimecho\n|\n|upkeep\n|\n|t:|1733857670\n|switch|p1a: Lokix|Lokix, L82, M|226/251\n|turn|12\n|\n|t:|1733857674\n|move|p1a: Lokix|First Impression|p2a: Toxtricity\n|-damage|p2a: Toxtricity|7/257\n|-damage|p1a: Lokix|201/251|[from] item: Life Orb\n|move|p2a: Toxtricity|Boomburst|p1a: Lokix\n|-damage|p1a: Lokix|0 fnt\n|faint|p1a: Lokix\n|\n|upkeep\n|\n|t:|1733857690\n|switch|p1a: Squawkabilly|Squawkabilly-White, L89, M|291/291\n|turn|13\n|\n|t:|1733857694\n|move|p1a: Squawkabilly|Quick Attack|p2a: Toxtricity|[miss]\n|-miss|p1a: Squawkabilly|p2a: Toxtricity\n|move|p2a: Toxtricity|Overdrive|p1a: Squawkabilly\n|-supereffective|p1a: Squawkabilly\n|-damage|p1a: Squawkabilly|0 fnt\n|faint|p1a: Squawkabilly\n|\n|upkeep\n|c|\u2606randbats addict|awwww\n|\n|t:|1733857704\n|switch|p1a: Sylveon|Sylveon, L85, M|300/300\n|turn|14\n|\n|t:|1733857709\n|-terastallize|p1a: Sylveon|Steel\n|move|p2a: Toxtricity|Overdrive|p1a: Sylveon\n|-damage|p1a: Sylveon|182/300\n|move|p1a: Sylveon|Hyper Voice|p2a: Toxtricity\n|-damage|p2a: Toxtricity|0 fnt\n|faint|p2a: Toxtricity\n|\n|-heal|p1a: Sylveon|200/300|[from] item: Leftovers\n|upkeep\n|\n|t:|1733857717\n|switch|p2a: Mamoswine|Mamoswine, L81, M|311/311\n|-damage|p2a: Mamoswine|260/311|[from] Spikes\n|turn|15\n|\n|t:|1733857724\n|move|p1a: Sylveon|Protect|p1a: Sylveon\n|-singleturn|p1a: Sylveon|Protect\n|move|p2a: Mamoswine|Earthquake|p1a: Sylveon\n|-activate|p1a: Sylveon|move: Protect\n|\n|-heal|p1a: Sylveon|218/300|[from] item: Leftovers\n|upkeep\n|turn|16\n|\n|t:|1733857732\n|switch|p1a: Cacturne|Cacturne, L92, M|278/278\n|move|p2a: Mamoswine|Earthquake|p1a: Cacturne\n|-resisted|p1a: Cacturne\n|-damage|p1a: Cacturne|183/278\n|-damage|p2a: Mamoswine|229/311|[from] item: Life Orb\n|\n|upkeep\n|turn|17\n|\n|t:|1733857744\n|move|p2a: Mamoswine|Icicle Crash|p1a: Cacturne\n|-supereffective|p1a: Cacturne\n|-damage|p1a: Cacturne|0 fnt\n|faint|p1a: Cacturne\n|-damage|p2a: Mamoswine|198/311|[from] item: Life Orb\n|\n|upkeep\n|-message|Slyvegone forfeited.\n|\n|win|randbats addict\n|raw|Slyvegone's rating: 1741 &rarr; <strong>1723</strong><br />(-18 for losing)\n|raw|randbats addict's rating: 1780 &rarr; <strong>1798</strong><br />(+18 for winning)\n|l|\u2606Slyvegone\n|player|p1|\n", "inputlog": ">version bfd83cad13791eb5a5a409923076391caf6fb4d4\n>start {\"formatid\":\"gen9randombattle\",\"seed\":[42761,58605,49911,7581],\"rated\":\"Rated battle\"}\n>player p1 {\"name\":\"Slyvegone\",\"avatar\":\"266\",\"rating\":1741,\"seed\":[33311,16725,37650,5375]}\n>player p2 {\"name\":\"randbats addict\",\"avatar\":\"lady\",\"rating\":1780,\"seed\":[13568,44695,64019,51901]}\n>p1 move knockoff\n>p2 switch 6\n>p1 switch 3\n>p2 move auroraveil\n>p1 move calmmind\n>p2 switch 4\n>p1 switch 2\n>p2 move shiftgear\n>p1 move poltergeist\n>p2 move overdrive\n>chat \u2606randbats addict|wp\n>p1 move spikes\n>p2 move shiftgear\n>p1 move spikes\n>p2 move gunkshot\n>chat \u2606randbats addict|wow\n>p1 move spikes\n>p2 move gunkshot\n>p1 switch 6\n>p1 move psychicnoise\n>p2 move gunkshot terastallize\n>chat \u2606randbats addict|WTRFF NGR\n>p1 move psychicnoise\n>p2 move gunkshot\n>p1 move encore\n>p2 move boomburst\n>p1 switch 3\n>p1 move firstimpression\n>p2 move boomburst\n>p1 switch 4\n>p1 move quickattack\n>p2 move overdrive\n>chat \u2606randbats addict|awwww\n>p1 switch 2\n>p1 move hypervoice terastallize\n>p2 move overdrive\n>p2 switch 3\n>p1 move protect\n>p2 move earthquake\n>p1 switch 5\n>p2 move earthquake\n>p1 move leafstorm\n>p2 move iciclecrash\n>forcelose p1", "uploadtime": 1733857750, "views": 1, "formatid": "gen9randombattle", "rating": 1723, "private": 0, "password": null}