{"id": "gen9randombattle-2241462433", "format": "[Gen 9] Random Battle", "players": ["nooks n grannies", "frostyrade"], "log": "|j|\u2606nooks n grannies\n|j|\u2606frostyrade\n|t:|1731292820\n|gametype|singles\n|player|p1|nooks n grannies|madame|2205\n|player|p2|frostyrade|101|2279\n|teamsize|p1|6\n|teamsize|p2|6\n|gen|9\n|tier|[Gen 9] Random Battle\n|rated|\n|rule|Species Clause: Limit one of each Pok\u00e9mon\n|rule|HP Percentage Mod: HP is shown in percentages\n|rule|Sleep Clause Mod: Limit one foe put to sleep\n|rule|Illusion Level Mod: Illusion disguises the Pok\u00e9mon's true level\n|\n|t:|1731292820\n|start\n|switch|p1a: Dusknoir|Dusknoir, L89, M|225/225\n|switch|p2a: Entei|Entei, L78|307/307\n|-item|p2a: Entei|Choice Band|[from] ability: Frisk|[of] p1a: Dusknoir\n|turn|1\n|inactive|Battle timer is ON: inactive players will automatically lose when time's up. (requested by frostyrade)\n|\n|t:|1731292847\n|switch|p1a: Toxapex|Toxapex, L82, M|216/216\n|move|p2a: Entei|Sacred Fire|p1a: Toxapex\n|-resisted|p1a: Toxapex\n|-damage|p1a: Toxapex|165/216\n|\n|upkeep\n|turn|2\n|\n|t:|1731292868\n|move|p2a: Entei|Sacred Fire|p1a: Toxapex\n|-resisted|p1a: Toxapex\n|-damage|p1a: Toxapex|115/216\n|move|p1a: Toxapex|Toxic|p2a: Entei\n|-status|p2a: Entei|tox\n|\n|-damage|p2a: Entei|288/307 tox|[from] psn\n|upkeep\n|turn|3\n|\n|t:|1731292879\n|move|p2a: Entei|Sacred Fire|p1a: Toxapex\n|-resisted|p1a: Toxapex\n|-damage|p1a: Toxapex|61/216\n|move|p1a: Toxapex|Toxic|p2a: Entei\n|-fail|p2a: Entei|tox\n|\n|-damage|p2a: Entei|250/307 tox|[from] psn\n|upkeep\n|turn|4\n|\n|t:|1731292885\n|move|p2a: Entei|Sacred Fire|p1a: Toxapex\n|-resisted|p1a: Toxapex\n|-damage|p1a: Toxapex|7/216\n|move|p1a: Toxapex|Recover|p1a: Toxapex\n|-heal|p1a: Toxapex|115/216\n|\n|-damage|p2a: Entei|193/307 tox|[from] psn\n|upkeep\n|turn|5\n|\n|t:|1731292893\n|move|p2a: Entei|Sacred Fire|p1a: Toxapex\n|-resisted|p1a: Toxapex\n|-damage|p1a: Toxapex|61/216\n|move|p1a: Toxapex|Recover|p1a: Toxapex\n|-heal|p1a: Toxapex|169/216\n|\n|-damage|p2a: Entei|117/307 tox|[from] psn\n|upkeep\n|turn|6\n|\n|t:|1731292898\n|move|p2a: Entei|Sacred Fire|p1a: Toxapex\n|-resisted|p1a: Toxapex\n|-damage|p1a: Toxapex|121/216\n|-status|p1a: Toxapex|brn\n|move|p1a: Toxapex|Liquidation|p2a: Entei\n|-supereffective|p2a: Entei\n|-damage|p2a: Entei|48/307 tox\n|\n|-damage|p2a: Entei|0 fnt|[from] psn\n|faint|p2a: Entei\n|-damage|p1a: Toxapex|108/216 brn|[from] brn\n|upkeep\n|c|\u2606nooks n grannies|gottem ;)\n|\n|t:|1731292927\n|switch|p2a: Malamar|Malamar, L82, M|275/275\n|turn|7\n|inactive|nooks n grannies has 120 seconds left.\n|\n|t:|1731292968\n|switch|p1a: Wo-Chien|Wo-Chien, L83|277/277\n|-ability|p1a: Wo-Chien|Tablets of Ruin\n|move|p2a: Malamar|Knock Off|p1a: Wo-Chien\n|-resisted|p1a: Wo-Chien\n|-damage|p1a: Wo-Chien|248/277\n|-enditem|p1a: Wo-Chien|Leftovers|[from] move: Knock Off|[of] p2a: Malamar\n|\n|upkeep\n|turn|8\n|\n|t:|1731292976\n|move|p2a: Malamar|Superpower|p1a: Wo-Chien\n|-supereffective|p1a: Wo-Chien\n|-damage|p1a: Wo-Chien|142/277\n|-boost|p2a: Malamar|atk|1\n|-boost|p2a: Malamar|def|1\n|move|p1a: Wo-Chien|Leech Seed|p2a: Malamar\n|-start|p2a: Malamar|move: Leech Seed\n|\n|-damage|p2a: Malamar|241/275|[from] Leech Seed|[of] p1a: Wo-Chien\n|-heal|p1a: Wo-Chien|176/277|[silent]\n|upkeep\n|turn|9\n|inactive|nooks n grannies has 120 seconds left.\n|\n|t:|1731292988\n|move|p2a: Malamar|Knock Off|p1a: Wo-Chien\n|-resisted|p1a: Wo-Chien\n|-damage|p1a: Wo-Chien|143/277\n|move|p1a: Wo-Chien|Knock Off|p2a: Malamar\n|-damage|p2a: Malamar|177/275\n|-enditem|p2a: Malamar|Chesto Berry|[from] move: Knock Off|[of] p1a: Wo-Chien\n|\n|-damage|p2a: Malamar|143/275|[from] Leech Seed|[of] p1a: Wo-Chien\n|-heal|p1a: Wo-Chien|177/277|[silent]\n|upkeep\n|turn|10\n|inactive|nooks n grannies has 120 seconds left.\n|\n|t:|1731292995\n|move|p1a: Wo-Chien|Protect|p1a: Wo-Chien\n|-singleturn|p1a: Wo-Chien|Protect\n|move|p2a: Malamar|Knock Off|p1a: Wo-Chien\n|-activate|p1a: Wo-Chien|move: Protect\n|\n|-damage|p2a: Malamar|109/275|[from] Leech Seed|[of] p1a: Wo-Chien\n|-heal|p1a: Wo-Chien|211/277|[silent]\n|upkeep\n|turn|11\n|inactive|nooks n grannies has 120 seconds left.\n|\n|t:|1731293008\n|move|p2a: Malamar|Superpower|p1a: Wo-Chien\n|-supereffective|p1a: Wo-Chien\n|-damage|p1a: Wo-Chien|61/277\n|-boost|p2a: Malamar|atk|1\n|-boost|p2a: Malamar|def|1\n|move|p1a: Wo-Chien|Knock Off|p2a: Malamar\n|-damage|p2a: Malamar|79/275\n|\n|-damage|p2a: Malamar|45/275|[from] Leech Seed|[of] p1a: Wo-Chien\n|-heal|p1a: Wo-Chien|95/277|[silent]\n|upkeep\n|turn|12\n|inactive|nooks n grannies has 120 seconds left.\n|\n|t:|1731293038\n|switch|p1a: Toxapex|Toxapex, L82, M|180/216 brn\n|move|p2a: Malamar|Rest|p2a: Malamar\n|-status|p2a: Malamar|slp|[from] move: Rest\n|-heal|p2a: Malamar|275/275 slp|[silent]\n|\n|-damage|p2a: Malamar|241/275 slp|[from] Leech Seed|[of] p1a: Toxapex\n|-heal|p1a: Toxapex|214/216 brn|[silent]\n|-damage|p1a: Toxapex|201/216 brn|[from] brn\n|upkeep\n|turn|13\n|\n|t:|1731293047\n|cant|p2a: Malamar|slp\n|move|p1a: Toxapex|Haze|p1a: Toxapex\n|-clearallboost\n|\n|-damage|p2a: Malamar|207/275 slp|[from] Leech Seed|[of] p1a: Toxapex\n|-heal|p1a: Toxapex|216/216 brn|[silent]\n|-damage|p1a: Toxapex|203/216 brn|[from] brn\n|upkeep\n|turn|14\n|\n|t:|1731293053\n|switch|p2a: Conkeldurr|Conkeldurr, L80, M|299/299\n|switch|p1a: Wo-Chien|Wo-Chien, L83|95/277\n|-ability|p1a: Wo-Chien|Tablets of Ruin\n|\n|-status|p2a: Conkeldurr|brn|[from] item: Flame Orb\n|upkeep\n|turn|15\n|\n|t:|1731293062\n|switch|p1a: Banette|Banette, L93, M|270/270\n|-item|p2a: Conkeldurr|Flame Orb|[from] ability: Frisk|[of] p1a: Banette\n|move|p2a: Conkeldurr|Facade|p1a: Banette\n|-immune|p1a: Banette\n|\n|-damage|p2a: Conkeldurr|281/299 brn|[from] brn\n|upkeep\n|turn|16\n|inactive|nooks n grannies has 120 seconds left.\n|\n|t:|1731293081\n|move|p1a: Banette|Poltergeist|p2a: Conkeldurr\n|-activate|p2a: Conkeldurr|move: Poltergeist|Flame Orb\n|-crit|p2a: Conkeldurr\n|-damage|p2a: Conkeldurr|0 fnt\n|faint|p2a: Conkeldurr\n|-damage|p1a: Banette|243/270|[from] item: Life Orb\n|\n|upkeep\n|\n|t:|1731293103\n|switch|p2a: Calyrex|Calyrex-Shadow, L64|235/235\n|-ability|p2a: Calyrex|As One\n|-ability|p2a: Calyrex|Unnerve\n|turn|17\n|inactive|nooks n grannies has 120 seconds left.\n|\n|t:|1731293127\n|switch|p1a: Kingambit|Kingambit, L74, F|270/270\n|-terastallize|p2a: Calyrex|Ghost\n|move|p2a: Calyrex|Astral Barrage|p1a: Kingambit\n|-resisted|p1a: Kingambit\n|-damage|p1a: Kingambit|146/270\n|\n|-heal|p1a: Kingambit|162/270|[from] item: Leftovers\n|upkeep\n|turn|18\n|inactive|nooks n grannies has 120 seconds left.\n|\n|t:|1731293140\n|switch|p2a: Chi-Yu|Chi-Yu, L77|211/211\n|-ability|p2a: Chi-Yu|Beads of Ruin\n|move|p1a: Kingambit|Kowtow Cleave|p2a: Chi-Yu\n|-resisted|p2a: Chi-Yu\n|-crit|p2a: Chi-Yu\n|-damage|p2a: Chi-Yu|136/211\n|\n|-heal|p1a: Kingambit|178/270|[from] item: Leftovers\n|upkeep\n|turn|19\n|inactive|nooks n grannies has 120 seconds left.\n|inactive|frostyrade has 120 seconds left.\n|\n|t:|1731293166\n|switch|p2a: Calyrex|Calyrex-Shadow, L64, tera:Ghost|235/235\n|-ability|p2a: Calyrex|As One\n|-ability|p2a: Calyrex|Unnerve\n|-end|p1a: Kingambit|fallenundefined|[silent]\n|switch|p1a: Wo-Chien|Wo-Chien, L83|95/277\n|-ability|p1a: Wo-Chien|Tablets of Ruin\n|\n|upkeep\n|turn|20\n|inactive|frostyrade has 120 seconds left.\n|\n|t:|1731293178\n|move|p1a: Wo-Chien|Protect|p1a: Wo-Chien\n|-singleturn|p1a: Wo-Chien|Protect\n|move|p2a: Calyrex|Pollen Puff|p1a: Wo-Chien\n|-activate|p1a: Wo-Chien|move: Protect\n|\n|upkeep\n|turn|21\n|\n|t:|1731293191\n|switch|p2a: Chi-Yu|Chi-Yu, L77|136/211\n|-ability|p2a: Chi-Yu|Beads of Ruin\n|switch|p1a: Toxapex|Toxapex, L82, M|216/216 brn\n|\n|-damage|p1a: Toxapex|203/216 brn|[from] brn\n|upkeep\n|turn|22\n|\n|t:|1731293197\n|move|p2a: Chi-Yu|Psychic|p1a: Toxapex\n|-supereffective|p1a: Toxapex\n|-damage|p1a: Toxapex|65/216 brn\n|-unboost|p1a: Toxapex|spd|1\n|move|p1a: Toxapex|Toxic|p2a: Chi-Yu\n|-status|p2a: Chi-Yu|tox\n|\n|-damage|p2a: Chi-Yu|123/211 tox|[from] psn\n|-damage|p1a: Toxapex|52/216 brn|[from] brn\n|upkeep\n|turn|23\n|\n|t:|1731293213\n|switch|p2a: Zacian|Zacian, L69|241/241\n|-ability|p2a: Zacian|Intrepid Sword|boost\n|-boost|p2a: Zacian|atk|1\n|switch|p1a: Wo-Chien|Wo-Chien, L83|95/277\n|-ability|p1a: Wo-Chien|Tablets of Ruin\n|\n|upkeep\n|turn|24\n|inactive|nooks n grannies has 120 seconds left.\n|\n|t:|1731293238\n|move|p2a: Zacian|Play Rough|p1a: Wo-Chien\n|-supereffective|p1a: Wo-Chien\n|-damage|p1a: Wo-Chien|0 fnt\n|faint|p1a: Wo-Chien\n|\n|upkeep\n|\n|t:|1731293244\n|switch|p1a: Toxapex|Toxapex, L82, M|124/216 brn\n|turn|25\n|\n|t:|1731293247\n|switch|p2a: Malamar|Malamar, L82, M|207/275 slp\n|move|p1a: Toxapex|Recover|p1a: Toxapex\n|-heal|p1a: Toxapex|216/216 brn\n|\n|-damage|p1a: Toxapex|203/216 brn|[from] brn\n|upkeep\n|turn|26\n|\n|t:|1731293255\n|switch|p1a: Arboliva|Arboliva, L91, F|288/288\n|cant|p2a: Malamar|slp\n|\n|upkeep\n|turn|27\n|\n|t:|1731293265\n|-curestatus|p2a: Malamar|slp|[msg]\n|move|p2a: Malamar|Superpower|p1a: Arboliva\n|-supereffective|p1a: Arboliva\n|-damage|p1a: Arboliva|150/288\n|-boost|p2a: Malamar|atk|1\n|-boost|p2a: Malamar|def|1\n|move|p1a: Arboliva|Leech Seed|p2a: Malamar\n|-start|p2a: Malamar|move: Leech Seed\n|\n|-damage|p2a: Malamar|173/275|[from] Leech Seed|[of] p1a: Arboliva\n|-heal|p1a: Arboliva|184/288|[silent]\n|upkeep\n|turn|28\n|\n|t:|1731293278\n|switch|p1a: Toxapex|Toxapex, L82, M|216/216 brn\n|move|p2a: Malamar|Knock Off|p1a: Toxapex\n|-damage|p1a: Toxapex|119/216 brn\n|-damage|p2a: Malamar|128/275|[from] item: Rocky Helmet|[of] p1a: Toxapex\n|-enditem|p1a: Toxapex|Rocky Helmet|[from] move: Knock Off|[of] p2a: Malamar\n|\n|-damage|p2a: Malamar|94/275|[from] Leech Seed|[of] p1a: Toxapex\n|-heal|p1a: Toxapex|153/216 brn|[silent]\n|-damage|p1a: Toxapex|140/216 brn|[from] brn\n|upkeep\n|turn|29\n|\n|t:|1731293290\n|move|p2a: Malamar|Rest|p2a: Malamar\n|-status|p2a: Malamar|slp|[from] move: Rest\n|-heal|p2a: Malamar|275/275 slp|[silent]\n|move|p1a: Toxapex|Haze|p1a: Toxapex\n|-clearallboost\n|\n|-damage|p2a: Malamar|241/275 slp|[from] Leech Seed|[of] p1a: Toxapex\n|-heal|p1a: Toxapex|174/216 brn|[silent]\n|-damage|p1a: Toxapex|161/216 brn|[from] brn\n|upkeep\n|turn|30\n|\n|t:|1731293300\n|cant|p2a: Malamar|slp\n|move|p1a: Toxapex|Toxic||[still]\n|-fail|p1a: Toxapex\n|\n|-damage|p2a: Malamar|207/275 slp|[from] Leech Seed|[of] p1a: Toxapex\n|-heal|p1a: Toxapex|195/216 brn|[silent]\n|-damage|p1a: Toxapex|182/216 brn|[from] brn\n|upkeep\n|turn|31\n|\n|t:|1731293308\n|cant|p2a: Malamar|slp\n|move|p1a: Toxapex|Toxic||[still]\n|-fail|p1a: Toxapex\n|\n|-damage|p2a: Malamar|173/275 slp|[from] Leech Seed|[of] p1a: Toxapex\n|-heal|p1a: Toxapex|216/216 brn|[silent]\n|-damage|p1a: Toxapex|203/216 brn|[from] brn\n|upkeep\n|turn|32\n|\n|t:|1731293317\n|switch|p2a: Chi-Yu|Chi-Yu, L77|123/211 tox\n|-ability|p2a: Chi-Yu|Beads of Ruin\n|move|p1a: Toxapex|Toxic|p2a: Chi-Yu\n|-fail|p2a: Chi-Yu|tox\n|\n|-damage|p2a: Chi-Yu|110/211 tox|[from] psn\n|-damage|p1a: Toxapex|190/216 brn|[from] brn\n|upkeep\n|turn|33\n|\n|t:|1731293327\n|switch|p2a: Malamar|Malamar, L82, M|173/275 slp\n|move|p1a: Toxapex|Liquidation|p2a: Malamar\n|-damage|p2a: Malamar|143/275 slp\n|\n|-damage|p1a: Toxapex|177/216 brn|[from] brn\n|upkeep\n|turn|34\n|\n|t:|1731293336\n|-curestatus|p2a: Malamar|slp|[msg]\n|move|p2a: Malamar|Superpower|p1a: Toxapex\n|-resisted|p1a: Toxapex\n|-damage|p1a: Toxapex|153/216 brn\n|-boost|p2a: Malamar|atk|1\n|-boost|p2a: Malamar|def|1\n|move|p1a: Toxapex|Toxic|p2a: Malamar\n|-status|p2a: Malamar|tox\n|\n|-damage|p2a: Malamar|126/275 tox|[from] psn\n|-damage|p1a: Toxapex|140/216 brn|[from] brn\n|upkeep\n|turn|35\n|\n|t:|1731293358\n|move|p2a: Malamar|Knock Off|p1a: Toxapex\n|-damage|p1a: Toxapex|74/216 brn\n|move|p1a: Toxapex|Recover|p1a: Toxapex\n|-heal|p1a: Toxapex|182/216 brn\n|\n|-damage|p2a: Malamar|92/275 tox|[from] psn\n|-damage|p1a: Toxapex|169/216 brn|[from] brn\n|upkeep\n|turn|36\n|\n|t:|1731293367\n|move|p2a: Malamar|Rest|p2a: Malamar\n|-status|p2a: Malamar|slp|[from] move: Rest\n|-heal|p2a: Malamar|275/275 slp|[silent]\n|move|p1a: Toxapex|Haze|p1a: Toxapex\n|-clearallboost\n|\n|-damage|p1a: Toxapex|156/216 brn|[from] brn\n|upkeep\n|turn|37\n|\n|t:|1731293378\n|switch|p1a: Arboliva|Arboliva, L91, F|184/288\n|cant|p2a: Malamar|slp\n|\n|upkeep\n|turn|38\n|\n|t:|1731293385\n|cant|p2a: Malamar|slp\n|move|p1a: Arboliva|Substitute|p1a: Arboliva\n|-start|p1a: Arboliva|Substitute\n|-damage|p1a: Arboliva|112/288\n|-enditem|p1a: Arboliva|Sitrus Berry|[eat]\n|-heal|p1a: Arboliva|184/288|[from] item: Sitrus Berry\n|\n|-item|p1a: Arboliva|Sitrus Berry|[from] ability: Harvest\n|upkeep\n|turn|39\n|\n|t:|1731293398\n|-curestatus|p2a: Malamar|slp|[msg]\n|move|p2a: Malamar|Superpower|p1a: Arboliva\n|-supereffective|p1a: Arboliva\n|-end|p1a: Arboliva|Substitute\n|-boost|p2a: Malamar|atk|1\n|-boost|p2a: Malamar|def|1\n|move|p1a: Arboliva|Leech Seed|p2a: Malamar\n|-start|p2a: Malamar|move: Leech Seed\n|\n|-damage|p2a: Malamar|241/275|[from] Leech Seed|[of] p1a: Arboliva\n|-heal|p1a: Arboliva|218/288|[silent]\n|upkeep\n|turn|40\n|\n|t:|1731293405\n|move|p1a: Arboliva|Protect|p1a: Arboliva\n|-singleturn|p1a: Arboliva|Protect\n|move|p2a: Malamar|Knock Off|p1a: Arboliva\n|-activate|p1a: Arboliva|move: Protect\n|\n|-damage|p2a: Malamar|207/275|[from] Leech Seed|[of] p1a: Arboliva\n|-heal|p1a: Arboliva|252/288|[silent]\n|upkeep\n|turn|41\n|\n|t:|1731293411\n|switch|p1a: Toxapex|Toxapex, L82, M|216/216 brn\n|move|p2a: Malamar|Knock Off|p1a: Toxapex\n|-damage|p1a: Toxapex|150/216 brn\n|\n|-damage|p2a: Malamar|173/275|[from] Leech Seed|[of] p1a: Toxapex\n|-heal|p1a: Toxapex|184/216 brn|[silent]\n|-damage|p1a: Toxapex|171/216 brn|[from] brn\n|upkeep\n|turn|42\n|\n|t:|1731293421\n|move|p2a: Malamar|Psycho Cut|p1a: Toxapex\n|-supereffective|p1a: Toxapex\n|-damage|p1a: Toxapex|45/216 brn\n|move|p1a: Toxapex|Liquidation|p2a: Malamar\n|-damage|p2a: Malamar|151/275\n|\n|-damage|p2a: Malamar|117/275|[from] Leech Seed|[of] p1a: Toxapex\n|-heal|p1a: Toxapex|79/216 brn|[silent]\n|-damage|p1a: Toxapex|66/216 brn|[from] brn\n|upkeep\n|turn|43\n|inactive|nooks n grannies has 120 seconds left.\n|\n|t:|1731293475\n|switch|p1a: Kingambit|Kingambit, L74, F|178/270\n|-activate|p1a: Kingambit|ability: Supreme Overlord\n|-start|p1a: Kingambit|fallen1|[silent]\n|move|p2a: Malamar|Knock Off|p1a: Kingambit\n|-resisted|p1a: Kingambit\n|-damage|p1a: Kingambit|117/270\n|-enditem|p1a: Kingambit|Leftovers|[from] move: Knock Off|[of] p2a: Malamar\n|\n|-damage|p2a: Malamar|83/275|[from] Leech Seed|[of] p1a: Kingambit\n|-heal|p1a: Kingambit|151/270|[silent]\n|upkeep\n|turn|44\n|\n|t:|1731293495\n|switch|p2a: Chi-Yu|Chi-Yu, L77|110/211 tox\n|-ability|p2a: Chi-Yu|Beads of Ruin\n|-end|p1a: Kingambit|fallen1|[silent]\n|switch|p1a: Toxapex|Toxapex, L82, M|138/216 brn\n|\n|-damage|p2a: Chi-Yu|97/211 tox|[from] psn\n|-damage|p1a: Toxapex|125/216 brn|[from] brn\n|upkeep\n|turn|45\n|\n|t:|1731293502\n|switch|p2a: Malamar|Malamar, L82, M|83/275\n|switch|p1a: Kingambit|Kingambit, L74, F|151/270\n|-activate|p1a: Kingambit|ability: Supreme Overlord\n|-start|p1a: Kingambit|fallen1|[silent]\n|\n|upkeep\n|turn|46\n|\n|t:|1731293518\n|move|p1a: Kingambit|Sucker Punch||[still]\n|-fail|p1a: Kingambit\n|move|p2a: Malamar|Rest|p2a: Malamar\n|-status|p2a: Malamar|slp|[from] move: Rest\n|-heal|p2a: Malamar|275/275 slp|[silent]\n|\n|upkeep\n|turn|47\n|\n|t:|1731293523\n|cant|p2a: Malamar|slp\n|move|p1a: Kingambit|Swords Dance|p1a: Kingambit\n|-boost|p1a: Kingambit|atk|2\n|\n|upkeep\n|turn|48\n|inactive|nooks n grannies has 120 seconds left.\n|\n|t:|1731293532\n|switch|p2a: Chi-Yu|Chi-Yu, L77|97/211 tox\n|-ability|p2a: Chi-Yu|Beads of Ruin\n|move|p1a: Kingambit|Kowtow Cleave|p2a: Chi-Yu\n|-resisted|p2a: Chi-Yu\n|-damage|p2a: Chi-Yu|0 fnt\n|faint|p2a: Chi-Yu\n|\n|upkeep\n|\n|t:|1731293533\n|switch|p2a: Zacian|Zacian, L69|241/241\n|turn|49\n|inactive|nooks n grannies has 120 seconds left.\n|\n|t:|1731293562\n|move|p2a: Zacian|Play Rough|p1a: Kingambit\n|-damage|p1a: Kingambit|40/270\n|move|p1a: Kingambit|Iron Head|p2a: Zacian\n|-supereffective|p2a: Zacian\n|-damage|p2a: Zacian|0 fnt\n|faint|p2a: Zacian\n|\n|upkeep\n|\n|t:|1731293566\n|switch|p2a: Calyrex|Calyrex-Shadow, L64, tera:Ghost|235/235\n|-ability|p2a: Calyrex|As One\n|-ability|p2a: Calyrex|Unnerve\n|turn|50\n|inactive|nooks n grannies has 120 seconds left.\n|\n|t:|1731293575\n|move|p1a: Kingambit|Sucker Punch||[still]\n|-fail|p1a: Kingambit\n|move|p2a: Calyrex|Trick|p1a: Kingambit\n|-activate|p2a: Calyrex|move: Trick|[of] p1a: Kingambit\n|-item|p1a: Kingambit|Choice Specs|[from] move: Trick\n|-enditem|p2a: Calyrex|Choice Specs|[silent]|[from] move: Trick\n|\n|upkeep\n|turn|51\n|\n|t:|1731293586\n|switch|p2a: Malamar|Malamar, L82, M|275/275 slp\n|move|p1a: Kingambit|Sucker Punch||[still]\n|-fail|p1a: Kingambit\n|\n|upkeep\n|turn|52\n|\n|t:|1731293599\n|-end|p1a: Kingambit|fallen1|[silent]\n|switch|p1a: Arboliva|Arboliva, L91, F|252/288\n|cant|p2a: Malamar|slp\n|\n|upkeep\n|turn|53\n|\n|t:|1731293603\n|-curestatus|p2a: Malamar|slp|[msg]\n|move|p2a: Malamar|Knock Off|p1a: Arboliva\n|-damage|p1a: Arboliva|171/288\n|-enditem|p1a: Arboliva|Sitrus Berry|[from] move: Knock Off|[of] p2a: Malamar\n|move|p1a: Arboliva|Leech Seed|p2a: Malamar\n|-start|p2a: Malamar|move: Leech Seed\n|\n|-damage|p2a: Malamar|241/275|[from] Leech Seed|[of] p1a: Arboliva\n|-heal|p1a: Arboliva|205/288|[silent]\n|upkeep\n|turn|54\n|\n|t:|1731293620\n|switch|p2a: Calyrex|Calyrex-Shadow, L64, tera:Ghost|235/235\n|-ability|p2a: Calyrex|As One\n|-ability|p2a: Calyrex|Unnerve\n|move|p1a: Arboliva|Hyper Voice|p2a: Calyrex\n|-immune|p2a: Calyrex\n|\n|upkeep\n|turn|55\n|\n|t:|1731293629\n|move|p1a: Arboliva|Protect|p1a: Arboliva\n|-singleturn|p1a: Arboliva|Protect\n|move|p2a: Calyrex|Psyshock|p1a: Arboliva\n|-activate|p1a: Arboliva|move: Protect\n|\n|upkeep\n|turn|56\n|\n|t:|1731293638\n|move|p2a: Calyrex|Pollen Puff|p1a: Arboliva\n|-supereffective|p1a: Arboliva\n|-damage|p1a: Arboliva|109/288\n|move|p1a: Arboliva|Leech Seed|p2a: Calyrex\n|-start|p2a: Calyrex|move: Leech Seed\n|\n|-damage|p2a: Calyrex|206/235|[from] Leech Seed|[of] p1a: Arboliva\n|-heal|p1a: Arboliva|138/288|[silent]\n|upkeep\n|turn|57\n|\n|t:|1731293656\n|switch|p1a: Toxapex|Toxapex, L82, M|197/216 brn\n|move|p2a: Calyrex|Pollen Puff|p1a: Toxapex\n|-resisted|p1a: Toxapex\n|-damage|p1a: Toxapex|177/216 brn\n|\n|-damage|p2a: Calyrex|177/235|[from] Leech Seed|[of] p1a: Toxapex\n|-heal|p1a: Toxapex|206/216 brn|[silent]\n|-damage|p1a: Toxapex|193/216 brn|[from] brn\n|upkeep\n|turn|58\n|\n|t:|1731293660\n|switch|p2a: Malamar|Malamar, L82, M|241/275\n|move|p1a: Toxapex|Toxic|p2a: Malamar\n|-status|p2a: Malamar|tox\n|\n|-damage|p2a: Malamar|224/275 tox|[from] psn\n|-damage|p1a: Toxapex|180/216 brn|[from] brn\n|upkeep\n|turn|59\n|inactive|nooks n grannies has 120 seconds left.\n|\n|t:|1731293698\n|move|p2a: Malamar|Knock Off|p1a: Toxapex\n|-crit|p1a: Toxapex\n|-damage|p1a: Toxapex|114/216 brn\n|move|p1a: Toxapex|Haze|p1a: Toxapex\n|-clearallboost\n|\n|-damage|p2a: Malamar|190/275 tox|[from] psn\n|-damage|p1a: Toxapex|101/216 brn|[from] brn\n|upkeep\n|turn|60\n|inactive|nooks n grannies has 120 seconds left.\n|\n|t:|1731293706\n|move|p2a: Malamar|Psycho Cut|p1a: Toxapex\n|-supereffective|p1a: Toxapex\n|-damage|p1a: Toxapex|17/216 brn\n|move|p1a: Toxapex|Haze|p1a: Toxapex\n|-clearallboost\n|\n|-damage|p2a: Malamar|139/275 tox|[from] psn\n|-damage|p1a: Toxapex|4/216 brn|[from] brn\n|upkeep\n|turn|61\n|inactive|nooks n grannies has 120 seconds left.\n|\n|t:|1731293738\n|switch|p2a: Calyrex|Calyrex-Shadow, L64, tera:Ghost|177/235\n|-ability|p2a: Calyrex|As One\n|-ability|p2a: Calyrex|Unnerve\n|switch|p1a: Kingambit|Kingambit, L74, F|40/270\n|-activate|p1a: Kingambit|ability: Supreme Overlord\n|-start|p1a: Kingambit|fallen1|[silent]\n|\n|upkeep\n|turn|62\n|\n|t:|1731293748\n|switch|p2a: Malamar|Malamar, L82, M|139/275 tox\n|move|p1a: Kingambit|Kowtow Cleave|p2a: Malamar\n|-damage|p2a: Malamar|36/275 tox\n|\n|-damage|p2a: Malamar|19/275 tox|[from] psn\n|upkeep\n|turn|63\n|\n|t:|1731293756\n|move|p2a: Malamar|Rest|p2a: Malamar\n|-status|p2a: Malamar|slp|[from] move: Rest\n|-heal|p2a: Malamar|275/275 slp|[silent]\n|move|p1a: Kingambit|Kowtow Cleave|p2a: Malamar\n|-damage|p2a: Malamar|178/275 slp\n|\n|upkeep\n|turn|64\n|inactive|nooks n grannies has 120 seconds left.\n|\n|t:|1731293764\n|-terastallize|p1a: Kingambit|Dark\n|cant|p2a: Malamar|slp\n|move|p1a: Kingambit|Kowtow Cleave|p2a: Malamar\n|-damage|p2a: Malamar|28/275 slp\n|\n|upkeep\n|turn|65\n|\n|t:|1731293771\n|cant|p2a: Malamar|slp\n|move|p1a: Kingambit|Kowtow Cleave|p2a: Malamar\n|-damage|p2a: Malamar|0 fnt\n|faint|p2a: Malamar\n|\n|upkeep\n|\n|t:|1731293772\n|switch|p2a: Calyrex|Calyrex-Shadow, L64, tera:Ghost|177/235\n|-ability|p2a: Calyrex|As One\n|-ability|p2a: Calyrex|Unnerve\n|turn|66\n|\n|t:|1731293787\n|-end|p1a: Kingambit|fallen1|[silent]\n|switch|p1a: Toxapex|Toxapex, L82, M|76/216 brn\n|move|p2a: Calyrex|Psyshock|p1a: Toxapex\n|-supereffective|p1a: Toxapex\n|-damage|p1a: Toxapex|0 fnt\n|faint|p1a: Toxapex\n|-ability|p2a: Calyrex|Grim Neigh|boost\n|-boost|p2a: Calyrex|spa|1\n|\n|upkeep\n|\n|t:|1731293790\n|switch|p1a: Banette|Banette, L93, M|243/270\n|turn|67\n|\n|t:|1731293793\n|move|p1a: Banette|Shadow Sneak|p2a: Calyrex\n|-supereffective|p2a: Calyrex\n|-damage|p2a: Calyrex|0 fnt\n|faint|p2a: Calyrex\n|-damage|p1a: Banette|216/270|[from] item: Life Orb\n|\n|win|nooks n grannies\n|raw|nooks n grannies's rating: 2205 &rarr; <strong>2229</strong><br />(+24 for winning)\n|raw|frostyrade's rating: 2279 &rarr; <strong>2255</strong><br />(-24 for losing)\n|l|\u2606frostyrade\n|player|p2|\n", "inputlog": ">version 6cf2ed9506aaf20327444a00a9388215acbf9fb2\n>start {\"formatid\":\"gen9randombattle\",\"seed\":[20113,11224,32135,33890],\"rated\":\"Rated battle\"}\n>player p1 {\"name\":\"nooks n grannies\",\"avatar\":\"madame\",\"rating\":2205,\"seed\":[56585,31496,13890,41235]}\n>player p2 {\"name\":\"frostyrade\",\"avatar\":\"101\",\"rating\":2279,\"seed\":[45895,20253,29111,52846]}\n>p1 switch 6\n>p2 move sacredfire\n>p1 move toxic\n>p2 move sacredfire\n>p1 move toxic\n>p2 move sacredfire\n>p1 move recover\n>p2 move sacredfire\n>p1 move recover\n>p2 move sacredfire\n>p1 move liquidation\n>p2 move sacredfire\n>chat \u2606nooks n grannies|gottem ;)\n>p2 switch 3\n>p1 switch 3\n>p2 move knockoff\n>p1 move leechseed\n>p2 move superpower\n>p1 move knockoff\n>p2 move knockoff\n>p1 move protect\n>p2 move knockoff\n>p1 move knockoff\n>p2 move superpower\n>p1 switch 3\n>p2 move rest\n>p1 move haze\n>p2 move psychocut\n>p1 switch 3\n>p2 switch 6\n>p1 switch 4\n>p2 move facade\n>p1 move poltergeist\n>p2 move knockoff\n>p2 switch 5\n>p1 switch 2\n>p2 move astralbarrage terastallize\n>p1 move kowtowcleave\n>p2 switch 4\n>p1 switch 4\n>p2 switch 4\n>p1 move protect\n>p2 move pollenpuff\n>p1 switch 3\n>p2 switch 4\n>p1 move toxic\n>p2 move psychic\n>p1 switch 3\n>p2 switch 2\n>p1 move leechseed\n>p2 move playrough\n>p1 switch 3\n>p1 move recover\n>p2 switch 6\n>p1 switch 5\n>p2 move superpower\n>p1 move leechseed\n>p2 move superpower\n>p1 switch 5\n>p2 move knockoff\n>p1 move haze\n>p2 move rest\n>p1 move toxic\n>p2 move psychocut\n>p1 move toxic\n>p2 move psychocut\n>p1 move toxic\n>p2 switch 2\n>p1 move liquidation\n>p2 switch 2\n>p1 move toxic\n>p2 move superpower\n>p1 move recover\n>p2 move knockoff\n>p1 move haze\n>p2 move rest\n>p1 switch 5\n>p2 move superpower\n>p1 move substitute\n>p2 move knockoff\n>p1 move leechseed\n>p2 move superpower\n>p1 move protect\n>p2 move knockoff\n>p1 switch 5\n>p2 move knockoff\n>p1 move liquidation\n>p2 move psychocut\n>p1 switch 4\n>p2 move knockoff\n>p1 switch 4\n>p2 switch 2\n>p1 switch 4\n>p2 switch 2\n>p1 move suckerpunch\n>p2 move rest\n>p1 move swordsdance\n>p2 move rest\n>p1 move kowtowcleave\n>p2 switch 2\n>p2 switch 6\n>p1 move ironhead\n>p2 move playrough\n>p2 switch 4\n>p1 move suckerpunch\n>p2 move trick\n>p1 move suckerpunch\n>p2 switch 2\n>p1 switch 5\n>p2 move rest\n>p1 move leechseed\n>p2 move knockoff\n>p1 move hypervoice\n>p2 switch 2\n>p1 move protect\n>p2 move psyshock\n>p1 move leechseed\n>p2 move pollenpuff\n>p1 switch 4\n>p2 move pollenpuff\n>p1 move toxic\n>p2 switch 2\n>p1 move haze\n>p2 move knockoff\n>p1 move haze\n>p2 move psychocut\n>p1 switch 5\n>p2 switch 2\n>p1 move kowtowcleave\n>p2 switch 2\n>p1 move kowtowcleave\n>p2 move rest\n>p1 move kowtowcleave terastallize\n>p2 move knockoff\n>p1 move kowtowcleave\n>p2 move superpower\n>p2 switch 2\n>p1 switch 5\n>p2 move psyshock\n>p1 switch 2\n>p1 move shadowsneak\n>p2 move astralbarrage", "uploadtime": 1731293802, "views": 46, "formatid": "gen9randombattle", "rating": 2229, "private": 0, "password": null}