{"id": "gen9randombattle-2135097490", "format": "[Gen 9] Random Battle", "players": ["MizuriKip", "smokyaim"], "log": "|j|\u2606MizuriKip\n|j|\u203dsmokyaim\n|t:|1717284142\n|gametype|singles\n|player|p1|MizuriKip|1|2218\n|player|p2|smokyaim|2|2283\n|teamsize|p1|6\n|teamsize|p2|6\n|gen|9\n|tier|[Gen 9] Random Battle\n|rated|\n|rule|Species Clause: Limit one of each Pok\u00e9mon\n|rule|HP Percentage Mod: HP is shown in percentages\n|rule|Sleep Clause Mod: Limit one foe put to sleep\n|rule|Illusion Level Mod: Illusion disguises the Pok\u00e9mon's true level\n|\n|t:|1717284142\n|start\n|switch|p1a: Kleavor|Kleavor, L78, M|237/237\n|switch|p2a: Sceptile|Sceptile, L87, M|264/264\n|turn|1\n|inactive|Battle timer is ON: inactive players will automatically lose when time's up. (requested by smokyaim)\n|\n|t:|1717284198\n|move|p2a: Sceptile|Giga Drain|p1a: Kleavor\n|-damage|p1a: Kleavor|116/237\n|move|p1a: Kleavor|X-Scissor|p2a: Sceptile\n|-supereffective|p2a: Sceptile\n|-damage|p2a: Sceptile|0 fnt\n|faint|p2a: Sceptile\n|\n|upkeep\n|\n|t:|1717284207\n|switch|p2a: Iron Bundle|Iron Bundle, L77|213/213\n|turn|2\n|inactive|MizuriKip has 120 seconds left.\n|\n|t:|1717284257\n|switch|p1a: Misdreavus|Misdreavus, L90, F|254/254\n|move|p2a: Iron Bundle|Hydro Pump|p1a: Misdreavus|[miss]\n|-miss|p2a: Iron Bundle|p1a: Misdreavus\n|\n|upkeep\n|turn|3\n|\n|t:|1717284264\n|move|p2a: Iron Bundle|Hydro Pump|p1a: Misdreavus\n|-damage|p1a: Misdreavus|179/254\n|move|p1a: Misdreavus|Calm Mind|p1a: Misdreavus\n|-boost|p1a: Misdreavus|spa|1\n|-boost|p1a: Misdreavus|spd|1\n|\n|upkeep\n|turn|4\n|\n|t:|1717284271\n|move|p2a: Iron Bundle|Encore|p1a: Misdreavus\n|-start|p1a: Misdreavus|Encore\n|move|p1a: Misdreavus|Calm Mind|p1a: Misdreavus\n|-boost|p1a: Misdreavus|spa|1\n|-boost|p1a: Misdreavus|spd|1\n|\n|upkeep\n|turn|5\n|inactive|MizuriKip has 120 seconds left.\n|\n|t:|1717284288\n|switch|p1a: Bellossom|Bellossom, L84, M|263/263\n|move|p2a: Iron Bundle|Freeze-Dry|p1a: Bellossom\n|-supereffective|p1a: Bellossom\n|-damage|p1a: Bellossom|125/263\n|\n|-heal|p1a: Bellossom|141/263|[from] item: Leftovers\n|upkeep\n|turn|6\n|\n|t:|1717284303\n|-terastallize|p2a: Iron Bundle|Ice\n|move|p2a: Iron Bundle|Freeze-Dry|p1a: Bellossom\n|-supereffective|p1a: Bellossom\n|-damage|p1a: Bellossom|0 fnt\n|faint|p1a: Bellossom\n|\n|upkeep\n|\n|t:|1717284311\n|switch|p1a: Misdreavus|Misdreavus, L90, F|179/254\n|turn|7\n|\n|t:|1717284314\n|move|p2a: Iron Bundle|Freeze-Dry|p1a: Misdreavus\n|-damage|p1a: Misdreavus|111/254\n|move|p1a: Misdreavus|Shadow Ball|p2a: Iron Bundle\n|-damage|p2a: Iron Bundle|81/213\n|\n|upkeep\n|turn|8\n|\n|t:|1717284319\n|move|p2a: Iron Bundle|Flip Turn|p1a: Misdreavus\n|-damage|p1a: Misdreavus|72/254\n|\n|t:|1717284322\n|-end|p2a: Iron Bundle|Quark Drive|[silent]\n|switch|p2a: Kingambit|Kingambit, L74, M|270/270|[from] Flip Turn\n|-activate|p2a: Kingambit|ability: Supreme Overlord\n|-start|p2a: Kingambit|fallen1|[silent]\n|move|p1a: Misdreavus|Shadow Ball|p2a: Kingambit\n|-resisted|p2a: Kingambit\n|-damage|p2a: Kingambit|219/270\n|\n|-heal|p2a: Kingambit|235/270|[from] item: Leftovers\n|upkeep\n|turn|9\n|\n|t:|1717284329\n|-end|p2a: Kingambit|fallen1|[silent]\n|switch|p2a: Iron Bundle|Iron Bundle, L77, tera:Ice|81/213\n|move|p1a: Misdreavus|Will-O-Wisp|p2a: Iron Bundle\n|-status|p2a: Iron Bundle|brn\n|\n|-damage|p2a: Iron Bundle|68/213 brn|[from] brn\n|upkeep\n|turn|10\n|\n|t:|1717284341\n|move|p2a: Iron Bundle|Hydro Pump|p1a: Misdreavus\n|-damage|p1a: Misdreavus|0 fnt\n|faint|p1a: Misdreavus\n|\n|-damage|p2a: Iron Bundle|55/213 brn|[from] brn\n|upkeep\n|\n|t:|1717284346\n|switch|p1a: Chimecho|Chimecho, L94, F|293/293\n|turn|11\n|\n|t:|1717284352\n|move|p2a: Iron Bundle|Flip Turn|p1a: Chimecho\n|-damage|p1a: Chimecho|269/293\n|\n|t:|1717284354\n|-end|p2a: Iron Bundle|Quark Drive|[silent]\n|switch|p2a: Kingambit|Kingambit, L74, M|235/270|[from] Flip Turn\n|-activate|p2a: Kingambit|ability: Supreme Overlord\n|-start|p2a: Kingambit|fallen1|[silent]\n|move|p1a: Chimecho|Dazzling Gleam|p2a: Kingambit\n|-damage|p2a: Kingambit|154/270\n|\n|-heal|p1a: Chimecho|287/293|[from] item: Leftovers\n|-heal|p2a: Kingambit|170/270|[from] item: Leftovers\n|upkeep\n|turn|12\n|\n|t:|1717284377\n|move|p1a: Chimecho|Calm Mind|p1a: Chimecho\n|-boost|p1a: Chimecho|spa|1\n|-boost|p1a: Chimecho|spd|1\n|move|p2a: Kingambit|Kowtow Cleave|p1a: Chimecho\n|-supereffective|p1a: Chimecho\n|-damage|p1a: Chimecho|89/293\n|\n|-heal|p1a: Chimecho|107/293|[from] item: Leftovers\n|-heal|p2a: Kingambit|186/270|[from] item: Leftovers\n|upkeep\n|turn|13\n|\n|t:|1717284387\n|-terastallize|p1a: Chimecho|Fairy\n|move|p1a: Chimecho|Recover|p1a: Chimecho\n|-heal|p1a: Chimecho|254/293\n|move|p2a: Kingambit|Iron Head|p1a: Chimecho\n|-supereffective|p1a: Chimecho\n|-damage|p1a: Chimecho|80/293\n|\n|-heal|p1a: Chimecho|98/293|[from] item: Leftovers\n|-heal|p2a: Kingambit|202/270|[from] item: Leftovers\n|upkeep\n|turn|14\n|\n|t:|1717284393\n|move|p1a: Chimecho|Dazzling Gleam|p2a: Kingambit\n|-damage|p2a: Kingambit|31/270\n|move|p2a: Kingambit|Iron Head|p1a: Chimecho\n|-supereffective|p1a: Chimecho\n|-damage|p1a: Chimecho|0 fnt\n|faint|p1a: Chimecho\n|\n|-heal|p2a: Kingambit|47/270|[from] item: Leftovers\n|upkeep\n|\n|t:|1717284411\n|switch|p1a: Kleavor|Kleavor, L78, M|116/237\n|turn|15\n|\n|t:|1717284414\n|move|p2a: Kingambit|Sucker Punch|p1a: Kleavor\n|-damage|p1a: Kleavor|38/237\n|move|p1a: Kleavor|Stone Axe|p2a: Kingambit|[miss]\n|-miss|p1a: Kleavor|p2a: Kingambit\n|\n|-heal|p2a: Kingambit|63/270|[from] item: Leftovers\n|upkeep\n|turn|16\n|\n|t:|1717284422\n|switch|p1a: Carbink|Carbink, L90|236/236\n|move|p2a: Kingambit|Sucker Punch||[still]\n|-fail|p2a: Kingambit\n|\n|-heal|p2a: Kingambit|79/270|[from] item: Leftovers\n|upkeep\n|turn|17\n|\n|t:|1717284426\n|-end|p2a: Kingambit|fallen1|[silent]\n|switch|p2a: Seviper|Seviper, L93, M|287/287\n|move|p1a: Carbink|Body Press|p2a: Seviper\n|-resisted|p2a: Seviper\n|-damage|p2a: Seviper|233/287\n|\n|upkeep\n|turn|18\n|\n|t:|1717284431\n|switch|p1a: Kleavor|Kleavor, L78, M|38/237\n|move|p2a: Seviper|Gunk Shot|p1a: Kleavor\n|-resisted|p1a: Kleavor\n|-damage|p1a: Kleavor|0 fnt\n|faint|p1a: Kleavor\n|-damage|p2a: Seviper|205/287|[from] item: Life Orb\n|\n|upkeep\n|\n|t:|1717284434\n|switch|p1a: Giratina|Giratina, L75, shiny|349/349\n|-ability|p1a: Giratina|Pressure\n|turn|19\n|\n|t:|1717284444\n|switch|p2a: Koraidon|Koraidon, L64|235/235\n|-weather|SunnyDay|[from] ability: Orichalcum Pulse|[of] p2a: Koraidon\n|-activate|p2a: Koraidon|Orichalcum Pulse|[source]\n|move|p1a: Giratina|Shadow Ball|p2a: Koraidon\n|-damage|p2a: Koraidon|151/235\n|\n|-weather|SunnyDay|[upkeep]\n|upkeep\n|turn|20\n|c|\u2606MizuriKip|that's a crazy stacked team DAN\n|c|\u2606MizuriKip|DAMN*\n|\n|t:|1717284462\n|switch|p1a: Carbink|Carbink, L90|236/236\n|move|p2a: Koraidon|Scale Shot|p1a: Carbink\n|-immune|p1a: Carbink\n|\n|-weather|SunnyDay|[upkeep]\n|upkeep\n|turn|21\n|\n|t:|1717284474\n|switch|p2a: Seviper|Seviper, L93, M|205/287\n|move|p1a: Carbink|Spikes|p2a: Seviper\n|-sidestart|p2: smokyaim|Spikes\n|\n|-weather|SunnyDay|[upkeep]\n|upkeep\n|turn|22\n|\n|t:|1717284491\n|move|p2a: Seviper|Earthquake|p1a: Carbink\n|-supereffective|p1a: Carbink\n|-damage|p1a: Carbink|88/236\n|-damage|p2a: Seviper|177/287|[from] item: Life Orb\n|move|p1a: Carbink|Power Gem|p2a: Seviper\n|-damage|p2a: Seviper|110/287\n|\n|-weather|SunnyDay|[upkeep]\n|-heal|p1a: Carbink|102/236|[from] item: Leftovers\n|upkeep\n|turn|23\n|\n|t:|1717284500\n|switch|p1a: Giratina|Giratina, L75, shiny|349/349\n|-ability|p1a: Giratina|Pressure\n|move|p2a: Seviper|Earthquake|p1a: Giratina\n|-damage|p1a: Giratina|254/349\n|-damage|p2a: Seviper|82/287|[from] item: Life Orb\n|\n|-weather|none\n|-heal|p1a: Giratina|275/349|[from] item: Leftovers\n|upkeep\n|turn|24\n|\n|t:|1717284516\n|move|p1a: Giratina|Shadow Ball|p2a: Seviper\n|-damage|p2a: Seviper|0 fnt\n|faint|p2a: Seviper\n|\n|-heal|p1a: Giratina|296/349|[from] item: Leftovers\n|upkeep\n|\n|t:|1717284523\n|switch|p2a: Iron Bundle|Iron Bundle, L77, tera:Ice|55/213 brn\n|turn|25\n|\n|t:|1717284529\n|move|p2a: Iron Bundle|Freeze-Dry|p1a: Giratina\n|-supereffective|p1a: Giratina\n|-damage|p1a: Giratina|124/349\n|move|p1a: Giratina|Shadow Ball|p2a: Iron Bundle\n|-damage|p2a: Iron Bundle|0 fnt\n|faint|p2a: Iron Bundle\n|-end|p2a: Iron Bundle|Quark Drive|[silent]\n|\n|-heal|p1a: Giratina|145/349|[from] item: Leftovers\n|upkeep\n|\n|t:|1717284537\n|switch|p2a: Koraidon|Koraidon, L64|151/235\n|-damage|p2a: Koraidon|122/235|[from] Spikes\n|-weather|SunnyDay|[from] ability: Orichalcum Pulse|[of] p2a: Koraidon\n|-activate|p2a: Koraidon|Orichalcum Pulse|[source]\n|turn|26\n|\n|t:|1717284548\n|switch|p1a: Carbink|Carbink, L90|102/236\n|move|p2a: Koraidon|Scale Shot|p1a: Carbink\n|-immune|p1a: Carbink\n|\n|-weather|SunnyDay|[upkeep]\n|-heal|p1a: Carbink|116/236|[from] item: Leftovers\n|upkeep\n|turn|27\n|\n|t:|1717284555\n|move|p2a: Koraidon|Collision Course|p1a: Carbink\n|-damage|p1a: Carbink|47/236\n|move|p1a: Carbink|Moonblast|p2a: Koraidon\n|-supereffective|p2a: Koraidon\n|-damage|p2a: Koraidon|0 fnt\n|faint|p2a: Koraidon\n|\n|-weather|SunnyDay|[upkeep]\n|-heal|p1a: Carbink|61/236|[from] item: Leftovers\n|upkeep\n|\n|t:|1717284559\n|switch|p2a: Terrakion|Terrakion, L79|273/273\n|-damage|p2a: Terrakion|239/273|[from] Spikes\n|turn|28\n|\n|t:|1717284575\n|move|p2a: Terrakion|Earthquake|p1a: Carbink\n|-supereffective|p1a: Carbink\n|-damage|p1a: Carbink|0 fnt\n|faint|p1a: Carbink\n|-damage|p2a: Terrakion|212/273|[from] item: Life Orb\n|\n|-weather|SunnyDay|[upkeep]\n|upkeep\n|\n|t:|1717284577\n|switch|p1a: Giratina|Giratina, L75, shiny|145/349\n|-ability|p1a: Giratina|Pressure\n|turn|29\n|\n|t:|1717284589\n|move|p2a: Terrakion|Stone Edge|p1a: Giratina\n|-damage|p1a: Giratina|23/349\n|-damage|p2a: Terrakion|185/273|[from] item: Life Orb\n|move|p1a: Giratina|Rest|p1a: Giratina\n|-status|p1a: Giratina|slp|[from] move: Rest\n|-heal|p1a: Giratina|349/349 slp|[silent]\n|\n|-weather|SunnyDay|[upkeep]\n|upkeep\n|turn|30\n|\n|t:|1717284594\n|move|p2a: Terrakion|Swords Dance|p2a: Terrakion\n|-boost|p2a: Terrakion|atk|2\n|cant|p1a: Giratina|slp\n|move|p1a: Giratina|Sleep Talk|p1a: Giratina\n|move|p1a: Giratina|Dragon Tail|p2a: Terrakion|[from]move: Sleep Talk\n|-damage|p2a: Terrakion|130/273\n|drag|p2a: Kingambit|Kingambit, L74, M|79/270\n|-damage|p2a: Kingambit|46/270|[from] Spikes\n|-activate|p2a: Kingambit|ability: Supreme Overlord\n|-start|p2a: Kingambit|fallen4|[silent]\n|\n|-weather|none\n|-heal|p2a: Kingambit|62/270|[from] item: Leftovers\n|upkeep\n|turn|31\n|\n|t:|1717284604\n|cant|p1a: Giratina|slp\n|move|p1a: Giratina|Sleep Talk|p1a: Giratina\n|move|p1a: Giratina|Dragon Tail|p2a: Kingambit|[from]move: Sleep Talk\n|-resisted|p2a: Kingambit\n|-damage|p2a: Kingambit|38/270\n|-end|p2a: Kingambit|fallen4|[silent]\n|drag|p2a: Terrakion|Terrakion, L79|130/273\n|-damage|p2a: Terrakion|96/273|[from] Spikes\n|\n|upkeep\n|turn|32\n|\n|t:|1717284616\n|move|p2a: Terrakion|Stone Edge|p1a: Giratina\n|-damage|p1a: Giratina|224/349 slp\n|-damage|p2a: Terrakion|69/273|[from] item: Life Orb\n|-curestatus|p1a: Giratina|slp|[msg]\n|move|p1a: Giratina|Sleep Talk||[still]\n|-fail|p1a: Giratina\n|\n|-heal|p1a: Giratina|245/349|[from] item: Leftovers\n|upkeep\n|turn|33\n|\n|t:|1717284626\n|move|p2a: Terrakion|Stone Edge|p1a: Giratina\n|-damage|p1a: Giratina|103/349\n|-damage|p2a: Terrakion|42/273|[from] item: Life Orb\n|move|p1a: Giratina|Shadow Ball|p2a: Terrakion\n|-damage|p2a: Terrakion|0 fnt\n|faint|p2a: Terrakion\n|\n|-heal|p1a: Giratina|124/349|[from] item: Leftovers\n|upkeep\n|\n|t:|1717284629\n|switch|p2a: Kingambit|Kingambit, L74, M|38/270\n|-damage|p2a: Kingambit|5/270|[from] Spikes\n|-activate|p2a: Kingambit|ability: Supreme Overlord\n|-start|p2a: Kingambit|fallen5|[silent]\n|turn|34\n|\n|t:|1717284639\n|move|p1a: Giratina|Rest|p1a: Giratina\n|-status|p1a: Giratina|slp|[from] move: Rest\n|-heal|p1a: Giratina|349/349 slp|[silent]\n|move|p2a: Kingambit|Kowtow Cleave|p1a: Giratina\n|-supereffective|p1a: Giratina\n|-damage|p1a: Giratina|95/349 slp\n|\n|-heal|p1a: Giratina|116/349 slp|[from] item: Leftovers\n|-heal|p2a: Kingambit|21/270|[from] item: Leftovers\n|upkeep\n|turn|35\n|\n|t:|1717284648\n|cant|p1a: Giratina|slp\n|move|p1a: Giratina|Sleep Talk|p1a: Giratina\n|move|p1a: Giratina|Shadow Ball|p2a: Kingambit|[from]move: Sleep Talk\n|-resisted|p2a: Kingambit\n|-damage|p2a: Kingambit|0 fnt\n|faint|p2a: Kingambit\n|-end|p2a: Kingambit|fallen5|[silent]\n|\n|win|MizuriKip\n|raw|MizuriKip's rating: 2218 &rarr; <strong>2242</strong><br />(+24 for winning)\n|raw|smokyaim's rating: 2283 &rarr; <strong>2259</strong><br />(-24 for losing)\n|c|\u2606MizuriKip|gg\n|l|\u203dsmokyaim\n|player|p2|\n", "inputlog": ">version 5f22a3a64080c8cf467460feb8ac307bc6581ece\n>start {\"formatid\":\"gen9randombattle\",\"seed\":[54682,62253,44601,41794],\"rated\":\"Rated battle\"}\n>player p1 {\"name\":\"MizuriKip\",\"avatar\":\"1\",\"rating\":2218,\"seed\":[13443,61825,63111,3704]}\n>player p2 {\"name\":\"smokyaim\",\"avatar\":\"2\",\"rating\":2283,\"seed\":[64346,60539,63297,45520]}\n>p1 move xscissor\n>p2 move gigadrain\n>p2 switch 6\n>p1 switch 6\n>p2 move hydropump\n>p1 move calmmind\n>p2 move hydropump\n>p1 move drainingkiss\n>p2 move encore\n>p1 switch 5\n>p2 move freezedry\n>p1 move gigadrain\n>p2 move freezedry terastallize\n>p1 switch 5\n>p1 move shadowball\n>p2 move freezedry\n>p1 move shadowball\n>p2 move flipturn\n>p2 switch 3\n>p1 move willowisp\n>p2 switch 3\n>p1 move shadowball\n>p2 move hydropump\n>p1 switch 4\n>p1 move dazzlinggleam\n>p2 move flipturn\n>p2 switch 3\n>p1 move calmmind\n>p2 move kowtowcleave\n>p1 move recover terastallize\n>p2 move ironhead\n>p1 move dazzlinggleam\n>p2 move ironhead\n>p1 switch 6\n>p1 move stoneaxe\n>p2 move suckerpunch\n>p1 switch 2\n>p2 move suckerpunch\n>p1 move bodypress\n>p2 switch 4\n>p1 switch 2\n>p2 move gunkshot\n>p1 switch 3\n>p1 move shadowball\n>p2 switch 5\n>chat \u2606MizuriKip|that's a crazy stacked team DAN\n>chat \u2606MizuriKip|DAMN*\n>p1 switch 2\n>p2 move scaleshot\n>p1 move spikes\n>p2 switch 5\n>p1 move powergem\n>p2 move earthquake\n>p1 switch 2\n>p2 move earthquake\n>p1 move shadowball\n>p2 move earthquake\n>p2 switch 3\n>p1 move shadowball\n>p2 move freezedry\n>p2 switch 5\n>p1 switch 2\n>p2 move scaleshot\n>p1 move moonblast\n>p2 move collisioncourse\n>p2 switch 2\n>p1 move bodypress\n>p2 move earthquake\n>p1 switch 2\n>p1 move rest\n>p2 move stoneedge\n>p1 move sleeptalk\n>p2 move swordsdance\n>p1 move sleeptalk\n>p2 move swordsdance\n>p1 move sleeptalk\n>p2 move stoneedge\n>p1 move shadowball\n>p2 move stoneedge\n>p2 switch 4\n>p1 move rest\n>p2 move kowtowcleave\n>p1 move sleeptalk\n>p2 move kowtowcleave", "uploadtime": 1717284658, "views": 257, "formatid": "gen9randombattle", "rating": 2242, "private": 0, "password": null}