{"id": "gen9randombattle-2259917461", "format": "[Gen 9] Random Battle", "players": ["Miss Grey", "fearal"], "log": "|j|\u2606Miss Grey\n|j|\u2606fearal\n|t:|1733779760\n|gametype|singles\n|player|p1|Miss Grey|beauty-gen6xy|1635\n|player|p2|fearal|ethan|1664\n|teamsize|p1|6\n|teamsize|p2|6\n|gen|9\n|tier|[Gen 9] Random Battle\n|rated|\n|rule|Species Clause: Limit one of each Pok\u00e9mon\n|rule|HP Percentage Mod: HP is shown in percentages\n|rule|Sleep Clause Mod: Limit one foe put to sleep\n|rule|Illusion Level Mod: Illusion disguises the Pok\u00e9mon's true level\n|\n|t:|1733779760\n|start\n|switch|p1a: Iron Thorns|Iron Thorns, L83|302/302\n|switch|p2a: Poliwrath|Poliwrath, L88, F|302/302\n|turn|1\n|inactive|Battle timer is ON: inactive players will automatically lose when time's up. (requested by Miss Grey)\n|c|\u2606fearal|gl hf\n|\n|t:|1733779779\n|-end|p1a: Iron Thorns|Quark Drive|[silent]\n|switch|p1a: Tentacruel|Tentacruel, L84, F|272/272\n|move|p2a: Poliwrath|Rain Dance|p2a: Poliwrath\n|-weather|RainDance\n|\n|-weather|RainDance|[upkeep]\n|upkeep\n|turn|2\n|\n|t:|1733779782\n|move|p2a: Poliwrath|Knock Off|p1a: Tentacruel\n|-damage|p1a: Tentacruel|160/272\n|-enditem|p1a: Tentacruel|Leftovers|[from] move: Knock Off|[of] p2a: Poliwrath\n|-damage|p2a: Poliwrath|272/302|[from] item: Life Orb\n|move|p1a: Tentacruel|Toxic|p2a: Poliwrath\n|-status|p2a: Poliwrath|tox\n|\n|-weather|RainDance|[upkeep]\n|-damage|p2a: Poliwrath|254/302 tox|[from] psn\n|upkeep\n|turn|3\n|\n|t:|1733779795\n|move|p2a: Poliwrath|Liquidation|p1a: Tentacruel\n|-resisted|p1a: Tentacruel\n|-damage|p1a: Tentacruel|42/272\n|-unboost|p1a: Tentacruel|def|1\n|-damage|p2a: Poliwrath|224/302 tox|[from] item: Life Orb\n|move|p1a: Tentacruel|Sludge Bomb|p2a: Poliwrath\n|-damage|p2a: Poliwrath|146/302 tox\n|\n|-weather|RainDance|[upkeep]\n|-damage|p2a: Poliwrath|110/302 tox|[from] psn\n|upkeep\n|turn|4\n|inactive|Miss Grey has 120 seconds left.\n|\n|t:|1733779841\n|move|p2a: Poliwrath|Knock Off|p1a: Tentacruel\n|-damage|p1a: Tentacruel|0 fnt\n|faint|p1a: Tentacruel\n|-damage|p2a: Poliwrath|80/302 tox|[from] item: Life Orb\n|\n|-weather|RainDance|[upkeep]\n|-damage|p2a: Poliwrath|26/302 tox|[from] psn\n|upkeep\n|inactive|Miss Grey has 90 seconds left.\n|\n|t:|1733779872\n|switch|p1a: Hoopa|Hoopa, L85|275/275\n|turn|5\n|\n|t:|1733779878\n|switch|p1a: Bellossom|Bellossom, L84, F|263/263\n|move|p2a: Poliwrath|Knock Off|p1a: Bellossom\n|-damage|p1a: Bellossom|167/263\n|-enditem|p1a: Bellossom|Leftovers|[from] move: Knock Off|[of] p2a: Poliwrath\n|-damage|p2a: Poliwrath|0 fnt|[from] item: Life Orb\n|faint|p2a: Poliwrath\n|\n|-weather|none\n|upkeep\n|\n|t:|1733779886\n|switch|p2a: Eelektross|Eelektross, L87, F|290/290\n|turn|6\n|\n|t:|1733779896\n|move|p2a: Eelektross|Coil|p2a: Eelektross\n|-boost|p2a: Eelektross|atk|1\n|-boost|p2a: Eelektross|def|1\n|-boost|p2a: Eelektross|accuracy|1\n|move|p1a: Bellossom|Quiver Dance|p1a: Bellossom\n|-boost|p1a: Bellossom|spa|1\n|-boost|p1a: Bellossom|spd|1\n|-boost|p1a: Bellossom|spe|1\n|\n|upkeep\n|turn|7\n|inactive|fearal has 120 seconds left.\n|inactive|fearal has 90 seconds left.\n|inactive|fearal has 60 seconds left.\n|inactive|fearal has 30 seconds left.\n|\n|t:|1733780018\n|move|p1a: Bellossom|Strength Sap|p2a: Eelektross\n|-unboost|p2a: Eelektross|atk|1\n|-heal|p1a: Bellossom|263/263\n|move|p2a: Eelektross|Fire Punch|p1a: Bellossom\n|-supereffective|p1a: Bellossom\n|-damage|p1a: Bellossom|151/263\n|\n|upkeep\n|turn|8\n|\n|t:|1733780034\n|move|p1a: Bellossom|Quiver Dance|p1a: Bellossom\n|-boost|p1a: Bellossom|spa|1\n|-boost|p1a: Bellossom|spd|1\n|-boost|p1a: Bellossom|spe|1\n|move|p2a: Eelektross|Fire Punch|p1a: Bellossom\n|-supereffective|p1a: Bellossom\n|-damage|p1a: Bellossom|21/263\n|\n|upkeep\n|turn|9\n|inactive|fearal has 30 seconds left.\n|\n|t:|1733780053\n|move|p1a: Bellossom|Strength Sap|p2a: Eelektross\n|-unboost|p2a: Eelektross|atk|1\n|-heal|p1a: Bellossom|263/263\n|move|p2a: Eelektross|Fire Punch|p1a: Bellossom\n|-supereffective|p1a: Bellossom\n|-damage|p1a: Bellossom|183/263\n|\n|upkeep\n|turn|10\n|inactive|Miss Grey has 120 seconds left.\n|\n|t:|1733780061\n|switch|p2a: Skarmory|Skarmory, L80, M|235/235\n|move|p1a: Bellossom|Giga Drain|p2a: Skarmory\n|-resisted|p2a: Skarmory\n|-damage|p2a: Skarmory|192/235\n|-heal|p1a: Bellossom|205/263|[from] drain|[of] p2a: Skarmory\n|\n|-heal|p2a: Skarmory|206/235|[from] item: Leftovers\n|upkeep\n|turn|11\n|inactive|Miss Grey has 120 seconds left.\n|\n|t:|1733780078\n|move|p1a: Bellossom|Strength Sap|p2a: Skarmory\n|-unboost|p2a: Skarmory|atk|1\n|-heal|p1a: Bellossom|263/263\n|move|p2a: Skarmory|Brave Bird|p1a: Bellossom\n|-supereffective|p1a: Bellossom\n|-damage|p1a: Bellossom|129/263\n|-damage|p2a: Skarmory|162/235|[from] Recoil\n|\n|-heal|p2a: Skarmory|176/235|[from] item: Leftovers\n|upkeep\n|turn|12\n|inactive|Miss Grey has 120 seconds left.\n|inactive|fearal has 30 seconds left.\n|inactive|fearal has 20 seconds left.\n|inactive|fearal has 15 seconds left.\n|\n|t:|1733780117\n|-terastallize|p1a: Bellossom|Fairy\n|move|p1a: Bellossom|Strength Sap|p2a: Skarmory\n|-unboost|p2a: Skarmory|atk|1\n|-heal|p1a: Bellossom|245/263\n|move|p2a: Skarmory|Brave Bird|p1a: Bellossom\n|-damage|p1a: Bellossom|196/263\n|-damage|p2a: Skarmory|160/235|[from] Recoil\n|\n|-heal|p2a: Skarmory|174/235|[from] item: Leftovers\n|upkeep\n|turn|13\n|inactive|fearal has 25 seconds left this turn.\n|inactive|Miss Grey has 120 seconds left.\n|inactive|fearal has 20 seconds left.\n|inactive|fearal has 15 seconds left.\n|\n|t:|1733780127\n|move|p1a: Bellossom|Quiver Dance|p1a: Bellossom\n|-boost|p1a: Bellossom|spa|1\n|-boost|p1a: Bellossom|spd|1\n|-boost|p1a: Bellossom|spe|1\n|move|p2a: Skarmory|Roost|p2a: Skarmory\n|-heal|p2a: Skarmory|235/235\n|-singleturn|p2a: Skarmory|move: Roost\n|\n|upkeep\n|turn|14\n|inactive|fearal has 25 seconds left this turn.\n|inactive|fearal has 20 seconds left.\n|inactive|Miss Grey has 120 seconds left.\n|inactive|fearal has 15 seconds left.\n|inactive|fearal has 10 seconds left.\n|\n|t:|1733780143\n|switch|p2a: Eelektross|Eelektross, L87, F|290/290\n|move|p1a: Bellossom|Quiver Dance|p1a: Bellossom\n|-boost|p1a: Bellossom|spa|1\n|-boost|p1a: Bellossom|spd|1\n|-boost|p1a: Bellossom|spe|1\n|\n|upkeep\n|turn|15\n|inactive|fearal has 20 seconds left this turn.\n|inactive|Miss Grey has 120 seconds left.\n|\n|t:|1733780155\n|move|p1a: Bellossom|Quiver Dance|p1a: Bellossom\n|-boost|p1a: Bellossom|spa|1\n|-boost|p1a: Bellossom|spd|1\n|-boost|p1a: Bellossom|spe|1\n|move|p2a: Eelektross|Supercell Slam|p1a: Bellossom\n|-damage|p1a: Bellossom|64/263\n|\n|upkeep\n|turn|16\n|inactive|fearal has 30 seconds left this turn.\n|inactive|fearal has 20 seconds left.\n|\n|t:|1733780167\n|move|p1a: Bellossom|Strength Sap|p2a: Eelektross\n|-unboost|p2a: Eelektross|atk|1\n|-heal|p1a: Bellossom|263/263\n|move|p2a: Eelektross|Supercell Slam|p1a: Bellossom\n|-damage|p1a: Bellossom|188/263\n|\n|upkeep\n|turn|17\n|inactive|fearal has 30 seconds left this turn.\n|-message|fearal forfeited.\n|\n|win|Miss Grey\n|inactive|fearal has 30 seconds left this turn.\n|raw|Miss Grey's rating: 1635 &rarr; <strong>1657</strong><br />(+22 for winning)\n|raw|fearal's rating: 1664 &rarr; <strong>1642</strong><br />(-22 for losing)\n|l|\u2606fearal\n|player|p2|\n", "inputlog": ">version bfd83cad13791eb5a5a409923076391caf6fb4d4\n>start {\"formatid\":\"gen9randombattle\",\"seed\":[36517,62736,37397,23676],\"rated\":\"Rated battle\"}\n>player p1 {\"name\":\"Miss Grey\",\"avatar\":\"beauty-gen6xy\",\"rating\":1635,\"seed\":[13199,51802,49310,6211]}\n>player p2 {\"name\":\"fearal\",\"avatar\":\"ethan\",\"rating\":1664,\"seed\":[42967,56037,4062,27215]}\n>chat \u2606fearal|gl hf\n>p1 switch 5\n>p2 move raindance\n>p1 move toxic\n>p2 move knockoff\n>p1 move sludgebomb\n>p2 move liquidation\n>p1 move sludgebomb\n>p2 move knockoff\n>p1 switch 4\n>p1 switch 3\n>p2 move knockoff\n>p2 switch 2\n>p1 move quiverdance\n>p2 move coil\n>p1 move strengthsap\n>p2 move firepunch\n>p1 move quiverdance\n>p2 move firepunch\n>p1 move strengthsap\n>p2 move firepunch\n>p1 move gigadrain\n>p2 switch 4\n>p1 move strengthsap\n>p2 move bravebird\n>p1 move strengthsap terastallize\n>p2 move bravebird\n>p1 move quiverdance\n>p2 move roost\n>p1 move quiverdance\n>p2 switch 4\n>p1 move quiverdance\n>p2 move supercellslam\n>p1 move strengthsap\n>p2 move supercellslam\n>forcelose p2", "uploadtime": 1733780179, "views": 2, "formatid": "gen9randombattle", "rating": 1642, "private": 0, "password": null}