{"id": "gen9randombattle-2260310023", "format": "[Gen 9] Random Battle", "players": ["look at this kid", "saltygarbagewater"], "log": "|j|\u203dlook at this kid\n|j|\u203dsaltygarbagewater\n|t:|1733838306\n|gametype|singles\n|player|p1|look at this kid|evelyn|1504\n|player|p2|saltygarbagewater|170|1543\n|teamsize|p1|6\n|teamsize|p2|6\n|gen|9\n|tier|[Gen 9] Random Battle\n|rated|\n|rule|Species Clause: Limit one of each Pok\u00e9mon\n|rule|HP Percentage Mod: HP is shown in percentages\n|rule|Sleep Clause Mod: Limit one foe put to sleep\n|rule|Illusion Level Mod: Illusion disguises the Pok\u00e9mon's true level\n|\n|t:|1733838306\n|start\n|switch|p1a: Ampharos|Ampharos, L88, F|302/302\n|switch|p2a: Venomoth|Venomoth, L84, M|255/255\n|turn|1\n|inactive|Battle timer is ON: inactive players will automatically lose when time's up. (requested by saltygarbagewater)\n|\n|t:|1733838322\n|switch|p1a: Skuntank|Skuntank, L84, M|310/310\n|move|p2a: Venomoth|Sleep Powder|p1a: Skuntank|[miss]\n|-miss|p2a: Venomoth|p1a: Skuntank\n|\n|upkeep\n|turn|2\n|\n|t:|1733838341\n|switch|p1a: Scovillain|Scovillain, L91, F|266/266\n|move|p2a: Venomoth|Sleep Powder|p1a: Scovillain\n|-immune|p1a: Scovillain\n|\n|upkeep\n|turn|3\n|\n|t:|1733838368\n|switch|p1a: Skuntank|Skuntank, L84, M|310/310\n|move|p2a: Venomoth|Sludge Wave|p1a: Skuntank\n|-resisted|p1a: Skuntank\n|-damage|p1a: Skuntank|186/310\n|\n|upkeep\n|turn|4\n|\n|t:|1733838379\n|move|p2a: Venomoth|Sleep Powder|p1a: Skuntank|[miss]\n|-miss|p2a: Venomoth|p1a: Skuntank\n|move|p1a: Skuntank|Knock Off|p2a: Venomoth\n|-damage|p2a: Venomoth|87/255\n|-enditem|p2a: Venomoth|Heavy-Duty Boots|[from] move: Knock Off|[of] p1a: Skuntank\n|-damage|p1a: Skuntank|155/310|[from] item: Life Orb\n|\n|upkeep\n|turn|5\n|\n|t:|1733838390\n|move|p1a: Skuntank|Sucker Punch||[still]\n|-fail|p1a: Skuntank\n|move|p2a: Venomoth|Sleep Powder|p1a: Skuntank\n|-status|p1a: Skuntank|slp|[from] move: Sleep Powder\n|\n|upkeep\n|turn|6\n|inactive|look at this kid has 120 seconds left.\n|\n|t:|1733838421\n|switch|p1a: Ampharos|Ampharos, L88, F|302/302\n|move|p2a: Venomoth|Quiver Dance|p2a: Venomoth\n|-boost|p2a: Venomoth|spa|1\n|-boost|p2a: Venomoth|spd|1\n|-boost|p2a: Venomoth|spe|1\n|\n|upkeep\n|turn|7\n|\n|t:|1733838428\n|move|p2a: Venomoth|Bug Buzz|p1a: Ampharos\n|-damage|p1a: Ampharos|169/302\n|move|p1a: Ampharos|Thunderbolt|p2a: Venomoth\n|-damage|p2a: Venomoth|0 fnt\n|faint|p2a: Venomoth\n|-damage|p1a: Ampharos|139/302|[from] item: Life Orb\n|\n|upkeep\n|\n|t:|1733838447\n|switch|p2a: Sandaconda|Sandaconda, L84, F|258/258\n|turn|8\n|\n|t:|1733838459\n|switch|p1a: Staraptor|Staraptor, L79, M|263/263\n|move|p2a: Sandaconda|Earthquake|p1a: Staraptor\n|-immune|p1a: Staraptor\n|\n|upkeep\n|turn|9\n|\n|t:|1733838471\n|move|p1a: Staraptor|U-turn|p2a: Sandaconda\n|-crit|p2a: Sandaconda\n|-damage|p2a: Sandaconda|166/258\n|inactive|look at this kid has 120 seconds left.\n|\n|t:|1733838496\n|switch|p1a: Skuntank|Skuntank, L84, M|155/310 slp|[from] U-turn\n|move|p2a: Sandaconda|Glare||[still]\n|-fail|p2a: Sandaconda\n|\n|-heal|p2a: Sandaconda|182/258|[from] item: Leftovers\n|upkeep\n|turn|10\n|\n|t:|1733838503\n|cant|p1a: Skuntank|slp\n|move|p2a: Sandaconda|Earthquake|p1a: Skuntank\n|-supereffective|p1a: Skuntank\n|-damage|p1a: Skuntank|0 fnt\n|faint|p1a: Skuntank\n|\n|-heal|p2a: Sandaconda|198/258|[from] item: Leftovers\n|upkeep\n|\n|t:|1733838508\n|switch|p1a: Scovillain|Scovillain, L91, F|266/266\n|turn|11\n|\n|t:|1733838517\n|move|p1a: Scovillain|Leaf Storm|p2a: Sandaconda\n|-supereffective|p2a: Sandaconda\n|-damage|p2a: Sandaconda|0 fnt\n|-unboost|p1a: Scovillain|spa|2\n|faint|p2a: Sandaconda\n|\n|upkeep\n|\n|t:|1733838524\n|switch|p2a: Tatsugiri|Tatsugiri-Droopy, L87, M|260/260\n|turn|12\n|\n|t:|1733838531\n|switch|p1a: Kyurem|Kyurem-White, L73|303/303\n|-ability|p1a: Kyurem|Turboblaze\n|move|p2a: Tatsugiri|Nasty Plot|p2a: Tatsugiri\n|-boost|p2a: Tatsugiri|spa|2\n|\n|upkeep\n|turn|13\n|\n|t:|1733838546\n|-terastallize|p2a: Tatsugiri|Water\n|move|p1a: Kyurem|Freeze-Dry|p2a: Tatsugiri\n|-supereffective|p2a: Tatsugiri\n|-damage|p2a: Tatsugiri|90/260\n|move|p2a: Tatsugiri|Rapid Spin|p1a: Kyurem\n|-damage|p1a: Kyurem|275/303\n|-boost|p2a: Tatsugiri|spe|1\n|\n|upkeep\n|turn|14\n|\n|t:|1733838574\n|switch|p1a: Ampharos|Ampharos, L88, F|139/302\n|move|p2a: Tatsugiri|Draco Meteor|p1a: Ampharos\n|-damage|p1a: Ampharos|0 fnt\n|-unboost|p2a: Tatsugiri|spa|2\n|faint|p1a: Ampharos\n|\n|upkeep\n|\n|t:|1733838582\n|switch|p1a: Staraptor|Staraptor, L79, M|263/263\n|turn|15\n|\n|t:|1733838585\n|move|p1a: Staraptor|Quick Attack|p2a: Tatsugiri\n|-damage|p2a: Tatsugiri|9/260\n|move|p2a: Tatsugiri|Hydro Pump|p1a: Staraptor\n|-damage|p1a: Staraptor|0 fnt\n|faint|p1a: Staraptor\n|\n|upkeep\n|\n|t:|1733838592\n|switch|p1a: Barraskewda|Barraskewda, L81, F|231/231\n|turn|16\n|\n|t:|1733838602\n|move|p2a: Tatsugiri|Draco Meteor|p1a: Barraskewda\n|-damage|p1a: Barraskewda|0 fnt\n|-unboost|p2a: Tatsugiri|spa|2\n|faint|p1a: Barraskewda\n|\n|upkeep\n|\n|t:|1733838609\n|switch|p1a: Scovillain|Scovillain, L91, F|266/266\n|turn|17\n|\n|t:|1733838618\n|switch|p2a: Bellossom|Bellossom, L84, M|263/263\n|move|p1a: Scovillain|Flamethrower|p2a: Bellossom\n|-supereffective|p2a: Bellossom\n|-crit|p2a: Bellossom\n|-damage|p2a: Bellossom|0 fnt\n|faint|p2a: Bellossom\n|\n|upkeep\n|\n|t:|1733838634\n|switch|p2a: Rhydon|Rhydon, L85, F|317/317\n|turn|18\n|\n|t:|1733838642\n|switch|p1a: Kyurem|Kyurem-White, L73|275/303\n|-ability|p1a: Kyurem|Turboblaze\n|move|p2a: Rhydon|Stone Edge|p1a: Kyurem\n|-supereffective|p1a: Kyurem\n|-damage|p1a: Kyurem|0 fnt\n|faint|p1a: Kyurem\n|\n|upkeep\n|\n|t:|1733838644\n|switch|p1a: Scovillain|Scovillain, L91, F|266/266\n|turn|19\n|\n|t:|1733838650\n|switch|p2a: Tatsugiri|Tatsugiri-Droopy, L87, M, tera:Water|9/260\n|-terastallize|p1a: Scovillain|Grass\n|move|p1a: Scovillain|Energy Ball|p2a: Tatsugiri\n|-supereffective|p2a: Tatsugiri\n|-damage|p2a: Tatsugiri|0 fnt\n|faint|p2a: Tatsugiri\n|\n|upkeep\n|\n|t:|1733838656\n|switch|p2a: Bastiodon|Bastiodon, L89, M|252/252\n|turn|20\n|\n|t:|1733838661\n|move|p1a: Scovillain|Energy Ball|p2a: Bastiodon\n|-damage|p2a: Bastiodon|90/252\n|move|p2a: Bastiodon|Body Press|p1a: Scovillain\n|-damage|p1a: Scovillain|151/266\n|\n|upkeep\n|turn|21\n|\n|t:|1733838668\n|move|p1a: Scovillain|Energy Ball|p2a: Bastiodon\n|-damage|p2a: Bastiodon|0 fnt\n|faint|p2a: Bastiodon\n|\n|upkeep\n|\n|t:|1733838670\n|switch|p2a: Rhydon|Rhydon, L85, F|317/317\n|turn|22\n|\n|t:|1733838673\n|move|p1a: Scovillain|Energy Ball|p2a: Rhydon\n|-supereffective|p2a: Rhydon\n|-damage|p2a: Rhydon|0 fnt\n|faint|p2a: Rhydon\n|\n|win|look at this kid\n|raw|look at this kid's rating: 1504 &rarr; <strong>1526</strong><br />(+22 for winning)\n|raw|saltygarbagewater's rating: 1543 &rarr; <strong>1521</strong><br />(-22 for losing)\n|l|\u203dsaltygarbagewater\n|player|p2|\n", "inputlog": ">version bfd83cad13791eb5a5a409923076391caf6fb4d4\n>start {\"formatid\":\"gen9randombattle\",\"seed\":[44895,53669,38245,63840],\"rated\":\"Rated battle\"}\n>player p1 {\"name\":\"look at this kid\",\"avatar\":\"evelyn\",\"rating\":1504,\"seed\":[49822,44632,4751,12837]}\n>player p2 {\"name\":\"saltygarbagewater\",\"avatar\":\"170\",\"rating\":1543,\"seed\":[60713,2239,30966,4443]}\n>p1 switch 2\n>p2 move sleeppowder\n>p1 switch 6\n>p2 move sleeppowder\n>p1 switch 6\n>p2 move sludgewave\n>p1 move knockoff\n>p2 move sleeppowder\n>p1 move suckerpunch\n>p2 move sleeppowder\n>p1 switch 2\n>p2 move quiverdance\n>p1 move thunderbolt\n>p2 move bugbuzz\n>p2 switch 2\n>p1 switch 5\n>p2 move earthquake\n>p1 move uturn\n>p2 move glare\n>p1 switch 2\n>p1 move knockoff\n>p2 move earthquake\n>p1 switch 6\n>p1 move leafstorm\n>p2 move glare\n>p2 switch 4\n>p1 switch 3\n>p2 move nastyplot\n>p1 move freezedry\n>p2 move rapidspin terastallize\n>p1 switch 5\n>p2 move dracometeor\n>p1 switch 2\n>p1 move quickattack\n>p2 move hydropump\n>p1 switch 4\n>p1 move throatchop\n>p2 move dracometeor\n>p1 switch 3\n>p1 move flamethrower\n>p2 switch 5\n>p2 switch 3\n>p1 switch 5\n>p2 move stoneedge\n>p1 switch 5\n>p1 move energyball terastallize\n>p2 switch 5\n>p2 switch 6\n>p1 move energyball\n>p2 move bodypress\n>p1 move energyball\n>p2 move rest\n>p2 switch 5\n>p1 move energyball\n>p2 move stoneedge", "uploadtime": 1733838697, "views": 2, "formatid": "gen9randombattle", "rating": 1521, "private": 0, "password": null}