{"id": "gen9randombattle-2260806821", "format": "[Gen 9] Random Battle", "players": ["FantasyWind", "breadfishin"], "log": "|j|\u203dFantasyWind\n|j|\u2606breadfishin\n|t:|1733895433\n|gametype|singles\n|player|p1|FantasyWind|hilda|1562\n|player|p2|breadfishin|byron|1580\n|teamsize|p1|6\n|teamsize|p2|6\n|gen|9\n|tier|[Gen 9] Random Battle\n|rated|\n|rule|Species Clause: Limit one of each Pok\u00e9mon\n|rule|HP Percentage Mod: HP is shown in percentages\n|rule|Sleep Clause Mod: Limit one foe put to sleep\n|rule|Illusion Level Mod: Illusion disguises the Pok\u00e9mon's true level\n|\n|t:|1733895433\n|start\n|switch|p1a: Galvantula|Galvantula, L82, F|249/249\n|switch|p2a: Zarude|Zarude-Dada, L78|292/292\n|turn|1\n|inactive|Battle timer is ON: inactive players will automatically lose when time's up. (requested by FantasyWind)\n|\n|t:|1733895457\n|switch|p2a: Corviknight|Corviknight, L80, F|288/288\n|-ability|p2a: Corviknight|Pressure\n|move|p1a: Galvantula|Sticky Web|p2a: Corviknight\n|-sidestart|p2: breadfishin|move: Sticky Web\n|\n|upkeep\n|turn|2\n|\n|t:|1733895471\n|move|p1a: Galvantula|Thunder|p2a: Corviknight\n|-supereffective|p2a: Corviknight\n|-damage|p2a: Corviknight|60/288\n|move|p2a: Corviknight|Brave Bird|p1a: Galvantula\n|-crit|p1a: Galvantula\n|-damage|p1a: Galvantula|17/249\n|-damage|p2a: Corviknight|0 fnt|[from] Recoil\n|faint|p2a: Corviknight\n|\n|upkeep\n|\n|t:|1733895493\n|switch|p2a: Azelf|Azelf, L82|257/257\n|turn|3\n|\n|t:|1733895514\n|move|p2a: Azelf|Psyshock|p1a: Galvantula\n|-damage|p1a: Galvantula|0 fnt\n|faint|p1a: Galvantula\n|\n|upkeep\n|\n|t:|1733895518\n|switch|p1a: Zarude|Zarude, L78|292/292\n|turn|4\n|\n|t:|1733895536\n|switch|p2a: Zarude|Zarude-Dada, L78|292/292\n|-activate|p2a: Zarude|move: Sticky Web\n|-unboost|p2a: Zarude|spe|1\n|move|p1a: Zarude|U-turn|p2a: Zarude\n|-supereffective|p2a: Zarude\n|-damage|p2a: Zarude|24/292\n|\n|t:|1733895551\n|switch|p1a: Lurantis|Lurantis, L87, F|264/264|[from] U-turn\n|\n|upkeep\n|turn|5\n|\n|t:|1733895563\n|move|p2a: Zarude|Knock Off|p1a: Lurantis\n|-damage|p1a: Lurantis|126/264\n|-enditem|p1a: Lurantis|Assault Vest|[from] move: Knock Off|[of] p2a: Zarude\n|-damage|p2a: Zarude|0 fnt|[from] item: Life Orb\n|faint|p2a: Zarude\n|move|p1a: Lurantis|Leaf Storm|p2: Zarude|[notarget]\n|-fail|p1a: Lurantis\n|\n|upkeep\n|\n|t:|1733895582\n|switch|p2a: Azelf|Azelf, L82|257/257\n|turn|6\n|\n|t:|1733895604\n|-terastallize|p2a: Azelf|Fairy\n|move|p2a: Azelf|Dazzling Gleam|p1a: Lurantis\n|-damage|p1a: Lurantis|0 fnt\n|faint|p1a: Lurantis\n|\n|upkeep\n|\n|t:|1733895616\n|switch|p1a: Girafarig|Girafarig, L89, F|269/269\n|turn|7\n|\n|t:|1733895626\n|move|p2a: Azelf|Dazzling Gleam|p1a: Girafarig\n|-crit|p1a: Girafarig\n|-damage|p1a: Girafarig|86/269\n|move|p1a: Girafarig|Psyshock|p2a: Azelf\n|-damage|p2a: Azelf|139/257\n|\n|upkeep\n|turn|8\n|\n|t:|1733895633\n|move|p2a: Azelf|Dazzling Gleam|p1a: Girafarig\n|-damage|p1a: Girafarig|0 fnt\n|faint|p1a: Girafarig\n|\n|upkeep\n|\n|t:|1733895637\n|switch|p1a: Chandelure|Chandelure, L83, M|235/235\n|turn|9\n|\n|t:|1733895666\n|switch|p2a: Skuntank|Skuntank, L84, M|310/310\n|-activate|p2a: Skuntank|move: Sticky Web\n|-unboost|p2a: Skuntank|spe|1\n|move|p1a: Chandelure|Fire Blast|p2a: Skuntank\n|-damage|p2a: Skuntank|102/310\n|\n|upkeep\n|turn|10\n|\n|t:|1733895685\n|move|p2a: Skuntank|Sucker Punch|p1a: Chandelure\n|-supereffective|p1a: Chandelure\n|-damage|p1a: Chandelure|63/235\n|-damage|p2a: Skuntank|71/310|[from] item: Life Orb\n|move|p1a: Chandelure|Fire Blast|p2a: Skuntank\n|-damage|p2a: Skuntank|0 fnt\n|faint|p2a: Skuntank\n|\n|upkeep\n|\n|t:|1733895694\n|switch|p2a: Azelf|Azelf, L82, tera:Fairy|139/257\n|turn|11\n|\n|t:|1733895701\n|move|p1a: Chandelure|Fire Blast|p2a: Azelf\n|-damage|p2a: Azelf|0 fnt\n|faint|p2a: Azelf\n|\n|upkeep\n|\n|t:|1733895715\n|switch|p2a: Enamorus|Enamorus-Therian, L83, F|259/259\n|turn|12\n|\n|t:|1733895730\n|move|p1a: Chandelure|Fire Blast|p2a: Enamorus\n|-damage|p2a: Enamorus|165/259\n|move|p2a: Enamorus|Earth Power|p1a: Chandelure\n|-supereffective|p1a: Chandelure\n|-damage|p1a: Chandelure|0 fnt\n|faint|p1a: Chandelure\n|\n|upkeep\n|\n|t:|1733895736\n|switch|p1a: Zapdos|Zapdos-Galar, L77|265/265\n|turn|13\n|\n|t:|1733895748\n|-terastallize|p1a: Zapdos|Steel\n|move|p1a: Zapdos|Brave Bird|p2a: Enamorus\n|-damage|p2a: Enamorus|31/259\n|-damage|p1a: Zapdos|221/265|[from] Recoil\n|-damage|p1a: Zapdos|195/265|[from] item: Life Orb\n|move|p2a: Enamorus|Moonblast|p1a: Zapdos\n|-resisted|p1a: Zapdos\n|-damage|p1a: Zapdos|126/265\n|-unboost|p1a: Zapdos|spa|1\n|-ability|p1a: Zapdos|Defiant|boost\n|-boost|p1a: Zapdos|atk|2\n|\n|upkeep\n|turn|14\n|\n|t:|1733895767\n|move|p1a: Zapdos|Knock Off|p2a: Enamorus\n|-resisted|p2a: Enamorus\n|-damage|p2a: Enamorus|0 fnt\n|-enditem|p2a: Enamorus|Assault Vest|[from] move: Knock Off|[of] p1a: Zapdos\n|faint|p2a: Enamorus\n|-damage|p1a: Zapdos|100/265|[from] item: Life Orb\n|\n|upkeep\n|\n|t:|1733895770\n|switch|p2a: Bronzong|Bronzong, L88|261/261\n|turn|15\n|\n|t:|1733895776\n|move|p1a: Zapdos|Knock Off|p2a: Bronzong\n|-supereffective|p2a: Bronzong\n|-damage|p2a: Bronzong|0 fnt\n|-enditem|p2a: Bronzong|Leftovers|[from] move: Knock Off|[of] p1a: Zapdos\n|faint|p2a: Bronzong\n|-damage|p1a: Zapdos|74/265|[from] item: Life Orb\n|\n|win|FantasyWind\n|raw|FantasyWind's rating: 1562 &rarr; <strong>1583</strong><br />(+21 for winning)\n|raw|breadfishin's rating: 1580 &rarr; <strong>1559</strong><br />(-21 for losing)\n", "inputlog": ">version bfd83cad13791eb5a5a409923076391caf6fb4d4\n>start {\"formatid\":\"gen9randombattle\",\"seed\":[43616,481,53213,23242],\"rated\":\"Rated battle\"}\n>player p1 {\"name\":\"FantasyWind\",\"avatar\":\"hilda\",\"rating\":1562,\"seed\":[43806,49569,51997,37429]}\n>player p2 {\"name\":\"breadfishin\",\"avatar\":\"byron\",\"rating\":1580,\"seed\":[13483,18656,42867,39034]}\n>p1 move stickyweb\n>p2 switch 5\n>p1 move thunder\n>p2 move bravebird\n>p2 switch 4\n>p1 move bugbuzz\n>p2 move psyshock\n>p1 switch 3\n>p1 move uturn\n>p2 switch 5\n>p1 switch 2\n>p1 move leafstorm\n>p2 move knockoff\n>p2 switch 5\n>p1 move leechlife\n>p2 move dazzlinggleam terastallize\n>p1 switch 4\n>p1 move psyshock\n>p2 move dazzlinggleam\n>p1 move psyshock\n>p2 move dazzlinggleam\n>p1 switch 5\n>p1 move fireblast\n>p2 switch 2\n>p1 move fireblast\n>p2 move suckerpunch\n>p2 switch 2\n>p1 move fireblast\n>p2 move dazzlinggleam\n>p2 switch 6\n>p1 move fireblast\n>p2 move earthpower\n>p1 switch 6\n>p1 move bravebird terastallize\n>p2 move moonblast\n>p1 move knockoff\n>p2 move mysticalfire\n>p2 switch 3\n>p1 move knockoff\n>p2 move irondefense", "uploadtime": 1733895779, "views": 1, "formatid": "gen9randombattle", "rating": 1559, "private": 0, "password": null}