{"id": "gen9randombattle-2260291358", "format": "[Gen 9] Random Battle", "players": ["belesar", "SanBai300"], "log": "|j|\u2606belesar\n|j|\u2606SanBai300\n|t:|1733835952\n|gametype|singles\n|player|p1|belesar|worker|1324\n|player|p2|SanBai300|unknown|1329\n|teamsize|p1|6\n|teamsize|p2|6\n|gen|9\n|tier|[Gen 9] Random Battle\n|rated|\n|rule|Species Clause: Limit one of each Pok\u00e9mon\n|rule|HP Percentage Mod: HP is shown in percentages\n|rule|Sleep Clause Mod: Limit one foe put to sleep\n|rule|Illusion Level Mod: Illusion disguises the Pok\u00e9mon's true level\n|\n|t:|1733835952\n|start\n|switch|p1a: Manaphy|Manaphy, L78|284/284\n|switch|p2a: Dewgong|Dewgong, L94, F|322/322\n|turn|1\n|inactive|Battle timer is ON: inactive players will automatically lose when time's up. (requested by SanBai300)\n|\n|t:|1733835968\n|move|p1a: Manaphy|Tail Glow|p1a: Manaphy\n|-boost|p1a: Manaphy|spa|3\n|move|p2a: Dewgong|Encore|p1a: Manaphy\n|-start|p1a: Manaphy|Encore\n|\n|upkeep\n|turn|2\n|\n|t:|1733835976\n|move|p1a: Manaphy|Tail Glow|p1a: Manaphy\n|-boost|p1a: Manaphy|spa|3\n|move|p2a: Dewgong|Triple Axel|p1a: Manaphy\n|-resisted|p1a: Manaphy\n|-damage|p1a: Manaphy|274/284\n|-hitcount|p1a: Manaphy|1\n|\n|-heal|p1a: Manaphy|284/284|[from] item: Leftovers\n|upkeep\n|turn|3\n|\n|t:|1733835986\n|move|p1a: Manaphy|Tail Glow|p1a: Manaphy\n|-boost|p1a: Manaphy|spa|0\n|move|p2a: Dewgong|Triple Axel|p1a: Manaphy\n|-resisted|p1a: Manaphy\n|-damage|p1a: Manaphy|275/284\n|-resisted|p1a: Manaphy\n|-damage|p1a: Manaphy|254/284\n|-resisted|p1a: Manaphy\n|-damage|p1a: Manaphy|223/284\n|-hitcount|p1a: Manaphy|3\n|\n|-heal|p1a: Manaphy|240/284|[from] item: Leftovers\n|upkeep\n|turn|4\n|\n|t:|1733835999\n|move|p1a: Manaphy|Tail Glow|p1a: Manaphy\n|-boost|p1a: Manaphy|spa|0\n|move|p2a: Dewgong|Encore||[still]\n|-fail|p2a: Dewgong\n|\n|-heal|p1a: Manaphy|257/284|[from] item: Leftovers\n|-end|p1a: Manaphy|Encore\n|upkeep\n|turn|5\n|\n|t:|1733836010\n|move|p1a: Manaphy|Energy Ball|p2a: Dewgong\n|-supereffective|p2a: Dewgong\n|-crit|p2a: Dewgong\n|-damage|p2a: Dewgong|0 fnt\n|faint|p2a: Dewgong\n|\n|-heal|p1a: Manaphy|274/284|[from] item: Leftovers\n|upkeep\n|\n|t:|1733836022\n|switch|p2a: Thundurus|Thundurus, L80, M|258/258\n|turn|6\n|\n|t:|1733836040\n|move|p2a: Thundurus|Grass Knot|p1a: Manaphy\n|-supereffective|p1a: Manaphy\n|-damage|p1a: Manaphy|242/284\n|move|p1a: Manaphy|Ice Beam|p2a: Thundurus\n|-supereffective|p2a: Thundurus\n|-crit|p2a: Thundurus\n|-damage|p2a: Thundurus|0 fnt\n|faint|p2a: Thundurus\n|\n|-heal|p1a: Manaphy|259/284|[from] item: Leftovers\n|upkeep\n|c|\u2606belesar|Wtf\n|\n|t:|1733836057\n|switch|p2a: Mightyena|Mightyena, L95, F|287/287\n|-ability|p2a: Mightyena|Intimidate|boost\n|-unboost|p1a: Manaphy|atk|1\n|turn|7\n|c|\u2606belesar|are you play8n\n|\n|t:|1733836070\n|move|p2a: Mightyena|Sucker Punch|p1a: Manaphy\n|-damage|p1a: Manaphy|177/284\n|move|p1a: Manaphy|Surf|p2a: Mightyena\n|-damage|p2a: Mightyena|0 fnt\n|faint|p2a: Mightyena\n|\n|-heal|p1a: Manaphy|194/284|[from] item: Leftovers\n|upkeep\n|\n|t:|1733836074\n|switch|p2a: Leavanny|Leavanny, L86, F|269/269\n|turn|8\n|\n|t:|1733836083\n|move|p2a: Leavanny|Leaf Blade|p1a: Manaphy\n|-supereffective|p1a: Manaphy\n|-crit|p1a: Manaphy\n|-damage|p1a: Manaphy|0 fnt\n|faint|p1a: Manaphy\n|\n|upkeep\n|\n|t:|1733836092\n|switch|p1a: Gengar|Gengar, L81, M|230/230\n|turn|9\n|\n|t:|1733836098\n|move|p1a: Gengar|Sludge Wave|p2a: Leavanny\n|-supereffective|p2a: Leavanny\n|-damage|p2a: Leavanny|0 fnt\n|faint|p2a: Leavanny\n|-damage|p1a: Gengar|207/230|[from] item: Life Orb\n|\n|upkeep\n|\n|t:|1733836108\n|switch|p2a: Raging Bolt|Raging Bolt, L78|323/323\n|turn|10\n|\n|t:|1733836118\n|switch|p1a: Torterra|Torterra, L78, M|276/276\n|move|p2a: Raging Bolt|Calm Mind|p2a: Raging Bolt\n|-boost|p2a: Raging Bolt|spa|1\n|-boost|p2a: Raging Bolt|spd|1\n|\n|upkeep\n|turn|11\n|\n|t:|1733836131\n|-terastallize|p2a: Raging Bolt|Fairy\n|move|p2a: Raging Bolt|Dragon Pulse|p1a: Torterra\n|-damage|p1a: Torterra|93/276\n|move|p1a: Torterra|Shell Smash|p1a: Torterra\n|-unboost|p1a: Torterra|def|1\n|-unboost|p1a: Torterra|spd|1\n|-boost|p1a: Torterra|atk|2\n|-boost|p1a: Torterra|spa|2\n|-boost|p1a: Torterra|spe|2\n|\n|upkeep\n|turn|12\n|\n|t:|1733836156\n|move|p1a: Torterra|Bullet Seed|p2a: Raging Bolt\n|-damage|p2a: Raging Bolt|268/323\n|-damage|p2a: Raging Bolt|210/323\n|-damage|p2a: Raging Bolt|161/323\n|-crit|p2a: Raging Bolt\n|-damage|p2a: Raging Bolt|76/323\n|-hitcount|p2a: Raging Bolt|4\n|move|p2a: Raging Bolt|Dragon Pulse|p1a: Torterra\n|-damage|p1a: Torterra|0 fnt\n|faint|p1a: Torterra\n|\n|-heal|p2a: Raging Bolt|96/323|[from] item: Leftovers\n|upkeep\n|inactive|belesar has 120 seconds left.\n|\n|t:|1733836178\n|switch|p1a: Pachirisu|Pachirisu, L96, F|271/271\n|turn|13\n|inactive|belesar has 120 seconds left.\n|\n|t:|1733836187\n|move|p1a: Pachirisu|Discharge|p2a: Raging Bolt\n|-crit|p2a: Raging Bolt\n|-damage|p2a: Raging Bolt|0 fnt\n|faint|p2a: Raging Bolt\n|-end|p2a: Raging Bolt|Protosynthesis|[silent]\n|\n|upkeep\n|\n|t:|1733836194\n|switch|p2a: Lucario|Lucario, L84, F|255/255\n|turn|14\n|\n|t:|1733836208\n|move|p1a: Pachirisu|U-turn|p2a: Lucario\n|-resisted|p2a: Lucario\n|-damage|p2a: Lucario|244/255\n|\n|t:|1733836211\n|switch|p1a: Gengar|Gengar, L81, M|207/230|[from] U-turn\n|move|p2a: Lucario|Nasty Plot|p2a: Lucario\n|-boost|p2a: Lucario|spa|2\n|\n|upkeep\n|turn|15\n|\n|t:|1733836222\n|move|p1a: Gengar|Focus Blast|p2a: Lucario|[miss]\n|-miss|p1a: Gengar|p2a: Lucario\n|move|p2a: Lucario|Flash Cannon|p1a: Gengar\n|-damage|p1a: Gengar|0 fnt\n|faint|p1a: Gengar\n|-damage|p2a: Lucario|219/255|[from] item: Life Orb\n|\n|upkeep\n|\n|t:|1733836230\n|switch|p1a: Necrozma|Necrozma-Dusk-Mane, L69|248/248\n|turn|16\n|\n|t:|1733836240\n|move|p2a: Lucario|Focus Blast|p1a: Necrozma\n|-damage|p1a: Necrozma|0 fnt\n|faint|p1a: Necrozma\n|-damage|p2a: Lucario|194/255|[from] item: Life Orb\n|\n|upkeep\n|\n|t:|1733836247\n|switch|p1a: Quaquaval|Quaquaval, L79, M|264/264\n|turn|17\n|\n|t:|1733836258\n|move|p2a: Lucario|Focus Blast|p1a: Quaquaval\n|-damage|p1a: Quaquaval|0 fnt\n|faint|p1a: Quaquaval\n|-damage|p2a: Lucario|169/255|[from] item: Life Orb\n|\n|upkeep\n|\n|t:|1733836264\n|switch|p1a: Pachirisu|Pachirisu, L96, F|271/271\n|turn|18\n|\n|t:|1733836282\n|move|p1a: Pachirisu|Discharge|p2a: Lucario\n|-damage|p2a: Lucario|99/255\n|move|p2a: Lucario|Focus Blast|p1a: Pachirisu\n|-damage|p1a: Pachirisu|0 fnt\n|faint|p1a: Pachirisu\n|-damage|p2a: Lucario|74/255|[from] item: Life Orb\n|\n|win|SanBai300\n|raw|belesar's rating: 1324 &rarr; <strong>1304</strong><br />(-20 for losing)\n|raw|SanBai300's rating: 1329 &rarr; <strong>1349</strong><br />(+20 for winning)\n|l|\u2606belesar\n|player|p1|\n", "inputlog": ">version bfd83cad13791eb5a5a409923076391caf6fb4d4\n>start {\"formatid\":\"gen9randombattle\",\"seed\":[36248,44912,39060,31655],\"rated\":\"Rated battle\"}\n>player p1 {\"name\":\"belesar\",\"avatar\":\"worker\",\"rating\":1324,\"seed\":[60335,36714,48954,36991]}\n>player p2 {\"name\":\"SanBai300\",\"avatar\":\"unknown\",\"rating\":1329,\"seed\":[36620,58113,5910,42580]}\n>p1 move tailglow\n>p2 move encore\n>p1 move tailglow\n>p2 move tripleaxel\n>p1 move tailglow\n>p2 move tripleaxel\n>p1 move tailglow\n>p2 move encore\n>p1 move energyball\n>p2 move encore\n>p2 switch 3\n>p1 move icebeam\n>p2 move grassknot\n>chat \u2606belesar|Wtf\n>p2 switch 4\n>chat \u2606belesar|are you play8n\n>p1 move surf\n>p2 move suckerpunch\n>p2 switch 5\n>p1 move icebeam\n>p2 move leafblade\n>p1 switch 4\n>p1 move sludgewave\n>p2 move knockoff\n>p2 switch 2\n>p1 switch 5\n>p2 move calmmind\n>p1 move shellsmash\n>p2 move dragonpulse terastallize\n>p1 move bulletseed\n>p2 move dragonpulse\n>p1 switch 3\n>p1 move discharge\n>p2 move dragonpulse\n>p2 switch 6\n>p1 move uturn\n>p2 move nastyplot\n>p1 switch 5\n>p1 move focusblast\n>p2 move flashcannon\n>p1 switch 2\n>p1 move dragondance\n>p2 move focusblast\n>p1 switch 6\n>p1 move aquastep\n>p2 move focusblast\n>p1 switch 5\n>p1 move discharge\n>p2 move focusblast", "uploadtime": 1733836297, "views": 5, "formatid": "gen9randombattle", "rating": 1304, "private": 0, "password": null}