{"id": "gen9randombattle-2258773014", "format": "[Gen 9] Random Battle", "players": ["Lulugmarre", "ikaoss"], "log": "|badge|p1|bronze|gen9randombattle|100-3\n|uhtml|medal-msg|<div class=\"broadcast-blue\">Curious what those medals under the avatar are? PS now has Ladder Seasons! For more information, check out the <a href=\"https://www.smogon.com/forums/threads/3740067/\">thread on Smogon.</a></div>\n|badge|p2|silver|gen9randombattle|30-3\n|uhtml|medal-msg|<div class=\"broadcast-blue\">Curious what those medals under the avatar are? PS now has Ladder Seasons! For more information, check out the <a href=\"https://www.smogon.com/forums/threads/3740067/\">thread on Smogon.</a></div>\n|j|\u2606Lulugmarre\n|j|\u2606ikaoss\n|t:|1733614823\n|gametype|singles\n|player|p1|Lulugmarre|marnie-masters2|2268\n|player|p2|ikaoss|101|2373\n|teamsize|p1|6\n|teamsize|p2|6\n|gen|9\n|tier|[Gen 9] Random Battle\n|rated|\n|rule|Species Clause: Limit one of each Pok\u00e9mon\n|rule|HP Percentage Mod: HP is shown in percentages\n|rule|Sleep Clause Mod: Limit one foe put to sleep\n|rule|Illusion Level Mod: Illusion disguises the Pok\u00e9mon's true level\n|\n|t:|1733614823\n|start\n|switch|p1a: Toedscruel|Toedscruel, L87, M|281/281\n|switch|p2a: Cinccino|Cinccino, L83, M|260/260\n|turn|1\n|c|\u2606Lulugmarre|hf\n|\n|t:|1733614831\n|switch|p1a: Magmortar|Magmortar, L88, F|275/275\n|move|p2a: Cinccino|U-turn|p1a: Magmortar\n|-resisted|p1a: Magmortar\n|-damage|p1a: Magmortar|248/275\n|-status|p2a: Cinccino|brn|[from] ability: Flame Body|[of] p1a: Magmortar\n|\n|t:|1733614856\n|switch|p2a: Hydrapple|Hydrapple, L83, F|312/312|[from] U-turn\n|\n|upkeep\n|turn|2\n|\n|t:|1733614868\n|move|p1a: Magmortar|Will-O-Wisp|p2a: Hydrapple\n|-status|p2a: Hydrapple|brn\n|move|p2a: Hydrapple|Fickle Beam|p1a: Magmortar|[anim] Fickle Beam All Out\n|-activate|p2a: Hydrapple|move: Fickle Beam\n|-damage|p1a: Magmortar|85/275\n|\n|-damage|p2a: Hydrapple|293/312 brn|[from] brn\n|upkeep\n|turn|3\n|\n|t:|1733614877\n|switch|p1a: Toedscruel|Toedscruel, L87, M|281/281\n|move|p2a: Hydrapple|Earth Power|p1a: Toedscruel\n|-resisted|p1a: Toedscruel\n|-damage|p1a: Toedscruel|260/281\n|\n|-damage|p2a: Hydrapple|274/312 brn|[from] brn\n|upkeep\n|turn|4\n|\n|t:|1733614881\n|move|p1a: Toedscruel|Knock Off|p2a: Hydrapple\n|-damage|p2a: Hydrapple|226/312 brn\n|-enditem|p2a: Hydrapple|Assault Vest|[from] move: Knock Off|[of] p1a: Toedscruel\n|move|p2a: Hydrapple|Fickle Beam|p1a: Toedscruel\n|-damage|p1a: Toedscruel|209/281\n|\n|-damage|p2a: Hydrapple|207/312 brn|[from] brn\n|upkeep\n|turn|5\n|\n|t:|1733614898\n|switch|p1a: Pelipper|Pelipper, L86, F|243/243\n|-weather|RainDance|[from] ability: Drizzle|[of] p1a: Pelipper\n|move|p2a: Hydrapple|Dragon Tail|p1a: Pelipper\n|-damage|p1a: Pelipper|219/243\n|drag|p1a: Pincurchin|Pincurchin, F|258/258\n|-fieldstart|move: Electric Terrain|[from] ability: Electric Surge|[of] p1a: Pincurchin\n|\n|-weather|RainDance|[upkeep]\n|-damage|p2a: Hydrapple|188/312 brn|[from] brn\n|upkeep\n|turn|6\n|\n|t:|1733614912\n|switch|p1a: Pelipper|Pelipper, L86, F|219/243\n|move|p2a: Hydrapple|Earth Power|p1a: Pelipper\n|-immune|p1a: Pelipper\n|\n|-weather|RainDance|[upkeep]\n|-damage|p2a: Hydrapple|169/312 brn|[from] brn\n|upkeep\n|turn|7\n|\n|t:|1733614921\n|switch|p2a: Zapdos|Zapdos, L78|268/268\n|move|p1a: Pelipper|U-turn|p2a: Zapdos\n|-resisted|p2a: Zapdos\n|-damage|p2a: Zapdos|249/268\n|\n|t:|1733614932\n|switch|p1a: Pincurchin|Pincurchin, F|258/258|[from] U-turn\n|\n|-weather|RainDance|[upkeep]\n|upkeep\n|turn|8\n|\n|t:|1733614945\n|switch|p2a: Hydrapple|Hydrapple, L83, F|273/312 brn\n|switch|p1a: Pelipper|Pelipper, L86, F|219/243\n|\n|-weather|RainDance|[upkeep]\n|-damage|p2a: Hydrapple|254/312 brn|[from] brn\n|upkeep\n|turn|9\n|\n|t:|1733614960\n|switch|p2a: Zapdos|Zapdos, L78|249/268\n|move|p1a: Pelipper|Weather Ball|p2a: Zapdos\n|-damage|p2a: Zapdos|9/268\n|\n|-weather|none\n|-fieldend|move: Electric Terrain\n|upkeep\n|turn|10\n|\n|t:|1733614975\n|switch|p1a: Pincurchin|Pincurchin, F|258/258\n|-fieldstart|move: Electric Terrain|[from] ability: Electric Surge|[of] p1a: Pincurchin\n|move|p2a: Zapdos|Roost|p2a: Zapdos\n|-heal|p2a: Zapdos|143/268\n|-singleturn|p2a: Zapdos|move: Roost\n|\n|upkeep\n|turn|11\n|\n|t:|1733614983\n|move|p2a: Zapdos|Roost|p2a: Zapdos\n|-heal|p2a: Zapdos|268/268\n|-singleturn|p2a: Zapdos|move: Roost\n|move|p1a: Pincurchin|Zing Zap|p2a: Zapdos\n|-resisted|p2a: Zapdos\n|-damage|p2a: Zapdos|181/268\n|\n|upkeep\n|turn|12\n|\n|t:|1733614992\n|move|p2a: Zapdos|Roost|p2a: Zapdos\n|-heal|p2a: Zapdos|268/268\n|-singleturn|p2a: Zapdos|move: Roost\n|move|p1a: Pincurchin|Zing Zap|p2a: Zapdos\n|-resisted|p2a: Zapdos\n|-damage|p2a: Zapdos|181/268\n|\n|upkeep\n|turn|13\n|\n|t:|1733614998\n|switch|p2a: Hydrapple|Hydrapple, L83, F|312/312 brn\n|switch|p1a: Pelipper|Pelipper, L86, F|219/243\n|-weather|RainDance|[from] ability: Drizzle|[of] p1a: Pelipper\n|\n|-weather|RainDance|[upkeep]\n|-damage|p2a: Hydrapple|293/312 brn|[from] brn\n|upkeep\n|turn|14\n|\n|t:|1733615005\n|switch|p2a: Zapdos|Zapdos, L78|181/268\n|move|p1a: Pelipper|Hurricane|p2a: Zapdos\n|-resisted|p2a: Zapdos\n|-damage|p2a: Zapdos|88/268\n|\n|-weather|RainDance|[upkeep]\n|-fieldend|move: Electric Terrain\n|upkeep\n|turn|15\n|\n|t:|1733615012\n|switch|p1a: Pincurchin|Pincurchin, F|258/258\n|-fieldstart|move: Electric Terrain|[from] ability: Electric Surge|[of] p1a: Pincurchin\n|move|p2a: Zapdos|Roost|p2a: Zapdos\n|-heal|p2a: Zapdos|222/268\n|-singleturn|p2a: Zapdos|move: Roost\n|\n|-weather|RainDance|[upkeep]\n|upkeep\n|turn|16\n|\n|t:|1733615028\n|switch|p2a: Hydrapple|Hydrapple, L83, F|312/312 brn\n|move|p1a: Pincurchin|Liquidation|p2a: Hydrapple\n|-resisted|p2a: Hydrapple\n|-damage|p2a: Hydrapple|284/312 brn\n|\n|-weather|RainDance|[upkeep]\n|-damage|p2a: Hydrapple|265/312 brn|[from] brn\n|upkeep\n|turn|17\n|\n|t:|1733615042\n|switch|p1a: Magmortar|Magmortar, L88, F|85/275\n|move|p2a: Hydrapple|Fickle Beam|p1a: Magmortar\n|-damage|p1a: Magmortar|0 fnt\n|faint|p1a: Magmortar\n|\n|-weather|none\n|-damage|p2a: Hydrapple|246/312 brn|[from] brn\n|upkeep\n|j| code45\n|\n|t:|1733615047\n|switch|p1a: Rabsca|Rabsca, L91, F|284/284\n|turn|18\n|j| joylar\n|\n|t:|1733615077\n|switch|p2a: Typhlosion|Typhlosion-Hisui, L83, F|257/257\n|move|p1a: Rabsca|Psychic|p2a: Typhlosion\n|-damage|p2a: Typhlosion|131/257\n|\n|upkeep\n|turn|19\n|\n|t:|1733615094\n|switch|p1a: Toedscruel|Toedscruel, L87, M|209/281\n|move|p2a: Typhlosion|Shadow Ball|p1a: Toedscruel\n|-damage|p1a: Toedscruel|161/281\n|\n|-fieldend|move: Electric Terrain\n|upkeep\n|turn|20\n|\n|t:|1733615103\n|switch|p2a: Hydrapple|Hydrapple, L83, F|312/312 brn\n|move|p1a: Toedscruel|Knock Off|p2a: Hydrapple\n|-damage|p2a: Hydrapple|279/312 brn\n|\n|-damage|p2a: Hydrapple|260/312 brn|[from] brn\n|upkeep\n|turn|21\n|\n|t:|1733615121\n|switch|p1a: Rabsca|Rabsca, L91, F|284/284\n|move|p2a: Hydrapple|Fickle Beam|p1a: Rabsca\n|-damage|p1a: Rabsca|196/284\n|\n|-damage|p2a: Hydrapple|241/312 brn|[from] brn\n|upkeep\n|turn|22\n|\n|t:|1733615129\n|switch|p2a: Typhlosion|Typhlosion-Hisui, L83, F|131/257\n|move|p1a: Rabsca|Bug Buzz|p2a: Typhlosion\n|-resisted|p2a: Typhlosion\n|-damage|p2a: Typhlosion|98/257\n|\n|upkeep\n|turn|23\n|\n|t:|1733615141\n|switch|p1a: Pelipper|Pelipper, L86, F|219/243\n|-weather|RainDance|[from] ability: Drizzle|[of] p1a: Pelipper\n|move|p2a: Typhlosion|Fire Blast|p1a: Pelipper\n|-resisted|p1a: Pelipper\n|-damage|p1a: Pelipper|182/243\n|\n|-weather|RainDance|[upkeep]\n|upkeep\n|turn|24\n|\n|t:|1733615148\n|move|p2a: Typhlosion|Shadow Ball|p1a: Pelipper\n|-damage|p1a: Pelipper|74/243\n|move|p1a: Pelipper|Hurricane|p2a: Typhlosion\n|-damage|p2a: Typhlosion|0 fnt\n|faint|p2a: Typhlosion\n|\n|-weather|RainDance|[upkeep]\n|upkeep\n|\n|t:|1733615165\n|switch|p2a: Zapdos|Zapdos, L78|222/268\n|turn|25\n|\n|t:|1733615172\n|switch|p2a: Hydrapple|Hydrapple, L83, F|312/312 brn\n|switch|p1a: Pincurchin|Pincurchin, F|258/258\n|-fieldstart|move: Electric Terrain|[from] ability: Electric Surge|[of] p1a: Pincurchin\n|\n|-weather|RainDance|[upkeep]\n|-damage|p2a: Hydrapple|293/312 brn|[from] brn\n|upkeep\n|turn|26\n|\n|t:|1733615185\n|switch|p1a: Rabsca|Rabsca, L91, F|196/284\n|move|p2a: Hydrapple|Fickle Beam|p1a: Rabsca|[anim] Fickle Beam All Out\n|-activate|p2a: Hydrapple|move: Fickle Beam\n|-damage|p1a: Rabsca|33/284\n|\n|-weather|RainDance|[upkeep]\n|-damage|p2a: Hydrapple|274/312 brn|[from] brn\n|upkeep\n|turn|27\n|\n|t:|1733615200\n|switch|p2a: Zapdos|Zapdos, L78|222/268\n|move|p1a: Rabsca|Bug Buzz|p2a: Zapdos\n|-resisted|p2a: Zapdos\n|-damage|p2a: Zapdos|153/268\n|\n|-weather|none\n|upkeep\n|turn|28\n|\n|t:|1733615218\n|switch|p1a: Pincurchin|Pincurchin, F|258/258\n|move|p2a: Zapdos|Thunderbolt|p1a: Pincurchin\n|-resisted|p1a: Pincurchin\n|-damage|p1a: Pincurchin|216/258\n|\n|-heal|p1a: Pincurchin|232/258|[from] item: Leftovers\n|upkeep\n|turn|29\n|\n|t:|1733615228\n|switch|p1a: Rabsca|Rabsca, L91, F|33/284\n|move|p2a: Zapdos|Roost|p2a: Zapdos\n|-heal|p2a: Zapdos|268/268\n|-singleturn|p2a: Zapdos|move: Roost\n|\n|-fieldend|move: Electric Terrain\n|upkeep\n|turn|30\n|\n|t:|1733615239\n|move|p2a: Zapdos|Thunderbolt|p1a: Rabsca\n|-damage|p1a: Rabsca|0 fnt\n|faint|p1a: Rabsca\n|\n|upkeep\n|\n|t:|1733615251\n|switch|p1a: Pincurchin|Pincurchin, F|232/258\n|-fieldstart|move: Electric Terrain|[from] ability: Electric Surge|[of] p1a: Pincurchin\n|turn|31\n|\n|t:|1733615255\n|move|p2a: Zapdos|Thunderbolt|p1a: Pincurchin\n|-resisted|p1a: Pincurchin\n|-damage|p1a: Pincurchin|189/258\n|move|p1a: Pincurchin|Zing Zap|p2a: Zapdos\n|-damage|p2a: Zapdos|94/268\n|\n|-heal|p1a: Pincurchin|205/258|[from] item: Leftovers\n|upkeep\n|turn|32\n|\n|t:|1733615263\n|move|p2a: Zapdos|Roost|p2a: Zapdos\n|-heal|p2a: Zapdos|228/268\n|-singleturn|p2a: Zapdos|move: Roost\n|move|p1a: Pincurchin|Liquidation|p2a: Zapdos\n|-damage|p2a: Zapdos|125/268\n|\n|-heal|p1a: Pincurchin|221/258|[from] item: Leftovers\n|upkeep\n|turn|33\n|\n|t:|1733615271\n|switch|p2a: Hydrapple|Hydrapple, L83, F|312/312 brn\n|switch|p1a: Pelipper|Pelipper, L86, F|74/243\n|-weather|RainDance|[from] ability: Drizzle|[of] p1a: Pelipper\n|\n|-weather|RainDance|[upkeep]\n|-damage|p2a: Hydrapple|293/312 brn|[from] brn\n|upkeep\n|turn|34\n|\n|t:|1733615281\n|switch|p2a: Zapdos|Zapdos, L78|125/268\n|move|p1a: Pelipper|Hurricane|p2a: Zapdos\n|-resisted|p2a: Zapdos\n|-damage|p2a: Zapdos|24/268\n|\n|-weather|RainDance|[upkeep]\n|upkeep\n|turn|35\n|\n|t:|1733615291\n|switch|p1a: Pincurchin|Pincurchin, F|221/258\n|move|p2a: Zapdos|Roost|p2a: Zapdos\n|-heal|p2a: Zapdos|158/268\n|-singleturn|p2a: Zapdos|move: Roost\n|\n|-weather|RainDance|[upkeep]\n|-heal|p1a: Pincurchin|237/258|[from] item: Leftovers\n|-fieldend|move: Electric Terrain\n|upkeep\n|turn|36\n|\n|t:|1733615299\n|switch|p2a: Hydrapple|Hydrapple, L83, F|312/312 brn\n|switch|p1a: Pelipper|Pelipper, L86, F|74/243\n|\n|-weather|RainDance|[upkeep]\n|-damage|p2a: Hydrapple|293/312 brn|[from] brn\n|upkeep\n|turn|37\n|\n|t:|1733615323\n|switch|p2a: Zapdos|Zapdos, L78|158/268\n|move|p1a: Pelipper|Hurricane|p2a: Zapdos\n|-resisted|p2a: Zapdos\n|-damage|p2a: Zapdos|55/268\n|\n|-weather|none\n|upkeep\n|turn|38\n|\n|t:|1733615330\n|switch|p2a: Hydrapple|Hydrapple, L83, F|312/312 brn\n|move|p1a: Pelipper|Hurricane|p2a: Hydrapple\n|-supereffective|p2a: Hydrapple\n|-damage|p2a: Hydrapple|0 fnt\n|faint|p2a: Hydrapple\n|\n|upkeep\n|\n|t:|1733615341\n|switch|p2a: Hypno|Hypno, L95, M|315/315\n|turn|39\n|\n|t:|1733615346\n|switch|p1a: Toedscruel|Toedscruel, L87, M|161/281\n|move|p2a: Hypno|Toxic|p1a: Toedscruel\n|-status|p1a: Toedscruel|tox\n|\n|-damage|p1a: Toedscruel|144/281 tox|[from] psn\n|upkeep\n|turn|40\n|\n|t:|1733615357\n|move|p2a: Hypno|Protect|p2a: Hypno\n|-singleturn|p2a: Hypno|Protect\n|move|p1a: Toedscruel|Knock Off|p2a: Hypno\n|-activate|p2a: Hypno|move: Protect\n|\n|-damage|p1a: Toedscruel|110/281 tox|[from] psn\n|upkeep\n|turn|41\n|\n|t:|1733615369\n|switch|p2a: Zapdos|Zapdos, L78|55/268\n|move|p1a: Toedscruel|Knock Off|p2a: Zapdos\n|-damage|p2a: Zapdos|0 fnt\n|-enditem|p2a: Zapdos|Heavy-Duty Boots|[from] move: Knock Off|[of] p1a: Toedscruel\n|faint|p2a: Zapdos\n|\n|-damage|p1a: Toedscruel|59/281 tox|[from] psn\n|upkeep\n|\n|t:|1733615380\n|switch|p2a: Cinccino|Cinccino, L83, M|260/260 brn\n|turn|42\n|\n|t:|1733615397\n|switch|p1a: Pincurchin|Pincurchin, F|237/258\n|-fieldstart|move: Electric Terrain|[from] ability: Electric Surge|[of] p1a: Pincurchin\n|move|p2a: Cinccino|Tail Slap|p1a: Pincurchin|[miss]\n|-miss|p2a: Cinccino|p1a: Pincurchin\n|\n|-heal|p1a: Pincurchin|253/258|[from] item: Leftovers\n|-damage|p2a: Cinccino|244/260 brn|[from] brn\n|upkeep\n|turn|43\n|\n|t:|1733615408\n|move|p2a: Cinccino|Tail Slap|p1a: Pincurchin|[miss]\n|-miss|p2a: Cinccino|p1a: Pincurchin\n|move|p1a: Pincurchin|Zing Zap|p2a: Cinccino\n|-damage|p2a: Cinccino|45/260 brn\n|\n|-heal|p1a: Pincurchin|258/258|[from] item: Leftovers\n|-damage|p2a: Cinccino|29/260 brn|[from] brn\n|upkeep\n|turn|44\n|\n|t:|1733615427\n|switch|p2a: Hypno|Hypno, L95, M|315/315\n|move|p1a: Pincurchin|Curse|p1a: Pincurchin\n|-unboost|p1a: Pincurchin|spe|1\n|-boost|p1a: Pincurchin|atk|1\n|-boost|p1a: Pincurchin|def|1\n|\n|upkeep\n|turn|45\n|\n|t:|1733615434\n|move|p2a: Hypno|Toxic|p1a: Pincurchin|[miss]\n|-miss|p2a: Hypno|p1a: Pincurchin\n|move|p1a: Pincurchin|Zing Zap|p2a: Hypno\n|-damage|p2a: Hypno|47/315\n|\n|-heal|p2a: Hypno|66/315|[from] item: Leftovers\n|upkeep\n|turn|46\n|\n|t:|1733615436\n|move|p2a: Hypno|Toxic|p1a: Pincurchin\n|-status|p1a: Pincurchin|tox\n|move|p1a: Pincurchin|Zing Zap|p2a: Hypno\n|-damage|p2a: Hypno|0 fnt\n|faint|p2a: Hypno\n|\n|-damage|p1a: Pincurchin|242/258 tox|[from] psn\n|-fieldend|move: Electric Terrain\n|upkeep\n|l| code45\n|c|\u2606Lulugmarre|that's rude\n|c|\u2606Lulugmarre|I liked the 50/50s\n|c|\u2606Lulugmarre|sad that luck got involved in the end\n|inactive|Battle timer is ON: inactive players will automatically lose when time's up. (requested by Lulugmarre)\n|inactive|ikaoss has 120 seconds left.\n|inactive|ikaoss has 90 seconds left.\n|inactive|ikaoss has 60 seconds left.\n|j| Tarsition\n|inactive|ikaoss has 30 seconds left.\n|inactive|ikaoss has 20 seconds left.\n|inactive|ikaoss has 15 seconds left.\n|inactive|ikaoss has 10 seconds left.\n|inactive|ikaoss has 5 seconds left.\n|-message|ikaoss lost due to inactivity.\n|\n|win|Lulugmarre\n|raw|Lulugmarre's rating: 2268 &rarr; <strong>2294</strong><br />(+26 for winning)\n|raw|ikaoss's rating: 2385 &rarr; <strong>2359</strong><br />(-26 for losing)\n|l| joylar\n", "inputlog": ">version 890cd5c2d83fac5a2a7439d74edcf9e6c92f908b\n>start {\"formatid\":\"gen9randombattle\",\"seed\":[62917,50413,62179,57012],\"rated\":\"Rated battle\"}\n>player p1 {\"name\":\"Lulugmarre\",\"avatar\":\"marnie-masters2\",\"rating\":2268,\"seed\":[42975,6777,34282,12469]}\n>player p2 {\"name\":\"ikaoss\",\"avatar\":\"101\",\"rating\":2373,\"seed\":[410,49898,5411,29712]}\n>chat \u2606Lulugmarre|hf\n>p1 switch 5\n>p2 move uturn\n>p2 switch 2\n>p1 move willowisp\n>p2 move ficklebeam\n>p1 switch 5\n>p2 move earthpower\n>p1 move knockoff\n>p2 move ficklebeam\n>p1 switch 6\n>p2 move dragontail\n>p1 switch 2\n>p2 move earthpower\n>p1 move uturn\n>p2 switch 5\n>p1 switch 2\n>p1 switch 2\n>p2 switch 5\n>p1 move weatherball\n>p2 switch 5\n>p1 switch 2\n>p2 move roost\n>p1 move zingzap\n>p2 move roost\n>p1 move zingzap\n>p2 move roost\n>p1 switch 2\n>p2 switch 5\n>p1 move hurricane\n>p2 switch 5\n>p1 switch 2\n>p2 move roost\n>p1 move liquidation\n>p2 switch 5\n>p1 switch 5\n>p2 move ficklebeam\n>p1 switch 4\n>p1 move psychic\n>p2 switch 6\n>p1 switch 6\n>p2 move shadowball\n>p1 move knockoff\n>p2 switch 6\n>p1 switch 6\n>p2 move ficklebeam\n>p1 move bugbuzz\n>p2 switch 6\n>p1 switch 2\n>p2 move fireblast\n>p1 move hurricane\n>p2 move shadowball\n>p2 switch 5\n>p1 switch 5\n>p2 switch 6\n>p1 switch 2\n>p2 move ficklebeam\n>p1 move bugbuzz\n>p2 switch 6\n>p1 switch 2\n>p2 move thunderbolt\n>p1 switch 2\n>p2 move roost\n>p1 move bugbuzz\n>p2 move thunderbolt\n>p1 switch 2\n>p1 move zingzap\n>p2 move thunderbolt\n>p1 move liquidation\n>p2 move roost\n>p1 switch 5\n>p2 switch 6\n>p1 move hurricane\n>p2 switch 6\n>p1 switch 5\n>p2 move roost\n>p1 switch 5\n>p2 switch 6\n>p1 move hurricane\n>p2 switch 6\n>p1 move hurricane\n>p2 switch 6\n>p2 switch 4\n>p1 switch 6\n>p2 move toxic\n>p1 move knockoff\n>p2 move protect\n>p1 move knockoff\n>p2 switch 6\n>p2 switch 2\n>p1 switch 5\n>p2 move tailslap\n>p1 move zingzap\n>p2 move tailslap\n>p1 move curse\n>p2 switch 6\n>p1 move zingzap\n>p2 move toxic\n>p1 move zingzap\n>p2 move toxic\n>chat \u2606Lulugmarre|that's rude\n>chat \u2606Lulugmarre|I liked the 50/50s\n>chat \u2606Lulugmarre|sad that luck got involved in the end\n>forcelose p2", "uploadtime": 1733615722, "views": 10, "formatid": "gen9randombattle", "rating": 2294, "private": 0, "password": null}