{"id": "gen9randombattle-2235273943", "format": "[Gen 9] Random Battle", "players": ["Ranger 0", "Marrickchill"], "log": "|badge|p2|bronze|gen9randombattle|100-3\n|uhtml|medal-msg|<div class=\"broadcast-blue\">Curious what those medals under the avatar are? PS now has Ladder Seasons! For more information, check out the <a href=\"https://www.smogon.com/forums/threads/3740067/\">thread on Smogon.</a></div>\n|j|\u2606Ranger 0\n|j|\u2606Marrickchill\n|t:|1730460315\n|gametype|singles\n|player|p1|Ranger 0|pokemonranger-gen4|2215\n|player|p2|Marrickchill|170|2338\n|teamsize|p1|6\n|teamsize|p2|6\n|gen|9\n|tier|[Gen 9] Random Battle\n|rated|\n|rule|Species Clause: Limit one of each Pok\u00e9mon\n|rule|HP Percentage Mod: HP is shown in percentages\n|rule|Sleep Clause Mod: Limit one foe put to sleep\n|rule|Illusion Level Mod: Illusion disguises the Pok\u00e9mon's true level\n|\n|t:|1730460315\n|start\n|switch|p1a: Gengar|Gengar, L81, M|230/230\n|switch|p2a: Spidops|Spidops, L96, F|271/271\n|turn|1\n|\n|t:|1730460322\n|move|p1a: Gengar|Sludge Wave|p2a: Spidops\n|-damage|p2a: Spidops|135/271\n|-damage|p1a: Gengar|207/230|[from] item: Life Orb\n|move|p2a: Spidops|Knock Off|p1a: Gengar\n|-supereffective|p1a: Gengar\n|-damage|p1a: Gengar|0 fnt\n|-enditem|p1a: Gengar|Life Orb|[from] move: Knock Off|[of] p2a: Spidops\n|faint|p1a: Gengar\n|\n|upkeep\n|\n|t:|1730460332\n|switch|p1a: Exeggutor|Exeggutor-Alola, L89, F|314/314\n|turn|2\n|\n|t:|1730460338\n|switch|p2a: Dunsparce|Dunsparce, L86, M|312/312\n|move|p1a: Exeggutor|Flamethrower|p2a: Dunsparce\n|-damage|p2a: Dunsparce|244/312\n|\n|upkeep\n|turn|3\n|\n|t:|1730460349\n|move|p1a: Exeggutor|Calm Mind|p1a: Exeggutor\n|-boost|p1a: Exeggutor|spa|1\n|-boost|p1a: Exeggutor|spd|1\n|move|p2a: Dunsparce|Body Slam|p1a: Exeggutor\n|-damage|p1a: Exeggutor|238/314\n|-status|p1a: Exeggutor|par\n|\n|upkeep\n|turn|4\n|\n|t:|1730460358\n|switch|p2a: Enamorus|Enamorus, L79, F|247/247\n|cant|p1a: Exeggutor|par\n|\n|upkeep\n|turn|5\n|\n|t:|1730460374\n|move|p2a: Enamorus|Superpower|p1a: Exeggutor\n|-damage|p1a: Exeggutor|154/314 par\n|-boost|p2a: Enamorus|atk|1\n|-boost|p2a: Enamorus|def|1\n|-enditem|p1a: Exeggutor|Sitrus Berry|[eat]\n|-heal|p1a: Exeggutor|232/314 par|[from] item: Sitrus Berry\n|move|p1a: Exeggutor|Flamethrower|p2a: Enamorus\n|-damage|p2a: Enamorus|89/247\n|\n|-heal|p2a: Enamorus|104/247|[from] item: Leftovers\n|upkeep\n|turn|6\n|\n|t:|1730460389\n|switch|p1a: Dondozo|Dondozo, L78, F|362/362\n|move|p2a: Enamorus|Substitute|p2a: Enamorus\n|-start|p2a: Enamorus|Substitute\n|-damage|p2a: Enamorus|43/247\n|\n|-heal|p2a: Enamorus|58/247|[from] item: Leftovers\n|upkeep\n|turn|7\n|\n|t:|1730460398\n|switch|p2a: Spidops|Spidops, L96, F|135/271\n|move|p1a: Dondozo|Wave Crash|p2a: Spidops\n|-damage|p2a: Spidops|42/271\n|-damage|p1a: Dondozo|331/362|[from] Recoil\n|\n|-heal|p1a: Dondozo|353/362|[from] item: Leftovers\n|upkeep\n|turn|8\n|\n|t:|1730460406\n|move|p2a: Spidops|Sticky Web|p1a: Dondozo\n|-sidestart|p1: Ranger 0|move: Sticky Web\n|move|p1a: Dondozo|Wave Crash|p2a: Spidops\n|-damage|p2a: Spidops|0 fnt\n|faint|p2a: Spidops\n|-damage|p1a: Dondozo|339/362|[from] Recoil\n|\n|-heal|p1a: Dondozo|361/362|[from] item: Leftovers\n|upkeep\n|\n|t:|1730460416\n|switch|p2a: Rabsca|Rabsca, L91, F|284/284\n|turn|9\n|\n|t:|1730460426\n|switch|p1a: Klawf|Klawf, L90, M|272/272\n|-activate|p1a: Klawf|move: Sticky Web\n|-unboost|p1a: Klawf|spe|1\n|move|p2a: Rabsca|Bug Buzz|p1a: Klawf\n|-damage|p1a: Klawf|98/272\n|\n|upkeep\n|turn|10\n|\n|t:|1730460437\n|switch|p1a: Polteageist|Polteageist-Antique, L79|224/224\n|-activate|p1a: Polteageist|move: Sticky Web\n|-unboost|p1a: Polteageist|spe|1\n|-enditem|p1a: Polteageist|White Herb\n|-clearnegativeboost|p1a: Polteageist|[silent]\n|switch|p2a: Tauros|Tauros-Paldea-Combat, L82, M|257/257\n|-ability|p2a: Tauros|Intimidate|boost\n|-unboost|p1a: Polteageist|atk|1\n|\n|upkeep\n|turn|11\n|\n|t:|1730460455\n|switch|p2a: Roaring Moon|Roaring Moon, L72|270/270\n|-enditem|p2a: Roaring Moon|Booster Energy\n|-activate|p2a: Roaring Moon|ability: Protosynthesis|[fromitem]\n|-start|p2a: Roaring Moon|protosynthesisatk\n|move|p1a: Polteageist|Shell Smash|p1a: Polteageist\n|-unboost|p1a: Polteageist|def|1\n|-unboost|p1a: Polteageist|spd|1\n|-boost|p1a: Polteageist|atk|2\n|-boost|p1a: Polteageist|spa|2\n|-boost|p1a: Polteageist|spe|2\n|\n|upkeep\n|turn|12\n|\n|t:|1730460465\n|switch|p1a: Dondozo|Dondozo, L78, F|361/362\n|-activate|p1a: Dondozo|move: Sticky Web\n|-unboost|p1a: Dondozo|spe|1\n|-end|p2a: Roaring Moon|Protosynthesis|[silent]\n|switch|p2a: Enamorus|Enamorus, L79, F|58/247\n|\n|-heal|p2a: Enamorus|73/247|[from] item: Leftovers\n|-heal|p1a: Dondozo|362/362|[from] item: Leftovers\n|upkeep\n|turn|13\n|\n|t:|1730460477\n|switch|p2a: Rabsca|Rabsca, L91, F|284/284\n|move|p1a: Dondozo|Curse|p1a: Dondozo\n|-unboost|p1a: Dondozo|spe|1\n|-boost|p1a: Dondozo|atk|1\n|-boost|p1a: Dondozo|def|1\n|\n|upkeep\n|turn|14\n|\n|t:|1730460484\n|move|p2a: Rabsca|Psychic|p1a: Dondozo\n|-damage|p1a: Dondozo|199/362\n|move|p1a: Dondozo|Wave Crash|p2a: Rabsca\n|-damage|p2a: Rabsca|134/284\n|-damage|p1a: Dondozo|149/362|[from] Recoil\n|\n|-heal|p1a: Dondozo|171/362|[from] item: Leftovers\n|upkeep\n|turn|15\n|\n|t:|1730460493\n|switch|p1a: Exeggutor|Exeggutor-Alola, L89, F|232/314 par\n|-activate|p1a: Exeggutor|move: Sticky Web\n|-unboost|p1a: Exeggutor|spe|1\n|move|p2a: Rabsca|Psychic|p1a: Exeggutor\n|-damage|p1a: Exeggutor|87/314 par\n|\n|upkeep\n|turn|16\n|\n|t:|1730460501\n|-terastallize|p1a: Exeggutor|Steel\n|move|p2a: Rabsca|Psychic|p1a: Exeggutor\n|-resisted|p1a: Exeggutor\n|-damage|p1a: Exeggutor|18/314 par\n|move|p1a: Exeggutor|Flamethrower|p2a: Rabsca\n|-supereffective|p2a: Rabsca\n|-damage|p2a: Rabsca|0 fnt\n|faint|p2a: Rabsca\n|\n|upkeep\n|\n|t:|1730460516\n|switch|p2a: Roaring Moon|Roaring Moon, L72|270/270\n|turn|17\n|\n|t:|1730460530\n|move|p2a: Roaring Moon|Knock Off|p1a: Exeggutor\n|-damage|p1a: Exeggutor|0 fnt\n|faint|p1a: Exeggutor\n|\n|upkeep\n|\n|t:|1730460536\n|switch|p1a: Sandslash|Sandslash, L88, F|275/275\n|-activate|p1a: Sandslash|move: Sticky Web\n|-unboost|p1a: Sandslash|spe|1\n|turn|18\n|\n|t:|1730460547\n|move|p2a: Roaring Moon|Knock Off|p1a: Sandslash\n|-damage|p1a: Sandslash|188/275\n|-enditem|p1a: Sandslash|Leftovers|[from] move: Knock Off|[of] p2a: Roaring Moon\n|move|p1a: Sandslash|Rapid Spin|p2a: Roaring Moon\n|-damage|p2a: Roaring Moon|211/270\n|-boost|p1a: Sandslash|spe|1\n|-sideend|p1: Ranger 0|Sticky Web|[from] move: Rapid Spin|[of] p1a: Sandslash\n|\n|upkeep\n|turn|19\n|\n|t:|1730460555\n|move|p2a: Roaring Moon|Dragon Dance|p2a: Roaring Moon\n|-boost|p2a: Roaring Moon|atk|1\n|-boost|p2a: Roaring Moon|spe|1\n|move|p1a: Sandslash|Spikes|p2a: Roaring Moon\n|-sidestart|p2: Marrickchill|Spikes\n|\n|upkeep\n|turn|20\n|\n|t:|1730460562\n|move|p2a: Roaring Moon|Knock Off|p1a: Sandslash\n|-damage|p1a: Sandslash|98/275\n|move|p1a: Sandslash|Earthquake|p2a: Roaring Moon\n|-crit|p2a: Roaring Moon\n|-damage|p2a: Roaring Moon|0 fnt\n|faint|p2a: Roaring Moon\n|-end|p2a: Roaring Moon|Protosynthesis|[silent]\n|\n|upkeep\n|\n|t:|1730460572\n|switch|p2a: Dunsparce|Dunsparce, L86, M|244/312\n|-damage|p2a: Dunsparce|205/312|[from] Spikes\n|turn|21\n|\n|t:|1730460579\n|move|p1a: Sandslash|Knock Off|p2a: Dunsparce\n|-damage|p2a: Dunsparce|140/312\n|-enditem|p2a: Dunsparce|Eviolite|[from] move: Knock Off|[of] p1a: Sandslash\n|move|p2a: Dunsparce|Body Slam|p1a: Sandslash\n|-damage|p1a: Sandslash|40/275\n|\n|upkeep\n|turn|22\n|\n|t:|1730460586\n|move|p1a: Sandslash|Earthquake|p2a: Dunsparce\n|-damage|p2a: Dunsparce|13/312\n|move|p2a: Dunsparce|Roost|p2a: Dunsparce\n|-heal|p2a: Dunsparce|169/312\n|-singleturn|p2a: Dunsparce|move: Roost\n|\n|upkeep\n|turn|23\n|\n|t:|1730460593\n|move|p1a: Sandslash|Earthquake|p2a: Dunsparce\n|-damage|p2a: Dunsparce|24/312\n|move|p2a: Dunsparce|Body Slam|p1a: Sandslash\n|-damage|p1a: Sandslash|0 fnt\n|faint|p1a: Sandslash\n|\n|upkeep\n|\n|t:|1730460611\n|switch|p1a: Polteageist|Polteageist-Antique, L79|224/224\n|turn|24\n|\n|t:|1730460615\n|move|p1a: Polteageist|Shell Smash|p1a: Polteageist\n|-unboost|p1a: Polteageist|def|1\n|-unboost|p1a: Polteageist|spd|1\n|-boost|p1a: Polteageist|atk|2\n|-boost|p1a: Polteageist|spa|2\n|-boost|p1a: Polteageist|spe|2\n|move|p2a: Dunsparce|Earthquake|p1a: Polteageist\n|-damage|p1a: Polteageist|114/224\n|-start|p2a: Dunsparce|Disable|Earthquake|[from] ability: Cursed Body|[of] p1a: Polteageist\n|\n|upkeep\n|turn|25\n|-message|Marrickchill forfeited.\n|\n|win|Ranger 0\n|raw|Ranger 0's rating: 2215 &rarr; <strong>2242</strong><br />(+27 for winning)\n|raw|Marrickchill's rating: 2338 &rarr; <strong>2311</strong><br />(-27 for losing)\n|l|\u2606Marrickchill\n|player|p2|\n", "inputlog": ">version 34c0cb39e34974b6eff348319ca111ec604f4836\n>start {\"formatid\":\"gen9randombattle\",\"seed\":[43332,7946,28967,62210],\"rated\":\"Rated battle\"}\n>player p1 {\"name\":\"Ranger 0\",\"avatar\":\"pokemonranger-gen4\",\"rating\":2215,\"seed\":[7382,6400,40488,48115]}\n>player p2 {\"name\":\"Marrickchill\",\"avatar\":\"170\",\"rating\":2338,\"seed\":[16723,22419,6055,50777]}\n>p1 move sludgewave\n>p2 move knockoff\n>p1 switch 3\n>p1 move flamethrower\n>p2 switch 6\n>p1 move calmmind\n>p2 move bodyslam\n>p1 move dragonpulse\n>p2 switch 3\n>p1 move flamethrower\n>p2 move superpower\n>p1 switch 4\n>p2 move substitute\n>p1 move wavecrash\n>p2 switch 6\n>p1 move wavecrash\n>p2 move stickyweb\n>p2 switch 4\n>p1 switch 6\n>p2 move bugbuzz\n>p1 switch 5\n>p2 switch 5\n>p1 move shellsmash\n>p2 switch 2\n>p1 switch 6\n>p2 switch 6\n>p1 move curse\n>p2 switch 5\n>p1 move wavecrash\n>p2 move psychic\n>p1 switch 4\n>p2 move psychic\n>p1 move flamethrower terastallize\n>p2 move psychic\n>p2 switch 6\n>p1 move dragonpulse\n>p2 move knockoff\n>p1 switch 2\n>p1 move rapidspin\n>p2 move knockoff\n>p1 move spikes\n>p2 move dragondance\n>p1 move earthquake\n>p2 move knockoff\n>p2 switch 3\n>p1 move knockoff\n>p2 move bodyslam\n>p1 move earthquake\n>p2 move roost\n>p1 move earthquake\n>p2 move bodyslam\n>p1 switch 6\n>p1 move shellsmash\n>p2 move earthquake\n>forcelose p2", "uploadtime": 1730460636, "views": 43, "formatid": "gen9randombattle", "rating": 2242, "private": 0, "password": null}