{"id": "gen9randombattle-2260819522", "format": "[Gen 9] Random Battle", "players": ["RealDumply", "Lobstter"], "log": "|j|\u2606RealDumply\n|j|\u2606Lobstter\n|t:|1733897844\n|gametype|singles\n|player|p1|RealDumply|169|\n|player|p2|Lobstter|lillie|\n|teamsize|p1|6\n|teamsize|p2|6\n|gen|9\n|tier|[Gen 9] Random Battle\n|rule|Species Clause: Limit one of each Pok\u00e9mon\n|rule|HP Percentage Mod: HP is shown in percentages\n|rule|Sleep Clause Mod: Limit one foe put to sleep\n|rule|Illusion Level Mod: Illusion disguises the Pok\u00e9mon's true level\n|\n|t:|1733897844\n|start\n|switch|p1a: Hydrapple|Hydrapple, L83, F|312/312\n|switch|p2a: Diancie|Diancie, L82|216/216\n|turn|1\n|l|\u2606Lobstter\n|player|p2|\n|j|\u2606Lobstter\n|player|p2|Lobstter|lillie|\n|\n|t:|1733897863\n|move|p2a: Diancie|Calm Mind|p2a: Diancie\n|-boost|p2a: Diancie|spa|1\n|-boost|p2a: Diancie|spd|1\n|move|p1a: Hydrapple|Giga Drain|p2a: Diancie\n|-supereffective|p2a: Diancie\n|-damage|p2a: Diancie|136/216\n|\n|-heal|p2a: Diancie|149/216|[from] item: Leftovers\n|upkeep\n|turn|2\n|\n|t:|1733897877\n|move|p2a: Diancie|Draining Kiss|p1a: Hydrapple\n|-supereffective|p1a: Hydrapple\n|-damage|p1a: Hydrapple|198/312\n|-heal|p2a: Diancie|216/216|[from] drain|[of] p1a: Hydrapple\n|move|p1a: Hydrapple|Earth Power|p2a: Diancie\n|-supereffective|p2a: Diancie\n|-damage|p2a: Diancie|154/216\n|\n|-heal|p2a: Diancie|167/216|[from] item: Leftovers\n|upkeep\n|turn|3\n|\n|t:|1733897889\n|move|p2a: Diancie|Calm Mind|p2a: Diancie\n|-boost|p2a: Diancie|spa|1\n|-boost|p2a: Diancie|spd|1\n|move|p1a: Hydrapple|Dragon Tail|p2a: Diancie\n|-immune|p2a: Diancie\n|\n|-heal|p2a: Diancie|180/216|[from] item: Leftovers\n|upkeep\n|turn|4\n|l|\u2606Lobstter\n|player|p2|\n|j|\u2606Lobstter\n|player|p2|Lobstter|lillie|\n|\n|t:|1733897912\n|move|p2a: Diancie|Draining Kiss|p1a: Hydrapple\n|-supereffective|p1a: Hydrapple\n|-damage|p1a: Hydrapple|60/312\n|-heal|p2a: Diancie|216/216|[from] drain|[of] p1a: Hydrapple\n|move|p1a: Hydrapple|Giga Drain|p2a: Diancie\n|-supereffective|p2a: Diancie\n|-damage|p2a: Diancie|150/216\n|-heal|p1a: Hydrapple|93/312|[from] drain|[of] p2a: Diancie\n|\n|-heal|p2a: Diancie|163/216|[from] item: Leftovers\n|upkeep\n|turn|5\n|\n|t:|1733897924\n|move|p2a: Diancie|Calm Mind|p2a: Diancie\n|-boost|p2a: Diancie|spa|1\n|-boost|p2a: Diancie|spd|1\n|move|p1a: Hydrapple|Earth Power|p2a: Diancie\n|-supereffective|p2a: Diancie\n|-damage|p2a: Diancie|121/216\n|\n|-heal|p2a: Diancie|134/216|[from] item: Leftovers\n|upkeep\n|turn|6\n|\n|t:|1733897936\n|move|p2a: Diancie|Calm Mind|p2a: Diancie\n|-boost|p2a: Diancie|spa|1\n|-boost|p2a: Diancie|spd|1\n|move|p1a: Hydrapple|Giga Drain|p2a: Diancie\n|-supereffective|p2a: Diancie\n|-damage|p2a: Diancie|86/216\n|-heal|p1a: Hydrapple|117/312|[from] drain|[of] p2a: Diancie\n|\n|-heal|p2a: Diancie|99/216|[from] item: Leftovers\n|upkeep\n|turn|7\n|\n|t:|1733897946\n|move|p2a: Diancie|Draining Kiss|p1a: Hydrapple\n|-supereffective|p1a: Hydrapple\n|-damage|p1a: Hydrapple|0 fnt\n|-heal|p2a: Diancie|187/216|[from] drain|[of] p1a: Hydrapple\n|faint|p1a: Hydrapple\n|\n|-heal|p2a: Diancie|200/216|[from] item: Leftovers\n|upkeep\n|\n|t:|1733897959\n|switch|p1a: Victreebel|Victreebel, L90, M|290/290\n|turn|8\n|\n|t:|1733897971\n|move|p1a: Victreebel|Sludge Wave|p2a: Diancie\n|-damage|p2a: Diancie|168/216\n|-damage|p1a: Victreebel|261/290|[from] item: Life Orb\n|move|p2a: Diancie|Earth Power|p1a: Victreebel\n|-damage|p1a: Victreebel|57/290\n|\n|-heal|p2a: Diancie|181/216|[from] item: Leftovers\n|upkeep\n|turn|9\n|\n|t:|1733897990\n|move|p1a: Victreebel|Power Whip|p2a: Diancie|[miss]\n|-miss|p1a: Victreebel|p2a: Diancie\n|move|p2a: Diancie|Earth Power|p1a: Victreebel\n|-damage|p1a: Victreebel|0 fnt\n|faint|p1a: Victreebel\n|\n|-heal|p2a: Diancie|194/216|[from] item: Leftovers\n|upkeep\n|c|\u2606Lobstter|Absolute cibema\n|\n|t:|1733898002\n|switch|p1a: Tatsugiri|Tatsugiri-Droopy, L87, M|260/260\n|turn|10\n|\n|t:|1733898006\n|move|p1a: Tatsugiri|Surf|p2a: Diancie\n|-supereffective|p2a: Diancie\n|-damage|p2a: Diancie|132/216\n|move|p2a: Diancie|Draining Kiss|p1a: Tatsugiri\n|-supereffective|p1a: Tatsugiri\n|-damage|p1a: Tatsugiri|0 fnt\n|-heal|p2a: Diancie|216/216|[from] drain|[of] p1a: Tatsugiri\n|faint|p1a: Tatsugiri\n|\n|upkeep\n|\n|t:|1733898016\n|switch|p1a: Dewgong|Dewgong, L94, F|322/322\n|turn|11\n|\n|t:|1733898022\n|move|p1a: Dewgong|Surf|p2a: Diancie\n|-supereffective|p2a: Diancie\n|-damage|p2a: Diancie|172/216\n|move|p2a: Diancie|Diamond Storm|p1a: Dewgong|[miss]\n|-miss|p2a: Diancie|p1a: Dewgong\n|\n|-heal|p2a: Diancie|185/216|[from] item: Leftovers\n|upkeep\n|turn|12\n|\n|t:|1733898039\n|-terastallize|p1a: Dewgong|Ground\n|move|p1a: Dewgong|Surf|p2a: Diancie\n|-supereffective|p2a: Diancie\n|-damage|p2a: Diancie|143/216\n|move|p2a: Diancie|Diamond Storm|p1a: Dewgong|[miss]\n|-miss|p2a: Diancie|p1a: Dewgong\n|\n|-heal|p2a: Diancie|156/216|[from] item: Leftovers\n|upkeep\n|turn|13\n|\n|t:|1733898050\n|move|p1a: Dewgong|Knock Off|p2a: Diancie\n|-resisted|p2a: Diancie\n|-damage|p2a: Diancie|134/216\n|-enditem|p2a: Diancie|Leftovers|[from] move: Knock Off|[of] p1a: Dewgong\n|move|p2a: Diancie|Calm Mind|p2a: Diancie\n|-boost|p2a: Diancie|spa|1\n|-boost|p2a: Diancie|spd|1\n|\n|upkeep\n|turn|14\n|\n|t:|1733898060\n|move|p1a: Dewgong|Surf|p2a: Diancie\n|-supereffective|p2a: Diancie\n|-damage|p2a: Diancie|92/216\n|move|p2a: Diancie|Draining Kiss|p1a: Dewgong\n|-damage|p1a: Dewgong|216/322\n|-heal|p2a: Diancie|172/216|[from] drain|[of] p1a: Dewgong\n|\n|upkeep\n|turn|15\n|\n|t:|1733898068\n|move|p1a: Dewgong|Surf|p2a: Diancie\n|-supereffective|p2a: Diancie\n|-damage|p2a: Diancie|134/216\n|move|p2a: Diancie|Draining Kiss|p1a: Dewgong\n|-damage|p1a: Dewgong|116/322\n|-heal|p2a: Diancie|209/216|[from] drain|[of] p1a: Dewgong\n|\n|upkeep\n|turn|16\n|\n|t:|1733898077\n|move|p1a: Dewgong|Surf|p2a: Diancie\n|-supereffective|p2a: Diancie\n|-damage|p2a: Diancie|173/216\n|move|p2a: Diancie|Earth Power|p1a: Dewgong\n|-damage|p1a: Dewgong|0 fnt\n|faint|p1a: Dewgong\n|\n|upkeep\n|\n|t:|1733898086\n|switch|p1a: Persian|Persian, L92, M|269/269\n|turn|17\n|\n|t:|1733898093\n|move|p1a: Persian|Double-Edge|p2a: Diancie\n|-resisted|p2a: Diancie\n|-damage|p2a: Diancie|117/216\n|-damage|p1a: Persian|251/269|[from] Recoil\n|move|p2a: Diancie|Calm Mind|p2a: Diancie\n|-boost|p2a: Diancie|spa|1\n|-boost|p2a: Diancie|spd|1\n|\n|upkeep\n|turn|18\n|\n|t:|1733898102\n|move|p1a: Persian|Double-Edge|p2a: Diancie\n|-resisted|p2a: Diancie\n|-damage|p2a: Diancie|62/216\n|-damage|p1a: Persian|233/269|[from] Recoil\n|move|p2a: Diancie|Draining Kiss|p1a: Persian\n|-damage|p1a: Persian|14/269\n|-heal|p2a: Diancie|216/216|[from] drain|[of] p1a: Persian\n|\n|upkeep\n|turn|19\n|\n|t:|1733898111\n|move|p1a: Persian|Double-Edge|p2a: Diancie\n|-resisted|p2a: Diancie\n|-damage|p2a: Diancie|157/216\n|-damage|p1a: Persian|0 fnt|[from] Recoil\n|faint|p1a: Persian\n|move|p2a: Diancie|Earth Power|p1: Persian|[notarget]\n|-fail|p2a: Diancie\n|\n|upkeep\n|\n|t:|1733898119\n|switch|p1a: Emboar|Emboar, L84, M|322/322\n|turn|20\n|\n|t:|1733898124\n|-terastallize|p2a: Diancie|Water\n|move|p1a: Emboar|Close Combat|p2a: Diancie\n|-damage|p2a: Diancie|48/216\n|-unboost|p1a: Emboar|def|1\n|-unboost|p1a: Emboar|spd|1\n|move|p2a: Diancie|Earth Power|p1a: Emboar\n|-supereffective|p1a: Emboar\n|-damage|p1a: Emboar|0 fnt\n|faint|p1a: Emboar\n|\n|win|Lobstter\n", "inputlog": ">version bfd83cad13791eb5a5a409923076391caf6fb4d4\n>start {\"formatid\":\"gen9randombattle\",\"seed\":[57212,32857,62108,55209]}\n>player p1 {\"name\":\"RealDumply\",\"avatar\":\"169\",\"rating\":0,\"seed\":[38568,50453,7074,56844]}\n>player p2 {\"name\":\"Lobstter\",\"avatar\":\"lillie\",\"rating\":0,\"seed\":[27574,10152,8112,28714]}\n>p1 move gigadrain\n>p2 move calmmind\n>p1 move earthpower\n>p2 move drainingkiss\n>p1 move dragontail\n>p2 move calmmind\n>p1 move gigadrain\n>p2 move drainingkiss\n>p1 move earthpower\n>p2 move calmmind\n>p1 move gigadrain\n>p2 move calmmind\n>p1 move gigadrain\n>p2 move drainingkiss\n>p1 switch 5\n>p1 move sludgewave\n>p2 move earthpower\n>p1 move powerwhip\n>p2 move earthpower\n>chat \u2606Lobstter|Absolute cibema\n>p1 switch 2\n>p1 move surf\n>p2 move drainingkiss\n>p1 switch 6\n>p1 move surf\n>p2 move diamondstorm\n>p1 move surf terastallize\n>p2 move diamondstorm\n>p1 move knockoff\n>p2 move calmmind\n>p1 move surf\n>p2 move drainingkiss\n>p1 move surf\n>p2 move drainingkiss\n>p1 move surf\n>p2 move earthpower\n>p1 switch 3\n>p1 move doubleedge\n>p2 move calmmind\n>p1 move doubleedge\n>p2 move drainingkiss\n>p1 move doubleedge\n>p2 move earthpower\n>p1 switch 4\n>p1 move closecombat\n>p2 move earthpower terastallize", "uploadtime": 1733898136, "views": 10, "formatid": "gen9randombattle", "rating": null, "private": 0, "password": null}