{"id": "gen9randombattle-2259940229", "format": "[Gen 9] Random Battle", "players": ["ShadySableye77", "BunnyG10"], "log": "|j|\u2606ShadySableye77\n|j|\u2606BunnyG10\n|t:|1733782249\n|gametype|singles\n|player|p1|ShadySableye77|hilbert|1437\n|player|p2|BunnyG10|lucas|1482\n|teamsize|p1|6\n|teamsize|p2|6\n|gen|9\n|tier|[Gen 9] Random Battle\n|rated|\n|rule|Species Clause: Limit one of each Pok\u00e9mon\n|rule|HP Percentage Mod: HP is shown in percentages\n|rule|Sleep Clause Mod: Limit one foe put to sleep\n|rule|Illusion Level Mod: Illusion disguises the Pok\u00e9mon's true level\n|\n|t:|1733782249\n|start\n|switch|p1a: Abomasnow|Abomasnow, L85, F|291/291\n|switch|p2a: Goodra|Goodra, L85, F|292/292\n|-weather|Snow|[from] ability: Snow Warning|[of] p1a: Abomasnow\n|turn|1\n|\n|t:|1733782257\n|move|p2a: Goodra|Fire Blast|p1a: Abomasnow\n|-supereffective|p1a: Abomasnow\n|-damage|p1a: Abomasnow|0 fnt\n|faint|p1a: Abomasnow\n|\n|-weather|Snow|[upkeep]\n|upkeep\n|\n|t:|1733782268\n|switch|p1a: Arceus|Arceus-Fairy, L69|280/280\n|turn|2\n|\n|t:|1733782279\n|move|p1a: Arceus|Calm Mind|p1a: Arceus\n|-boost|p1a: Arceus|spa|1\n|-boost|p1a: Arceus|spd|1\n|move|p2a: Goodra|Sludge Bomb|p1a: Arceus\n|-supereffective|p1a: Arceus\n|-damage|p1a: Arceus|190/280\n|\n|-weather|Snow|[upkeep]\n|upkeep\n|turn|3\n|\n|t:|1733782286\n|switch|p2a: Grumpig|Grumpig, L92, M|297/297\n|move|p1a: Arceus|Judgment|p2a: Grumpig\n|-damage|p2a: Grumpig|182/297\n|\n|-weather|Snow|[upkeep]\n|-heal|p2a: Grumpig|200/297|[from] item: Leftovers\n|upkeep\n|turn|4\n|\n|t:|1733782295\n|move|p1a: Arceus|Calm Mind|p1a: Arceus\n|-boost|p1a: Arceus|spa|1\n|-boost|p1a: Arceus|spd|1\n|move|p2a: Grumpig|Nasty Plot|p2a: Grumpig\n|-boost|p2a: Grumpig|spa|2\n|\n|-weather|Snow|[upkeep]\n|-heal|p2a: Grumpig|218/297|[from] item: Leftovers\n|upkeep\n|turn|5\n|\n|t:|1733782300\n|move|p1a: Arceus|Calm Mind|p1a: Arceus\n|-boost|p1a: Arceus|spa|1\n|-boost|p1a: Arceus|spd|1\n|move|p2a: Grumpig|Shadow Ball|p1a: Arceus\n|-damage|p1a: Arceus|145/280\n|\n|-weather|none\n|-heal|p2a: Grumpig|236/297|[from] item: Leftovers\n|upkeep\n|turn|6\n|\n|t:|1733782315\n|move|p1a: Arceus|Recover|p1a: Arceus\n|-heal|p1a: Arceus|280/280\n|move|p2a: Grumpig|Nasty Plot|p2a: Grumpig\n|-boost|p2a: Grumpig|spa|2\n|\n|-heal|p2a: Grumpig|254/297|[from] item: Leftovers\n|upkeep\n|turn|7\n|\n|t:|1733782322\n|move|p1a: Arceus|Judgment|p2a: Grumpig\n|-damage|p2a: Grumpig|56/297\n|move|p2a: Grumpig|Shadow Ball|p1a: Arceus\n|-damage|p1a: Arceus|204/280\n|-unboost|p1a: Arceus|spd|1\n|\n|-heal|p2a: Grumpig|74/297|[from] item: Leftovers\n|upkeep\n|turn|8\n|\n|t:|1733782337\n|move|p1a: Arceus|Judgment|p2a: Grumpig\n|-crit|p2a: Grumpig\n|-damage|p2a: Grumpig|0 fnt\n|faint|p2a: Grumpig\n|\n|upkeep\n|\n|t:|1733782338\n|switch|p2a: Haxorus|Haxorus, L77, M|244/244\n|-ability|p2a: Haxorus|Mold Breaker\n|turn|9\n|\n|t:|1733782344\n|-terastallize|p2a: Haxorus|Steel\n|move|p1a: Arceus|Judgment|p2a: Haxorus\n|-resisted|p2a: Haxorus\n|-damage|p2a: Haxorus|79/244\n|move|p2a: Haxorus|Dragon Dance|p2a: Haxorus\n|-boost|p2a: Haxorus|atk|1\n|-boost|p2a: Haxorus|spe|1\n|\n|upkeep\n|turn|10\n|\n|t:|1733782358\n|-terastallize|p1a: Arceus|Ground\n|move|p2a: Haxorus|Iron Head|p1a: Arceus\n|-damage|p1a: Arceus|59/280\n|move|p1a: Arceus|Earth Power|p2a: Haxorus\n|-supereffective|p2a: Haxorus\n|-damage|p2a: Haxorus|0 fnt\n|faint|p2a: Haxorus\n|\n|upkeep\n|\n|t:|1733782365\n|switch|p2a: Grimmsnarl|Grimmsnarl, L83, M|293/293\n|turn|11\n|\n|t:|1733782368\n|move|p2a: Grimmsnarl|Light Screen|p2a: Grimmsnarl\n|-sidestart|p2: BunnyG10|move: Light Screen\n|move|p1a: Arceus|Calm Mind|p1a: Arceus\n|-boost|p1a: Arceus|spa|1\n|-boost|p1a: Arceus|spd|1\n|\n|upkeep\n|turn|12\n|\n|t:|1733782374\n|move|p1a: Arceus|Recover|p1a: Arceus\n|-heal|p1a: Arceus|199/280\n|move|p2a: Grimmsnarl|Spirit Break|p1a: Arceus\n|-damage|p1a: Arceus|109/280\n|-unboost|p1a: Arceus|spa|1\n|\n|upkeep\n|turn|13\n|\n|t:|1733782381\n|move|p1a: Arceus|Judgment|p2a: Grimmsnarl\n|-supereffective|p2a: Grimmsnarl\n|-damage|p2a: Grimmsnarl|7/293\n|move|p2a: Grimmsnarl|Spirit Break|p1a: Arceus\n|-damage|p1a: Arceus|27/280\n|-unboost|p1a: Arceus|spa|1\n|\n|upkeep\n|turn|14\n|\n|t:|1733782388\n|move|p2a: Grimmsnarl|Reflect|p2a: Grimmsnarl\n|-sidestart|p2: BunnyG10|Reflect\n|move|p1a: Arceus|Judgment|p2a: Grimmsnarl\n|-supereffective|p2a: Grimmsnarl\n|-damage|p2a: Grimmsnarl|0 fnt\n|faint|p2a: Grimmsnarl\n|\n|upkeep\n|\n|t:|1733782390\n|switch|p2a: Ursaluna|Ursaluna, L79, M|335/335\n|turn|15\n|\n|t:|1733782397\n|switch|p1a: Cacturne|Cacturne, L92, F|278/278\n|move|p2a: Ursaluna|Facade|p1a: Cacturne\n|-damage|p1a: Cacturne|163/278\n|\n|-status|p2a: Ursaluna|brn|[from] item: Flame Orb\n|upkeep\n|turn|16\n|\n|t:|1733782404\n|switch|p2a: Goodra|Goodra, L85, F|292/292\n|move|p1a: Cacturne|Seed Bomb|p2a: Goodra\n|-ability|p2a: Goodra|Sap Sipper|boost\n|-boost|p2a: Goodra|atk|1\n|\n|upkeep\n|turn|17\n|\n|t:|1733782410\n|move|p2a: Goodra|Sludge Bomb|p1a: Cacturne\n|-supereffective|p1a: Cacturne\n|-damage|p1a: Cacturne|0 fnt\n|faint|p1a: Cacturne\n|\n|upkeep\n|\n|t:|1733782417\n|switch|p1a: Staraptor|Staraptor, L79, F|263/263\n|turn|18\n|\n|t:|1733782422\n|move|p1a: Staraptor|Brave Bird|p2a: Goodra\n|-damage|p2a: Goodra|156/292\n|-damage|p1a: Staraptor|218/263|[from] Recoil\n|move|p2a: Goodra|Draco Meteor|p1a: Staraptor\n|-damage|p1a: Staraptor|14/263\n|-unboost|p2a: Goodra|spa|2\n|\n|-sideend|p2: BunnyG10|move: Light Screen\n|upkeep\n|turn|19\n|\n|t:|1733782429\n|move|p1a: Staraptor|Brave Bird|p2a: Goodra\n|-damage|p2a: Goodra|29/292\n|-damage|p1a: Staraptor|0 fnt|[from] Recoil\n|faint|p1a: Staraptor\n|move|p2a: Goodra|Sludge Bomb|p1: Staraptor|[notarget]\n|-fail|p2a: Goodra\n|\n|upkeep\n|\n|t:|1733782440\n|switch|p1a: Arbok|Arbok, L87, M|246/246\n|-ability|p1a: Arbok|Intimidate|boost\n|-unboost|p2a: Goodra|atk|1\n|turn|20\n|\n|t:|1733782446\n|move|p1a: Arbok|Coil|p1a: Arbok\n|-boost|p1a: Arbok|atk|1\n|-boost|p1a: Arbok|def|1\n|-boost|p1a: Arbok|accuracy|1\n|move|p2a: Goodra|Draco Meteor|p1a: Arbok\n|-damage|p1a: Arbok|164/246\n|-unboost|p2a: Goodra|spa|2\n|\n|-heal|p1a: Arbok|179/246|[from] item: Leftovers\n|upkeep\n|turn|21\n|\n|t:|1733782457\n|move|p1a: Arbok|Coil|p1a: Arbok\n|-boost|p1a: Arbok|atk|1\n|-boost|p1a: Arbok|def|1\n|-boost|p1a: Arbok|accuracy|1\n|move|p2a: Goodra|Draco Meteor|p1a: Arbok\n|-damage|p1a: Arbok|125/246\n|-unboost|p2a: Goodra|spa|2\n|\n|-heal|p1a: Arbok|140/246|[from] item: Leftovers\n|-sideend|p2: BunnyG10|Reflect\n|upkeep\n|turn|22\n|\n|t:|1733782460\n|move|p1a: Arbok|Earthquake|p2a: Goodra\n|-damage|p2a: Goodra|0 fnt\n|faint|p2a: Goodra\n|\n|-heal|p1a: Arbok|155/246|[from] item: Leftovers\n|upkeep\n|\n|t:|1733782462\n|switch|p2a: Ursaluna|Ursaluna, L79, M|335/335 brn\n|turn|23\n|\n|t:|1733782469\n|move|p1a: Arbok|Trailblaze|p2a: Ursaluna\n|-supereffective|p2a: Ursaluna\n|-damage|p2a: Ursaluna|203/335 brn\n|-boost|p1a: Arbok|spe|1\n|move|p2a: Ursaluna|Headlong Rush|p1a: Arbok\n|-supereffective|p1a: Arbok\n|-damage|p1a: Arbok|0 fnt\n|-unboost|p2a: Ursaluna|def|1\n|-unboost|p2a: Ursaluna|spd|1\n|faint|p1a: Arbok\n|\n|-damage|p2a: Ursaluna|183/335 brn|[from] brn\n|upkeep\n|\n|t:|1733782477\n|switch|p1a: Heracross|Heracross, L80, M|259/259\n|turn|24\n|\n|t:|1733782483\n|move|p1a: Heracross|Close Combat|p2a: Ursaluna\n|-supereffective|p2a: Ursaluna\n|-damage|p2a: Ursaluna|0 fnt\n|-unboost|p1a: Heracross|def|1\n|-unboost|p1a: Heracross|spd|1\n|faint|p2a: Ursaluna\n|-ability|p1a: Heracross|Moxie|boost\n|-boost|p1a: Heracross|atk|1\n|\n|upkeep\n|\n|t:|1733782485\n|switch|p2a: Kleavor|Kleavor, L78, M|237/237\n|turn|25\n|\n|t:|1733782495\n|switch|p1a: Arceus|Arceus-Fairy, L69, tera:Ground|27/280\n|move|p2a: Kleavor|Stone Axe|p1a: Arceus\n|-resisted|p1a: Arceus\n|-damage|p1a: Arceus|0 fnt\n|-sidestart|p1: ShadySableye77|move: Stealth Rock\n|faint|p1a: Arceus\n|\n|upkeep\n|\n|t:|1733782500\n|switch|p1a: Heracross|Heracross, L80, M|259/259\n|-damage|p1a: Heracross|227/259|[from] Stealth Rock\n|turn|26\n|\n|t:|1733782505\n|move|p1a: Heracross|Close Combat|p2a: Kleavor\n|-damage|p2a: Kleavor|101/237\n|-unboost|p1a: Heracross|def|1\n|-unboost|p1a: Heracross|spd|1\n|move|p2a: Kleavor|Stone Axe|p1a: Heracross\n|-damage|p1a: Heracross|32/259\n|\n|upkeep\n|turn|27\n|\n|t:|1733782509\n|move|p1a: Heracross|Close Combat|p2a: Kleavor\n|-damage|p2a: Kleavor|0 fnt\n|-unboost|p1a: Heracross|def|1\n|-unboost|p1a: Heracross|spd|1\n|faint|p2a: Kleavor\n|\n|win|ShadySableye77\n|raw|ShadySableye77's rating: 1437 &rarr; <strong>1460</strong><br />(+23 for winning)\n|raw|BunnyG10's rating: 1482 &rarr; <strong>1459</strong><br />(-23 for losing)\n", "inputlog": ">version bfd83cad13791eb5a5a409923076391caf6fb4d4\n>start {\"formatid\":\"gen9randombattle\",\"seed\":[33910,58940,22340,3872],\"rated\":\"Rated battle\"}\n>player p1 {\"name\":\"ShadySableye77\",\"avatar\":\"hilbert\",\"rating\":1437,\"seed\":[910,33210,19708,48436]}\n>player p2 {\"name\":\"BunnyG10\",\"avatar\":\"lucas\",\"rating\":1482,\"seed\":[58732,34814,27727,53348]}\n>p1 move auroraveil\n>p2 move fireblast\n>p1 switch 2\n>p1 move calmmind\n>p2 move sludgebomb\n>p1 move judgment\n>p2 switch 6\n>p1 move calmmind\n>p2 move nastyplot\n>p1 move calmmind\n>p2 move shadowball\n>p1 move recover\n>p2 move nastyplot\n>p1 move judgment\n>p2 move shadowball\n>p1 move judgment\n>p2 move shadowball\n>p2 switch 4\n>p1 move judgment\n>p2 move dragondance terastallize\n>p1 move earthpower terastallize\n>p2 move ironhead\n>p2 switch 2\n>p1 move calmmind\n>p2 move lightscreen\n>p1 move recover\n>p2 move spiritbreak\n>p1 move judgment\n>p2 move spiritbreak\n>p1 move judgment\n>p2 move reflect\n>p2 switch 3\n>p1 switch 4\n>p2 move facade\n>p1 move seedbomb\n>p2 switch 6\n>p1 move knockoff\n>p2 move sludgebomb\n>p1 switch 6\n>p1 move bravebird\n>p2 move dracometeor\n>p1 move bravebird\n>p2 move sludgebomb\n>p1 switch 3\n>p1 move coil\n>p2 move dracometeor\n>p1 move coil\n>p2 move dracometeor\n>p1 move earthquake\n>p2 move dracometeor\n>p2 switch 6\n>p1 move trailblaze\n>p2 move headlongrush\n>p1 switch 5\n>p1 move closecombat\n>p2 move facade\n>p2 switch 5\n>p1 switch 4\n>p2 move stoneaxe\n>p1 switch 4\n>p1 move closecombat\n>p2 move stoneaxe\n>p1 move closecombat\n>p2 move stoneaxe", "uploadtime": 1733782516, "views": 1, "formatid": "gen9randombattle", "rating": 1459, "private": 0, "password": null}