{"id": "gen9randombattle-2260772254", "format": "[Gen 9] Random Battle", "players": ["Milara", "Ahon13"], "log": "|j|\u2606Milara\n|j|\u2606Ahon13\n|t:|1733889752\n|gametype|singles\n|player|p1|Milara|265|1239\n|player|p2|Ahon13|266|1286\n|teamsize|p1|6\n|teamsize|p2|6\n|gen|9\n|tier|[Gen 9] Random Battle\n|rated|\n|rule|Species Clause: Limit one of each Pok\u00e9mon\n|rule|HP Percentage Mod: HP is shown in percentages\n|rule|Sleep Clause Mod: Limit one foe put to sleep\n|rule|Illusion Level Mod: Illusion disguises the Pok\u00e9mon's true level\n|\n|t:|1733889752\n|start\n|switch|p1a: Hitmonchan|Hitmonchan, L87, M|229/229\n|switch|p2a: Weezing|Weezing-Galar, L86, M|252/252\n|turn|1\n|inactive|Battle timer is ON: inactive players will automatically lose when time's up. (requested by Ahon13)\n|\n|t:|1733889760\n|move|p1a: Hitmonchan|Knock Off|p2a: Weezing\n|-resisted|p2a: Weezing\n|-damage|p2a: Weezing|221/252\n|-enditem|p2a: Weezing|Leftovers|[from] move: Knock Off|[of] p1a: Hitmonchan\n|move|p2a: Weezing|Strange Steam|p1a: Hitmonchan\n|-supereffective|p1a: Hitmonchan\n|-damage|p1a: Hitmonchan|83/229\n|\n|-heal|p1a: Hitmonchan|97/229|[from] item: Leftovers\n|upkeep\n|turn|2\n|\n|t:|1733889772\n|switch|p1a: Volcanion|Volcanion, L79|255/255\n|move|p2a: Weezing|Strange Steam|p1a: Volcanion\n|-resisted|p1a: Volcanion\n|-damage|p1a: Volcanion|207/255\n|\n|upkeep\n|turn|3\n|inactive|Ahon13 has 120 seconds left.\n|\n|t:|1733889803\n|move|p1a: Volcanion|Steam Eruption|p2a: Weezing\n|-damage|p2a: Weezing|0 fnt\n|faint|p2a: Weezing\n|\n|upkeep\n|inactive|Ahon13 has 120 seconds left.\n|\n|t:|1733889809\n|switch|p2a: Luxray|Luxray, L88, F|284/284\n|-ability|p2a: Luxray|Intimidate|boost\n|-unboost|p1a: Volcanion|atk|1\n|turn|4\n|\n|t:|1733889817\n|move|p2a: Luxray|Volt Switch|p1a: Volcanion\n|-supereffective|p1a: Volcanion\n|-damage|p1a: Volcanion|55/255\n|inactive|Ahon13 has 120 seconds left.\n|\n|t:|1733889847\n|switch|p2a: Seviper|Seviper, L93, M|287/287|[from] Volt Switch\n|move|p1a: Volcanion|Steam Eruption|p2a: Seviper|[miss]\n|-miss|p1a: Volcanion|p2a: Seviper\n|\n|upkeep\n|turn|5\n|\n|t:|1733889863\n|switch|p1a: Iron Treads|Iron Treads, L77|265/265\n|move|p2a: Seviper|Earthquake|p1a: Iron Treads\n|-supereffective|p1a: Iron Treads\n|-damage|p1a: Iron Treads|54/265\n|-damage|p2a: Seviper|259/287|[from] item: Life Orb\n|\n|upkeep\n|turn|6\n|\n|t:|1733889892\n|move|p1a: Iron Treads|Iron Head|p2a: Seviper\n|-damage|p2a: Seviper|162/287\n|cant|p2a: Seviper|flinch\n|\n|upkeep\n|turn|7\n|\n|t:|1733889897\n|move|p1a: Iron Treads|Earthquake|p2a: Seviper\n|-supereffective|p2a: Seviper\n|-damage|p2a: Seviper|0 fnt\n|faint|p2a: Seviper\n|\n|upkeep\n|\n|t:|1733889902\n|switch|p2a: Scovillain|Scovillain, L91, M|266/266\n|turn|8\n|\n|t:|1733889911\n|move|p2a: Scovillain|Energy Ball|p1a: Iron Treads\n|-damage|p1a: Iron Treads|0 fnt\n|faint|p1a: Iron Treads\n|-end|p1a: Iron Treads|Quark Drive|[silent]\n|\n|upkeep\n|\n|t:|1733889935\n|switch|p1a: Delibird|Delibird, F|252/252\n|turn|9\n|\n|t:|1733889944\n|switch|p2a: Luxray|Luxray, L88, F|284/284\n|-ability|p2a: Luxray|Intimidate|boost\n|-unboost|p1a: Delibird|atk|1\n|move|p1a: Delibird|Brave Bird|p2a: Luxray\n|-resisted|p2a: Luxray\n|-damage|p2a: Luxray|245/284\n|-damage|p1a: Delibird|239/252|[from] Recoil\n|\n|upkeep\n|turn|10\n|inactive|Ahon13 has 120 seconds left.\n|inactive|Milara has 120 seconds left.\n|\n|t:|1733889976\n|switch|p1a: Cinccino|Cinccino, L83, M|260/260\n|move|p2a: Luxray|Volt Switch|p1a: Cinccino\n|-damage|p1a: Cinccino|146/260\n|\n|t:|1733889981\n|switch|p2a: Chien-Pao|Chien-Pao, L72|234/234|[from] Volt Switch\n|-ability|p2a: Chien-Pao|Sword of Ruin\n|\n|upkeep\n|turn|11\n|inactive|Milara has 120 seconds left.\n|\n|t:|1733890008\n|move|p1a: Cinccino|Tail Slap|p2a: Chien-Pao\n|-damage|p2a: Chien-Pao|186/234\n|-damage|p2a: Chien-Pao|138/234\n|-damage|p2a: Chien-Pao|89/234\n|-damage|p2a: Chien-Pao|37/234\n|-hitcount|p2a: Chien-Pao|4\n|move|p2a: Chien-Pao|Icicle Crash|p1a: Cinccino\n|-damage|p1a: Cinccino|0 fnt\n|faint|p1a: Cinccino\n|\n|upkeep\n|inactive|Milara has 90 seconds left.\n|\n|t:|1733890031\n|switch|p1a: Delibird|Delibird, F|239/252\n|turn|12\n|inactive|Milara has 90 seconds left.\n|\n|t:|1733890048\n|switch|p2a: Luxray|Luxray, L88, F|245/284\n|-ability|p2a: Luxray|Intimidate|boost\n|-unboost|p1a: Delibird|atk|1\n|move|p1a: Delibird|Brave Bird|p2a: Luxray\n|-resisted|p2a: Luxray\n|-damage|p2a: Luxray|203/284\n|-damage|p1a: Delibird|225/252|[from] Recoil\n|\n|upkeep\n|turn|13\n|inactive|Milara has 90 seconds left.\n|\n|t:|1733890066\n|-terastallize|p1a: Delibird|Ghost\n|move|p1a: Delibird|Freeze-Dry|p2a: Luxray\n|-damage|p2a: Luxray|152/284\n|move|p2a: Luxray|Volt Switch|p1a: Delibird\n|-damage|p1a: Delibird|110/252\n|\n|t:|1733890074\n|switch|p2a: Chien-Pao|Chien-Pao, L72|37/234|[from] Volt Switch\n|-ability|p2a: Chien-Pao|Sword of Ruin\n|\n|upkeep\n|turn|14\n|inactive|Milara has 90 seconds left.\n|\n|t:|1733890080\n|move|p2a: Chien-Pao|Sucker Punch|p1a: Delibird\n|-supereffective|p1a: Delibird\n|-damage|p1a: Delibird|0 fnt\n|faint|p1a: Delibird\n|\n|upkeep\n|inactive|Milara has 90 seconds left.\n|\n|t:|1733890106\n|switch|p1a: Espathra|Espathra, L80, F|283/283\n|turn|15\n|\n|t:|1733890117\n|move|p2a: Chien-Pao|Swords Dance|p2a: Chien-Pao\n|-boost|p2a: Chien-Pao|atk|2\n|move|p1a: Espathra|Dazzling Gleam|p2a: Chien-Pao\n|-supereffective|p2a: Chien-Pao\n|-damage|p2a: Chien-Pao|0 fnt\n|faint|p2a: Chien-Pao\n|\n|-ability|p1a: Espathra|Speed Boost|boost\n|-boost|p1a: Espathra|spe|1\n|upkeep\n|\n|t:|1733890123\n|switch|p2a: Scovillain|Scovillain, L91, M|266/266\n|turn|16\n|\n|t:|1733890139\n|move|p1a: Espathra|Calm Mind|p1a: Espathra\n|-boost|p1a: Espathra|spa|1\n|-boost|p1a: Espathra|spd|1\n|move|p2a: Scovillain|Overheat|p1a: Espathra\n|-damage|p1a: Espathra|111/283\n|-unboost|p2a: Scovillain|spa|2\n|\n|-heal|p1a: Espathra|128/283|[from] item: Leftovers\n|-ability|p1a: Espathra|Speed Boost|boost\n|-boost|p1a: Espathra|spe|1\n|upkeep\n|turn|17\n|\n|t:|1733890151\n|switch|p2a: Luxray|Luxray, L88, F|152/284\n|-ability|p2a: Luxray|Intimidate|boost\n|-unboost|p1a: Espathra|atk|1\n|move|p1a: Espathra|Roost|p1a: Espathra\n|-heal|p1a: Espathra|270/283\n|-singleturn|p1a: Espathra|move: Roost\n|\n|-heal|p1a: Espathra|283/283|[from] item: Leftovers\n|-ability|p1a: Espathra|Speed Boost|boost\n|-boost|p1a: Espathra|spe|1\n|upkeep\n|turn|18\n|\n|t:|1733890160\n|move|p1a: Espathra|Calm Mind|p1a: Espathra\n|-boost|p1a: Espathra|spa|1\n|-boost|p1a: Espathra|spd|1\n|move|p2a: Luxray|Throat Chop|p1a: Espathra\n|-supereffective|p1a: Espathra\n|-damage|p1a: Espathra|67/283\n|-start|p1a: Espathra|Throat Chop|[silent]\n|\n|-heal|p1a: Espathra|84/283|[from] item: Leftovers\n|-ability|p1a: Espathra|Speed Boost|boost\n|-boost|p1a: Espathra|spe|1\n|upkeep\n|turn|19\n|\n|t:|1733890169\n|move|p1a: Espathra|Stored Power|p2a: Luxray\n|-damage|p2a: Luxray|0 fnt\n|faint|p2a: Luxray\n|\n|-heal|p1a: Espathra|101/283|[from] item: Leftovers\n|-end|p1a: Espathra|Throat Chop|[silent]\n|-ability|p1a: Espathra|Speed Boost|boost\n|-boost|p1a: Espathra|spe|1\n|upkeep\n|inactive|Ahon13 has 120 seconds left.\n|inactive|Ahon13 has 90 seconds left.\n|-message|Ahon13 forfeited.\n|\n|win|Milara\n|raw|Milara's rating: 1239 &rarr; <strong>1267</strong><br />(+28 for winning)\n|raw|Ahon13's rating: 1286 &rarr; <strong>1258</strong><br />(-28 for losing)\n|l|\u2606Ahon13\n|player|p2|\n", "inputlog": ">version bfd83cad13791eb5a5a409923076391caf6fb4d4\n>start {\"formatid\":\"gen9randombattle\",\"seed\":[42995,62172,34030,7341],\"rated\":\"Rated battle\"}\n>player p1 {\"name\":\"Milara\",\"avatar\":\"265\",\"rating\":1239,\"seed\":[56506,33983,61832,28536]}\n>player p2 {\"name\":\"Ahon13\",\"avatar\":\"266\",\"rating\":1286,\"seed\":[18997,56150,25158,3979]}\n>p1 move knockoff\n>p2 move strangesteam\n>p1 switch 2\n>p2 move strangesteam\n>p1 move steameruption\n>p2 move gunkshot\n>p2 switch 6\n>p1 move steameruption\n>p2 move voltswitch\n>p2 switch 5\n>p1 switch 4\n>p2 move earthquake\n>p1 move ironhead\n>p2 move earthquake\n>p1 move earthquake\n>p2 move earthquake\n>p2 switch 4\n>p1 move voltswitch\n>p2 move energyball\n>p1 switch 5\n>p1 move bravebird\n>p2 switch 5\n>p1 switch 6\n>p2 move voltswitch\n>p2 switch 2\n>p1 move tailslap\n>p2 move iciclecrash\n>p1 switch 6\n>p1 move bravebird\n>p2 switch 2\n>p1 move freezedry terastallize\n>p2 move voltswitch\n>p2 switch 2\n>p1 move freezedry\n>p2 move suckerpunch\n>p1 switch 3\n>p1 move dazzlinggleam\n>p2 move swordsdance\n>p2 switch 5\n>p1 move calmmind\n>p2 move overheat\n>p1 move roost\n>p2 switch 2\n>p1 move calmmind\n>p2 move throatchop\n>p1 move storedpower\n>p2 move throatchop\n>forcelose p2", "uploadtime": 1733890499, "views": 12, "formatid": "gen9randombattle", "rating": 1258, "private": 0, "password": null}