{"id": "gen9randombattle-2257137456", "format": "[Gen 9] Random Battle", "players": ["BrutalBjoern", "MichaelderBeste2"], "log": "|badge|p2|silver|gen9randombattle|30-3\n|uhtml|medal-msg|<div class=\"broadcast-blue\">Curious what those medals under the avatar are? PS now has Ladder Seasons! For more information, check out the <a href=\"https://www.smogon.com/forums/threads/3740067/\">thread on Smogon.</a></div>\n|j|\u2606BrutalBjoern\n|j|\u2606MichaelderBeste2\n|t:|1733393799\n|gametype|singles\n|player|p1|BrutalBjoern|candice|2226\n|player|p2|MichaelderBeste2|#scl4islanders|2445\n|teamsize|p1|6\n|teamsize|p2|6\n|gen|9\n|tier|[Gen 9] Random Battle\n|rated|\n|rule|Species Clause: Limit one of each Pok\u00e9mon\n|rule|HP Percentage Mod: HP is shown in percentages\n|rule|Sleep Clause Mod: Limit one foe put to sleep\n|rule|Illusion Level Mod: Illusion disguises the Pok\u00e9mon's true level\n|\n|t:|1733393799\n|start\n|switch|p1a: Exeggutor|Exeggutor, L89, M|312/312\n|switch|p2a: Ninetales|Ninetales-Alola, L78, M|242/242\n|-weather|Snow|[from] ability: Snow Warning|[of] p2a: Ninetales\n|turn|1\n|\n|t:|1733393839\n|switch|p1a: Archaludon|Archaludon, L78, F|268/268\n|move|p2a: Ninetales|Aurora Veil|p2a: Ninetales\n|-sidestart|p2: MichaelderBeste2|move: Aurora Veil\n|\n|-weather|Snow|[upkeep]\n|upkeep\n|turn|2\n|\n|t:|1733393852\n|switch|p2a: Okidogi|Okidogi, L77, M|262/262\n|move|p1a: Archaludon|Iron Head|p2a: Okidogi\n|-damage|p2a: Okidogi|227/262\n|\n|-weather|Snow|[upkeep]\n|-heal|p2a: Okidogi|243/262|[from] item: Leftovers\n|upkeep\n|turn|3\n|\n|t:|1733393889\n|switch|p1a: Girafarig|Girafarig, L89, F|269/269\n|move|p2a: Okidogi|Bulk Up|p2a: Okidogi\n|-boost|p2a: Okidogi|atk|1\n|-boost|p2a: Okidogi|def|1\n|\n|-weather|Snow|[upkeep]\n|-heal|p2a: Okidogi|259/262|[from] item: Leftovers\n|upkeep\n|turn|4\n|\n|t:|1733393895\n|move|p1a: Girafarig|Psyshock|p2a: Okidogi\n|-supereffective|p2a: Okidogi\n|-damage|p2a: Okidogi|155/262\n|move|p2a: Okidogi|Knock Off|p1a: Girafarig\n|-supereffective|p1a: Girafarig\n|-damage|p1a: Girafarig|105/269\n|-status|p1a: Girafarig|tox|[from] ability: Toxic Chain|[of] p2a: Okidogi\n|-enditem|p1a: Girafarig|Eviolite|[from] move: Knock Off|[of] p2a: Okidogi\n|\n|-weather|Snow|[upkeep]\n|-heal|p2a: Okidogi|171/262|[from] item: Leftovers\n|-damage|p1a: Girafarig|89/269 tox|[from] psn\n|upkeep\n|turn|5\n|\n|t:|1733393954\n|move|p1a: Girafarig|Psyshock|p2a: Okidogi\n|-supereffective|p2a: Okidogi\n|-crit|p2a: Okidogi\n|-damage|p2a: Okidogi|0 fnt\n|faint|p2a: Okidogi\n|\n|-weather|none\n|-damage|p1a: Girafarig|57/269 tox|[from] psn\n|upkeep\n|\n|t:|1733393963\n|switch|p2a: Tsareena|Tsareena, L87, F|267/267\n|turn|6\n|\n|t:|1733393979\n|switch|p1a: Walking Wake|Walking Wake, L79|286/286\n|move|p2a: Tsareena|U-turn|p1a: Walking Wake\n|-damage|p1a: Walking Wake|215/286\n|\n|t:|1733393987\n|switch|p2a: Mightyena|Mightyena, L95, F|287/287|[from] U-turn\n|-ability|p2a: Mightyena|Intimidate|boost\n|-unboost|p1a: Walking Wake|atk|1\n|\n|upkeep\n|turn|7\n|\n|t:|1733394002\n|move|p1a: Walking Wake|Hydro Pump|p2a: Mightyena\n|-damage|p2a: Mightyena|172/287\n|move|p2a: Mightyena|Throat Chop|p1a: Walking Wake\n|-damage|p1a: Walking Wake|56/286\n|-start|p1a: Walking Wake|Throat Chop|[silent]\n|\n|upkeep\n|turn|8\n|\n|t:|1733394015\n|-end|p1a: Walking Wake|Protosynthesis|[silent]\n|switch|p1a: Lilligant|Lilligant-Hisui, L79, F|240/240\n|move|p2a: Mightyena|Throat Chop|p1a: Lilligant\n|-resisted|p1a: Lilligant\n|-damage|p1a: Lilligant|148/240\n|-start|p1a: Lilligant|Throat Chop|[silent]\n|\n|-sideend|p2: MichaelderBeste2|move: Aurora Veil\n|upkeep\n|turn|9\n|\n|t:|1733394025\n|switch|p2a: Tsareena|Tsareena, L87, F|267/267\n|move|p1a: Lilligant|Close Combat|p2a: Tsareena\n|-damage|p2a: Tsareena|105/267\n|-unboost|p1a: Lilligant|def|1\n|-unboost|p1a: Lilligant|spd|1\n|\n|-end|p1a: Lilligant|Throat Chop|[silent]\n|upkeep\n|turn|10\n|\n|t:|1733394031\n|move|p2a: Tsareena|Triple Axel|p1a: Lilligant\n|-supereffective|p1a: Lilligant\n|-damage|p1a: Lilligant|80/240\n|-supereffective|p1a: Lilligant\n|-damage|p1a: Lilligant|0 fnt\n|faint|p1a: Lilligant\n|-hitcount|p1: Lilligant|2\n|\n|upkeep\n|\n|t:|1733394062\n|switch|p1a: Exeggutor|Exeggutor, L89, M|312/312\n|turn|11\n|\n|t:|1733394076\n|switch|p2a: Honchkrow|Honchkrow, L86, F|312/312\n|-terastallize|p1a: Exeggutor|Steel\n|move|p1a: Exeggutor|Psychic Noise|p2a: Honchkrow\n|-immune|p2a: Honchkrow\n|\n|upkeep\n|turn|12\n|\n|t:|1733394088\n|switch|p1a: Girafarig|Girafarig, L89, F|57/269 tox\n|move|p2a: Honchkrow|Heat Wave|p1a: Girafarig\n|-damage|p1a: Girafarig|0 fnt\n|faint|p1a: Girafarig\n|-ability|p2a: Honchkrow|Moxie|boost\n|-boost|p2a: Honchkrow|atk|1\n|\n|upkeep\n|\n|t:|1733394101\n|switch|p1a: Archaludon|Archaludon, L78, F|268/268\n|turn|13\n|\n|t:|1733394106\n|move|p1a: Archaludon|Swords Dance|p1a: Archaludon\n|-boost|p1a: Archaludon|atk|2\n|move|p2a: Honchkrow|Heat Wave|p1a: Archaludon|[miss]\n|-miss|p2a: Honchkrow|p1a: Archaludon\n|\n|upkeep\n|turn|14\n|\n|t:|1733394112\n|move|p2a: Honchkrow|Sucker Punch|p1a: Archaludon\n|-crit|p1a: Archaludon\n|-damage|p1a: Archaludon|108/268\n|-ability|p1a: Archaludon|Stamina|boost\n|-boost|p1a: Archaludon|def|1\n|move|p1a: Archaludon|Iron Head|p2a: Honchkrow\n|-damage|p2a: Honchkrow|99/312\n|\n|upkeep\n|turn|15\n|\n|t:|1733394119\n|move|p2a: Honchkrow|Sucker Punch|p1a: Archaludon\n|-damage|p1a: Archaludon|30/268\n|-ability|p1a: Archaludon|Stamina|boost\n|-boost|p1a: Archaludon|def|1\n|move|p1a: Archaludon|Iron Head|p2a: Honchkrow\n|-damage|p2a: Honchkrow|0 fnt\n|faint|p2a: Honchkrow\n|\n|upkeep\n|\n|t:|1733394122\n|switch|p2a: Ninetales|Ninetales-Alola, L78, M|242/242\n|-weather|Snow|[from] ability: Snow Warning|[of] p2a: Ninetales\n|turn|16\n|\n|t:|1733394128\n|switch|p1a: Pelipper|Pelipper, L86, M|243/243\n|-weather|RainDance|[from] ability: Drizzle|[of] p1a: Pelipper\n|move|p2a: Ninetales|Blizzard|p1a: Pelipper\n|-damage|p1a: Pelipper|137/243\n|\n|-weather|RainDance|[upkeep]\n|upkeep\n|turn|17\n|\n|t:|1733394137\n|move|p2a: Ninetales|Freeze-Dry|p1a: Pelipper\n|-supereffective|p1a: Pelipper\n|-damage|p1a: Pelipper|0 fnt\n|faint|p1a: Pelipper\n|\n|-weather|RainDance|[upkeep]\n|upkeep\n|\n|t:|1733394142\n|switch|p1a: Exeggutor|Exeggutor, L89, M, tera:Steel|312/312\n|turn|18\n|\n|t:|1733394148\n|switch|p2a: Tsareena|Tsareena, L87, F|105/267\n|move|p1a: Exeggutor|Substitute|p1a: Exeggutor\n|-start|p1a: Exeggutor|Substitute\n|-damage|p1a: Exeggutor|234/312\n|\n|-weather|RainDance|[upkeep]\n|upkeep\n|turn|19\n|\n|t:|1733394153\n|move|p2a: Tsareena|Knock Off|p1a: Exeggutor\n|-end|p1a: Exeggutor|Substitute\n|move|p1a: Exeggutor|Psychic Noise|p2a: Tsareena\n|-damage|p2a: Tsareena|8/267\n|-start|p2a: Tsareena|move: Heal Block\n|\n|-weather|RainDance|[upkeep]\n|upkeep\n|turn|20\n|\n|t:|1733394170\n|switch|p1a: Archaludon|Archaludon, L78, F|30/268\n|move|p2a: Tsareena|Knock Off|p1a: Archaludon\n|-damage|p1a: Archaludon|0 fnt\n|-enditem|p1a: Archaludon|Lum Berry|[from] move: Knock Off|[of] p2a: Tsareena\n|faint|p1a: Archaludon\n|\n|-weather|none\n|-end|p2a: Tsareena|move: Heal Block\n|upkeep\n|\n|t:|1733394172\n|switch|p1a: Walking Wake|Walking Wake, L79|56/286\n|turn|21\n|\n|t:|1733394174\n|move|p2a: Tsareena|Knock Off|p1a: Walking Wake\n|-damage|p1a: Walking Wake|0 fnt\n|-enditem|p1a: Walking Wake|Choice Specs|[from] move: Knock Off|[of] p2a: Tsareena\n|faint|p1a: Walking Wake\n|-end|p1a: Walking Wake|Protosynthesis|[silent]\n|\n|upkeep\n|\n|t:|1733394176\n|switch|p1a: Exeggutor|Exeggutor, L89, M, tera:Steel|234/312\n|turn|22\n|\n|t:|1733394180\n|move|p2a: Tsareena|Knock Off|p1a: Exeggutor\n|-damage|p1a: Exeggutor|144/312\n|-enditem|p1a: Exeggutor|Sitrus Berry|[from] move: Knock Off|[of] p2a: Tsareena\n|move|p1a: Exeggutor|Psychic Noise|p2a: Tsareena\n|-damage|p2a: Tsareena|0 fnt\n|faint|p2a: Tsareena\n|\n|upkeep\n|\n|t:|1733394182\n|switch|p2a: Hawlucha|Hawlucha, L80, F|256/256\n|turn|23\n|\n|t:|1733394185\n|move|p2a: Hawlucha|Close Combat|p1a: Exeggutor\n|-supereffective|p1a: Exeggutor\n|-damage|p1a: Exeggutor|0 fnt\n|-unboost|p2a: Hawlucha|def|1\n|-unboost|p2a: Hawlucha|spd|1\n|-enditem|p2a: Hawlucha|White Herb\n|-clearnegativeboost|p2a: Hawlucha|[silent]\n|faint|p1a: Exeggutor\n|\n|win|MichaelderBeste2\n|raw|BrutalBjoern's rating: 2226 &rarr; <strong>2217</strong><br />(-9 for losing)\n|raw|MichaelderBeste2's rating: 2445 &rarr; <strong>2454</strong><br />(+9 for winning)\n|l|\u2606MichaelderBeste2\n|player|p2|\n|c|\u2606BrutalBjoern|gg\n", "inputlog": ">version f27bf860d389bcfdfe10192499dbd80f1998dac7\n>start {\"formatid\":\"gen9randombattle\",\"seed\":[45836,8518,56784,34928],\"rated\":\"Rated battle\"}\n>player p1 {\"name\":\"BrutalBjoern\",\"avatar\":\"candice\",\"rating\":2226,\"seed\":[46006,14574,61611,2026]}\n>player p2 {\"name\":\"MichaelderBeste2\",\"avatar\":\"#scl4islanders\",\"rating\":2445,\"seed\":[48552,58143,33646,38159]}\n>p1 switch 6\n>p2 move auroraveil\n>p1 move ironhead\n>p2 switch 4\n>p1 switch 2\n>p2 move bulkup\n>p1 move psyshock\n>p2 move knockoff\n>p1 move psyshock\n>p2 move drainpunch\n>p2 switch 5\n>p1 switch 5\n>p2 move uturn\n>p2 switch 2\n>p1 move hydropump\n>p2 move throatchop\n>p1 switch 3\n>p2 move throatchop\n>p1 move closecombat\n>p2 switch 2\n>p1 move closecombat\n>p2 move tripleaxel\n>p1 switch 6\n>p1 move psychicnoise terastallize\n>p2 switch 6\n>p1 switch 5\n>p2 move heatwave\n>p1 switch 2\n>p1 move swordsdance\n>p2 move heatwave\n>p1 move ironhead\n>p2 move suckerpunch\n>p1 move ironhead\n>p2 move suckerpunch\n>p2 switch 4\n>p1 switch 4\n>p2 move blizzard\n>p1 move hurricane\n>p2 move freezedry\n>p1 switch 5\n>p1 move substitute\n>p2 switch 6\n>p1 move psychicnoise\n>p2 move knockoff\n>p1 switch 4\n>p2 move knockoff\n>p1 switch 3\n>p1 move flipturn\n>p2 move knockoff\n>p1 switch 4\n>p1 move psychicnoise\n>p2 move knockoff\n>p2 switch 3\n>p1 move psychicnoise\n>p2 move closecombat", "uploadtime": 1733394230, "views": 35, "formatid": "gen9randombattle", "rating": 2217, "private": 0, "password": null}