{"id": "gen9randombattle-2089314734", "format": "[Gen 9] Random Battle", "players": ["Qiuescent", "Dc inversion"], "log": "|j|\u203dQiuescent\n|j|\u2606Dc inversion\n|t:|1711435433\n|gametype|singles\n|player|p1|Qiuescent|102|2206\n|player|p2|Dc inversion|2|2247\n|teamsize|p1|6\n|teamsize|p2|6\n|gen|9\n|tier|[Gen 9] Random Battle\n|rated|\n|rule|Species Clause: Limit one of each Pok\u00e9mon\n|rule|HP Percentage Mod: HP is shown in percentages\n|rule|Sleep Clause Mod: Limit one foe put to sleep\n|rule|Illusion Level Mod: Illusion disguises the Pok\u00e9mon's true level\n|\n|t:|1711435433\n|start\n|switch|p1a: Sneasler|Sneasler, L75, M|244/244\n|switch|p2a: Toedscruel|Toedscruel, L87, M|281/281\n|turn|1\n|\n|t:|1711435446\n|switch|p1a: Scizor|Scizor, L79, M|240/240\n|move|p2a: Toedscruel|Earth Power|p1a: Scizor\n|-damage|p1a: Scizor|144/240\n|\n|upkeep\n|turn|2\n|\n|t:|1711435459\n|switch|p2a: Urshifu|Urshifu-Rapid-Strike, L75, F|274/274\n|move|p1a: Scizor|U-turn|p2a: Urshifu\n|-resisted|p2a: Urshifu\n|-damage|p2a: Urshifu|209/274\n|\n|t:|1711435462\n|switch|p1a: Jolteon|Jolteon, L84, M|246/246|[from] U-turn\n|\n|upkeep\n|turn|3\n|inactive|Battle timer is ON: inactive players will automatically lose when time's up. (requested by Qiuescent)\n|\n|t:|1711435474\n|move|p1a: Jolteon|Thunderbolt|p2a: Urshifu\n|-supereffective|p2a: Urshifu\n|-damage|p2a: Urshifu|0 fnt\n|faint|p2a: Urshifu\n|\n|upkeep\n|\n|t:|1711435479\n|switch|p2a: Toedscruel|Toedscruel, L87, M|281/281\n|turn|4\n|\n|t:|1711435482\n|switch|p1a: Delibird|Delibird, M|252/252\n|move|p2a: Toedscruel|Earth Power|p1a: Delibird\n|-immune|p1a: Delibird\n|\n|upkeep\n|turn|5\n|\n|t:|1711435493\n|switch|p2a: Qwilfish|Qwilfish-Hisui, L84, F|246/246\n|-ability|p2a: Qwilfish|Intimidate|boost\n|-unboost|p1a: Delibird|atk|1\n|move|p1a: Delibird|Ice Spinner|p2a: Qwilfish\n|-damage|p2a: Qwilfish|192/246\n|\n|upkeep\n|turn|6\n|\n|t:|1711435503\n|switch|p1a: Sneasler|Sneasler, L75, M|244/244\n|move|p2a: Qwilfish|Spikes|p1a: Sneasler\n|-sidestart|p1: Qiuescent|Spikes\n|\n|upkeep\n|turn|7\n|\n|t:|1711435514\n|switch|p2a: Politoed|Politoed, L88, F|302/302\n|-weather|RainDance|[from] ability: Drizzle|[of] p2a: Politoed\n|move|p1a: Sneasler|Swords Dance|p1a: Sneasler\n|-boost|p1a: Sneasler|atk|2\n|\n|-weather|RainDance|[upkeep]\n|upkeep\n|turn|8\n|\n|t:|1711435518\n|move|p1a: Sneasler|Close Combat|p2a: Politoed\n|-damage|p2a: Politoed|0 fnt\n|-unboost|p1a: Sneasler|def|1\n|-unboost|p1a: Sneasler|spd|1\n|-enditem|p1a: Sneasler|White Herb\n|-clearnegativeboost|p1a: Sneasler|[silent]\n|faint|p2a: Politoed\n|\n|-weather|RainDance|[upkeep]\n|upkeep\n|\n|t:|1711435530\n|switch|p2a: Qwilfish|Qwilfish-Hisui, L84, F|192/246\n|-ability|p2a: Qwilfish|Intimidate|boost\n|-unboost|p1a: Sneasler|atk|1\n|turn|9\n|\n|t:|1711435542\n|move|p1a: Sneasler|Swords Dance|p1a: Sneasler\n|-boost|p1a: Sneasler|atk|2\n|move|p2a: Qwilfish|Gunk Shot|p1a: Sneasler\n|-resisted|p1a: Sneasler\n|-damage|p1a: Sneasler|147/244\n|\n|-weather|RainDance|[upkeep]\n|upkeep\n|turn|10\n|\n|t:|1711435555\n|-terastallize|p2a: Qwilfish|Poison\n|move|p1a: Sneasler|Close Combat|p2a: Qwilfish\n|-resisted|p2a: Qwilfish\n|-damage|p2a: Qwilfish|76/246\n|-unboost|p1a: Sneasler|def|1\n|-unboost|p1a: Sneasler|spd|1\n|move|p2a: Qwilfish|Gunk Shot|p1a: Sneasler\n|-resisted|p1a: Sneasler\n|-damage|p1a: Sneasler|0 fnt\n|faint|p1a: Sneasler\n|\n|-weather|RainDance|[upkeep]\n|upkeep\n|\n|t:|1711435568\n|switch|p1a: Delibird|Delibird, M|252/252\n|turn|11\n|\n|t:|1711435574\n|switch|p2a: Glaceon|Glaceon, L94, F|275/275\n|move|p1a: Delibird|Drill Run|p2a: Glaceon|[miss]\n|-miss|p1a: Delibird|p2a: Glaceon\n|\n|-weather|none\n|upkeep\n|turn|12\n|\n|t:|1711435581\n|move|p1a: Delibird|Spikes|p2a: Glaceon\n|-sidestart|p2: Dc inversion|Spikes\n|move|p2a: Glaceon|Freeze-Dry|p1a: Delibird\n|-damage|p1a: Delibird|105/252\n|\n|upkeep\n|turn|13\n|\n|t:|1711435589\n|move|p1a: Delibird|Spikes|p2a: Glaceon\n|-sidestart|p2: Dc inversion|Spikes\n|move|p2a: Glaceon|Wish|p2a: Glaceon\n|\n|upkeep\n|turn|14\n|\n|t:|1711435596\n|move|p1a: Delibird|Spikes|p2a: Glaceon\n|-sidestart|p2: Dc inversion|Spikes\n|move|p2a: Glaceon|Freeze-Dry|p1a: Delibird\n|-damage|p1a: Delibird|0 fnt\n|faint|p1a: Delibird\n|\n|upkeep\n|\n|t:|1711435597\n|switch|p1a: Scizor|Scizor, L79, M|144/240\n|-damage|p1a: Scizor|114/240|[from] Spikes\n|turn|15\n|\n|t:|1711435603\n|move|p2a: Glaceon|Protect|p2a: Glaceon\n|-singleturn|p2a: Glaceon|Protect\n|move|p1a: Scizor|Bullet Punch|p2a: Glaceon\n|-activate|p2a: Glaceon|move: Protect\n|\n|upkeep\n|turn|16\n|\n|t:|1711435609\n|move|p1a: Scizor|Bullet Punch|p2a: Glaceon\n|-supereffective|p2a: Glaceon\n|-damage|p2a: Glaceon|123/275\n|move|p2a: Glaceon|Wish|p2a: Glaceon\n|\n|upkeep\n|turn|17\n|\n|t:|1711435613\n|switch|p2a: Toedscruel|Toedscruel, L87, M|281/281\n|-damage|p2a: Toedscruel|211/281|[from] Spikes\n|move|p1a: Scizor|Bullet Punch|p2a: Toedscruel\n|-damage|p2a: Toedscruel|93/281\n|\n|-heal|p2a: Toedscruel|230/281|[from] move: Wish|[wisher] Glaceon\n|-heal|p2a: Toedscruel|247/281|[from] item: Leftovers\n|upkeep\n|turn|18\n|\n|t:|1711435619\n|move|p1a: Scizor|Bullet Punch|p2a: Toedscruel\n|-damage|p2a: Toedscruel|124/281\n|move|p2a: Toedscruel|Rapid Spin|p1a: Scizor\n|-resisted|p1a: Scizor\n|-damage|p1a: Scizor|101/240\n|-boost|p2a: Toedscruel|spe|1\n|-sideend|p2: Dc inversion|Spikes|[from] move: Rapid Spin|[of] p2a: Toedscruel\n|\n|-heal|p2a: Toedscruel|141/281|[from] item: Leftovers\n|upkeep\n|turn|19\n|\n|t:|1711435630\n|-terastallize|p1a: Scizor|Steel\n|move|p1a: Scizor|Bullet Punch|p2a: Toedscruel\n|-damage|p2a: Toedscruel|0 fnt\n|faint|p2a: Toedscruel\n|\n|upkeep\n|j| prasidh\n|\n|t:|1711435638\n|switch|p2a: Qwilfish|Qwilfish-Hisui, L84, F, tera:Poison|76/246\n|-ability|p2a: Qwilfish|Intimidate|boost\n|-unboost|p1a: Scizor|atk|1\n|turn|20\n|\n|t:|1711435646\n|switch|p2a: Glaceon|Glaceon, L94, F|123/275\n|move|p1a: Scizor|Bullet Punch|p2a: Glaceon\n|-supereffective|p2a: Glaceon\n|-damage|p2a: Glaceon|0 fnt\n|faint|p2a: Glaceon\n|\n|upkeep\n|\n|t:|1711435648\n|switch|p2a: Qwilfish|Qwilfish-Hisui, L84, F, tera:Poison|76/246\n|-ability|p2a: Qwilfish|Intimidate|boost\n|-unboost|p1a: Scizor|atk|1\n|turn|21\n|\n|t:|1711435652\n|move|p1a: Scizor|Bullet Punch|p2a: Qwilfish\n|-damage|p2a: Qwilfish|24/246\n|move|p2a: Qwilfish|Crunch|p1a: Scizor\n|-damage|p1a: Scizor|20/240\n|\n|upkeep\n|turn|22\n|\n|t:|1711435657\n|move|p1a: Scizor|Bullet Punch|p2a: Qwilfish\n|-damage|p2a: Qwilfish|0 fnt\n|faint|p2a: Qwilfish\n|\n|upkeep\n|\n|t:|1711435659\n|switch|p2a: Ribombee|Ribombee, L82, F|233/233\n|turn|23\n|\n|t:|1711435668\n|move|p1a: Scizor|Bullet Punch|p2a: Ribombee\n|-supereffective|p2a: Ribombee\n|-damage|p2a: Ribombee|49/233\n|move|p2a: Ribombee|Moonblast|p1a: Scizor\n|-resisted|p1a: Scizor\n|-damage|p1a: Scizor|0 fnt\n|faint|p1a: Scizor\n|\n|upkeep\n|\n|t:|1711435672\n|switch|p1a: Jolteon|Jolteon, L84, M|246/246\n|-damage|p1a: Jolteon|216/246|[from] Spikes\n|turn|24\n|-message|Dc inversion forfeited.\n|\n|win|Qiuescent\n|raw|Qiuescent's rating: 2206 &rarr; <strong>2228</strong><br />(+22 for winning)\n|raw|Dc inversion's rating: 2247 &rarr; <strong>2225</strong><br />(-22 for losing)\n|l|\u2606Dc inversion\n|player|p2|\n", "inputlog": ">version 76c2e598c689fa6f9cb4bdcb59e965a09d4be856\n>start {\"formatid\":\"gen9randombattle\",\"seed\":[616,47480,49816,46548],\"rated\":\"Rated battle\"}\n>player p1 {\"name\":\"Qiuescent\",\"avatar\":\"102\",\"rating\":2206,\"seed\":[46160,45035,1863,31662]}\n>player p2 {\"name\":\"Dc inversion\",\"avatar\":\"2\",\"rating\":2247,\"seed\":[33449,36598,60358,54278]}\n>p1 switch 6\n>p2 move earthpower\n>p1 move uturn\n>p2 switch 3\n>p1 switch 4\n>p1 move thunderbolt\n>p2 move surgingstrikes\n>p2 switch 3\n>p1 switch 2\n>p2 move earthpower\n>p1 move icespinner\n>p2 switch 4\n>p1 switch 6\n>p2 move spikes\n>p1 move swordsdance\n>p2 switch 5\n>p1 move closecombat\n>p2 move surf\n>p2 switch 5\n>p1 move swordsdance\n>p2 move gunkshot\n>p1 move closecombat\n>p2 move gunkshot terastallize\n>p1 switch 6\n>p1 move drillrun\n>p2 switch 6\n>p1 move spikes\n>p2 move freezedry\n>p1 move spikes\n>p2 move wish\n>p1 move spikes\n>p2 move freezedry\n>p1 switch 4\n>p1 move bulletpunch\n>p2 move protect\n>p1 move bulletpunch\n>p2 move wish\n>p1 move bulletpunch\n>p2 switch 4\n>p1 move bulletpunch\n>p2 move rapidspin\n>p1 move bulletpunch terastallize\n>p2 move spore\n>p2 switch 6\n>p1 move bulletpunch\n>p2 switch 4\n>p2 switch 4\n>p1 move bulletpunch\n>p2 move crunch\n>p1 move bulletpunch\n>p2 move spikes\n>p2 switch 2\n>p1 move bulletpunch\n>p2 move moonblast\n>p1 switch 2\n>forcelose p2", "uploadtime": 1711435677, "views": 238, "formatid": "gen9randombattle", "rating": 2225, "private": 0, "password": null}