{"id": "gen9randombattle-2153992288", "format": "[Gen 9] Random Battle", "players": ["Qiuescent", "HeyYa!_Forte"], "log": "|j|\u203dQiuescent\n|j|\u2606HeyYa!_Forte\n|t:|1719946847\n|gametype|singles\n|player|p1|Qiuescent|266|2206\n|player|p2|HeyYa!_Forte|backers|2259\n|teamsize|p1|6\n|teamsize|p2|6\n|gen|9\n|tier|[Gen 9] Random Battle\n|rated|\n|rule|Species Clause: Limit one of each Pok\u00e9mon\n|rule|HP Percentage Mod: HP is shown in percentages\n|rule|Sleep Clause Mod: Limit one foe put to sleep\n|rule|Illusion Level Mod: Illusion disguises the Pok\u00e9mon's true level\n|\n|t:|1719946847\n|start\n|switch|p1a: Tornadus|Tornadus, L82, M|263/263\n|switch|p2a: Carbink|Carbink, L90|236/236\n|turn|1\n|\n|t:|1719946859\n|switch|p1a: Ogerpon|Ogerpon, L80, F|259/259\n|move|p2a: Carbink|Iron Defense|p2a: Carbink\n|-boost|p2a: Carbink|def|2\n|\n|upkeep\n|turn|2\n|\n|t:|1719946868\n|move|p1a: Ogerpon|Ivy Cudgel|p2a: Carbink\n|-supereffective|p2a: Carbink\n|-crit|p2a: Carbink\n|-damage|p2a: Carbink|6/236\n|move|p2a: Carbink|Iron Defense|p2a: Carbink\n|-boost|p2a: Carbink|def|2\n|\n|upkeep\n|turn|3\n|c|\u2606HeyYa!_Forte|man\n|inactive|Battle timer is ON: inactive players will automatically lose when time's up. (requested by Qiuescent)\n|\n|t:|1719946904\n|move|p1a: Ogerpon|Ivy Cudgel|p2a: Carbink\n|-supereffective|p2a: Carbink\n|-damage|p2a: Carbink|0 fnt\n|faint|p2a: Carbink\n|\n|upkeep\n|\n|t:|1719946927\n|switch|p2a: Meowstic|Meowstic, L89, M|277/277\n|turn|4\n|\n|t:|1719946931\n|move|p2a: Meowstic|Thunder Wave|p1a: Ogerpon\n|-status|p1a: Ogerpon|par\n|move|p1a: Ogerpon|Knock Off|p2a: Meowstic\n|-supereffective|p2a: Meowstic\n|-crit|p2a: Meowstic\n|-damage|p2a: Meowstic|39/277\n|-enditem|p2a: Meowstic|Light Clay|[from] move: Knock Off|[of] p1a: Ogerpon\n|\n|upkeep\n|turn|5\n|\n|t:|1719946936\n|move|p2a: Meowstic|Reflect|p2a: Meowstic\n|-sidestart|p2: HeyYa!_Forte|Reflect\n|move|p1a: Ogerpon|Knock Off|p2a: Meowstic\n|-supereffective|p2a: Meowstic\n|-damage|p2a: Meowstic|0 fnt\n|faint|p2a: Meowstic\n|\n|upkeep\n|inactive|HeyYa!_Forte has 120 seconds left.\n|\n|t:|1719946966\n|switch|p2a: Clefable|Clefable, L83, M|293/293\n|turn|6\n|\n|t:|1719946976\n|move|p2a: Clefable|Knock Off|p1a: Ogerpon\n|-damage|p1a: Ogerpon|190/259 par\n|-enditem|p1a: Ogerpon|Heavy-Duty Boots|[from] move: Knock Off|[of] p2a: Clefable\n|cant|p1a: Ogerpon|par\n|\n|upkeep\n|turn|7\n|\n|t:|1719946989\n|move|p2a: Clefable|Flamethrower|p1a: Ogerpon\n|-supereffective|p1a: Ogerpon\n|-crit|p1a: Ogerpon\n|-damage|p1a: Ogerpon|0 fnt\n|faint|p1a: Ogerpon\n|\n|upkeep\n|\n|t:|1719946999\n|switch|p1a: Empoleon|Empoleon, L84, F|278/278\n|turn|8\n|\n|t:|1719947008\n|move|p1a: Empoleon|Yawn|p2a: Clefable\n|-start|p2a: Clefable|move: Yawn|[of] p1a: Empoleon\n|move|p2a: Clefable|Knock Off|p1a: Empoleon\n|-damage|p1a: Empoleon|207/278\n|-enditem|p1a: Empoleon|Leftovers|[from] move: Knock Off|[of] p2a: Clefable\n|\n|upkeep\n|turn|9\n|\n|t:|1719947022\n|switch|p2a: Tatsugiri|Tatsugiri-Stretchy, L86, F|257/257\n|move|p1a: Empoleon|Flip Turn|p2a: Tatsugiri\n|-ability|p2a: Tatsugiri|Storm Drain|boost\n|-boost|p2a: Tatsugiri|spa|1\n|\n|-sideend|p2: HeyYa!_Forte|Reflect\n|upkeep\n|turn|10\n|\n|t:|1719947036\n|move|p2a: Tatsugiri|Rapid Spin|p1a: Empoleon\n|-resisted|p1a: Empoleon\n|-damage|p1a: Empoleon|195/278\n|-boost|p2a: Tatsugiri|spe|1\n|move|p1a: Empoleon|Yawn|p2a: Tatsugiri\n|-start|p2a: Tatsugiri|move: Yawn|[of] p1a: Empoleon\n|\n|upkeep\n|turn|11\n|\n|t:|1719947050\n|switch|p1a: Cacturne|Cacturne, L92, M|278/278\n|move|p2a: Tatsugiri|Surf|p1a: Cacturne\n|-immune|p1a: Cacturne|[from] ability: Water Absorb\n|\n|-end|p2a: Tatsugiri|move: Yawn|[silent]\n|-status|p2a: Tatsugiri|slp\n|upkeep\n|turn|12\n|\n|t:|1719947069\n|switch|p2a: Clefable|Clefable, L83, M|293/293\n|move|p1a: Cacturne|Toxic Spikes|p2a: Clefable\n|-sidestart|p2: HeyYa!_Forte|move: Toxic Spikes\n|\n|upkeep\n|turn|13\n|\n|t:|1719947081\n|switch|p1a: Empoleon|Empoleon, L84, F|195/278\n|move|p2a: Clefable|Moonblast|p1a: Empoleon\n|-resisted|p1a: Empoleon\n|-damage|p1a: Empoleon|137/278\n|\n|upkeep\n|turn|14\n|\n|t:|1719947104\n|switch|p2a: Tatsugiri|Tatsugiri-Stretchy, L86, F|257/257 slp\n|move|p1a: Empoleon|Roost|p1a: Empoleon\n|-heal|p1a: Empoleon|276/278\n|-singleturn|p1a: Empoleon|move: Roost\n|\n|upkeep\n|turn|15\n|\n|t:|1719947111\n|switch|p1a: Meloetta|Meloetta, L82|298/298\n|cant|p2a: Tatsugiri|slp\n|\n|upkeep\n|turn|16\n|inactive|HeyYa!_Forte has 120 seconds left.\n|\n|t:|1719947148\n|switch|p2a: Clefable|Clefable, L83, M|293/293\n|-status|p2a: Clefable|psn\n|move|p1a: Meloetta|Calm Mind|p1a: Meloetta\n|-boost|p1a: Meloetta|spa|1\n|-boost|p1a: Meloetta|spd|1\n|\n|upkeep\n|turn|17\n|\n|t:|1719947154\n|move|p1a: Meloetta|Psyshock|p2a: Clefable\n|-damage|p2a: Clefable|86/293 psn\n|-damage|p1a: Meloetta|269/298|[from] item: Life Orb\n|move|p2a: Clefable|Knock Off|p1a: Meloetta\n|-supereffective|p1a: Meloetta\n|-damage|p1a: Meloetta|118/298\n|-enditem|p1a: Meloetta|Life Orb|[from] move: Knock Off|[of] p2a: Clefable\n|\n|upkeep\n|turn|18\n|\n|t:|1719947157\n|move|p1a: Meloetta|Hyper Voice|p2a: Clefable\n|-damage|p2a: Clefable|0 fnt\n|faint|p2a: Clefable\n|\n|upkeep\n|\n|t:|1719947170\n|switch|p2a: Spidops|Spidops, L96, F|271/271\n|turn|19\n|\n|t:|1719947184\n|move|p1a: Meloetta|Hyper Voice|p2a: Spidops\n|-damage|p2a: Spidops|123/271\n|move|p2a: Spidops|Knock Off|p1a: Meloetta\n|-supereffective|p1a: Meloetta\n|-damage|p1a: Meloetta|0 fnt\n|faint|p1a: Meloetta\n|\n|upkeep\n|\n|t:|1719947184\n|switch|p1a: Cacturne|Cacturne, L92, M|278/278\n|turn|20\n|\n|t:|1719947197\n|move|p1a: Cacturne|Knock Off|p2a: Spidops\n|-damage|p2a: Spidops|0 fnt\n|-enditem|p2a: Spidops|Heavy-Duty Boots|[from] move: Knock Off|[of] p1a: Cacturne\n|faint|p2a: Spidops\n|-damage|p1a: Cacturne|251/278|[from] item: Life Orb\n|\n|upkeep\n|inactive|HeyYa!_Forte has 120 seconds left.\n|\n|t:|1719947221\n|switch|p2a: Hariyama|Hariyama, L87, M|392/392\n|-status|p2a: Hariyama|psn\n|turn|21\n|inactive|HeyYa!_Forte has 120 seconds left.\n|\n|t:|1719947233\n|switch|p1a: Swalot|Swalot, L90, M|326/326\n|move|p2a: Hariyama|Close Combat|p1a: Swalot\n|-resisted|p1a: Swalot\n|-damage|p1a: Swalot|252/326\n|-unboost|p2a: Hariyama|def|1\n|-unboost|p2a: Hariyama|spd|1\n|\n|-heal|p1a: Swalot|272/326|[from] item: Leftovers\n|-damage|p2a: Hariyama|343/392 psn|[from] psn\n|upkeep\n|turn|22\n|inactive|HeyYa!_Forte has 120 seconds left.\n|\n|t:|1719947252\n|move|p1a: Swalot|Gunk Shot|p2a: Hariyama\n|-damage|p2a: Hariyama|114/392 psn\n|move|p2a: Hariyama|Knock Off|p1a: Swalot\n|-damage|p1a: Swalot|183/326\n|-enditem|p1a: Swalot|Leftovers|[from] move: Knock Off|[of] p2a: Hariyama\n|\n|-damage|p2a: Hariyama|65/392 psn|[from] psn\n|upkeep\n|turn|23\n|\n|t:|1719947259\n|move|p1a: Swalot|Earthquake|p2a: Hariyama\n|-damage|p2a: Hariyama|0 fnt\n|faint|p2a: Hariyama\n|\n|upkeep\n|\n|t:|1719947261\n|switch|p2a: Tatsugiri|Tatsugiri-Stretchy, L86, F|257/257 slp\n|turn|24\n|\n|t:|1719947265\n|switch|p1a: Cacturne|Cacturne, L92, M|251/278\n|cant|p2a: Tatsugiri|slp\n|\n|upkeep\n|turn|25\n|\n|t:|1719947279\n|cant|p2a: Tatsugiri|slp\n|move|p1a: Cacturne|Knock Off|p2a: Tatsugiri\n|-damage|p2a: Tatsugiri|19/257 slp\n|-enditem|p2a: Tatsugiri|Heavy-Duty Boots|[from] move: Knock Off|[of] p1a: Cacturne\n|-damage|p1a: Cacturne|224/278|[from] item: Life Orb\n|\n|upkeep\n|turn|26\n|-message|HeyYa!_Forte forfeited.\n|\n|win|Qiuescent\n|raw|Qiuescent's rating: 2206 &rarr; <strong>2229</strong><br />(+23 for winning)\n|raw|HeyYa!_Forte's rating: 2259 &rarr; <strong>2236</strong><br />(-23 for losing)\n|l|\u2606HeyYa!_Forte\n|player|p2|\n", "inputlog": ">version 26771249c35d7a4b83b8b432d5cb35999166eb23\n>start {\"formatid\":\"gen9randombattle\",\"seed\":[15921,36309,45627,848],\"rated\":\"Rated battle\"}\n>player p1 {\"name\":\"Qiuescent\",\"avatar\":\"266\",\"rating\":2206,\"seed\":[34778,414,38381,5330]}\n>player p2 {\"name\":\"HeyYa!_Forte\",\"avatar\":\"backers\",\"rating\":2259,\"seed\":[48730,56573,30003,63125]}\n>p1 switch 6\n>p2 move irondefense\n>p1 move ivycudgel\n>p2 move irondefense\n>chat \u2606HeyYa!_Forte|man\n>p1 move ivycudgel\n>p2 move bodypress\n>p2 switch 4\n>p1 move knockoff\n>p2 move thunderwave\n>p1 move knockoff\n>p2 move reflect\n>p2 switch 2\n>p1 move uturn\n>p2 move knockoff\n>p1 move uturn\n>p2 move flamethrower\n>p1 switch 3\n>p1 move yawn\n>p2 move knockoff\n>p1 move flipturn\n>p2 switch 5\n>p1 move yawn\n>p2 move rapidspin\n>p1 switch 5\n>p2 move surf\n>p1 move toxicspikes\n>p2 switch 5\n>p1 switch 5\n>p2 move moonblast\n>p1 move roost\n>p2 switch 5\n>p1 switch 2\n>p2 move rapidspin\n>p1 move calmmind\n>p2 switch 5\n>p1 move psyshock\n>p2 move knockoff\n>p1 move hypervoice\n>p2 move knockoff\n>p2 switch 3\n>p1 move hypervoice\n>p2 move knockoff\n>p1 switch 5\n>p1 move knockoff\n>p2 move stickyweb\n>p2 switch 6\n>p1 switch 4\n>p2 move closecombat\n>p1 move gunkshot\n>p2 move knockoff\n>p1 move earthquake\n>p2 move heavyslam\n>p2 switch 5\n>p1 switch 4\n>p2 move nastyplot\n>p1 move knockoff\n>p2 move nastyplot\n>forcelose p2", "uploadtime": 1719947291, "views": 167, "formatid": "gen9randombattle", "rating": 2229, "private": 0, "password": null}