{"id": "gen9randombattle-2260699945", "format": "[Gen 9] Random Battle", "players": ["pucrj", "gernominospilton"], "log": "|j|\u2606pucrj\n|j|\u2606gernominospilton\n|t:|1733880094\n|gametype|singles\n|player|p1|pucrj|169|1153\n|player|p2|gernominospilton|266|1123\n|teamsize|p1|6\n|teamsize|p2|6\n|gen|9\n|tier|[Gen 9] Random Battle\n|rated|\n|rule|Species Clause: Limit one of each Pok\u00e9mon\n|rule|HP Percentage Mod: HP is shown in percentages\n|rule|Sleep Clause Mod: Limit one foe put to sleep\n|rule|Illusion Level Mod: Illusion disguises the Pok\u00e9mon's true level\n|\n|t:|1733880094\n|start\n|switch|p1a: Lunala|Lunala, L70|308/308\n|switch|p2a: Mandibuzz|Mandibuzz, L85, F|326/326\n|turn|1\n|inactive|Battle timer is ON: inactive players will automatically lose when time's up. (requested by gernominospilton)\n|\n|t:|1733880117\n|switch|p1a: Jolteon|Jolteon, L84, F|246/246\n|move|p2a: Mandibuzz|Foul Play|p1a: Jolteon\n|-damage|p1a: Jolteon|170/246\n|\n|-heal|p1a: Jolteon|185/246|[from] item: Leftovers\n|upkeep\n|turn|2\n|\n|t:|1733880136\n|switch|p2a: Cacturne|Cacturne, L92, F|278/278\n|move|p1a: Jolteon|Calm Mind|p1a: Jolteon\n|-boost|p1a: Jolteon|spa|1\n|-boost|p1a: Jolteon|spd|1\n|\n|-heal|p1a: Jolteon|200/246|[from] item: Leftovers\n|upkeep\n|turn|3\n|\n|t:|1733880148\n|-terastallize|p1a: Jolteon|Ice\n|move|p1a: Jolteon|Tera Blast|p2a: Cacturne|[anim] Tera Blast Ice\n|-supereffective|p2a: Cacturne\n|-damage|p2a: Cacturne|0 fnt\n|faint|p2a: Cacturne\n|\n|-heal|p1a: Jolteon|215/246|[from] item: Leftovers\n|upkeep\n|c|\u2606gernominospilton|nice\n|c|\u2606pucrj|lol\n|c|\u2606pucrj|ez\n|\n|t:|1733880164\n|switch|p2a: Hatterene|Hatterene, L85, F|236/236\n|turn|4\n|\n|t:|1733880171\n|move|p1a: Jolteon|Substitute|p1a: Jolteon\n|-start|p1a: Jolteon|Substitute\n|-damage|p1a: Jolteon|154/246\n|move|p2a: Hatterene|Mystical Fire|p1a: Jolteon\n|-supereffective|p1a: Jolteon\n|-end|p1a: Jolteon|Substitute\n|\n|-heal|p1a: Jolteon|169/246|[from] item: Leftovers\n|upkeep\n|turn|5\n|\n|t:|1733880194\n|switch|p1a: Whiscash|Whiscash, L88, F|337/337\n|move|p2a: Hatterene|Mystical Fire|p1a: Whiscash\n|-resisted|p1a: Whiscash\n|-damage|p1a: Whiscash|296/337\n|-unboost|p1a: Whiscash|spa|1\n|\n|upkeep\n|turn|6\n|\n|t:|1733880213\n|switch|p2a: Archaludon|Archaludon, L78, F|268/268\n|move|p1a: Whiscash|Dragon Dance|p1a: Whiscash\n|-boost|p1a: Whiscash|atk|1\n|-boost|p1a: Whiscash|spe|1\n|\n|upkeep\n|turn|7\n|inactive|gernominospilton has 120 seconds left.\n|\n|t:|1733880231\n|move|p1a: Whiscash|Earthquake|p2a: Archaludon\n|-supereffective|p2a: Archaludon\n|-damage|p2a: Archaludon|0 fnt\n|faint|p2a: Archaludon\n|-damage|p1a: Whiscash|263/337|[from] item: Life Orb\n|\n|upkeep\n|\n|t:|1733880235\n|switch|p2a: Arceus|Arceus-Water, L71|288/288\n|turn|8\n|c|\u2606pucrj|lol\n|\n|t:|1733880253\n|switch|p1a: Torterra|Torterra, L78, M|276/276\n|move|p2a: Arceus|Judgment|p1a: Torterra\n|-damage|p1a: Torterra|149/276\n|\n|upkeep\n|turn|9\n|\n|t:|1733880264\n|switch|p2a: Mandibuzz|Mandibuzz, L85, F|326/326\n|move|p1a: Torterra|Bullet Seed|p2a: Mandibuzz\n|-resisted|p2a: Mandibuzz\n|-damage|p2a: Mandibuzz|315/326\n|-resisted|p2a: Mandibuzz\n|-damage|p2a: Mandibuzz|304/326\n|-resisted|p2a: Mandibuzz\n|-damage|p2a: Mandibuzz|293/326\n|-resisted|p2a: Mandibuzz\n|-damage|p2a: Mandibuzz|281/326\n|-resisted|p2a: Mandibuzz\n|-damage|p2a: Mandibuzz|271/326\n|-hitcount|p2a: Mandibuzz|5\n|\n|upkeep\n|turn|10\n|\n|t:|1733880288\n|switch|p1a: Whiscash|Whiscash, L88, F|263/337\n|move|p2a: Mandibuzz|Brave Bird|p1a: Whiscash\n|-damage|p1a: Whiscash|146/337\n|-damage|p2a: Mandibuzz|232/326|[from] Recoil\n|\n|upkeep\n|turn|11\n|\n|t:|1733880300\n|move|p2a: Mandibuzz|Toxic|p1a: Whiscash\n|-status|p1a: Whiscash|tox\n|move|p1a: Whiscash|Stone Edge|p2a: Mandibuzz\n|-supereffective|p2a: Mandibuzz\n|-damage|p2a: Mandibuzz|86/326\n|-damage|p1a: Whiscash|113/337 tox|[from] item: Life Orb\n|\n|-damage|p1a: Whiscash|92/337 tox|[from] psn\n|upkeep\n|turn|12\n|\n|t:|1733880309\n|move|p2a: Mandibuzz|Roost|p2a: Mandibuzz\n|-heal|p2a: Mandibuzz|249/326\n|-singleturn|p2a: Mandibuzz|move: Roost\n|move|p1a: Whiscash|Stone Edge|p2a: Mandibuzz\n|-damage|p2a: Mandibuzz|180/326\n|-damage|p1a: Whiscash|59/337 tox|[from] item: Life Orb\n|\n|-damage|p1a: Whiscash|17/337 tox|[from] psn\n|upkeep\n|turn|13\n|\n|t:|1733880329\n|move|p2a: Mandibuzz|Foul Play|p1a: Whiscash\n|-damage|p1a: Whiscash|0 fnt\n|faint|p1a: Whiscash\n|\n|upkeep\n|\n|t:|1733880333\n|switch|p1a: Jolteon|Jolteon, L84, F, tera:Ice|169/246\n|turn|14\n|\n|t:|1733880340\n|switch|p2a: Hatterene|Hatterene, L85, F|236/236\n|move|p1a: Jolteon|Thunderbolt|p2a: Hatterene\n|-damage|p2a: Hatterene|146/236\n|\n|-heal|p1a: Jolteon|184/246|[from] item: Leftovers\n|-heal|p2a: Hatterene|160/236|[from] item: Leftovers\n|upkeep\n|turn|15\n|\n|t:|1733880355\n|switch|p1a: Lunala|Lunala, L70|308/308\n|move|p2a: Hatterene|Mystical Fire|p1a: Lunala\n|-damage|p1a: Lunala|270/308\n|-unboost|p1a: Lunala|spa|1\n|\n|-heal|p1a: Lunala|289/308|[from] item: Leftovers\n|-heal|p2a: Hatterene|174/236|[from] item: Leftovers\n|upkeep\n|turn|16\n|\n|t:|1733880367\n|move|p1a: Lunala|Moongeist Beam|p2a: Hatterene\n|-supereffective|p2a: Hatterene\n|-damage|p2a: Hatterene|48/236\n|move|p2a: Hatterene|Psyshock|p1a: Lunala\n|-resisted|p1a: Lunala\n|-damage|p1a: Lunala|223/308\n|\n|-heal|p1a: Lunala|242/308|[from] item: Leftovers\n|-heal|p2a: Hatterene|62/236|[from] item: Leftovers\n|upkeep\n|turn|17\n|\n|t:|1733880381\n|move|p1a: Lunala|Calm Mind|p1a: Lunala\n|-boost|p1a: Lunala|spa|1\n|-boost|p1a: Lunala|spd|1\n|move|p2a: Hatterene|Draining Kiss|p1a: Lunala\n|-damage|p1a: Lunala|194/308\n|-heal|p2a: Hatterene|98/236|[from] drain|[of] p1a: Lunala\n|\n|-heal|p1a: Lunala|213/308|[from] item: Leftovers\n|-heal|p2a: Hatterene|112/236|[from] item: Leftovers\n|upkeep\n|turn|18\n|\n|t:|1733880393\n|move|p1a: Lunala|Moongeist Beam|p2a: Hatterene\n|-supereffective|p2a: Hatterene\n|-damage|p2a: Hatterene|0 fnt\n|faint|p2a: Hatterene\n|\n|-heal|p1a: Lunala|232/308|[from] item: Leftovers\n|upkeep\n|\n|t:|1733880403\n|switch|p2a: Mandibuzz|Mandibuzz, L85, F|180/326\n|turn|19\n|c|\u2606pucrj|forfeit\n|\n|t:|1733880417\n|switch|p1a: Spiritomb|Spiritomb, L89, M|234/234\n|move|p2a: Mandibuzz|Toxic|p1a: Spiritomb\n|-status|p1a: Spiritomb|tox\n|\n|-damage|p1a: Spiritomb|220/234 tox|[from] psn\n|upkeep\n|turn|20\n|c|\u2606gernominospilton|lolll\n|c|\u2606pucrj|lmao\n|c|\u2606pucrj|lmfaoooo\n|c|\u2606pucrj|lollll\n|\n|t:|1733880443\n|switch|p2a: Qwilfish|Qwilfish, L86, F|252/252\n|-ability|p2a: Qwilfish|Intimidate|boost\n|-unboost|p1a: Spiritomb|atk|1\n|move|p1a: Spiritomb|Toxic|p2a: Qwilfish\n|-immune|p2a: Qwilfish\n|\n|-heal|p1a: Spiritomb|234/234 tox|[from] item: Leftovers\n|-damage|p1a: Spiritomb|206/234 tox|[from] psn\n|upkeep\n|turn|21\n|n|!pucrj|pucrj\n|inactive|gernominospilton has 120 seconds left.\n|\n|t:|1733880467\n|switch|p1a: Torterra|Torterra, L78, M|149/276\n|move|p2a: Qwilfish|Gunk Shot|p1a: Torterra\n|-damage|p1a: Torterra|32/276\n|\n|upkeep\n|turn|22\n|inactive|gernominospilton has 120 seconds left.\n|\n|t:|1733880475\n|move|p2a: Qwilfish|Gunk Shot|p1a: Torterra\n|-damage|p1a: Torterra|0 fnt\n|faint|p1a: Torterra\n|\n|upkeep\n|c|\u2606gernominospilton|forfeit\n|\n|t:|1733880482\n|switch|p1a: Jolteon|Jolteon, L84, F, tera:Ice|184/246\n|turn|23\n|c|\u2606gernominospilton|lolllll\n|c|\u2606gernominospilton|see how stupid it sounds\n|inactive|gernominospilton has 120 seconds left.\n|\n|t:|1733880498\n|-terastallize|p2a: Qwilfish|Dark\n|move|p1a: Jolteon|Thunderbolt|p2a: Qwilfish\n|-damage|p2a: Qwilfish|110/252\n|move|p2a: Qwilfish|Thunder Wave|p1a: Jolteon\n|-heal|p1a: Jolteon|245/246|[from] ability: Volt Absorb|[of] p2a: Qwilfish\n|\n|-heal|p1a: Jolteon|246/246|[from] item: Leftovers\n|upkeep\n|turn|24\n|c|\u2606gernominospilton|NOOOOO\n|inactive|gernominospilton has 120 seconds left.\n|c|\u2606gernominospilton|aight\n|-message|gernominospilton forfeited.\n|\n|win|pucrj\n", "inputlog": ">version bfd83cad13791eb5a5a409923076391caf6fb4d4\n>start {\"formatid\":\"gen9randombattle\",\"seed\":[44729,57189,38759,38877],\"rated\":\"Rated battle\"}\n>player p1 {\"name\":\"pucrj\",\"avatar\":\"169\",\"rating\":1153,\"seed\":[35152,26025,54051,43684]}\n>player p2 {\"name\":\"gernominospilton\",\"avatar\":\"266\",\"rating\":1123,\"seed\":[50163,18833,59831,28713]}\n>p1 switch 2\n>p2 move foulplay\n>p1 move calmmind\n>p2 switch 5\n>p1 move terablast terastallize\n>p2 move knockoff\n>chat \u2606gernominospilton|nice\n>chat \u2606pucrj|lol\n>chat \u2606pucrj|ez\n>p2 switch 2\n>p1 move substitute\n>p2 move mysticalfire\n>p1 switch 4\n>p2 move mysticalfire\n>p1 move dragondance\n>p2 switch 6\n>p1 move earthquake\n>p2 move bodypress\n>p2 switch 3\n>chat \u2606pucrj|lol\n>p1 switch 5\n>p2 move judgment\n>p1 move bulletseed\n>p2 switch 5\n>p1 switch 5\n>p2 move bravebird\n>p1 move stoneedge\n>p2 move toxic\n>p1 move stoneedge\n>p2 move roost\n>p1 move liquidation\n>p2 move foulplay\n>p1 switch 4\n>p1 move thunderbolt\n>p2 switch 6\n>p1 switch 2\n>p2 move mysticalfire\n>p1 move moongeistbeam\n>p2 move psyshock\n>p1 move calmmind\n>p2 move drainingkiss\n>p1 move moongeistbeam\n>p2 move mysticalfire\n>p2 switch 6\n>chat \u2606pucrj|forfeit\n>p1 switch 6\n>p2 move toxic\n>chat \u2606gernominospilton|lolll\n>chat \u2606pucrj|lmao\n>chat \u2606pucrj|lmfaoooo\n>chat \u2606pucrj|lollll\n>p1 move toxic\n>p2 switch 4\n>chat \u2606pucrj|fuck u\n>p1 switch 5\n>p2 move gunkshot\n>p1 move shellsmash\n>p2 move gunkshot\n>chat \u2606gernominospilton|forfeit\n>p1 switch 2\n>chat \u2606gernominospilton|lolllll\n>chat \u2606gernominospilton|see how stupid it sounds\n>p1 move thunderbolt\n>p2 move thunderwave terastallize\n>chat \u2606gernominospilton|NOOOOO\n>chat \u2606gernominospilton|aight\n>forcelose p2", "uploadtime": 1733880443, "views": 1, "formatid": "gen9randombattle", "rating": null, "private": 0, "password": null}