{"id": "gen9randombattle-2260559370", "format": "[Gen 9] Random Battle", "players": ["HappyChris", "Saaskin"], "log": "|j|\u2606HappyChris\n|j|\u2606Saaskin\n|t:|1733863521\n|gametype|singles\n|player|p1|HappyChris|juggler|1807\n|player|p2|Saaskin|170|1855\n|teamsize|p1|6\n|teamsize|p2|6\n|gen|9\n|tier|[Gen 9] Random Battle\n|rated|\n|rule|Species Clause: Limit one of each Pok\u00e9mon\n|rule|HP Percentage Mod: HP is shown in percentages\n|rule|Sleep Clause Mod: Limit one foe put to sleep\n|rule|Illusion Level Mod: Illusion disguises the Pok\u00e9mon's true level\n|\n|t:|1733863521\n|start\n|switch|p1a: Torterra|Torterra, L78, F|276/276\n|switch|p2a: Heatran|Heatran, L79, F|273/273\n|-item|p2a: Heatran|Air Balloon\n|turn|1\n|inactive|Battle timer is ON: inactive players will automatically lose when time's up. (requested by Saaskin)\n|inactive|HappyChris has 120 seconds left.\n|\n|t:|1733863575\n|switch|p1a: Tentacruel|Tentacruel, L84, F|272/272\n|move|p2a: Heatran|Stealth Rock|p1a: Tentacruel\n|-sidestart|p1: HappyChris|move: Stealth Rock\n|\n|upkeep\n|turn|2\n|\n|t:|1733863582\n|switch|p2a: Furret|Furret, L94, M|312/312\n|-item|p1a: Tentacruel|Leftovers|[from] ability: Frisk|[of] p2a: Furret\n|move|p1a: Tentacruel|Toxic Spikes|p2a: Furret\n|-sidestart|p2: Saaskin|move: Toxic Spikes\n|\n|upkeep\n|turn|3\n|\n|t:|1733863598\n|move|p2a: Furret|Trick|p1a: Tentacruel\n|-activate|p2a: Furret|move: Trick|[of] p1a: Tentacruel\n|-item|p1a: Tentacruel|Choice Band|[from] move: Trick\n|-item|p2a: Furret|Leftovers|[from] move: Trick\n|move|p1a: Tentacruel|Sludge Bomb|p2a: Furret\n|-damage|p2a: Furret|216/312\n|-status|p2a: Furret|psn\n|\n|-heal|p2a: Furret|235/312 psn|[from] item: Leftovers\n|-damage|p2a: Furret|196/312 psn|[from] psn\n|upkeep\n|turn|4\n|\n|t:|1733863606\n|switch|p1a: Magcargo|Magcargo, L95, M|268/268\n|move|p2a: Furret|U-turn|p1a: Magcargo\n|-resisted|p1a: Magcargo\n|-damage|p1a: Magcargo|251/268\n|\n|t:|1733863614\n|switch|p2a: Heatran|Heatran, L79, F|273/273|[from] U-turn\n|-item|p2a: Heatran|Air Balloon\n|\n|upkeep\n|turn|5\n|\n|t:|1733863624\n|move|p2a: Heatran|Earth Power|p1a: Magcargo\n|-supereffective|p1a: Magcargo\n|-damage|p1a: Magcargo|0 fnt\n|faint|p1a: Magcargo\n|\n|upkeep\n|\n|t:|1733863629\n|switch|p1a: Tentacruel|Tentacruel, L84, F|272/272\n|-damage|p1a: Tentacruel|238/272|[from] Stealth Rock\n|turn|6\n|\n|t:|1733863634\n|switch|p2a: Registeel|Registeel, L81|262/262\n|move|p1a: Tentacruel|Surf|p2a: Registeel\n|-damage|p2a: Registeel|210/262\n|\n|-heal|p2a: Registeel|226/262|[from] item: Leftovers\n|upkeep\n|turn|7\n|\n|t:|1733863641\n|switch|p1a: Azelf|Azelf, L82|257/257\n|-damage|p1a: Azelf|225/257|[from] Stealth Rock\n|move|p2a: Registeel|Iron Defense|p2a: Registeel\n|-boost|p2a: Registeel|def|2\n|\n|-heal|p2a: Registeel|242/262|[from] item: Leftovers\n|upkeep\n|turn|8\n|\n|t:|1733863647\n|move|p1a: Azelf|Knock Off|p2a: Registeel\n|-damage|p2a: Registeel|216/262\n|-enditem|p2a: Registeel|Leftovers|[from] move: Knock Off|[of] p1a: Azelf\n|move|p2a: Registeel|Thunder Wave|p1a: Azelf\n|-status|p1a: Azelf|par\n|\n|upkeep\n|turn|9\n|\n|t:|1733863653\n|move|p2a: Registeel|Iron Head|p1a: Azelf\n|-damage|p1a: Azelf|146/257 par\n|cant|p1a: Azelf|par\n|\n|upkeep\n|turn|10\n|\n|t:|1733863657\n|move|p2a: Registeel|Iron Head|p1a: Azelf\n|-damage|p1a: Azelf|59/257 par\n|cant|p1a: Azelf|flinch\n|\n|upkeep\n|turn|11\n|\n|t:|1733863661\n|move|p2a: Registeel|Iron Head|p1a: Azelf\n|-damage|p1a: Azelf|0 fnt\n|faint|p1a: Azelf\n|\n|upkeep\n|\n|t:|1733863666\n|switch|p1a: Oranguru|Oranguru, L92, M|315/315\n|-damage|p1a: Oranguru|276/315|[from] Stealth Rock\n|turn|12\n|\n|t:|1733863679\n|move|p1a: Oranguru|Trick|p2a: Registeel\n|-activate|p1a: Oranguru|move: Trick|[of] p2a: Registeel\n|-item|p2a: Registeel|Choice Specs|[from] move: Trick\n|-enditem|p1a: Oranguru|Choice Specs|[silent]|[from] move: Trick\n|move|p2a: Registeel|Thunder Wave|p1a: Oranguru\n|-status|p1a: Oranguru|par\n|\n|upkeep\n|turn|13\n|\n|t:|1733863690\n|switch|p2a: Furret|Furret, L94, M|196/312 psn\n|move|p1a: Oranguru|Thunderbolt|p2a: Furret\n|-damage|p2a: Furret|114/312 psn\n|\n|-heal|p2a: Furret|133/312 psn|[from] item: Leftovers\n|-damage|p2a: Furret|94/312 psn|[from] psn\n|upkeep\n|turn|14\n|\n|t:|1733863698\n|move|p2a: Furret|Double-Edge|p1a: Oranguru\n|-damage|p1a: Oranguru|143/315 par\n|-damage|p2a: Furret|50/312 psn|[from] Recoil\n|cant|p1a: Oranguru|par\n|\n|-heal|p2a: Furret|69/312 psn|[from] item: Leftovers\n|-damage|p2a: Furret|30/312 psn|[from] psn\n|upkeep\n|turn|15\n|\n|t:|1733863702\n|move|p2a: Furret|Double-Edge|p1a: Oranguru\n|-damage|p1a: Oranguru|5/315 par\n|-damage|p2a: Furret|0 fnt|[from] Recoil\n|faint|p2a: Furret\n|move|p1a: Oranguru|Hyper Voice|p2: Furret|[notarget]\n|-fail|p1a: Oranguru\n|\n|upkeep\n|\n|t:|1733863712\n|switch|p2a: Heatran|Heatran, L79, F|273/273\n|-item|p2a: Heatran|Air Balloon\n|turn|16\n|\n|t:|1733863716\n|move|p2a: Heatran|Earth Power|p1a: Oranguru\n|-crit|p1a: Oranguru\n|-damage|p1a: Oranguru|0 fnt\n|faint|p1a: Oranguru\n|\n|upkeep\n|\n|t:|1733863719\n|switch|p1a: Tatsugiri|Tatsugiri, L87, F|260/260\n|turn|17\n|\n|t:|1733863732\n|switch|p2a: Registeel|Registeel, L81|216/262\n|move|p1a: Tatsugiri|Rapid Spin|p2a: Registeel\n|-resisted|p2a: Registeel\n|-damage|p2a: Registeel|208/262\n|-boost|p1a: Tatsugiri|spe|1\n|-sideend|p1: HappyChris|Stealth Rock|[from] move: Rapid Spin|[of] p1a: Tatsugiri\n|\n|upkeep\n|turn|18\n|\n|t:|1733863737\n|switch|p1a: Torterra|Torterra, L78, F|276/276\n|move|p2a: Registeel|Body Press|p1a: Torterra\n|-damage|p1a: Torterra|204/276\n|\n|upkeep\n|turn|19\n|\n|t:|1733863749\n|switch|p1a: Tentacruel|Tentacruel, L84, F|238/272\n|move|p2a: Registeel|Body Press|p1a: Tentacruel\n|-resisted|p1a: Tentacruel\n|-damage|p1a: Tentacruel|193/272\n|\n|upkeep\n|turn|20\n|\n|t:|1733863758\n|move|p1a: Tentacruel|Surf|p2a: Registeel\n|-damage|p2a: Registeel|154/262\n|move|p2a: Registeel|Body Press|p1a: Tentacruel\n|-resisted|p1a: Tentacruel\n|-damage|p1a: Tentacruel|146/272\n|\n|upkeep\n|turn|21\n|\n|t:|1733863763\n|switch|p2a: Keldeo|Keldeo-Resolute, L79|273/273\n|-status|p2a: Keldeo|psn\n|move|p1a: Tentacruel|Surf|p2a: Keldeo\n|-resisted|p2a: Keldeo\n|-damage|p2a: Keldeo|231/273 psn\n|\n|-damage|p2a: Keldeo|197/273 psn|[from] psn\n|upkeep\n|turn|22\n|\n|t:|1733863770\n|move|p2a: Keldeo|Calm Mind|p2a: Keldeo\n|-boost|p2a: Keldeo|spa|1\n|-boost|p2a: Keldeo|spd|1\n|move|p1a: Tentacruel|Surf|p2a: Keldeo\n|-resisted|p2a: Keldeo\n|-damage|p2a: Keldeo|168/273 psn\n|\n|-damage|p2a: Keldeo|134/273 psn|[from] psn\n|upkeep\n|turn|23\n|\n|t:|1733863777\n|move|p2a: Keldeo|Hydro Pump|p1a: Tentacruel\n|-resisted|p1a: Tentacruel\n|-damage|p1a: Tentacruel|43/272\n|-damage|p2a: Keldeo|107/273 psn|[from] item: Life Orb\n|move|p1a: Tentacruel|Surf|p2a: Keldeo\n|-resisted|p2a: Keldeo\n|-damage|p2a: Keldeo|78/273 psn\n|\n|-damage|p2a: Keldeo|44/273 psn|[from] psn\n|upkeep\n|turn|24\n|\n|t:|1733863781\n|move|p2a: Keldeo|Secret Sword|p1a: Tentacruel\n|-resisted|p1a: Tentacruel\n|-damage|p1a: Tentacruel|0 fnt\n|faint|p1a: Tentacruel\n|-damage|p2a: Keldeo|17/273 psn|[from] item: Life Orb\n|\n|-damage|p2a: Keldeo|0 fnt|[from] psn\n|faint|p2a: Keldeo\n|upkeep\n|\n|t:|1733863787\n|switch|p2a: Staraptor|Staraptor, L79, M|263/263\n|switch|p1a: Tatsugiri|Tatsugiri, L87, F|260/260\n|turn|25\n|\n|t:|1733863792\n|-terastallize|p2a: Staraptor|Flying\n|move|p2a: Staraptor|Brave Bird|p1a: Tatsugiri\n|-damage|p1a: Tatsugiri|0 fnt\n|faint|p1a: Tatsugiri\n|-damage|p2a: Staraptor|177/263|[from] Recoil\n|\n|upkeep\n|\n|t:|1733863796\n|switch|p1a: Torterra|Torterra, L78, F|204/276\n|turn|26\n|\n|t:|1733863800\n|-terastallize|p1a: Torterra|Rock\n|move|p2a: Staraptor|Brave Bird|p1a: Torterra\n|-resisted|p1a: Torterra\n|-damage|p1a: Torterra|55/276\n|-damage|p2a: Staraptor|128/263|[from] Recoil\n|move|p1a: Torterra|Shell Smash|p1a: Torterra\n|-unboost|p1a: Torterra|def|1\n|-unboost|p1a: Torterra|spd|1\n|-boost|p1a: Torterra|atk|2\n|-boost|p1a: Torterra|spa|2\n|-boost|p1a: Torterra|spe|2\n|\n|upkeep\n|turn|27\n|\n|t:|1733863809\n|switch|p2a: Registeel|Registeel, L81|154/262\n|move|p1a: Torterra|Rock Blast|p2a: Registeel\n|-resisted|p2a: Registeel\n|-damage|p2a: Registeel|138/262\n|-resisted|p2a: Registeel\n|-crit|p2a: Registeel\n|-damage|p2a: Registeel|112/262\n|-resisted|p2a: Registeel\n|-damage|p2a: Registeel|94/262\n|-resisted|p2a: Registeel\n|-crit|p2a: Registeel\n|-damage|p2a: Registeel|67/262\n|-resisted|p2a: Registeel\n|-damage|p2a: Registeel|49/262\n|-hitcount|p2a: Registeel|5\n|\n|upkeep\n|turn|28\n|\n|t:|1733863818\n|move|p1a: Torterra|Bullet Seed|p2a: Registeel\n|-resisted|p2a: Registeel\n|-damage|p2a: Registeel|24/262\n|-resisted|p2a: Registeel\n|-damage|p2a: Registeel|0 fnt\n|faint|p2a: Registeel\n|-hitcount|p2: Registeel|2\n|\n|upkeep\n|\n|t:|1733863820\n|switch|p2a: Heatran|Heatran, L79, F|273/273\n|-item|p2a: Heatran|Air Balloon\n|turn|29\n|\n|t:|1733863824\n|move|p1a: Torterra|Rock Blast|p2a: Heatran\n|-damage|p2a: Heatran|225/273\n|-enditem|p2a: Heatran|Air Balloon\n|-damage|p2a: Heatran|177/273\n|-damage|p2a: Heatran|131/273\n|-damage|p2a: Heatran|85/273\n|-hitcount|p2a: Heatran|4\n|move|p2a: Heatran|Earth Power|p1a: Torterra\n|-supereffective|p1a: Torterra\n|-damage|p1a: Torterra|0 fnt\n|faint|p1a: Torterra\n|\n|win|Saaskin\n|raw|HappyChris's rating: 1807 &rarr; <strong>1790</strong><br />(-17 for losing)\n|raw|Saaskin's rating: 1855 &rarr; <strong>1872</strong><br />(+17 for winning)\n|c|\u2606HappyChris|gg\n", "inputlog": ">version bfd83cad13791eb5a5a409923076391caf6fb4d4\n>start {\"formatid\":\"gen9randombattle\",\"seed\":[21350,29852,36729,4523],\"rated\":\"Rated battle\"}\n>player p1 {\"name\":\"HappyChris\",\"avatar\":\"juggler\",\"rating\":1807,\"seed\":[23638,28550,42274,10012]}\n>player p2 {\"name\":\"Saaskin\",\"avatar\":\"170\",\"rating\":1855,\"seed\":[10181,27672,33817,29852]}\n>p1 switch 5\n>p2 move stealthrock\n>p1 move toxicspikes\n>p2 switch 6\n>p1 move sludgebomb\n>p2 move trick\n>p1 switch 2\n>p2 move uturn\n>p2 switch 6\n>p1 move stealthrock\n>p2 move earthpower\n>p1 switch 2\n>p1 move surf\n>p2 switch 2\n>p1 switch 4\n>p2 move irondefense\n>p1 move knockoff\n>p2 move thunderwave\n>p1 move fireblast\n>p2 move ironhead\n>p1 move fireblast\n>p2 move ironhead\n>p1 move fireblast\n>p2 move ironhead\n>p1 switch 6\n>p1 move trick\n>p2 move thunderwave\n>p1 move thunderbolt\n>p2 switch 6\n>p1 move hypervoice\n>p2 move doubleedge\n>p1 move hypervoice\n>p2 move doubleedge\n>p2 switch 2\n>p1 move hypervoice\n>p2 move earthpower\n>p1 switch 3\n>p1 move rapidspin\n>p2 switch 6\n>p1 switch 5\n>p2 move bodypress\n>p1 switch 4\n>p2 move bodypress\n>p1 move surf\n>p2 move bodypress\n>p1 move surf\n>p2 switch 4\n>p1 move surf\n>p2 move calmmind\n>p1 move surf\n>p2 move hydropump\n>p1 move surf\n>p2 move secretsword\n>p1 switch 5\n>p2 switch 3\n>p1 move rapidspin\n>p2 move bravebird terastallize\n>p1 switch 4\n>p1 move shellsmash terastallize\n>p2 move bravebird\n>p1 move rockblast\n>p2 switch 4\n>p1 move bulletseed\n>p2 move ironhead\n>p2 switch 6\n>p1 move rockblast\n>p2 move earthpower", "uploadtime": 1733863831, "views": 2, "formatid": "gen9randombattle", "rating": 1790, "private": 0, "password": null}