{"id": "gen9randombattle-2260591843", "format": "[Gen 9] Random Battle", "players": ["Lake Mabals", "caecaeshyshy"], "log": "|j|\u2606Lake Mabals\n|j|\u2606caecaeshyshy\n|t:|1733866944\n|gametype|singles\n|player|p1|Lake Mabals|cynthia-gen4|1274\n|player|p2|caecaeshyshy|169|1226\n|teamsize|p1|6\n|teamsize|p2|6\n|gen|9\n|tier|[Gen 9] Random Battle\n|rated|\n|rule|Species Clause: Limit one of each Pok\u00e9mon\n|rule|HP Percentage Mod: HP is shown in percentages\n|rule|Sleep Clause Mod: Limit one foe put to sleep\n|rule|Illusion Level Mod: Illusion disguises the Pok\u00e9mon's true level\n|\n|t:|1733866944\n|start\n|switch|p1a: Ogerpon|Ogerpon-Cornerstone, L76, F|247/247\n|switch|p2a: Porygon2|Porygon2, L82|274/274\n|-ability|p2a: Porygon2|Download|boost\n|-boost|p2a: Porygon2|atk|1\n|turn|1\n|inactive|Battle timer is ON: inactive players will automatically lose when time's up. (requested by caecaeshyshy)\n|inactive|Lake Mabals has 120 seconds left.\n|\n|t:|1733866986\n|switch|p1a: Pincurchin|Pincurchin, F|258/258\n|-fieldstart|move: Electric Terrain|[from] ability: Electric Surge|[of] p1a: Pincurchin\n|move|p2a: Porygon2|Thunder Wave|p1a: Pincurchin\n|-immune|p1a: Pincurchin\n|\n|upkeep\n|turn|2\n|\n|t:|1733867003\n|switch|p2a: Chansey|Chansey, L85, F|564/564\n|move|p1a: Pincurchin|Curse|p1a: Pincurchin\n|-unboost|p1a: Pincurchin|spe|1\n|-boost|p1a: Pincurchin|atk|1\n|-boost|p1a: Pincurchin|def|1\n|\n|upkeep\n|turn|3\n|\n|t:|1733867009\n|move|p2a: Chansey|Stealth Rock|p1a: Pincurchin\n|-sidestart|p1: Lake Mabals|move: Stealth Rock\n|move|p1a: Pincurchin|Curse|p1a: Pincurchin\n|-unboost|p1a: Pincurchin|spe|1\n|-boost|p1a: Pincurchin|atk|1\n|-boost|p1a: Pincurchin|def|1\n|\n|upkeep\n|turn|4\n|\n|t:|1733867027\n|move|p2a: Chansey|Seismic Toss|p1a: Pincurchin\n|-damage|p1a: Pincurchin|173/258\n|move|p1a: Pincurchin|Curse|p1a: Pincurchin\n|-unboost|p1a: Pincurchin|spe|1\n|-boost|p1a: Pincurchin|atk|1\n|-boost|p1a: Pincurchin|def|1\n|\n|-heal|p1a: Pincurchin|189/258|[from] item: Leftovers\n|upkeep\n|turn|5\n|\n|t:|1733867039\n|move|p2a: Chansey|Seismic Toss|p1a: Pincurchin\n|-damage|p1a: Pincurchin|104/258\n|move|p1a: Pincurchin|Zing Zap|p2a: Chansey\n|-damage|p2a: Chansey|0 fnt\n|faint|p2a: Chansey\n|\n|-heal|p1a: Pincurchin|120/258|[from] item: Leftovers\n|-fieldend|move: Electric Terrain\n|upkeep\n|\n|t:|1733867051\n|switch|p2a: Torterra|Torterra, L78, F|276/276\n|turn|6\n|\n|t:|1733867055\n|move|p2a: Torterra|Headlong Rush|p1a: Pincurchin\n|-supereffective|p1a: Pincurchin\n|-crit|p1a: Pincurchin\n|-damage|p1a: Pincurchin|0 fnt\n|-unboost|p2a: Torterra|def|1\n|-unboost|p2a: Torterra|spd|1\n|faint|p1a: Pincurchin\n|\n|upkeep\n|\n|t:|1733867059\n|switch|p1a: Weavile|Weavile, L79, F|239/239\n|-damage|p1a: Weavile|180/239|[from] Stealth Rock\n|turn|7\n|\n|t:|1733867070\n|switch|p2a: Duraludon|Duraludon, L82, F|249/249\n|move|p1a: Weavile|Triple Axel|p2a: Duraludon|[miss]\n|-miss|p1a: Weavile|p2a: Duraludon\n|\n|upkeep\n|turn|8\n|\n|t:|1733867079\n|move|p1a: Weavile|Triple Axel|p2a: Duraludon\n|-damage|p2a: Duraludon|230/249\n|-damage|p2a: Duraludon|190/249\n|-hitcount|p2a: Duraludon|2\n|move|p2a: Duraludon|Iron Defense|p2a: Duraludon\n|-boost|p2a: Duraludon|def|2\n|\n|upkeep\n|turn|9\n|\n|t:|1733867086\n|switch|p1a: Kilowattrel|Kilowattrel, L83, F|252/252\n|move|p2a: Duraludon|Iron Defense|p2a: Duraludon\n|-boost|p2a: Duraludon|def|2\n|\n|upkeep\n|turn|10\n|\n|t:|1733867100\n|move|p1a: Kilowattrel|Thunder Wave|p2a: Duraludon\n|-status|p2a: Duraludon|par\n|move|p2a: Duraludon|Iron Defense|p2a: Duraludon\n|-boost|p2a: Duraludon|def|2\n|\n|upkeep\n|turn|11\n|-message|Lake Mabals forfeited.\n|\n|win|caecaeshyshy\n|raw|Lake Mabals's rating: 1274 &rarr; <strong>1246</strong><br />(-28 for losing)\n|raw|caecaeshyshy's rating: 1226 &rarr; <strong>1254</strong><br />(+28 for winning)\n|l|\u2606Lake Mabals\n|player|p1|\n", "inputlog": ">version bfd83cad13791eb5a5a409923076391caf6fb4d4\n>start {\"formatid\":\"gen9randombattle\",\"seed\":[43825,38877,59179,37442],\"rated\":\"Rated battle\"}\n>player p1 {\"name\":\"Lake Mabals\",\"avatar\":\"cynthia-gen4\",\"rating\":1274,\"seed\":[26295,32016,19286,16430]}\n>player p2 {\"name\":\"caecaeshyshy\",\"avatar\":\"169\",\"rating\":1226,\"seed\":[34584,50282,8955,422]}\n>p1 switch 6\n>p2 move thunderwave\n>p1 move curse\n>p2 switch 2\n>p1 move curse\n>p2 move stealthrock\n>p1 move curse\n>p2 move seismictoss\n>p1 move zingzap\n>p2 move seismictoss\n>p2 switch 6\n>p1 move recover\n>p2 move headlongrush\n>p1 switch 5\n>p1 move tripleaxel\n>p2 switch 3\n>p1 move tripleaxel\n>p2 move irondefense\n>p1 switch 2\n>p2 move irondefense\n>p1 move thunderwave\n>p2 move irondefense\n>forcelose p1", "uploadtime": 1733867122, "views": 1, "formatid": "gen9randombattle", "rating": 1246, "private": 0, "password": null}