{"id": "gen9randombattle-2259952526", "format": "[Gen 9] Random Battle", "players": ["EL NEGRO 0SCUR0", "UntitledGoose.exe"], "log": "|j|\u2606EL NEGRO 0SCUR0\n|j|\u2606UntitledGoose.exe\n|t:|1733783638\n|gametype|singles\n|player|p1|EL NEGRO 0SCUR0|hoopster|1971\n|player|p2|UntitledGoose.exe|alder|1953\n|teamsize|p1|6\n|teamsize|p2|6\n|gen|9\n|tier|[Gen 9] Random Battle\n|rated|\n|rule|Species Clause: Limit one of each Pok\u00e9mon\n|rule|HP Percentage Mod: HP is shown in percentages\n|rule|Sleep Clause Mod: Limit one foe put to sleep\n|rule|Illusion Level Mod: Illusion disguises the Pok\u00e9mon's true level\n|\n|t:|1733783638\n|start\n|switch|p1a: Tyranitar|Tyranitar, L79, M|288/288\n|switch|p2a: Swanna|Swanna, L88, M|275/275\n|-weather|Sandstorm|[from] ability: Sand Stream|[of] p1a: Tyranitar\n|turn|1\n|inactive|Battle timer is ON: inactive players will automatically lose when time's up. (requested by EL NEGRO 0SCUR0)\n|\n|t:|1733783658\n|move|p2a: Swanna|Hydro Pump|p1a: Tyranitar\n|-supereffective|p1a: Tyranitar\n|-damage|p1a: Tyranitar|178/288\n|move|p1a: Tyranitar|Knock Off|p2a: Swanna\n|-damage|p2a: Swanna|137/275\n|-enditem|p2a: Swanna|Heavy-Duty Boots|[from] move: Knock Off|[of] p1a: Tyranitar\n|\n|-weather|Sandstorm|[upkeep]\n|-damage|p2a: Swanna|120/275|[from] Sandstorm\n|upkeep\n|turn|2\n|\n|t:|1733783671\n|switch|p1a: Dunsparce|Dunsparce, L86, M|312/312\n|move|p2a: Swanna|Hydro Pump|p1a: Dunsparce|[miss]\n|-miss|p2a: Swanna|p1a: Dunsparce\n|\n|-weather|Sandstorm|[upkeep]\n|-damage|p2a: Swanna|103/275|[from] Sandstorm\n|-damage|p1a: Dunsparce|293/312|[from] Sandstorm\n|upkeep\n|turn|3\n|\n|t:|1733783677\n|switch|p2a: Zangoose|Zangoose, L85, F|263/263\n|move|p1a: Dunsparce|Body Slam|p2a: Zangoose\n|-damage|p2a: Zangoose|169/263\n|\n|-weather|Sandstorm|[upkeep]\n|-damage|p2a: Zangoose|153/263|[from] Sandstorm\n|-damage|p1a: Dunsparce|274/312|[from] Sandstorm\n|-status|p2a: Zangoose|tox|[from] item: Toxic Orb\n|upkeep\n|turn|4\n|\n|t:|1733783686\n|move|p2a: Zangoose|Swords Dance|p2a: Zangoose\n|-boost|p2a: Zangoose|atk|2\n|move|p1a: Dunsparce|Body Slam|p2a: Zangoose\n|-damage|p2a: Zangoose|59/263 tox\n|\n|-weather|Sandstorm|[upkeep]\n|-damage|p2a: Zangoose|43/263 tox|[from] Sandstorm\n|-damage|p1a: Dunsparce|255/312|[from] Sandstorm\n|-damage|p2a: Zangoose|27/263 tox|[from] psn\n|upkeep\n|turn|5\n|\n|t:|1733783698\n|switch|p1a: Orthworm|Orthworm, L88, F|266/266\n|move|p2a: Zangoose|Knock Off|p1a: Orthworm\n|-damage|p1a: Orthworm|117/266\n|-enditem|p1a: Orthworm|Chesto Berry|[from] move: Knock Off|[of] p2a: Zangoose\n|\n|-weather|none\n|-damage|p2a: Zangoose|0 fnt|[from] psn\n|faint|p2a: Zangoose\n|upkeep\n|\n|t:|1733783707\n|switch|p2a: Lunala|Lunala, L70|308/308\n|turn|6\n|\n|t:|1733783715\n|move|p2a: Lunala|Moongeist Beam|p1a: Orthworm\n|-damage|p1a: Orthworm|0 fnt\n|faint|p1a: Orthworm\n|\n|upkeep\n|\n|t:|1733783721\n|switch|p1a: Tyranitar|Tyranitar, L79, M|178/288\n|-weather|Sandstorm|[from] ability: Sand Stream|[of] p1a: Tyranitar\n|turn|7\n|\n|t:|1733783728\n|switch|p2a: Bellibolt|Bellibolt, L84, F|320/320\n|move|p1a: Tyranitar|Knock Off|p2a: Bellibolt\n|-damage|p2a: Bellibolt|208/320\n|-start|p2a: Bellibolt|Charge|Knock Off|[from] ability: Electromorphosis\n|-enditem|p2a: Bellibolt|Leftovers|[from] move: Knock Off|[of] p1a: Tyranitar\n|\n|-weather|Sandstorm|[upkeep]\n|-damage|p2a: Bellibolt|188/320|[from] Sandstorm\n|upkeep\n|turn|8\n|\n|t:|1733783738\n|switch|p1a: Toedscruel|Toedscruel, L87, M|281/281\n|move|p2a: Bellibolt|Thunderbolt|p1a: Toedscruel\n|-immune|p1a: Toedscruel\n|-end|p2a: Bellibolt|Charge|[silent]\n|\n|-weather|Sandstorm|[upkeep]\n|-damage|p2a: Bellibolt|168/320|[from] Sandstorm\n|upkeep\n|turn|9\n|\n|t:|1733783743\n|switch|p2a: Swanna|Swanna, L88, M|103/275\n|move|p1a: Toedscruel|Toxic|p2a: Swanna\n|-status|p2a: Swanna|tox\n|\n|-weather|Sandstorm|[upkeep]\n|-damage|p2a: Swanna|86/275 tox|[from] Sandstorm\n|-damage|p2a: Swanna|69/275 tox|[from] psn\n|upkeep\n|turn|10\n|\n|t:|1733783748\n|move|p1a: Toedscruel|Giga Drain|p2a: Swanna\n|-damage|p2a: Swanna|0 fnt\n|faint|p2a: Swanna\n|\n|-weather|Sandstorm|[upkeep]\n|upkeep\n|\n|t:|1733783754\n|switch|p2a: Frosmoth|Frosmoth, L82, F|249/249\n|turn|11\n|\n|t:|1733783765\n|-terastallize|p1a: Toedscruel|Water\n|move|p2a: Frosmoth|Ice Beam|p1a: Toedscruel\n|-resisted|p1a: Toedscruel\n|-damage|p1a: Toedscruel|239/281\n|move|p1a: Toedscruel|Toxic|p2a: Frosmoth\n|-status|p2a: Frosmoth|tox\n|\n|-weather|none\n|-heal|p1a: Toedscruel|256/281|[from] item: Leftovers\n|-damage|p2a: Frosmoth|234/249 tox|[from] psn\n|upkeep\n|turn|12\n|\n|t:|1733783780\n|move|p1a: Toedscruel|Giga Drain|p2a: Frosmoth\n|-resisted|p2a: Frosmoth\n|-damage|p2a: Frosmoth|216/249 tox\n|-heal|p1a: Toedscruel|265/281|[from] drain|[of] p2a: Frosmoth\n|move|p2a: Frosmoth|Quiver Dance|p2a: Frosmoth\n|-boost|p2a: Frosmoth|spa|1\n|-boost|p2a: Frosmoth|spd|1\n|-boost|p2a: Frosmoth|spe|1\n|\n|-heal|p1a: Toedscruel|281/281|[from] item: Leftovers\n|-damage|p2a: Frosmoth|186/249 tox|[from] psn\n|upkeep\n|turn|13\n|\n|t:|1733783783\n|move|p2a: Frosmoth|Giga Drain|p1a: Toedscruel\n|-supereffective|p1a: Toedscruel\n|-damage|p1a: Toedscruel|149/281\n|-heal|p2a: Frosmoth|249/249 tox|[from] drain|[of] p1a: Toedscruel\n|move|p1a: Toedscruel|Rapid Spin|p2a: Frosmoth\n|-damage|p2a: Frosmoth|211/249 tox\n|-boost|p1a: Toedscruel|spe|1\n|\n|-heal|p1a: Toedscruel|166/281|[from] item: Leftovers\n|-damage|p2a: Frosmoth|166/249 tox|[from] psn\n|upkeep\n|turn|14\n|\n|t:|1733783789\n|move|p1a: Toedscruel|Giga Drain|p2a: Frosmoth\n|-resisted|p2a: Frosmoth\n|-damage|p2a: Frosmoth|154/249 tox\n|-heal|p1a: Toedscruel|172/281|[from] drain|[of] p2a: Frosmoth\n|move|p2a: Frosmoth|Giga Drain|p1a: Toedscruel\n|-supereffective|p1a: Toedscruel\n|-damage|p1a: Toedscruel|32/281\n|-heal|p2a: Frosmoth|224/249 tox|[from] drain|[of] p1a: Toedscruel\n|\n|-heal|p1a: Toedscruel|49/281|[from] item: Leftovers\n|-damage|p2a: Frosmoth|164/249 tox|[from] psn\n|upkeep\n|turn|15\n|\n|t:|1733783800\n|switch|p1a: Dunsparce|Dunsparce, L86, M|255/312\n|move|p2a: Frosmoth|Giga Drain|p1a: Dunsparce\n|-damage|p1a: Dunsparce|175/312\n|-heal|p2a: Frosmoth|204/249 tox|[from] drain|[of] p1a: Dunsparce\n|\n|-damage|p2a: Frosmoth|129/249 tox|[from] psn\n|upkeep\n|turn|16\n|\n|t:|1733783808\n|move|p2a: Frosmoth|Ice Beam|p1a: Dunsparce\n|-damage|p1a: Dunsparce|36/312\n|move|p1a: Dunsparce|Roost|p1a: Dunsparce\n|-heal|p1a: Dunsparce|192/312\n|-singleturn|p1a: Dunsparce|move: Roost\n|\n|-damage|p2a: Frosmoth|39/249 tox|[from] psn\n|upkeep\n|turn|17\n|\n|t:|1733783811\n|move|p2a: Frosmoth|Ice Beam|p1a: Dunsparce\n|-damage|p1a: Dunsparce|57/312\n|move|p1a: Dunsparce|Roost|p1a: Dunsparce\n|-heal|p1a: Dunsparce|213/312\n|-singleturn|p1a: Dunsparce|move: Roost\n|\n|-damage|p2a: Frosmoth|0 fnt|[from] psn\n|faint|p2a: Frosmoth\n|upkeep\n|\n|t:|1733783815\n|switch|p2a: Azelf|Azelf, L82|257/257\n|turn|18\n|\n|t:|1733783820\n|move|p2a: Azelf|Psychic|p1a: Dunsparce\n|-damage|p1a: Dunsparce|91/312\n|-damage|p2a: Azelf|232/257|[from] item: Life Orb\n|move|p1a: Dunsparce|Roost|p1a: Dunsparce\n|-heal|p1a: Dunsparce|247/312\n|-singleturn|p1a: Dunsparce|move: Roost\n|\n|upkeep\n|turn|19\n|\n|t:|1733783825\n|move|p2a: Azelf|Knock Off|p1a: Dunsparce\n|-crit|p1a: Dunsparce\n|-damage|p1a: Dunsparce|121/312\n|-enditem|p1a: Dunsparce|Eviolite|[from] move: Knock Off|[of] p2a: Azelf\n|-damage|p2a: Azelf|207/257|[from] item: Life Orb\n|move|p1a: Dunsparce|Roost|p1a: Dunsparce\n|-heal|p1a: Dunsparce|277/312\n|-singleturn|p1a: Dunsparce|move: Roost\n|\n|upkeep\n|turn|20\n|\n|t:|1733783831\n|move|p2a: Azelf|Psychic|p1a: Dunsparce\n|-crit|p1a: Dunsparce\n|-damage|p1a: Dunsparce|16/312\n|-damage|p2a: Azelf|182/257|[from] item: Life Orb\n|move|p1a: Dunsparce|Body Slam|p2a: Azelf\n|-damage|p2a: Azelf|89/257\n|-status|p2a: Azelf|par\n|\n|upkeep\n|turn|21\n|\n|t:|1733783840\n|move|p1a: Dunsparce|Body Slam|p2a: Azelf\n|-damage|p2a: Azelf|0 fnt\n|faint|p2a: Azelf\n|\n|upkeep\n|\n|t:|1733783845\n|switch|p2a: Lunala|Lunala, L70|308/308\n|turn|22\n|\n|t:|1733783849\n|move|p2a: Lunala|Psyshock|p1a: Dunsparce\n|-damage|p1a: Dunsparce|0 fnt\n|faint|p1a: Dunsparce\n|\n|upkeep\n|\n|t:|1733783854\n|switch|p1a: Tyranitar|Tyranitar, L79, M|178/288\n|-weather|Sandstorm|[from] ability: Sand Stream|[of] p1a: Tyranitar\n|turn|23\n|\n|t:|1733783859\n|-terastallize|p2a: Lunala|Dark\n|move|p2a: Lunala|Calm Mind|p2a: Lunala\n|-boost|p2a: Lunala|spa|1\n|-boost|p2a: Lunala|spd|1\n|move|p1a: Tyranitar|Knock Off|p2a: Lunala\n|-resisted|p2a: Lunala\n|-damage|p2a: Lunala|272/308\n|-enditem|p2a: Lunala|Leftovers|[from] move: Knock Off|[of] p1a: Tyranitar\n|\n|-weather|Sandstorm|[upkeep]\n|-damage|p2a: Lunala|253/308|[from] Sandstorm\n|upkeep\n|turn|24\n|\n|t:|1733783866\n|move|p2a: Lunala|Calm Mind|p2a: Lunala\n|-boost|p2a: Lunala|spa|1\n|-boost|p2a: Lunala|spd|1\n|move|p1a: Tyranitar|Dragon Tail|p2a: Lunala\n|-damage|p2a: Lunala|198/308\n|drag|p2a: Bellibolt|Bellibolt, L84, F|168/320\n|\n|-weather|Sandstorm|[upkeep]\n|-damage|p2a: Bellibolt|148/320|[from] Sandstorm\n|upkeep\n|turn|25\n|\n|t:|1733783880\n|move|p1a: Tyranitar|Stone Edge|p2a: Bellibolt\n|-damage|p2a: Bellibolt|34/320\n|-start|p2a: Bellibolt|Charge|Stone Edge|[from] ability: Electromorphosis\n|move|p2a: Bellibolt|Thunderbolt|p1a: Tyranitar\n|-damage|p1a: Tyranitar|100/288\n|-end|p2a: Bellibolt|Charge|[silent]\n|\n|-weather|Sandstorm|[upkeep]\n|-damage|p2a: Bellibolt|14/320|[from] Sandstorm\n|upkeep\n|turn|26\n|\n|t:|1733783886\n|move|p1a: Tyranitar|Knock Off|p2a: Bellibolt\n|-damage|p2a: Bellibolt|0 fnt\n|faint|p2a: Bellibolt\n|\n|-weather|Sandstorm|[upkeep]\n|upkeep\n|\n|t:|1733783888\n|switch|p2a: Lunala|Lunala, L70, tera:Dark|198/308\n|turn|27\n|\n|t:|1733783893\n|switch|p1a: Toedscruel|Toedscruel, L87, M, tera:Water|49/281\n|move|p2a: Lunala|Moonlight|p2a: Lunala\n|-heal|p2a: Lunala|275/308\n|\n|-weather|none\n|-heal|p1a: Toedscruel|66/281|[from] item: Leftovers\n|upkeep\n|turn|28\n|\n|t:|1733783898\n|move|p2a: Lunala|Psyshock|p1a: Toedscruel\n|-damage|p1a: Toedscruel|0 fnt\n|faint|p1a: Toedscruel\n|\n|upkeep\n|\n|t:|1733783903\n|switch|p1a: Kilowattrel|Kilowattrel, L83, M|252/252\n|turn|29\n|\n|t:|1733783905\n|move|p1a: Kilowattrel|Thunder Wave|p2a: Lunala\n|-status|p2a: Lunala|par\n|move|p2a: Lunala|Calm Mind|p2a: Lunala\n|-boost|p2a: Lunala|spa|1\n|-boost|p2a: Lunala|spd|1\n|\n|upkeep\n|turn|30\n|\n|t:|1733783912\n|switch|p1a: Tyranitar|Tyranitar, L79, M|100/288\n|-weather|Sandstorm|[from] ability: Sand Stream|[of] p1a: Tyranitar\n|move|p2a: Lunala|Psyshock|p1a: Tyranitar\n|-immune|p1a: Tyranitar\n|\n|-weather|Sandstorm|[upkeep]\n|-damage|p2a: Lunala|256/308 par|[from] Sandstorm\n|upkeep\n|turn|31\n|\n|t:|1733783916\n|move|p1a: Tyranitar|Stone Edge|p2a: Lunala|[miss]\n|-miss|p1a: Tyranitar|p2a: Lunala\n|cant|p2a: Lunala|par\n|\n|-weather|Sandstorm|[upkeep]\n|-damage|p2a: Lunala|237/308 par|[from] Sandstorm\n|upkeep\n|turn|32\n|\n|t:|1733783918\n|move|p1a: Tyranitar|Stone Edge|p2a: Lunala\n|-damage|p2a: Lunala|104/308 par\n|move|p2a: Lunala|Calm Mind|p2a: Lunala\n|-boost|p2a: Lunala|spa|1\n|-boost|p2a: Lunala|spd|1\n|\n|-weather|Sandstorm|[upkeep]\n|-damage|p2a: Lunala|85/308 par|[from] Sandstorm\n|upkeep\n|turn|33\n|\n|t:|1733783922\n|move|p1a: Tyranitar|Stone Edge|p2a: Lunala|[miss]\n|-miss|p1a: Tyranitar|p2a: Lunala\n|move|p2a: Lunala|Moonlight|p2a: Lunala\n|-heal|p2a: Lunala|162/308 par\n|\n|-weather|Sandstorm|[upkeep]\n|-damage|p2a: Lunala|143/308 par|[from] Sandstorm\n|upkeep\n|turn|34\n|\n|t:|1733783925\n|move|p1a: Tyranitar|Stone Edge|p2a: Lunala|[miss]\n|-miss|p1a: Tyranitar|p2a: Lunala\n|move|p2a: Lunala|Moonlight|p2a: Lunala\n|-heal|p2a: Lunala|220/308 par\n|\n|-weather|none\n|upkeep\n|turn|35\n|\n|t:|1733783927\n|move|p1a: Tyranitar|Stone Edge|p2a: Lunala\n|-damage|p2a: Lunala|70/308 par\n|move|p2a: Lunala|Moongeist Beam|p1a: Tyranitar\n|-resisted|p1a: Tyranitar\n|-damage|p1a: Tyranitar|35/288\n|\n|upkeep\n|turn|36\n|\n|t:|1733783931\n|move|p1a: Tyranitar|Stone Edge|p2a: Lunala\n|-damage|p2a: Lunala|0 fnt\n|faint|p2a: Lunala\n|\n|win|EL NEGRO 0SCUR0\n|raw|EL NEGRO 0SCUR0's rating: 1971 &rarr; <strong>1990</strong><br />(+19 for winning)\n|raw|UntitledGoose.exe's rating: 1953 &rarr; <strong>1934</strong><br />(-19 for losing)\n|l|\u2606UntitledGoose.exe\n|player|p2|\n", "inputlog": ">version bfd83cad13791eb5a5a409923076391caf6fb4d4\n>start {\"formatid\":\"gen9randombattle\",\"seed\":[18708,19424,56615,61668],\"rated\":\"Rated battle\"}\n>player p1 {\"name\":\"EL NEGRO 0SCUR0\",\"avatar\":\"hoopster\",\"rating\":1971,\"seed\":[12435,7736,43105,46583]}\n>player p2 {\"name\":\"UntitledGoose.exe\",\"avatar\":\"alder\",\"rating\":1953,\"seed\":[52652,13516,20021,45966]}\n>p1 move knockoff\n>p2 move hydropump\n>p1 switch 2\n>p2 move hydropump\n>p1 move bodyslam\n>p2 switch 5\n>p1 move bodyslam\n>p2 move swordsdance\n>p1 switch 3\n>p2 move knockoff\n>p2 switch 3\n>p1 move coil\n>p2 move moongeistbeam\n>p1 switch 2\n>p1 move knockoff\n>p2 switch 4\n>p1 switch 4\n>p2 move thunderbolt\n>p1 move toxic\n>p2 switch 5\n>p1 move gigadrain\n>p2 move bravebird\n>p2 switch 2\n>p1 move toxic terastallize\n>p2 move icebeam\n>p1 move gigadrain\n>p2 move quiverdance\n>p1 move rapidspin\n>p2 move gigadrain\n>p1 move gigadrain\n>p2 move gigadrain\n>p1 switch 3\n>p2 move gigadrain\n>p1 move roost\n>p2 move icebeam\n>p1 move roost\n>p2 move icebeam\n>p2 switch 6\n>p1 move roost\n>p2 move psychic\n>p1 move roost\n>p2 move knockoff\n>p1 move bodyslam\n>p2 move psychic\n>p1 move bodyslam\n>p2 move psychic\n>p2 switch 4\n>p1 move roost\n>p2 move psyshock\n>p1 switch 4\n>p1 move knockoff\n>p2 move calmmind terastallize\n>p1 move dragontail\n>p2 move calmmind\n>p1 move stoneedge\n>p2 move thunderbolt\n>p1 move knockoff\n>p2 move thunderbolt\n>p2 switch 5\n>p1 switch 3\n>p2 move moonlight\n>p1 move toxic\n>p2 move psyshock\n>p1 switch 6\n>p1 move thunderwave\n>p2 move calmmind\n>p1 switch 3\n>p2 move psyshock\n>p1 move stoneedge\n>p2 move calmmind\n>p1 move stoneedge\n>p2 move calmmind\n>p1 move stoneedge\n>p2 move moonlight\n>p1 move stoneedge\n>p2 move moonlight\n>p1 move stoneedge\n>p2 move moongeistbeam\n>p1 move stoneedge\n>p2 move moongeistbeam", "uploadtime": 1733783934, "views": 1, "formatid": "gen9randombattle", "rating": 1934, "private": 0, "password": null}