{"id": "gen9randombattle-2260857138", "format": "[Gen 9] Random Battle", "players": ["Priyonto", "Lachrymose"], "log": "|j|\u2606Priyonto\n|j|\u2606Lachrymose\n|t:|1733905338\n|gametype|singles\n|player|p1|Priyonto|steven|1551\n|player|p2|Lachrymose|101|1605\n|teamsize|p1|6\n|teamsize|p2|6\n|gen|9\n|tier|[Gen 9] Random Battle\n|rated|\n|rule|Species Clause: Limit one of each Pok\u00e9mon\n|rule|HP Percentage Mod: HP is shown in percentages\n|rule|Sleep Clause Mod: Limit one foe put to sleep\n|rule|Illusion Level Mod: Illusion disguises the Pok\u00e9mon's true level\n|\n|t:|1733905338\n|start\n|switch|p1a: Bombirdier|Bombirdier, L85, M|258/258\n|switch|p2a: Komala|Komala, L89, F|260/260\n|-ability|p2a: Komala|Comatose\n|turn|1\n|inactive|Battle timer is ON: inactive players will automatically lose when time's up. (requested by Lachrymose)\n|\n|t:|1733905354\n|move|p1a: Bombirdier|Stealth Rock|p2a: Komala\n|-sidestart|p2: Lachrymose|move: Stealth Rock\n|move|p2a: Komala|Body Slam|p1a: Bombirdier\n|-damage|p1a: Bombirdier|140/258\n|\n|upkeep\n|turn|2\n|\n|t:|1733905363\n|move|p1a: Bombirdier|Knock Off|p2a: Komala\n|-damage|p2a: Komala|125/260\n|-enditem|p2a: Komala|Assault Vest|[from] move: Knock Off|[of] p1a: Bombirdier\n|move|p2a: Komala|Rapid Spin|p1a: Bombirdier\n|-damage|p1a: Bombirdier|71/258\n|-boost|p2a: Komala|spe|1\n|-sideend|p2: Lachrymose|Stealth Rock|[from] move: Rapid Spin|[of] p2a: Komala\n|\n|upkeep\n|turn|3\n|\n|t:|1733905371\n|move|p2a: Komala|Body Slam|p1a: Bombirdier\n|-damage|p1a: Bombirdier|0 fnt\n|faint|p1a: Bombirdier\n|\n|upkeep\n|\n|t:|1733905383\n|switch|p1a: Zebstrika|Zebstrika, L87, F|272/272\n|turn|4\n|\n|t:|1733905389\n|move|p1a: Zebstrika|Volt Switch|p2a: Komala\n|-damage|p2a: Komala|42/260\n|-damage|p1a: Zebstrika|245/272|[from] item: Life Orb\n|\n|t:|1733905394\n|switch|p1a: Meganium|Meganium, L90, M|290/290|[from] Volt Switch\n|move|p2a: Komala|Earthquake|p1a: Meganium\n|-resisted|p1a: Meganium\n|-damage|p1a: Meganium|254/290\n|\n|upkeep\n|turn|5\n|\n|t:|1733905405\n|move|p2a: Komala|Body Slam|p1a: Meganium\n|-damage|p1a: Meganium|151/290\n|move|p1a: Meganium|Earthquake|p2a: Komala\n|-damage|p2a: Komala|0 fnt\n|faint|p2a: Komala\n|-damage|p1a: Meganium|122/290|[from] item: Life Orb\n|\n|upkeep\n|\n|t:|1733905426\n|switch|p2a: Scizor|Scizor, L79, F|240/240\n|turn|6\n|\n|t:|1733905433\n|move|p1a: Meganium|Knock Off|p2a: Scizor\n|-damage|p2a: Scizor|158/240\n|-enditem|p2a: Scizor|Choice Band|[from] move: Knock Off|[of] p1a: Meganium\n|-damage|p1a: Meganium|93/290|[from] item: Life Orb\n|move|p2a: Scizor|U-turn|p1a: Meganium\n|-supereffective|p1a: Meganium\n|-damage|p1a: Meganium|0 fnt\n|faint|p1a: Meganium\n|\n|t:|1733905447\n|switch|p2a: Sinistcha|Sinistcha, L83|254/254|[from] U-turn\n|\n|upkeep\n|\n|t:|1733905468\n|switch|p1a: Cinderace|Cinderace, L77, M|249/249\n|turn|7\n|inactive|Lachrymose has 120 seconds left.\n|\n|t:|1733905503\n|move|p1a: Cinderace|Pyro Ball|p2a: Sinistcha\n|-supereffective|p2a: Sinistcha\n|-crit|p2a: Sinistcha\n|-damage|p2a: Sinistcha|86/254\n|move|p2a: Sinistcha|Calm Mind|p2a: Sinistcha\n|-boost|p2a: Sinistcha|spa|1\n|-boost|p2a: Sinistcha|spd|1\n|\n|-heal|p2a: Sinistcha|101/254|[from] item: Leftovers\n|upkeep\n|turn|8\n|\n|t:|1733905519\n|move|p1a: Cinderace|Pyro Ball|p2a: Sinistcha\n|-supereffective|p2a: Sinistcha\n|-damage|p2a: Sinistcha|0 fnt\n|faint|p2a: Sinistcha\n|\n|upkeep\n|\n|t:|1733905537\n|switch|p2a: Lanturn|Lanturn, L89, M|367/367\n|turn|9\n|c|\u2606Lachrymose|U fucking game\n|\n|t:|1733905548\n|switch|p1a: Quagsire|Quagsire, L84, F|297/297\n|move|p2a: Lanturn|Scald|p1a: Quagsire\n|-damage|p1a: Quagsire|206/297\n|-status|p1a: Quagsire|brn\n|\n|-heal|p1a: Quagsire|224/297 brn|[from] item: Leftovers\n|-damage|p1a: Quagsire|206/297 brn|[from] brn\n|upkeep\n|turn|10\n|inactive|Lachrymose has 120 seconds left.\n|\n|t:|1733905574\n|switch|p2a: Scizor|Scizor, L79, F|158/240\n|move|p1a: Quagsire|Spikes|p2a: Scizor\n|-sidestart|p2: Lachrymose|Spikes\n|\n|-heal|p1a: Quagsire|224/297 brn|[from] item: Leftovers\n|-damage|p1a: Quagsire|206/297 brn|[from] brn\n|upkeep\n|turn|11\n|\n|t:|1733905583\n|move|p2a: Scizor|Knock Off|p1a: Quagsire\n|-damage|p1a: Quagsire|130/297 brn\n|-enditem|p1a: Quagsire|Leftovers|[from] move: Knock Off|[of] p2a: Scizor\n|move|p1a: Quagsire|Spikes|p2a: Scizor\n|-sidestart|p2: Lachrymose|Spikes\n|\n|-damage|p1a: Quagsire|112/297 brn|[from] brn\n|upkeep\n|turn|12\n|inactive|Lachrymose has 90 seconds left.\n|\n|t:|1733905618\n|move|p2a: Scizor|Knock Off|p1a: Quagsire\n|-damage|p1a: Quagsire|54/297 brn\n|move|p1a: Quagsire|Spikes|p2a: Scizor\n|-sidestart|p2: Lachrymose|Spikes\n|\n|-damage|p1a: Quagsire|36/297 brn|[from] brn\n|upkeep\n|turn|13\n|inactive|Lachrymose has 90 seconds left.\n|\n|t:|1733905634\n|move|p2a: Scizor|Knock Off|p1a: Quagsire\n|-damage|p1a: Quagsire|0 fnt\n|faint|p1a: Quagsire\n|\n|upkeep\n|\n|t:|1733905644\n|switch|p1a: Stonjourner|Stonjourner, L91, F|330/330\n|turn|14\n|\n|t:|1733905650\n|move|p2a: Scizor|Bullet Punch|p1a: Stonjourner\n|-supereffective|p1a: Stonjourner\n|-damage|p1a: Stonjourner|232/330\n|move|p1a: Stonjourner|Heat Crash|p2a: Scizor\n|-supereffective|p2a: Scizor\n|-damage|p2a: Scizor|0 fnt\n|faint|p2a: Scizor\n|-damage|p1a: Stonjourner|199/330|[from] item: Life Orb\n|\n|upkeep\n|\n|t:|1733905657\n|switch|p2a: Pikachu|Pikachu-Kalos, L93, M|216/216\n|-damage|p2a: Pikachu|162/216|[from] Spikes\n|turn|15\n|\n|t:|1733905667\n|move|p2a: Pikachu|Surf|p1a: Stonjourner\n|-supereffective|p1a: Stonjourner\n|-damage|p1a: Stonjourner|0 fnt\n|faint|p1a: Stonjourner\n|\n|upkeep\n|\n|t:|1733905674\n|switch|p1a: Cinderace|Cinderace, L77, M|249/249\n|turn|16\n|inactive|Lachrymose has 120 seconds left.\n|\n|t:|1733905689\n|move|p1a: Cinderace|Pyro Ball|p2a: Pikachu\n|-damage|p2a: Pikachu|0 fnt\n|faint|p2a: Pikachu\n|\n|upkeep\n|\n|t:|1733905694\n|switch|p2a: Lanturn|Lanturn, L89, M|367/367\n|turn|17\n|inactive|Priyonto has 120 seconds left.\n|\n|t:|1733905726\n|switch|p1a: Zebstrika|Zebstrika, L87, F|245/272\n|move|p2a: Lanturn|Scald|p1a: Zebstrika\n|-damage|p1a: Zebstrika|143/272\n|-status|p1a: Zebstrika|brn\n|\n|-damage|p1a: Zebstrika|126/272 brn|[from] brn\n|upkeep\n|turn|18\n|\n|t:|1733905740\n|-terastallize|p2a: Lanturn|Flying\n|move|p1a: Zebstrika|High Horsepower|p2a: Lanturn\n|-immune|p2a: Lanturn\n|move|p2a: Lanturn|Scald|p1a: Zebstrika\n|-damage|p1a: Zebstrika|24/272 brn\n|\n|-damage|p1a: Zebstrika|7/272 brn|[from] brn\n|upkeep\n|turn|19\n|inactive|Lachrymose has 120 seconds left.\n|\n|t:|1733905756\n|switch|p2a: Spectrier|Spectrier, L75|274/274\n|-damage|p2a: Spectrier|206/274|[from] Spikes\n|move|p1a: Zebstrika|Overheat|p2a: Spectrier\n|-damage|p2a: Spectrier|68/274\n|-unboost|p1a: Zebstrika|spa|2\n|-damage|p1a: Zebstrika|0 fnt|[from] item: Life Orb\n|faint|p1a: Zebstrika\n|\n|upkeep\n|inactive|Priyonto has 120 seconds left.\n|\n|t:|1733905767\n|switch|p1a: Cinderace|Cinderace, L77, M|249/249\n|turn|20\n|\n|t:|1733905771\n|move|p1a: Cinderace|Sucker Punch|p2a: Spectrier\n|-start|p1a: Cinderace|typechange|Dark|[from] ability: Libero\n|-supereffective|p2a: Spectrier\n|-damage|p2a: Spectrier|0 fnt\n|faint|p2a: Spectrier\n|\n|upkeep\n|\n|t:|1733905775\n|switch|p2a: Lanturn|Lanturn, L89, M, tera:Flying|367/367\n|turn|21\n|\n|t:|1733905782\n|move|p1a: Cinderace|Pyro Ball|p2a: Lanturn\n|-crit|p2a: Lanturn\n|-damage|p2a: Lanturn|207/367\n|move|p2a: Lanturn|Thunder Wave|p1a: Cinderace\n|-status|p1a: Cinderace|par\n|\n|upkeep\n|turn|22\n|\n|t:|1733905794\n|move|p2a: Lanturn|Thunderbolt|p1a: Cinderace\n|-damage|p1a: Cinderace|141/249 par\n|move|p1a: Cinderace|Pyro Ball|p2a: Lanturn\n|-damage|p2a: Lanturn|110/367\n|-status|p2a: Lanturn|brn\n|\n|-damage|p2a: Lanturn|88/367 brn|[from] brn\n|upkeep\n|turn|23\n|c|\u2606Lachrymose|Man\n|c|\u2606Lachrymose|I am out of a 7 days ban\n|inactive|Lachrymose has 120 seconds left.\n|c|\u2606Lachrymose|Otherwise I would curse your entire existence\n|\n|t:|1733905841\n|move|p2a: Lanturn|Thunderbolt|p1a: Cinderace\n|-damage|p1a: Cinderace|30/249 par\n|move|p1a: Cinderace|Pyro Ball|p2a: Lanturn\n|-damage|p2a: Lanturn|0 fnt\n|faint|p2a: Lanturn\n|\n|win|Priyonto\n", "inputlog": ">version bfd83cad13791eb5a5a409923076391caf6fb4d4\n>start {\"formatid\":\"gen9randombattle\",\"seed\":[39735,56179,18139,41348],\"rated\":\"Rated battle\"}\n>player p1 {\"name\":\"Priyonto\",\"avatar\":\"steven\",\"rating\":1551,\"seed\":[44662,2900,14784,49788]}\n>player p2 {\"name\":\"Lachrymose\",\"avatar\":\"101\",\"rating\":1605,\"seed\":[65306,39629,55691,14410]}\n>p1 move stealthrock\n>p2 move bodyslam\n>p1 move knockoff\n>p2 move rapidspin\n>p1 move bravebird\n>p2 move bodyslam\n>p1 switch 5\n>p1 move voltswitch\n>p2 move earthquake\n>p1 switch 6\n>p1 move earthquake\n>p2 move bodyslam\n>p2 switch 3\n>p1 move knockoff\n>p2 move uturn\n>p2 switch 2\n>p1 switch 3\n>p1 move pyroball\n>p2 move calmmind\n>p1 move pyroball\n>p2 move strengthsap\n>p2 switch 5\n>chat \u2606Lachrymose|U fucking game\n>p1 switch 2\n>p2 move scald\n>p1 move spikes\n>p2 switch 2\n>p1 move spikes\n>p2 move knockoff\n>p1 move spikes\n>p2 move knockoff\n>p1 move recover\n>p2 move knockoff\n>p1 switch 4\n>p1 move heatcrash\n>p2 move bulletpunch\n>p2 switch 6\n>p1 move rockpolish\n>p2 move surf\n>p1 switch 2\n>p1 move pyroball\n>p2 move surf\n>p2 switch 2\n>p1 switch 6\n>p2 move scald\n>p1 move highhorsepower\n>p2 move scald terastallize\n>p1 move overheat\n>p2 switch 4\n>p1 switch 6\n>p1 move suckerpunch\n>p2 move shadowball\n>p2 switch 4\n>p1 move pyroball\n>p2 move thunderwave\n>p1 move pyroball\n>p2 move thunderbolt\n>chat \u2606Lachrymose|Man\n>chat \u2606Lachrymose|I am out of a 7 days ban\n>chat \u2606Lachrymose|Otherwise I would curse your entire existence \n>p1 move pyroball\n>p2 move thunderbolt", "uploadtime": 1733905833, "views": 1, "formatid": "gen9randombattle", "rating": null, "private": 0, "password": null}