{"id": "gen9randombattle-2260818025", "format": "[Gen 9] Random Battle", "players": ["RoboWahbit", "DaneFL"], "log": "|j|\u2606RoboWahbit\n|j|\u2606DaneFL\n|t:|1733897554\n|gametype|singles\n|player|p1|RoboWahbit|101|1107\n|player|p2|DaneFL|169|1078\n|teamsize|p1|6\n|teamsize|p2|6\n|gen|9\n|tier|[Gen 9] Random Battle\n|rated|\n|rule|Species Clause: Limit one of each Pok\u00e9mon\n|rule|HP Percentage Mod: HP is shown in percentages\n|rule|Sleep Clause Mod: Limit one foe put to sleep\n|rule|Illusion Level Mod: Illusion disguises the Pok\u00e9mon's true level\n|\n|t:|1733897554\n|start\n|switch|p1a: Pelipper|Pelipper, L86, M|243/243\n|switch|p2a: Hypno|Hypno, L95, F|315/315\n|-weather|RainDance|[from] ability: Drizzle|[of] p1a: Pelipper\n|turn|1\n|c|\u2606RoboWahbit|hf\n|inactive|Battle timer is ON: inactive players will automatically lose when time's up. (requested by RoboWahbit)\n|\n|t:|1733897569\n|move|p2a: Hypno|Toxic|p1a: Pelipper\n|-status|p1a: Pelipper|tox\n|move|p1a: Pelipper|Weather Ball|p2a: Hypno\n|-damage|p2a: Hypno|134/315\n|\n|-weather|RainDance|[upkeep]\n|-heal|p2a: Hypno|153/315|[from] item: Leftovers\n|-damage|p1a: Pelipper|228/243 tox|[from] psn\n|upkeep\n|turn|2\n|\n|t:|1733897591\n|switch|p2a: Umbreon|Umbreon, L84, F|297/297\n|move|p1a: Pelipper|Weather Ball|p2a: Umbreon\n|-damage|p2a: Umbreon|129/297\n|\n|-weather|RainDance|[upkeep]\n|-heal|p2a: Umbreon|147/297|[from] item: Leftovers\n|-damage|p1a: Pelipper|198/243 tox|[from] psn\n|upkeep\n|turn|3\n|\n|t:|1733897602\n|move|p2a: Umbreon|Protect|p2a: Umbreon\n|-singleturn|p2a: Umbreon|Protect\n|move|p1a: Pelipper|Weather Ball|p2a: Umbreon\n|-activate|p2a: Umbreon|move: Protect\n|\n|-weather|RainDance|[upkeep]\n|-heal|p2a: Umbreon|165/297|[from] item: Leftovers\n|-damage|p1a: Pelipper|153/243 tox|[from] psn\n|upkeep\n|turn|4\n|\n|t:|1733897615\n|move|p1a: Pelipper|Weather Ball|p2a: Umbreon\n|-damage|p2a: Umbreon|0 fnt\n|faint|p2a: Umbreon\n|\n|-weather|RainDance|[upkeep]\n|-damage|p1a: Pelipper|93/243 tox|[from] psn\n|upkeep\n|\n|t:|1733897628\n|switch|p2a: Raging Bolt|Raging Bolt, L78|323/323\n|turn|5\n|\n|t:|1733897634\n|move|p2a: Raging Bolt|Thunderclap|p1a: Pelipper\n|-supereffective|p1a: Pelipper\n|-damage|p1a: Pelipper|0 fnt\n|faint|p1a: Pelipper\n|\n|-weather|none\n|upkeep\n|\n|t:|1733897634\n|switch|p1a: Appletun|Appletun, L92, F|352/352\n|turn|6\n|\n|t:|1733897643\n|move|p2a: Raging Bolt|Draco Meteor|p1a: Appletun\n|-supereffective|p1a: Appletun\n|-damage|p1a: Appletun|56/352\n|-unboost|p2a: Raging Bolt|spa|2\n|move|p1a: Appletun|Apple Acid|p2a: Raging Bolt\n|-resisted|p2a: Raging Bolt\n|-damage|p2a: Raging Bolt|286/323\n|-unboost|p2a: Raging Bolt|spd|1\n|\n|-heal|p1a: Appletun|78/352|[from] item: Leftovers\n|upkeep\n|turn|7\n|\n|t:|1733897655\n|switch|p1a: Victreebel|Victreebel, L90, F|290/290\n|move|p2a: Raging Bolt|Draco Meteor|p1a: Victreebel\n|-damage|p1a: Victreebel|206/290\n|-unboost|p2a: Raging Bolt|spa|2\n|\n|upkeep\n|turn|8\n|\n|t:|1733897665\n|move|p1a: Victreebel|Swords Dance|p1a: Victreebel\n|-boost|p1a: Victreebel|atk|2\n|move|p2a: Raging Bolt|Volt Switch|p1a: Victreebel\n|-resisted|p1a: Victreebel\n|-damage|p1a: Victreebel|188/290\n|\n|t:|1733897672\n|-end|p2a: Raging Bolt|Protosynthesis|[silent]\n|switch|p2a: Scizor|Scizor, L79, M|240/240|[from] Volt Switch\n|\n|upkeep\n|turn|9\n|\n|t:|1733897687\n|switch|p1a: Salazzle|Salazzle, L83, F|249/249\n|move|p2a: Scizor|Swords Dance|p2a: Scizor\n|-boost|p2a: Scizor|atk|2\n|\n|upkeep\n|turn|10\n|\n|t:|1733897706\n|switch|p2a: Raging Bolt|Raging Bolt, L78|286/323\n|move|p1a: Salazzle|Toxic|p2a: Raging Bolt\n|-status|p2a: Raging Bolt|tox\n|\n|-damage|p2a: Raging Bolt|266/323 tox|[from] psn\n|upkeep\n|turn|11\n|\n|t:|1733897725\n|switch|p1a: Jirachi|Jirachi, L80|291/291\n|move|p2a: Raging Bolt|Thunderbolt|p1a: Jirachi\n|-damage|p1a: Jirachi|183/291\n|\n|-heal|p1a: Jirachi|201/291|[from] item: Leftovers\n|-damage|p2a: Raging Bolt|226/323 tox|[from] psn\n|upkeep\n|turn|12\n|\n|t:|1733897738\n|move|p1a: Jirachi|Stealth Rock|p2a: Raging Bolt\n|-sidestart|p2: DaneFL|move: Stealth Rock\n|move|p2a: Raging Bolt|Volt Switch|p1a: Jirachi\n|-damage|p1a: Jirachi|116/291\n|inactive|DaneFL has 120 seconds left.\n|l|\u2606DaneFL\n|inactive|DaneFL disconnected and has a minute to reconnect!\n|player|p2|\n|inactive|DaneFL has 30 seconds to reconnect!\n|inactive|DaneFL has 20 seconds to reconnect!\n|inactive|DaneFL has 15 seconds to reconnect!\n|inactive|DaneFL has 10 seconds to reconnect!\n|inactive|DaneFL has 5 seconds to reconnect!\n|-message|DaneFL lost due to inactivity.\n|\n|win|RoboWahbit\n|raw|RoboWahbit's rating: 1107 &rarr; <strong>1130</strong><br />(+23 for winning)\n|raw|DaneFL's rating: 1078 &rarr; <strong>1058</strong><br />(-20 for losing)\n|c|\u2606RoboWahbit|gg\n", "inputlog": ">version bfd83cad13791eb5a5a409923076391caf6fb4d4\n>start {\"formatid\":\"gen9randombattle\",\"seed\":[32395,14682,39342,33779],\"rated\":\"Rated battle\"}\n>player p1 {\"name\":\"RoboWahbit\",\"avatar\":\"101\",\"rating\":1107,\"seed\":[56460,29907,25508,8670]}\n>player p2 {\"name\":\"DaneFL\",\"avatar\":\"169\",\"rating\":1078,\"seed\":[3741,6749,36915,32790]}\n>chat \u2606RoboWahbit|hf\n>p1 move weatherball\n>p2 move toxic\n>p1 move weatherball\n>p2 switch 3\n>p1 move weatherball\n>p2 move protect\n>p1 move weatherball\n>p2 move wish\n>p2 switch 6\n>p1 move weatherball\n>p2 move thunderclap\n>p1 switch 6\n>p1 move appleacid\n>p2 move dracometeor\n>p1 switch 2\n>p2 move dracometeor\n>p1 move swordsdance\n>p2 move voltswitch\n>p2 switch 4\n>p1 switch 3\n>p2 move swordsdance\n>p1 move toxic\n>p2 switch 4\n>p1 switch 5\n>p2 move thunderbolt\n>p1 move stealthrock\n>p2 move voltswitch\n>forcelose p2", "uploadtime": 1733897814, "views": 1, "formatid": "gen9randombattle", "rating": 1058, "private": 0, "password": null}