{"id": "gen9randombattle-2123570819", "format": "[Gen 9] Random Battle", "players": ["Slim Workshop", "Qiuescent"], "log": "|badge|p2|bronze|gen9randombattle|100-1\n|uhtml|medal-msg|<div class=\"broadcast-blue\">Curious what those medals under the avatar are? PS now has Ladder Seasons! For more information, check out the <a href=\"https://www.smogon.com/forums/threads/3740067/\">thread on Smogon.</a></div>\n|j|\u2606Slim Workshop\n|j|\u203dQiuescent\n|t:|1715578203\n|gametype|singles\n|player|p1|Slim Workshop|266|2261\n|player|p2|Qiuescent|170|2268\n|teamsize|p1|6\n|teamsize|p2|6\n|gen|9\n|tier|[Gen 9] Random Battle\n|rated|\n|rule|Species Clause: Limit one of each Pok\u00e9mon\n|rule|HP Percentage Mod: HP is shown in percentages\n|rule|Sleep Clause Mod: Limit one foe put to sleep\n|rule|Illusion Level Mod: Illusion disguises the Pok\u00e9mon's true level\n|\n|t:|1715578203\n|start\n|switch|p1a: Perrserker|Perrserker, L89, M|269/269\n|switch|p2a: Appletun|Appletun, L92, F|352/352\n|turn|1\n|inactive|Battle timer is ON: inactive players will automatically lose when time's up. (requested by Qiuescent)\n|\n|t:|1715578240\n|switch|p2a: Excadrill|Excadrill, L80, F|307/307\n|-ability|p2a: Excadrill|Mold Breaker\n|move|p1a: Perrserker|U-turn|p2a: Excadrill\n|-resisted|p2a: Excadrill\n|-crit|p2a: Excadrill\n|-damage|p2a: Excadrill|195/307\n|\n|t:|1715578246\n|switch|p1a: Weavile|Weavile, L79, M|239/239|[from] U-turn\n|\n|upkeep\n|turn|2\n|\n|t:|1715578250\n|move|p1a: Weavile|Knock Off|p2a: Excadrill\n|-damage|p2a: Excadrill|0 fnt\n|-enditem|p2a: Excadrill|Life Orb|[from] move: Knock Off|[of] p1a: Weavile\n|faint|p2a: Excadrill\n|\n|upkeep\n|\n|t:|1715578257\n|switch|p2a: Conkeldurr|Conkeldurr, L80, F|299/299\n|turn|3\n|\n|t:|1715578263\n|move|p1a: Weavile|Knock Off|p2a: Conkeldurr\n|-resisted|p2a: Conkeldurr\n|-damage|p2a: Conkeldurr|220/299\n|-enditem|p2a: Conkeldurr|Flame Orb|[from] move: Knock Off|[of] p1a: Weavile\n|move|p2a: Conkeldurr|Close Combat|p1a: Weavile\n|-supereffective|p1a: Weavile\n|-damage|p1a: Weavile|0 fnt\n|-unboost|p2a: Conkeldurr|def|1\n|-unboost|p2a: Conkeldurr|spd|1\n|faint|p1a: Weavile\n|\n|upkeep\n|\n|t:|1715578269\n|switch|p1a: Honchkrow|Honchkrow, L86, M|312/312\n|turn|4\n|\n|t:|1715578280\n|move|p2a: Conkeldurr|Mach Punch|p1a: Honchkrow\n|-damage|p1a: Honchkrow|231/312\n|move|p1a: Honchkrow|Brave Bird|p2a: Conkeldurr\n|-supereffective|p2a: Conkeldurr\n|-damage|p2a: Conkeldurr|0 fnt\n|faint|p2a: Conkeldurr\n|-ability|p1a: Honchkrow|Moxie|boost\n|-boost|p1a: Honchkrow|atk|1\n|-damage|p1a: Honchkrow|158/312|[from] Recoil\n|\n|upkeep\n|\n|t:|1715578283\n|switch|p2a: Kleavor|Kleavor, L78, F|237/237\n|turn|5\n|\n|t:|1715578289\n|move|p1a: Honchkrow|Sucker Punch|p2a: Kleavor\n|-damage|p2a: Kleavor|102/237\n|move|p2a: Kleavor|Stone Axe|p1a: Honchkrow\n|-supereffective|p1a: Honchkrow\n|-damage|p1a: Honchkrow|0 fnt\n|-sidestart|p1: Slim Workshop|move: Stealth Rock\n|faint|p1a: Honchkrow\n|\n|upkeep\n|\n|t:|1715578303\n|switch|p1a: Regieleki|Regieleki, L78|253/253\n|-damage|p1a: Regieleki|222/253|[from] Stealth Rock\n|turn|6\n|\n|t:|1715578310\n|move|p1a: Regieleki|Thunderbolt|p2a: Kleavor\n|-damage|p2a: Kleavor|0 fnt\n|faint|p2a: Kleavor\n|\n|upkeep\n|\n|t:|1715578314\n|switch|p2a: Appletun|Appletun, L92, F|352/352\n|turn|7\n|\n|t:|1715578318\n|move|p1a: Regieleki|Rapid Spin|p2a: Appletun\n|-damage|p2a: Appletun|319/352\n|-boost|p1a: Regieleki|spe|1\n|-sideend|p1: Slim Workshop|Stealth Rock|[from] move: Rapid Spin|[of] p1a: Regieleki\n|move|p2a: Appletun|Apple Acid|p1a: Regieleki\n|-damage|p1a: Regieleki|63/253\n|-unboost|p1a: Regieleki|spd|1\n|\n|-heal|p2a: Appletun|341/352|[from] item: Leftovers\n|upkeep\n|turn|8\n|\n|t:|1715578320\n|move|p1a: Regieleki|Volt Switch|p2a: Appletun\n|-resisted|p2a: Appletun\n|-crit|p2a: Appletun\n|-damage|p2a: Appletun|301/352\n|\n|t:|1715578326\n|switch|p1a: Perrserker|Perrserker, L89, M|269/269|[from] Volt Switch\n|move|p2a: Appletun|Apple Acid|p1a: Perrserker\n|-resisted|p1a: Perrserker\n|-damage|p1a: Perrserker|208/269\n|-unboost|p1a: Perrserker|spd|1\n|\n|-heal|p2a: Appletun|323/352|[from] item: Leftovers\n|upkeep\n|turn|9\n|\n|t:|1715578330\n|move|p1a: Perrserker|U-turn|p2a: Appletun\n|-supereffective|p2a: Appletun\n|-damage|p2a: Appletun|89/352\n|\n|t:|1715578332\n|switch|p1a: Ludicolo|Ludicolo, L90, F|290/290|[from] U-turn\n|move|p2a: Appletun|Recover|p2a: Appletun\n|-heal|p2a: Appletun|265/352\n|\n|-heal|p2a: Appletun|287/352|[from] item: Leftovers\n|upkeep\n|turn|10\n|\n|t:|1715578338\n|move|p1a: Ludicolo|Ice Beam|p2a: Appletun\n|-supereffective|p2a: Appletun\n|-damage|p2a: Appletun|91/352\n|move|p2a: Appletun|Apple Acid|p1a: Ludicolo\n|-damage|p1a: Ludicolo|197/290\n|-unboost|p1a: Ludicolo|spd|1\n|\n|-heal|p2a: Appletun|113/352|[from] item: Leftovers\n|upkeep\n|turn|11\n|\n|t:|1715578341\n|switch|p1a: Perrserker|Perrserker, L89, M|208/269\n|move|p2a: Appletun|Apple Acid|p1a: Perrserker\n|-resisted|p1a: Perrserker\n|-damage|p1a: Perrserker|140/269\n|-unboost|p1a: Perrserker|spd|1\n|\n|-heal|p2a: Appletun|135/352|[from] item: Leftovers\n|upkeep\n|turn|12\n|\n|t:|1715578348\n|-terastallize|p2a: Appletun|Steel\n|move|p1a: Perrserker|Knock Off|p2a: Appletun\n|-damage|p2a: Appletun|0 fnt\n|-enditem|p2a: Appletun|Leftovers|[from] move: Knock Off|[of] p1a: Perrserker\n|faint|p2a: Appletun\n|\n|upkeep\n|\n|t:|1715578355\n|switch|p2a: Honchkrow|Honchkrow, L86, F|312/312\n|turn|13\n|\n|t:|1715578361\n|switch|p1a: Ludicolo|Ludicolo, L90, F|197/290\n|move|p2a: Honchkrow|Brave Bird|p1a: Ludicolo\n|-supereffective|p1a: Ludicolo\n|-damage|p1a: Ludicolo|0 fnt\n|faint|p1a: Ludicolo\n|-ability|p2a: Honchkrow|Moxie|boost\n|-boost|p2a: Honchkrow|atk|1\n|-damage|p2a: Honchkrow|247/312|[from] Recoil\n|\n|upkeep\n|\n|t:|1715578366\n|switch|p1a: Arceus|Arceus-Steel, L70|284/284\n|turn|14\n|\n|t:|1715578369\n|move|p1a: Arceus|Calm Mind|p1a: Arceus\n|-boost|p1a: Arceus|spa|1\n|-boost|p1a: Arceus|spd|1\n|move|p2a: Honchkrow|Heat Wave|p1a: Arceus\n|-supereffective|p1a: Arceus\n|-damage|p1a: Arceus|190/284\n|\n|upkeep\n|turn|15\n|\n|t:|1715578374\n|move|p1a: Arceus|Judgment|p2a: Honchkrow\n|-damage|p2a: Honchkrow|7/312\n|move|p2a: Honchkrow|U-turn|p1a: Arceus\n|-resisted|p1a: Arceus\n|-damage|p1a: Arceus|149/284\n|\n|t:|1715578376\n|switch|p2a: Cloyster|Cloyster, L79, F|209/209|[from] U-turn\n|\n|upkeep\n|turn|16\n|\n|t:|1715578378\n|move|p1a: Arceus|Judgment|p2a: Cloyster\n|-damage|p2a: Cloyster|0 fnt\n|faint|p2a: Cloyster\n|\n|upkeep\n|-message|Qiuescent forfeited.\n|\n|win|Slim Workshop\n|raw|Slim Workshop's rating: 2261 &rarr; <strong>2281</strong><br />(+20 for winning)\n|raw|Qiuescent's rating: 2268 &rarr; <strong>2248</strong><br />(-20 for losing)\n|l|\u203dQiuescent\n|player|p2|\n", "inputlog": ">version 80ea9d1f890aa30f79744790e00b820c91be1203\n>start {\"formatid\":\"gen9randombattle\",\"seed\":[59283,1905,47757,65181],\"rated\":\"Rated battle\"}\n>player p1 {\"name\":\"Slim Workshop\",\"avatar\":\"266\",\"rating\":2261,\"seed\":[49277,29382,27127,870]}\n>player p2 {\"name\":\"Qiuescent\",\"avatar\":\"170\",\"rating\":2268,\"seed\":[55394,16919,22033,10722]}\n>p1 move uturn\n>p2 switch 6\n>p1 switch 5\n>p1 move knockoff\n>p2 move ironhead\n>p2 switch 4\n>p1 move knockoff\n>p2 move closecombat\n>p1 switch 2\n>p1 move bravebird\n>p2 move machpunch\n>p2 switch 2\n>p1 move suckerpunch\n>p2 move stoneaxe\n>p1 switch 3\n>p1 move thunderbolt\n>p2 move stoneaxe\n>p2 switch 6\n>p1 move rapidspin\n>p2 move appleacid\n>p1 move voltswitch\n>p2 move appleacid\n>p1 switch 5\n>p1 move uturn\n>p2 move recover\n>p1 switch 6\n>p1 move icebeam\n>p2 move appleacid\n>p1 switch 6\n>p2 move appleacid\n>p1 move knockoff\n>p2 move recover terastallize\n>p2 switch 3\n>p1 switch 6\n>p2 move bravebird\n>p1 switch 4\n>p1 move calmmind\n>p2 move heatwave\n>p1 move judgment\n>p2 move uturn\n>p2 switch 5\n>p1 move judgment\n>p2 move shellsmash\n>forcelose p2", "uploadtime": 1715578388, "views": 230, "formatid": "gen9randombattle", "rating": 2248, "private": 0, "password": null}