{"id": "gen9randombattle-2260785775", "format": "[Gen 9] Random Battle", "players": ["AReallyShiftyGuy", "Eternalnacho"], "log": "|j|\u2606AReallyShiftyGuy\n|j|\u2606Eternalnacho\n|t:|1733891806\n|gametype|singles\n|player|p1|AReallyShiftyGuy|elesa|2165\n|player|p2|Eternalnacho|morty|2204\n|teamsize|p1|6\n|teamsize|p2|6\n|gen|9\n|tier|[Gen 9] Random Battle\n|rated|\n|rule|Species Clause: Limit one of each Pok\u00e9mon\n|rule|HP Percentage Mod: HP is shown in percentages\n|rule|Sleep Clause Mod: Limit one foe put to sleep\n|rule|Illusion Level Mod: Illusion disguises the Pok\u00e9mon's true level\n|\n|t:|1733891806\n|start\n|switch|p1a: Arbok|Arbok, L87, M|246/246\n|switch|p2a: Entei|Entei, L78|307/307\n|-ability|p1a: Arbok|Intimidate|boost\n|-fail|p2a: Entei|unboost|Attack|[from] ability: Inner Focus|[of] p2a: Entei\n|turn|1\n|inactive|Battle timer is ON: inactive players will automatically lose when time's up. (requested by Eternalnacho)\n|inactive|AReallyShiftyGuy has 120 seconds left.\n|\n|t:|1733891843\n|switch|p1a: Whiscash|Whiscash, L88, F|337/337\n|move|p2a: Entei|Sacred Fire|p1a: Whiscash\n|-resisted|p1a: Whiscash\n|-damage|p1a: Whiscash|253/337\n|\n|upkeep\n|turn|2\n|\n|t:|1733891853\n|switch|p2a: Sableye|Sableye, L89, M|234/234\n|move|p1a: Whiscash|Earthquake|p2a: Sableye\n|-damage|p2a: Sableye|108/234\n|-damage|p1a: Whiscash|220/337|[from] item: Life Orb\n|\n|-heal|p2a: Sableye|122/234|[from] item: Leftovers\n|upkeep\n|turn|3\n|inactive|AReallyShiftyGuy has 120 seconds left.\n|\n|t:|1733891887\n|move|p2a: Sableye|Will-O-Wisp|p1a: Whiscash|[miss]\n|-miss|p2a: Sableye|p1a: Whiscash\n|move|p1a: Whiscash|Earthquake|p2a: Sableye\n|-damage|p2a: Sableye|0 fnt\n|faint|p2a: Sableye\n|-damage|p1a: Whiscash|187/337|[from] item: Life Orb\n|\n|upkeep\n|\n|t:|1733891901\n|switch|p2a: Plusle|Plusle, L95, F|268/268\n|turn|4\n|\n|t:|1733891912\n|switch|p1a: Leafeon|Leafeon, L88, F|258/258\n|move|p2a: Plusle|Grass Knot|p1a: Leafeon\n|-resisted|p1a: Leafeon\n|-damage|p1a: Leafeon|223/258\n|-damage|p2a: Plusle|242/268|[from] item: Life Orb\n|\n|-heal|p1a: Leafeon|239/258|[from] item: Leftovers\n|upkeep\n|turn|5\n|\n|t:|1733891919\n|switch|p2a: Jumpluff|Jumpluff, L87, F|271/271\n|move|p1a: Leafeon|Knock Off|p2a: Jumpluff\n|-damage|p2a: Jumpluff|205/271\n|\n|-heal|p1a: Leafeon|255/258|[from] item: Leftovers\n|upkeep\n|turn|6\n|inactive|AReallyShiftyGuy has 120 seconds left.\n|\n|t:|1733891942\n|switch|p1a: Arbok|Arbok, L87, M|246/246\n|-ability|p1a: Arbok|Intimidate|boost\n|-unboost|p2a: Jumpluff|atk|1\n|move|p2a: Jumpluff|U-turn|p1a: Arbok\n|-resisted|p1a: Arbok\n|-damage|p1a: Arbok|233/246\n|\n|t:|1733891960\n|switch|p2a: Entei|Entei, L78|307/307|[from] U-turn\n|\n|-heal|p1a: Arbok|246/246|[from] item: Leftovers\n|upkeep\n|turn|7\n|\n|t:|1733891975\n|move|p2a: Entei|Sacred Fire|p1a: Arbok\n|-damage|p1a: Arbok|71/246\n|-status|p1a: Arbok|brn\n|move|p1a: Arbok|Earthquake|p2a: Entei\n|-supereffective|p2a: Entei\n|-damage|p2a: Entei|229/307\n|\n|-heal|p1a: Arbok|86/246 brn|[from] item: Leftovers\n|-damage|p1a: Arbok|71/246 brn|[from] brn\n|upkeep\n|turn|8\n|\n|t:|1733891982\n|move|p2a: Entei|Sacred Fire|p1a: Arbok\n|-damage|p1a: Arbok|0 fnt\n|faint|p1a: Arbok\n|\n|upkeep\n|\n|t:|1733891987\n|switch|p1a: Rampardos|Rampardos, L90, M|321/321\n|turn|9\n|\n|t:|1733891993\n|move|p2a: Entei|Sacred Fire|p1a: Rampardos\n|-resisted|p1a: Rampardos\n|-damage|p1a: Rampardos|225/321\n|move|p1a: Rampardos|Rock Slide|p2a: Entei|[miss]\n|-miss|p1a: Rampardos|p2a: Entei\n|\n|upkeep\n|turn|10\n|\n|t:|1733892002\n|move|p2a: Entei|Sacred Fire|p1a: Rampardos\n|-resisted|p1a: Rampardos\n|-damage|p1a: Rampardos|121/321\n|-status|p1a: Rampardos|brn\n|move|p1a: Rampardos|Rock Slide|p2a: Entei\n|-supereffective|p2a: Entei\n|-damage|p2a: Entei|0 fnt\n|faint|p2a: Entei\n|\n|-damage|p1a: Rampardos|101/321 brn|[from] brn\n|upkeep\n|\n|t:|1733892011\n|switch|p2a: Plusle|Plusle, L95, F|242/268\n|turn|11\n|\n|t:|1733892014\n|move|p2a: Plusle|Thunderbolt|p1a: Rampardos\n|-damage|p1a: Rampardos|0 fnt\n|faint|p1a: Rampardos\n|-damage|p2a: Plusle|216/268|[from] item: Life Orb\n|\n|upkeep\n|\n|t:|1733892035\n|switch|p1a: Leafeon|Leafeon, L88, F|255/258\n|turn|12\n|\n|t:|1733892039\n|switch|p2a: Jumpluff|Jumpluff, L87, F|205/271\n|switch|p1a: Raikou|Raikou, L81|278/278\n|-ability|p1a: Raikou|Pressure\n|\n|upkeep\n|turn|13\n|\n|t:|1733892050\n|move|p2a: Jumpluff|Sleep Powder|p1a: Raikou|[miss]\n|-miss|p2a: Jumpluff|p1a: Raikou\n|move|p1a: Raikou|Substitute|p1a: Raikou\n|-start|p1a: Raikou|Substitute\n|-damage|p1a: Raikou|209/278\n|\n|-heal|p1a: Raikou|226/278|[from] item: Leftovers\n|upkeep\n|turn|14\n|\n|t:|1733892052\n|move|p2a: Jumpluff|Encore|p1a: Raikou\n|-start|p1a: Raikou|Encore\n|move|p1a: Raikou|Substitute|p1a: Raikou\n|-fail|p1a: Raikou|move: Substitute\n|\n|-heal|p1a: Raikou|243/278|[from] item: Leftovers\n|upkeep\n|turn|15\n|\n|t:|1733892057\n|move|p2a: Jumpluff|Sleep Powder|p1a: Raikou|[miss]\n|-miss|p2a: Jumpluff|p1a: Raikou\n|move|p1a: Raikou|Substitute|p1a: Raikou\n|-fail|p1a: Raikou|move: Substitute\n|\n|-heal|p1a: Raikou|260/278|[from] item: Leftovers\n|upkeep\n|turn|16\n|\n|t:|1733892061\n|move|p2a: Jumpluff|Sleep Powder|p1a: Raikou\n|-status|p1a: Raikou|slp|[from] move: Sleep Powder\n|cant|p1a: Raikou|slp\n|\n|-heal|p1a: Raikou|277/278 slp|[from] item: Leftovers\n|-end|p1a: Raikou|Encore\n|upkeep\n|turn|17\n|\n|t:|1733892065\n|move|p2a: Jumpluff|U-turn|p1a: Raikou\n|-damage|p1a: Raikou|239/278 slp\n|\n|t:|1733892066\n|switch|p2a: Deoxys|Deoxys-Defense, L84|221/221|[from] U-turn\n|-ability|p2a: Deoxys|Pressure\n|-curestatus|p1a: Raikou|slp|[msg]\n|move|p1a: Raikou|Thunderbolt|p2a: Deoxys\n|-damage|p2a: Deoxys|154/221\n|\n|-heal|p1a: Raikou|256/278|[from] item: Leftovers\n|-heal|p2a: Deoxys|167/221|[from] item: Leftovers\n|upkeep\n|turn|18\n|\n|t:|1733892075\n|move|p1a: Raikou|Calm Mind|p1a: Raikou\n|-boost|p1a: Raikou|spa|1\n|-boost|p1a: Raikou|spd|1\n|move|p2a: Deoxys|Cosmic Power|p2a: Deoxys\n|-boost|p2a: Deoxys|def|1\n|-boost|p2a: Deoxys|spd|1\n|\n|-heal|p1a: Raikou|273/278|[from] item: Leftovers\n|-heal|p2a: Deoxys|180/221|[from] item: Leftovers\n|upkeep\n|turn|19\n|inactive|AReallyShiftyGuy has 120 seconds left.\n|\n|t:|1733892111\n|move|p1a: Raikou|Calm Mind|p1a: Raikou\n|-boost|p1a: Raikou|spa|1\n|-boost|p1a: Raikou|spd|1\n|move|p2a: Deoxys|Cosmic Power|p2a: Deoxys\n|-boost|p2a: Deoxys|def|1\n|-boost|p2a: Deoxys|spd|1\n|\n|-heal|p1a: Raikou|278/278|[from] item: Leftovers\n|-heal|p2a: Deoxys|193/221|[from] item: Leftovers\n|upkeep\n|turn|20\n|\n|t:|1733892116\n|move|p1a: Raikou|Calm Mind|p1a: Raikou\n|-boost|p1a: Raikou|spa|1\n|-boost|p1a: Raikou|spd|1\n|move|p2a: Deoxys|Cosmic Power|p2a: Deoxys\n|-boost|p2a: Deoxys|def|1\n|-boost|p2a: Deoxys|spd|1\n|\n|-heal|p2a: Deoxys|206/221|[from] item: Leftovers\n|upkeep\n|turn|21\n|\n|t:|1733892130\n|move|p1a: Raikou|Calm Mind|p1a: Raikou\n|-boost|p1a: Raikou|spa|1\n|-boost|p1a: Raikou|spd|1\n|move|p2a: Deoxys|Cosmic Power|p2a: Deoxys\n|-boost|p2a: Deoxys|def|1\n|-boost|p2a: Deoxys|spd|1\n|\n|-heal|p2a: Deoxys|219/221|[from] item: Leftovers\n|upkeep\n|turn|22\n|\n|t:|1733892135\n|move|p1a: Raikou|Calm Mind|p1a: Raikou\n|-boost|p1a: Raikou|spa|1\n|-boost|p1a: Raikou|spd|1\n|move|p2a: Deoxys|Cosmic Power|p2a: Deoxys\n|-boost|p2a: Deoxys|def|1\n|-boost|p2a: Deoxys|spd|1\n|\n|-heal|p2a: Deoxys|221/221|[from] item: Leftovers\n|upkeep\n|turn|23\n|\n|t:|1733892139\n|move|p1a: Raikou|Calm Mind|p1a: Raikou\n|-boost|p1a: Raikou|spa|1\n|-boost|p1a: Raikou|spd|1\n|move|p2a: Deoxys|Cosmic Power|p2a: Deoxys\n|-boost|p2a: Deoxys|def|1\n|-boost|p2a: Deoxys|spd|1\n|\n|upkeep\n|turn|24\n|\n|t:|1733892141\n|move|p1a: Raikou|Thunderbolt|p2a: Deoxys\n|-damage|p2a: Deoxys|158/221\n|-status|p2a: Deoxys|par\n|cant|p2a: Deoxys|par\n|\n|-heal|p2a: Deoxys|171/221 par|[from] item: Leftovers\n|upkeep\n|turn|25\n|\n|t:|1733892146\n|move|p1a: Raikou|Thunderbolt|p2a: Deoxys\n|-damage|p2a: Deoxys|104/221 par\n|move|p2a: Deoxys|Recover|p2a: Deoxys\n|-heal|p2a: Deoxys|215/221 par\n|\n|-heal|p2a: Deoxys|221/221 par|[from] item: Leftovers\n|upkeep\n|turn|26\n|\n|t:|1733892150\n|move|p1a: Raikou|Thunderbolt|p2a: Deoxys\n|-crit|p2a: Deoxys\n|-damage|p2a: Deoxys|0 fnt\n|faint|p2a: Deoxys\n|\n|upkeep\n|c|\u2606Eternalnacho|oh okay\n|\n|t:|1733892162\n|switch|p2a: Jumpluff|Jumpluff, L87, F|205/271\n|turn|27\n|n|!AReallyShiftyGuy|areallyshiftyguy\n|\n|t:|1733892172\n|move|p2a: Jumpluff|Sleep Powder|p1a: Raikou\n|-status|p1a: Raikou|slp|[from] move: Sleep Powder\n|cant|p1a: Raikou|slp\n|\n|upkeep\n|turn|28\n|\n|t:|1733892179\n|move|p2a: Jumpluff|U-turn|p1a: Raikou\n|-damage|p1a: Raikou|233/278 slp\n|\n|t:|1733892181\n|switch|p2a: Squawkabilly|Squawkabilly-Yellow, L89, M|291/291|[from] U-turn\n|cant|p1a: Raikou|slp\n|\n|-heal|p1a: Raikou|250/278 slp|[from] item: Leftovers\n|upkeep\n|turn|29\n|\n|t:|1733892187\n|cant|p1a: Raikou|slp\n|move|p2a: Squawkabilly|Double-Edge|p1a: Raikou\n|-end|p1a: Raikou|Substitute\n|-damage|p2a: Squawkabilly|268/291|[from] Recoil|[of] p1a: Raikou\n|\n|-heal|p1a: Raikou|267/278 slp|[from] item: Leftovers\n|upkeep\n|turn|30\n|\n|t:|1733892194\n|switch|p2a: Plusle|Plusle, L95, F|216/268\n|-curestatus|p1a: Raikou|slp|[msg]\n|move|p1a: Raikou|Substitute|p1a: Raikou\n|-start|p1a: Raikou|Substitute\n|-damage|p1a: Raikou|198/278\n|\n|-heal|p1a: Raikou|215/278|[from] item: Leftovers\n|upkeep\n|turn|31\n|\n|t:|1733892198\n|move|p2a: Plusle|Encore|p1a: Raikou\n|-start|p1a: Raikou|Encore\n|move|p1a: Raikou|Substitute|p1a: Raikou\n|-fail|p1a: Raikou|move: Substitute\n|\n|-heal|p1a: Raikou|232/278|[from] item: Leftovers\n|upkeep\n|turn|32\n|\n|t:|1733892204\n|move|p2a: Plusle|Nasty Plot|p2a: Plusle\n|-boost|p2a: Plusle|spa|2\n|move|p1a: Raikou|Substitute|p1a: Raikou\n|-fail|p1a: Raikou|move: Substitute\n|\n|-heal|p1a: Raikou|249/278|[from] item: Leftovers\n|upkeep\n|turn|33\n|\n|t:|1733892222\n|move|p2a: Plusle|Nasty Plot|p2a: Plusle\n|-boost|p2a: Plusle|spa|2\n|move|p1a: Raikou|Substitute|p1a: Raikou\n|-fail|p1a: Raikou|move: Substitute\n|\n|-heal|p1a: Raikou|266/278|[from] item: Leftovers\n|-end|p1a: Raikou|Encore\n|upkeep\n|turn|34\n|\n|t:|1733892226\n|move|p2a: Plusle|Encore|p1a: Raikou\n|-start|p1a: Raikou|Encore\n|move|p1a: Raikou|Substitute|p1a: Raikou\n|-fail|p1a: Raikou|move: Substitute\n|\n|-heal|p1a: Raikou|278/278|[from] item: Leftovers\n|upkeep\n|turn|35\n|\n|t:|1733892228\n|move|p2a: Plusle|Nasty Plot|p2a: Plusle\n|-boost|p2a: Plusle|spa|2\n|move|p1a: Raikou|Substitute|p1a: Raikou\n|-fail|p1a: Raikou|move: Substitute\n|\n|upkeep\n|turn|36\n|\n|t:|1733892229\n|move|p2a: Plusle|Grass Knot|p1a: Raikou\n|-end|p1a: Raikou|Substitute\n|-damage|p2a: Plusle|190/268|[from] item: Life Orb\n|move|p1a: Raikou|Substitute|p1a: Raikou\n|-start|p1a: Raikou|Substitute\n|-damage|p1a: Raikou|209/278\n|\n|-heal|p1a: Raikou|226/278|[from] item: Leftovers\n|-end|p1a: Raikou|Encore\n|upkeep\n|turn|37\n|\n|t:|1733892234\n|move|p2a: Plusle|Encore|p1a: Raikou\n|-start|p1a: Raikou|Encore\n|move|p1a: Raikou|Substitute|p1a: Raikou\n|-fail|p1a: Raikou|move: Substitute\n|\n|-heal|p1a: Raikou|243/278|[from] item: Leftovers\n|upkeep\n|turn|38\n|\n|t:|1733892236\n|move|p2a: Plusle|Grass Knot|p1a: Raikou\n|-end|p1a: Raikou|Substitute\n|-damage|p2a: Plusle|164/268|[from] item: Life Orb\n|move|p1a: Raikou|Substitute|p1a: Raikou\n|-start|p1a: Raikou|Substitute\n|-damage|p1a: Raikou|174/278\n|\n|-heal|p1a: Raikou|191/278|[from] item: Leftovers\n|upkeep\n|turn|39\n|\n|t:|1733892238\n|move|p2a: Plusle|Grass Knot|p1a: Raikou\n|-end|p1a: Raikou|Substitute\n|-damage|p2a: Plusle|138/268|[from] item: Life Orb\n|move|p1a: Raikou|Substitute|p1a: Raikou\n|-start|p1a: Raikou|Substitute\n|-damage|p1a: Raikou|122/278\n|\n|-heal|p1a: Raikou|139/278|[from] item: Leftovers\n|-end|p1a: Raikou|Encore\n|upkeep\n|turn|40\n|\n|t:|1733892242\n|move|p2a: Plusle|Encore|p1a: Raikou\n|-start|p1a: Raikou|Encore\n|move|p1a: Raikou|Substitute|p1a: Raikou\n|-fail|p1a: Raikou|move: Substitute\n|\n|-heal|p1a: Raikou|156/278|[from] item: Leftovers\n|upkeep\n|turn|41\n|\n|t:|1733892246\n|move|p2a: Plusle|Grass Knot|p1a: Raikou\n|-end|p1a: Raikou|Substitute\n|-damage|p2a: Plusle|112/268|[from] item: Life Orb\n|move|p1a: Raikou|Substitute|p1a: Raikou\n|-start|p1a: Raikou|Substitute\n|-damage|p1a: Raikou|87/278\n|\n|-heal|p1a: Raikou|104/278|[from] item: Leftovers\n|upkeep\n|turn|42\n|\n|t:|1733892248\n|move|p2a: Plusle|Grass Knot|p1a: Raikou\n|-end|p1a: Raikou|Substitute\n|-damage|p2a: Plusle|86/268|[from] item: Life Orb\n|move|p1a: Raikou|Substitute|p1a: Raikou\n|-start|p1a: Raikou|Substitute\n|-damage|p1a: Raikou|35/278\n|\n|-heal|p1a: Raikou|52/278|[from] item: Leftovers\n|-end|p1a: Raikou|Encore\n|upkeep\n|turn|43\n|\n|t:|1733892251\n|move|p2a: Plusle|Grass Knot|p1a: Raikou\n|-end|p1a: Raikou|Substitute\n|-damage|p2a: Plusle|60/268|[from] item: Life Orb\n|move|p1a: Raikou|Scald|p2a: Plusle\n|-damage|p2a: Plusle|0 fnt\n|faint|p2a: Plusle\n|\n|-heal|p1a: Raikou|69/278|[from] item: Leftovers\n|upkeep\n|\n|t:|1733892258\n|switch|p2a: Squawkabilly|Squawkabilly-Yellow, L89, M|268/291\n|turn|44\n|\n|t:|1733892260\n|-terastallize|p2a: Squawkabilly|Normal\n|move|p2a: Squawkabilly|Quick Attack|p1a: Raikou\n|-damage|p1a: Raikou|0 fnt\n|faint|p1a: Raikou\n|\n|upkeep\n|inactive|AReallyShiftyGuy has 120 seconds left.\n|\n|t:|1733892293\n|switch|p1a: Whiscash|Whiscash, L88, F|187/337\n|turn|45\n|\n|t:|1733892301\n|move|p2a: Squawkabilly|Double-Edge|p1a: Whiscash|[miss]\n|-miss|p2a: Squawkabilly|p1a: Whiscash\n|move|p1a: Whiscash|Dragon Dance|p1a: Whiscash\n|-boost|p1a: Whiscash|atk|1\n|-boost|p1a: Whiscash|spe|1\n|\n|upkeep\n|turn|46\n|\n|t:|1733892306\n|move|p1a: Whiscash|Liquidation|p2a: Squawkabilly\n|-damage|p2a: Squawkabilly|48/291\n|-unboost|p2a: Squawkabilly|def|1\n|-damage|p1a: Whiscash|154/337|[from] item: Life Orb\n|move|p2a: Squawkabilly|Double-Edge|p1a: Whiscash\n|-damage|p1a: Whiscash|0 fnt\n|faint|p1a: Whiscash\n|-damage|p2a: Squawkabilly|0 fnt|[from] Recoil\n|faint|p2a: Squawkabilly\n|\n|upkeep\n|\n|t:|1733892314\n|switch|p2a: Jumpluff|Jumpluff, L87, F|205/271\n|switch|p1a: Enamorus|Enamorus, L79, F|247/247\n|turn|47\n|\n|t:|1733892320\n|move|p2a: Jumpluff|Sleep Powder|p1a: Enamorus\n|-status|p1a: Enamorus|slp|[from] move: Sleep Powder\n|cant|p1a: Enamorus|slp\n|\n|upkeep\n|turn|48\n|\n|t:|1733892325\n|move|p2a: Jumpluff|Acrobatics|p1a: Enamorus\n|-damage|p1a: Enamorus|150/247 slp\n|-curestatus|p1a: Enamorus|slp|[msg]\n|move|p1a: Enamorus|Play Rough|p2a: Jumpluff\n|-damage|p2a: Jumpluff|103/271\n|\n|-heal|p1a: Enamorus|165/247|[from] item: Leftovers\n|upkeep\n|turn|49\n|\n|t:|1733892336\n|move|p2a: Jumpluff|Acrobatics|p1a: Enamorus\n|-damage|p1a: Enamorus|56/247\n|move|p1a: Enamorus|Play Rough|p2a: Jumpluff\n|-damage|p2a: Jumpluff|0 fnt\n|faint|p2a: Jumpluff\n|\n|win|AReallyShiftyGuy\n", "inputlog": ">version bfd83cad13791eb5a5a409923076391caf6fb4d4\n>start {\"formatid\":\"gen9randombattle\",\"seed\":[35353,25938,44131,61362],\"rated\":\"Rated battle\"}\n>player p1 {\"name\":\"AReallyShiftyGuy\",\"avatar\":\"elesa\",\"rating\":2165,\"seed\":[12075,43956,794,6300]}\n>player p2 {\"name\":\"Eternalnacho\",\"avatar\":\"morty\",\"rating\":2204,\"seed\":[65124,43936,57649,9591]}\n>p1 switch 5\n>p2 move sacredfire\n>p1 move earthquake\n>p2 switch 6\n>p1 move earthquake\n>p2 move willowisp\n>p2 switch 4\n>p1 switch 3\n>p2 move grassknot\n>p1 move knockoff\n>p2 switch 2\n>p1 switch 5\n>p2 move uturn\n>p2 switch 6\n>p1 move earthquake\n>p2 move sacredfire\n>p1 move earthquake\n>p2 move sacredfire\n>p1 switch 4\n>p1 move rockslide\n>p2 move sacredfire\n>p1 move rockslide\n>p2 move sacredfire\n>p2 switch 2\n>p1 move earthquake\n>p2 move thunderbolt\n>p1 switch 5\n>p1 switch 6\n>p2 switch 6\n>p1 move substitute\n>p2 move sleeppowder\n>p1 move calmmind\n>p2 move encore\n>p1 move substitute\n>p2 move sleeppowder\n>p1 move substitute\n>p2 move sleeppowder\n>p1 move thunderbolt\n>p2 move uturn\n>p2 switch 5\n>p1 move calmmind\n>p2 move cosmicpower\n>p1 move calmmind\n>p2 move cosmicpower\n>p1 move calmmind\n>p2 move cosmicpower\n>p1 move calmmind\n>p2 move cosmicpower\n>p1 move calmmind\n>p2 move cosmicpower\n>p1 move calmmind\n>p2 move cosmicpower\n>p1 move thunderbolt\n>p2 move nightshade\n>p1 move thunderbolt\n>p2 move recover\n>p1 move thunderbolt\n>p2 move storedpower\n>chat \u2606Eternalnacho|oh okay\n>p2 switch 5\n>chat \u2606AReallyShiftyGuy|The game has said fuck you\n>p1 move thunderbolt\n>p2 move sleeppowder\n>p1 move thunderbolt\n>p2 move uturn\n>p2 switch 3\n>p1 move thunderbolt\n>p2 move doubleedge\n>p1 move substitute\n>p2 switch 6\n>p1 move scald\n>p2 move encore\n>p1 move substitute\n>p2 move nastyplot\n>p1 move substitute\n>p2 move nastyplot\n>p1 move scald\n>p2 move encore\n>p1 move substitute\n>p2 move nastyplot\n>p1 move substitute\n>p2 move grassknot\n>p1 move scald\n>p2 move encore\n>p1 move substitute\n>p2 move grassknot\n>p1 move substitute\n>p2 move grassknot\n>p1 move scald\n>p2 move encore\n>p1 move substitute\n>p2 move grassknot\n>p1 move substitute\n>p2 move grassknot\n>p1 move scald\n>p2 move grassknot\n>p2 switch 6\n>p1 move thunderbolt\n>p2 move quickattack terastallize\n>p1 switch 3\n>p1 move dragondance\n>p2 move doubleedge\n>p1 move liquidation\n>p2 move doubleedge\n>p1 switch 2\n>p2 switch 3\n>p1 move playrough\n>p2 move sleeppowder\n>p1 move playrough\n>p2 move acrobatics\n>p1 move playrough\n>p2 move acrobatics", "uploadtime": 1733892166, "views": 13, "formatid": "gen9randombattle", "rating": null, "private": 0, "password": null}