{"id": "gen9randombattle-2260597829", "format": "[Gen 9] Random Battle", "players": ["YetAnotherDodo", "PlanetAaron"], "log": "|j|\u2606YetAnotherDodo\n|j|\u2606PlanetAaron\n|t:|1733867593\n|gametype|singles\n|player|p1|YetAnotherDodo|larry|\n|player|p2|PlanetAaron|169|\n|teamsize|p1|6\n|teamsize|p2|6\n|gen|9\n|tier|[Gen 9] Random Battle\n|rule|Species Clause: Limit one of each Pok\u00e9mon\n|rule|HP Percentage Mod: HP is shown in percentages\n|rule|Sleep Clause Mod: Limit one foe put to sleep\n|rule|Illusion Level Mod: Illusion disguises the Pok\u00e9mon's true level\n|\n|t:|1733867593\n|start\n|switch|p1a: Ditto|Ditto, L87|225/225\n|switch|p2a: Annihilape|Annihilape, L76, M|292/292\n|-transform|p1a: Ditto|p2a: Annihilape|[from] ability: Imposter\n|turn|1\n|c|\u2606YetAnotherDodo|glhf\n|\n|t:|1733867630\n|switch|p1a: Ribombee|Ribombee, L82, F|233/233\n|move|p2a: Annihilape|Rage Fist|p1a: Ribombee\n|-damage|p1a: Ribombee|163/233\n|\n|upkeep\n|turn|2\n|\n|t:|1733867643\n|move|p1a: Ribombee|Sticky Web|p2a: Annihilape\n|-sidestart|p2: PlanetAaron|move: Sticky Web\n|move|p2a: Annihilape|Bulk Up|p2a: Annihilape\n|-boost|p2a: Annihilape|atk|1\n|-boost|p2a: Annihilape|def|1\n|\n|upkeep\n|turn|3\n|\n|t:|1733867653\n|move|p1a: Ribombee|Moonblast|p2a: Annihilape\n|-supereffective|p2a: Annihilape\n|-damage|p2a: Annihilape|98/292\n|move|p2a: Annihilape|Rage Fist|p1a: Ribombee\n|-damage|p1a: Ribombee|0 fnt\n|faint|p1a: Ribombee\n|\n|-heal|p2a: Annihilape|116/292|[from] item: Leftovers\n|upkeep\n|\n|t:|1733867673\n|switch|p1a: Ditto|Ditto, L87|225/225\n|-transform|p1a: Ditto|p2a: Annihilape|[from] ability: Imposter\n|turn|4\n|\n|t:|1733867681\n|move|p1a: Ditto|Rage Fist|p2a: Annihilape\n|-supereffective|p2a: Annihilape\n|-damage|p2a: Annihilape|0 fnt\n|faint|p2a: Annihilape\n|\n|upkeep\n|\n|t:|1733867690\n|switch|p2a: Sudowoodo|Sudowoodo, L94, F|284/284\n|-activate|p2a: Sudowoodo|move: Sticky Web\n|-unboost|p2a: Sudowoodo|spe|1\n|turn|5\n|\n|t:|1733867696\n|move|p1a: Ditto|Rage Fist|p2a: Sudowoodo\n|-damage|p2a: Sudowoodo|155/284\n|move|p2a: Sudowoodo|Stealth Rock|p1a: Ditto\n|-sidestart|p1: YetAnotherDodo|move: Stealth Rock\n|\n|-heal|p2a: Sudowoodo|172/284|[from] item: Leftovers\n|upkeep\n|turn|6\n|\n|t:|1733867713\n|move|p1a: Ditto|Rage Fist|p2a: Sudowoodo\n|-damage|p2a: Sudowoodo|58/284\n|move|p2a: Sudowoodo|Wood Hammer|p1a: Ditto\n|-damage|p1a: Ditto|133/225\n|\n|-heal|p2a: Sudowoodo|75/284|[from] item: Leftovers\n|upkeep\n|turn|7\n|\n|t:|1733867734\n|switch|p2a: Krookodile|Krookodile, L80, F|283/283\n|-activate|p2a: Krookodile|move: Sticky Web\n|-unboost|p2a: Krookodile|spe|1\n|-ability|p2a: Krookodile|Intimidate|boost\n|-unboost|p1a: Ditto|atk|1\n|-ability|p1a: Ditto|Defiant|boost\n|-boost|p1a: Ditto|atk|2\n|move|p1a: Ditto|Rage Fist|p2a: Krookodile\n|-resisted|p2a: Krookodile\n|-damage|p2a: Krookodile|102/283\n|\n|upkeep\n|turn|8\n|\n|t:|1733867752\n|move|p1a: Ditto|Rage Fist|p2a: Krookodile\n|-resisted|p2a: Krookodile\n|-damage|p2a: Krookodile|0 fnt\n|faint|p2a: Krookodile\n|\n|upkeep\n|\n|t:|1733867759\n|switch|p2a: Vaporeon|Vaporeon, L86, M|364/364\n|-activate|p2a: Vaporeon|move: Sticky Web\n|-unboost|p2a: Vaporeon|spe|1\n|turn|9\n|\n|t:|1733867775\n|switch|p1a: Empoleon|Empoleon, L84, F|278/278\n|-damage|p1a: Empoleon|261/278|[from] Stealth Rock\n|move|p2a: Vaporeon|Protect||[still]\n|-fail|p2a: Vaporeon\n|\n|-heal|p1a: Empoleon|278/278|[from] item: Leftovers\n|upkeep\n|turn|10\n|\n|t:|1733867790\n|switch|p2a: Dragapult|Dragapult, L77, M|262/262\n|-activate|p2a: Dragapult|move: Sticky Web\n|-fail|p2a: Dragapult|unboost|[from] ability: Clear Body|[of] p2a: Dragapult\n|move|p1a: Empoleon|Knock Off|p2a: Dragapult\n|-supereffective|p2a: Dragapult\n|-damage|p2a: Dragapult|122/262\n|-enditem|p2a: Dragapult|Life Orb|[from] move: Knock Off|[of] p1a: Empoleon\n|\n|upkeep\n|turn|11\n|\n|t:|1733867816\n|-terastallize|p2a: Dragapult|Ghost\n|move|p2a: Dragapult|Tera Blast|p1a: Empoleon|[anim] Tera Blast Ghost\n|-damage|p1a: Empoleon|166/278\n|move|p1a: Empoleon|Knock Off|p2a: Dragapult\n|-supereffective|p2a: Dragapult\n|-damage|p2a: Dragapult|22/262\n|\n|-heal|p1a: Empoleon|183/278|[from] item: Leftovers\n|upkeep\n|turn|12\n|\n|t:|1733867826\n|move|p2a: Dragapult|Tera Blast|p1a: Empoleon|[anim] Tera Blast Ghost\n|-damage|p1a: Empoleon|71/278\n|move|p1a: Empoleon|Roost|p1a: Empoleon\n|-heal|p1a: Empoleon|210/278\n|-singleturn|p1a: Empoleon|move: Roost\n|\n|-heal|p1a: Empoleon|227/278|[from] item: Leftovers\n|upkeep\n|turn|13\n|\n|t:|1733867833\n|move|p2a: Dragapult|Tera Blast|p1a: Empoleon|[anim] Tera Blast Ghost\n|-damage|p1a: Empoleon|119/278\n|move|p1a: Empoleon|Roost|p1a: Empoleon\n|-heal|p1a: Empoleon|258/278\n|-singleturn|p1a: Empoleon|move: Roost\n|\n|-heal|p1a: Empoleon|275/278|[from] item: Leftovers\n|upkeep\n|turn|14\n|\n|t:|1733867840\n|move|p2a: Dragapult|Tera Blast|p1a: Empoleon|[anim] Tera Blast Ghost\n|-damage|p1a: Empoleon|161/278\n|move|p1a: Empoleon|Knock Off|p2a: Dragapult\n|-supereffective|p2a: Dragapult\n|-damage|p2a: Dragapult|0 fnt\n|faint|p2a: Dragapult\n|\n|-heal|p1a: Empoleon|178/278|[from] item: Leftovers\n|upkeep\n|\n|t:|1733867853\n|switch|p2a: Komala|Komala, L89, M|260/260\n|-activate|p2a: Komala|move: Sticky Web\n|-unboost|p2a: Komala|spe|1\n|-ability|p2a: Komala|Comatose\n|turn|15\n|\n|t:|1733867864\n|move|p1a: Empoleon|Knock Off|p2a: Komala\n|-damage|p2a: Komala|184/260\n|-enditem|p2a: Komala|Assault Vest|[from] move: Knock Off|[of] p1a: Empoleon\n|move|p2a: Komala|Knock Off|p1a: Empoleon\n|-damage|p1a: Empoleon|91/278\n|-enditem|p1a: Empoleon|Leftovers|[from] move: Knock Off|[of] p2a: Komala\n|\n|upkeep\n|turn|16\n|\n|t:|1733867877\n|move|p1a: Empoleon|Roost|p1a: Empoleon\n|-heal|p1a: Empoleon|230/278\n|-singleturn|p1a: Empoleon|move: Roost\n|move|p2a: Komala|Earthquake|p1a: Empoleon\n|-supereffective|p1a: Empoleon\n|-damage|p1a: Empoleon|48/278\n|\n|upkeep\n|turn|17\n|\n|t:|1733867883\n|move|p1a: Empoleon|Surf|p2a: Komala\n|-damage|p2a: Komala|87/260\n|move|p2a: Komala|Earthquake|p1a: Empoleon\n|-supereffective|p1a: Empoleon\n|-damage|p1a: Empoleon|0 fnt\n|faint|p1a: Empoleon\n|\n|upkeep\n|\n|t:|1733867891\n|switch|p1a: Mewtwo|Mewtwo, L72|272/272\n|-ability|p1a: Mewtwo|Unnerve\n|-damage|p1a: Mewtwo|238/272|[from] Stealth Rock\n|turn|18\n|\n|t:|1733867906\n|move|p1a: Mewtwo|Nasty Plot|p1a: Mewtwo\n|-boost|p1a: Mewtwo|spa|2\n|move|p2a: Komala|Knock Off|p1a: Mewtwo\n|-supereffective|p1a: Mewtwo\n|-damage|p1a: Mewtwo|46/272\n|-enditem|p1a: Mewtwo|Life Orb|[from] move: Knock Off|[of] p2a: Komala\n|\n|upkeep\n|turn|19\n|\n|t:|1733867913\n|move|p1a: Mewtwo|Aura Sphere|p2a: Komala\n|-supereffective|p2a: Komala\n|-damage|p2a: Komala|0 fnt\n|faint|p2a: Komala\n|\n|upkeep\n|\n|t:|1733867920\n|switch|p2a: Vaporeon|Vaporeon, L86, M|364/364\n|-activate|p2a: Vaporeon|move: Sticky Web\n|-unboost|p2a: Vaporeon|spe|1\n|turn|20\n|\n|t:|1733867927\n|-terastallize|p1a: Mewtwo|Psychic\n|move|p1a: Mewtwo|Psystrike|p2a: Vaporeon\n|-damage|p2a: Vaporeon|0 fnt\n|faint|p2a: Vaporeon\n|\n|upkeep\n|\n|t:|1733867933\n|switch|p2a: Sudowoodo|Sudowoodo, L94, F|75/284\n|-activate|p2a: Sudowoodo|move: Sticky Web\n|-unboost|p2a: Sudowoodo|spe|1\n|turn|21\n|\n|t:|1733867943\n|move|p1a: Mewtwo|Aura Sphere|p2a: Sudowoodo\n|-supereffective|p2a: Sudowoodo\n|-damage|p2a: Sudowoodo|0 fnt\n|faint|p2a: Sudowoodo\n|\n|win|YetAnotherDodo\n|c|\u2606YetAnotherDodo|gg\n|c|\u2606PlanetAaron|gg\n|c|\u2606YetAnotherDodo|Ye that defiant interaction was something\n", "inputlog": ">version bfd83cad13791eb5a5a409923076391caf6fb4d4\n>start {\"formatid\":\"gen9randombattle\",\"seed\":[21467,12884,33213,14948]}\n>player p1 {\"name\":\"YetAnotherDodo\",\"avatar\":\"larry\",\"rating\":0,\"seed\":[30505,56660,46837,40095]}\n>player p2 {\"name\":\"PlanetAaron\",\"avatar\":\"169\",\"rating\":0,\"seed\":[29735,2958,32730,37112]}\n>chat \u2606YetAnotherDodo|glhf\n>p1 switch 2\n>p2 move ragefist\n>p1 move stickyweb\n>p2 move bulkup\n>p1 move moonblast\n>p2 move ragefist\n>p1 switch 2\n>p1 move ragefist\n>p2 move ragefist\n>p2 switch 3\n>p1 move ragefist\n>p2 move stealthrock\n>p1 move ragefist\n>p2 move woodhammer\n>p1 move ragefist\n>p2 switch 4\n>p1 move ragefist\n>p2 move knockoff\n>p2 switch 6\n>p1 switch 4\n>p2 move protect\n>p1 move knockoff\n>p2 switch 2\n>p1 move knockoff\n>p2 move terablast terastallize\n>p1 move roost\n>p2 move terablast\n>p1 move roost\n>p2 move terablast\n>p1 move knockoff\n>p2 move terablast\n>p2 switch 5\n>p1 move knockoff\n>p2 move knockoff\n>p1 move roost\n>p2 move earthquake\n>p1 move surf\n>p2 move earthquake\n>p1 switch 5\n>p1 move nastyplot\n>p2 move knockoff\n>p1 move aurasphere\n>p2 move knockoff\n>p2 switch 2\n>p1 move psystrike terastallize\n>p2 move scald\n>p2 switch 4\n>p1 move aurasphere\n>p2 move earthquake", "uploadtime": 1733867962, "views": 3, "formatid": "gen9randombattle", "rating": null, "private": 0, "password": null}