{"id": "gen9randombattle-2254899007", "format": "[Gen 9] Random Battle", "players": ["sanketsu shoujo", "LizarDune"], "log": "|badge|p2|bronze|gen9randombattle|100-3\n|uhtml|medal-msg|<div class=\"broadcast-blue\">Curious what those medals under the avatar are? PS now has Ladder Seasons! For more information, check out the <a href=\"https://www.smogon.com/forums/threads/3740067/\">thread on Smogon.</a></div>\n|j|\u2606sanketsu shoujo\n|j|\u2606LizarDune\n|t:|1733104836\n|gametype|singles\n|player|p1|sanketsu shoujo|misty-masters|2208\n|player|p2|LizarDune|musician|2360\n|teamsize|p1|6\n|teamsize|p2|6\n|gen|9\n|tier|[Gen 9] Random Battle\n|rated|\n|rule|Species Clause: Limit one of each Pok\u00e9mon\n|rule|HP Percentage Mod: HP is shown in percentages\n|rule|Sleep Clause Mod: Limit one foe put to sleep\n|rule|Illusion Level Mod: Illusion disguises the Pok\u00e9mon's true level\n|\n|t:|1733104836\n|start\n|switch|p1a: Oranguru|Oranguru, L92, F|315/315\n|switch|p2a: Arceus|Arceus, L68|276/276\n|turn|1\n|inactive|Battle timer is ON: inactive players will automatically lose when time's up. (requested by LizarDune)\n|inactive|LizarDune has 120 seconds left.\n|\n|t:|1733104868\n|switch|p2a: Wo-Chien|Wo-Chien, L83|277/277\n|-ability|p2a: Wo-Chien|Tablets of Ruin\n|move|p1a: Oranguru|Hyper Voice|p2a: Wo-Chien\n|-damage|p2a: Wo-Chien|160/277\n|\n|-heal|p2a: Wo-Chien|177/277|[from] item: Leftovers\n|upkeep\n|turn|2\n|\n|t:|1733104883\n|switch|p1a: Crabominable|Crabominable, L90, M|321/321\n|move|p2a: Wo-Chien|Knock Off|p1a: Crabominable\n|-resisted|p1a: Crabominable\n|-damage|p1a: Crabominable|277/321\n|-enditem|p1a: Crabominable|Choice Band|[from] move: Knock Off|[of] p2a: Wo-Chien\n|\n|-heal|p2a: Wo-Chien|194/277|[from] item: Leftovers\n|upkeep\n|turn|3\n|\n|t:|1733104887\n|move|p2a: Wo-Chien|Protect|p2a: Wo-Chien\n|-singleturn|p2a: Wo-Chien|Protect\n|move|p1a: Crabominable|Ice Hammer|p2a: Wo-Chien\n|-activate|p2a: Wo-Chien|move: Protect\n|\n|-heal|p2a: Wo-Chien|211/277|[from] item: Leftovers\n|upkeep\n|turn|4\n|inactive|LizarDune has 120 seconds left.\n|\n|t:|1733104929\n|switch|p2a: Gothitelle|Gothitelle, L90, M|272/272\n|move|p1a: Crabominable|Ice Hammer|p2a: Gothitelle\n|-damage|p2a: Gothitelle|95/272\n|-unboost|p1a: Crabominable|spe|1\n|\n|-heal|p2a: Gothitelle|112/272|[from] item: Leftovers\n|upkeep\n|turn|5\n|\n|t:|1733104936\n|move|p2a: Gothitelle|Psychic Noise|p1a: Crabominable\n|-supereffective|p1a: Crabominable\n|-damage|p1a: Crabominable|55/321\n|-start|p1a: Crabominable|move: Heal Block\n|move|p1a: Crabominable|Ice Hammer|p2a: Gothitelle\n|-damage|p2a: Gothitelle|0 fnt\n|-unboost|p1a: Crabominable|spe|1\n|faint|p2a: Gothitelle\n|\n|upkeep\n|inactive|LizarDune has 120 seconds left.\n|\n|t:|1733104948\n|switch|p2a: Wo-Chien|Wo-Chien, L83|211/277\n|-ability|p2a: Wo-Chien|Tablets of Ruin\n|turn|6\n|inactive|LizarDune has 120 seconds left.\n|\n|t:|1733104956\n|move|p2a: Wo-Chien|Giga Drain|p1a: Crabominable\n|-damage|p1a: Crabominable|0 fnt\n|-heal|p2a: Wo-Chien|239/277|[from] drain|[of] p1a: Crabominable\n|faint|p1a: Crabominable\n|\n|-heal|p2a: Wo-Chien|256/277|[from] item: Leftovers\n|upkeep\n|\n|t:|1733104963\n|switch|p1a: Volcarona|Volcarona, L77, M|257/257\n|turn|7\n|\n|t:|1733104971\n|switch|p2a: Eelektross|Eelektross, L87, F|290/290\n|move|p1a: Volcarona|Fiery Dance|p2a: Eelektross\n|-damage|p2a: Eelektross|223/290\n|\n|upkeep\n|turn|8\n|\n|t:|1733104978\n|switch|p1a: Volbeat|Volbeat, L90, M|263/263\n|move|p2a: Eelektross|Discharge|p1a: Volbeat\n|-damage|p1a: Volbeat|173/263\n|\n|upkeep\n|turn|9\n|\n|t:|1733104982\n|move|p1a: Volbeat|U-turn|p2a: Eelektross\n|-damage|p2a: Eelektross|156/290\n|\n|t:|1733104985\n|switch|p1a: Oranguru|Oranguru, L92, F|315/315|[from] U-turn\n|move|p2a: Eelektross|Discharge|p1a: Oranguru\n|-damage|p1a: Oranguru|236/315\n|\n|upkeep\n|turn|10\n|\n|t:|1733104998\n|move|p1a: Oranguru|Psyshock|p2a: Eelektross\n|-damage|p2a: Eelektross|0 fnt\n|faint|p2a: Eelektross\n|\n|upkeep\n|inactive|LizarDune has 120 seconds left.\n|\n|t:|1733105038\n|switch|p2a: Wo-Chien|Wo-Chien, L83|256/277\n|-ability|p2a: Wo-Chien|Tablets of Ruin\n|turn|11\n|\n|t:|1733105049\n|switch|p1a: Volbeat|Volbeat, L90, M|173/263\n|move|p2a: Wo-Chien|Leech Seed|p1a: Volbeat\n|-start|p1a: Volbeat|move: Leech Seed\n|\n|-heal|p2a: Wo-Chien|273/277|[from] item: Leftovers\n|-damage|p1a: Volbeat|141/263|[from] Leech Seed|[of] p2a: Wo-Chien\n|-heal|p2a: Wo-Chien|277/277|[silent]\n|upkeep\n|turn|12\n|inactive|LizarDune has 120 seconds left.\n|inactive|LizarDune has 90 seconds left.\n|\n|t:|1733105093\n|switch|p2a: Annihilape|Annihilape, L76, F|292/292\n|move|p1a: Volbeat|Roost|p1a: Volbeat\n|-heal|p1a: Volbeat|263/263\n|-singleturn|p1a: Volbeat|move: Roost\n|\n|-damage|p1a: Volbeat|231/263|[from] Leech Seed|[of] p2a: Annihilape\n|upkeep\n|turn|13\n|inactive|LizarDune has 90 seconds left.\n|\n|t:|1733105103\n|move|p1a: Volbeat|Thunder Wave|p2a: Annihilape\n|-status|p2a: Annihilape|par\n|cant|p2a: Annihilape|par\n|\n|-damage|p1a: Volbeat|199/263|[from] Leech Seed|[of] p2a: Annihilape\n|upkeep\n|turn|14\n|inactive|LizarDune has 90 seconds left.\n|\n|t:|1733105117\n|switch|p1a: Oranguru|Oranguru, L92, F|236/315\n|move|p2a: Annihilape|Taunt|p1a: Oranguru\n|-start|p1a: Oranguru|move: Taunt\n|\n|upkeep\n|turn|15\n|inactive|LizarDune has 90 seconds left.\n|\n|t:|1733105127\n|switch|p2a: Wo-Chien|Wo-Chien, L83|277/277\n|-ability|p2a: Wo-Chien|Tablets of Ruin\n|move|p1a: Oranguru|Focus Blast|p2a: Wo-Chien\n|-supereffective|p2a: Wo-Chien\n|-damage|p2a: Wo-Chien|71/277\n|\n|-heal|p2a: Wo-Chien|88/277|[from] item: Leftovers\n|upkeep\n|turn|16\n|\n|t:|1733105132\n|move|p2a: Wo-Chien|Leech Seed|p1a: Oranguru\n|-start|p1a: Oranguru|move: Leech Seed\n|move|p1a: Oranguru|Focus Blast|p2a: Wo-Chien\n|-supereffective|p2a: Wo-Chien\n|-damage|p2a: Wo-Chien|0 fnt\n|faint|p2a: Wo-Chien\n|\n|-end|p1a: Oranguru|move: Taunt\n|upkeep\n|\n|t:|1733105136\n|switch|p2a: Indeedee|Indeedee, L84, M|238/238\n|-fieldstart|move: Psychic Terrain|[from] ability: Psychic Surge|[of] p2a: Indeedee\n|turn|17\n|\n|t:|1733105144\n|move|p2a: Indeedee|Calm Mind|p2a: Indeedee\n|-boost|p2a: Indeedee|spa|1\n|-boost|p2a: Indeedee|spd|1\n|move|p1a: Oranguru|Focus Blast|p2a: Indeedee|[miss]\n|-miss|p1a: Oranguru|p2a: Indeedee\n|\n|-damage|p1a: Oranguru|197/315|[from] Leech Seed|[of] p2a: Indeedee\n|upkeep\n|turn|18\n|\n|t:|1733105153\n|move|p2a: Indeedee|Calm Mind|p2a: Indeedee\n|-boost|p2a: Indeedee|spa|1\n|-boost|p2a: Indeedee|spd|1\n|move|p1a: Oranguru|Focus Blast|p2a: Indeedee|[miss]\n|-miss|p1a: Oranguru|p2a: Indeedee\n|\n|-damage|p1a: Oranguru|158/315|[from] Leech Seed|[of] p2a: Indeedee\n|upkeep\n|turn|19\n|\n|t:|1733105156\n|move|p2a: Indeedee|Expanding Force|p1a: Oranguru\n|-resisted|p1a: Oranguru\n|-damage|p1a: Oranguru|0 fnt\n|faint|p1a: Oranguru\n|-damage|p2a: Indeedee|215/238|[from] item: Life Orb\n|\n|upkeep\n|\n|t:|1733105165\n|switch|p1a: Inteleon|Inteleon, L81, F|246/246\n|turn|20\n|\n|t:|1733105171\n|move|p1a: Inteleon|Dark Pulse|p2a: Indeedee\n|-supereffective|p2a: Indeedee\n|-damage|p2a: Indeedee|131/238\n|move|p2a: Indeedee|Expanding Force|p1a: Inteleon\n|-damage|p1a: Inteleon|0 fnt\n|faint|p1a: Inteleon\n|-damage|p2a: Indeedee|108/238|[from] item: Life Orb\n|\n|upkeep\n|\n|t:|1733105184\n|switch|p1a: Volcarona|Volcarona, L77, M|257/257\n|turn|21\n|\n|t:|1733105189\n|move|p2a: Indeedee|Expanding Force|p1a: Volcarona\n|-damage|p1a: Volcarona|0 fnt\n|faint|p1a: Volcarona\n|-damage|p2a: Indeedee|85/238|[from] item: Life Orb\n|\n|-fieldend|move: Psychic Terrain\n|upkeep\n|\n|t:|1733105191\n|switch|p1a: Volbeat|Volbeat, L90, M|199/263\n|turn|22\n|\n|t:|1733105196\n|move|p1a: Volbeat|Encore|p2a: Indeedee\n|-start|p2a: Indeedee|Encore\n|move|p2a: Indeedee|Expanding Force|p1a: Volbeat\n|-damage|p1a: Volbeat|0 fnt\n|faint|p1a: Volbeat\n|-damage|p2a: Indeedee|62/238|[from] item: Life Orb\n|\n|upkeep\n|\n|t:|1733105198\n|switch|p1a: Pecharunt|Pecharunt, L77|262/262\n|turn|23\n|\n|t:|1733105217\n|-terastallize|p1a: Pecharunt|Dark\n|move|p2a: Indeedee|Expanding Force|p1a: Pecharunt\n|-immune|p1a: Pecharunt\n|move|p1a: Pecharunt|Shadow Ball|p2a: Indeedee\n|-immune|p2a: Indeedee\n|\n|upkeep\n|turn|24\n|\n|t:|1733105229\n|switch|p2a: Arceus|Arceus, L68|276/276\n|move|p1a: Pecharunt|Malignant Chain|p2a: Arceus\n|-damage|p2a: Arceus|200/276\n|-status|p2a: Arceus|tox\n|-start|p2a: Arceus|confusion|[from] ability: Poison Puppeteer|[of] p1a: Pecharunt\n|\n|-damage|p2a: Arceus|183/276 tox|[from] psn\n|upkeep\n|turn|25\n|\n|t:|1733105238\n|-activate|p2a: Arceus|confusion\n|move|p2a: Arceus|Swords Dance|p2a: Arceus\n|-boost|p2a: Arceus|atk|2\n|move|p1a: Pecharunt|Malignant Chain|p2a: Arceus\n|-crit|p2a: Arceus\n|-damage|p2a: Arceus|72/276 tox\n|\n|-damage|p2a: Arceus|38/276 tox|[from] psn\n|upkeep\n|turn|26\n|\n|t:|1733105244\n|-activate|p2a: Arceus|confusion\n|move|p2a: Arceus|Recover|p2a: Arceus\n|-heal|p2a: Arceus|176/276 tox\n|move|p1a: Pecharunt|Recover||[still]\n|-fail|p1a: Pecharunt|heal\n|\n|-damage|p2a: Arceus|125/276 tox|[from] psn\n|upkeep\n|turn|27\n|\n|t:|1733105247\n|-activate|p2a: Arceus|confusion\n|move|p2a: Arceus|Extreme Speed|p1a: Pecharunt\n|-damage|p1a: Pecharunt|136/262\n|-damage|p2a: Arceus|98/276 tox|[from] item: Life Orb\n|move|p1a: Pecharunt|Malignant Chain|p2a: Arceus\n|-damage|p2a: Arceus|20/276 tox\n|\n|-heal|p1a: Pecharunt|152/262|[from] item: Leftovers\n|-damage|p2a: Arceus|0 fnt|[from] psn\n|faint|p2a: Arceus\n|upkeep\n|\n|t:|1733105256\n|switch|p2a: Annihilape|Annihilape, L76, F|292/292 par\n|turn|28\n|\n|t:|1733105264\n|-terastallize|p2a: Annihilape|Water\n|move|p1a: Pecharunt|Recover|p1a: Pecharunt\n|-heal|p1a: Pecharunt|262/262\n|cant|p2a: Annihilape|par\n|\n|upkeep\n|turn|29\n|\n|t:|1733105271\n|move|p1a: Pecharunt|Malignant Chain|p2a: Annihilape\n|-damage|p2a: Annihilape|204/292 par\n|move|p2a: Annihilape|Bulk Up|p2a: Annihilape\n|-boost|p2a: Annihilape|atk|1\n|-boost|p2a: Annihilape|def|1\n|\n|-heal|p2a: Annihilape|222/292 par|[from] item: Leftovers\n|upkeep\n|turn|30\n|\n|t:|1733105275\n|move|p1a: Pecharunt|Malignant Chain|p2a: Annihilape\n|-damage|p2a: Annihilape|128/292 par\n|cant|p2a: Annihilape|par\n|\n|-heal|p2a: Annihilape|146/292 par|[from] item: Leftovers\n|upkeep\n|turn|31\n|\n|t:|1733105277\n|move|p1a: Pecharunt|Shadow Ball|p2a: Annihilape\n|-damage|p2a: Annihilape|80/292 par\n|cant|p2a: Annihilape|par\n|\n|-heal|p2a: Annihilape|98/292 par|[from] item: Leftovers\n|upkeep\n|turn|32\n|\n|t:|1733105280\n|move|p1a: Pecharunt|Malignant Chain|p2a: Annihilape\n|-damage|p2a: Annihilape|1/292 par\n|cant|p2a: Annihilape|par\n|\n|-heal|p2a: Annihilape|19/292 par|[from] item: Leftovers\n|upkeep\n|turn|33\n|c|\u2606sanketsu shoujo|:suiWhistle2:\n|c|\u2606LizarDune|I knew it could happen but man\n|c|\u2606LizarDune|This game\n|inactive|LizarDune has 120 seconds left.\n|\n|t:|1733105315\n|move|p1a: Pecharunt|Malignant Chain|p2a: Annihilape\n|-damage|p2a: Annihilape|0 fnt\n|faint|p2a: Annihilape\n|\n|upkeep\n|\n|t:|1733105317\n|switch|p2a: Indeedee|Indeedee, L84, M|62/238\n|-fieldstart|move: Psychic Terrain|[from] ability: Psychic Surge|[of] p2a: Indeedee\n|turn|34\n|c|\u2606sanketsu shoujo|i will enjoy getting haxed down mto 1200 after this game\n|\n|t:|1733105329\n|move|p2a: Indeedee|Hyper Voice|p1a: Pecharunt\n|-damage|p1a: Pecharunt|129/262\n|-damage|p2a: Indeedee|39/238|[from] item: Life Orb\n|move|p1a: Pecharunt|Malignant Chain|p2a: Indeedee\n|-damage|p2a: Indeedee|0 fnt\n|faint|p2a: Indeedee\n|\n|win|sanketsu shoujo\n|raw|sanketsu shoujo's rating: 2208 &rarr; <strong>2236</strong><br />(+28 for winning)\n|raw|LizarDune's rating: 2360 &rarr; <strong>2332</strong><br />(-28 for losing)\n|c|\u2606LizarDune|gg\n|l|\u2606LizarDune\n|player|p2|\n|l|\u2606sanketsu shoujo\n|player|p1|\n|j|\u2606LizarDune\n|player|p2|LizarDune|musician|\n", "inputlog": ">version 15017e69104c52fac94bf5b037f20edc5ec8c1cf\n>start {\"formatid\":\"gen9randombattle\",\"seed\":[16857,14213,4882,64675],\"rated\":\"Rated battle\"}\n>player p1 {\"name\":\"sanketsu shoujo\",\"avatar\":\"misty-masters\",\"rating\":2208,\"seed\":[18506,13176,49877,144]}\n>player p2 {\"name\":\"LizarDune\",\"avatar\":\"musician\",\"rating\":2360,\"seed\":[51454,21366,8158,40950]}\n>p1 move hypervoice\n>p2 switch 3\n>p1 switch 3\n>p2 move knockoff\n>p1 move icehammer\n>p2 move protect\n>p1 move icehammer\n>p2 switch 4\n>p1 move icehammer\n>p2 move psychicnoise\n>p2 switch 4\n>p1 move icehammer\n>p2 move gigadrain\n>p1 switch 6\n>p1 move fierydance\n>p2 switch 6\n>p1 switch 2\n>p2 move discharge\n>p1 move uturn\n>p2 move discharge\n>p1 switch 3\n>p1 move psyshock\n>p2 move uturn\n>p2 switch 6\n>p1 switch 3\n>p2 move leechseed\n>p1 move roost\n>p2 switch 5\n>p1 move thunderwave\n>p2 move taunt\n>p1 switch 3\n>p2 move taunt\n>p1 move focusblast\n>p2 switch 5\n>p1 move focusblast\n>p2 move leechseed\n>p2 switch 2\n>p1 move focusblast\n>p2 move calmmind\n>p1 move focusblast\n>p2 move calmmind\n>p1 move focusblast\n>p2 move expandingforce\n>p1 switch 5\n>p1 move darkpulse\n>p2 move expandingforce\n>p1 switch 2\n>p1 move quiverdance\n>p2 move expandingforce\n>p1 switch 3\n>p1 move encore\n>p2 move hypervoice\n>p1 switch 4\n>p1 move shadowball terastallize\n>p2 move expandingforce\n>p1 move malignantchain\n>p2 switch 3\n>p1 move malignantchain\n>p2 move swordsdance\n>p1 move recover\n>p2 move recover\n>p1 move malignantchain\n>p2 move extremespeed\n>p2 switch 5\n>p1 move recover\n>p2 move bulkup terastallize\n>p1 move malignantchain\n>p2 move bulkup\n>p1 move malignantchain\n>p2 move drainpunch\n>p1 move shadowball\n>p2 move drainpunch\n>p1 move malignantchain\n>p2 move drainpunch\n>chat \u2606sanketsu shoujo|:suiWhistle2:\n>chat \u2606LizarDune|I knew it could happen but man\n>chat \u2606LizarDune|This game\n>p1 move malignantchain\n>p2 move drainpunch\n>p2 switch 3\n>chat \u2606sanketsu shoujo|i will enjoy getting haxed down mto 1200 after this game\n>p1 move malignantchain\n>p2 move hypervoice", "uploadtime": 1733105344, "views": 15, "formatid": "gen9randombattle", "rating": 2236, "private": 0, "password": null}