{"id": "gen9randombattle-2260689972", "format": "[Gen 9] Random Battle", "players": ["SkillAndPatience", "GDLGAMINGYT"], "log": "|j|\u2606SkillAndPatience\n|j|\u2606GDLGAMINGYT\n|t:|1733878826\n|gametype|singles\n|player|p1|SkillAndPatience|bugcatcher-gen4dp|1137\n|player|p2|GDLGAMINGYT|2|1127\n|teamsize|p1|6\n|teamsize|p2|6\n|gen|9\n|tier|[Gen 9] Random Battle\n|rated|\n|rule|Species Clause: Limit one of each Pok\u00e9mon\n|rule|HP Percentage Mod: HP is shown in percentages\n|rule|Sleep Clause Mod: Limit one foe put to sleep\n|rule|Illusion Level Mod: Illusion disguises the Pok\u00e9mon's true level\n|\n|t:|1733878826\n|start\n|switch|p1a: Mesprit|Mesprit, L85|275/275\n|switch|p2a: Roaring Moon|Roaring Moon, L72|270/270\n|turn|1\n|inactive|Battle timer is ON: inactive players will automatically lose when time's up. (requested by SkillAndPatience)\n|\n|t:|1733878848\n|switch|p1a: Ninetales|Ninetales-Alola, L78, M|242/242\n|-weather|Snow|[from] ability: Snow Warning|[of] p1a: Ninetales\n|move|p2a: Roaring Moon|Dragon Dance|p2a: Roaring Moon\n|-boost|p2a: Roaring Moon|atk|1\n|-boost|p2a: Roaring Moon|spe|1\n|\n|-weather|Snow|[upkeep]\n|upkeep\n|turn|2\n|\n|t:|1733878871\n|-end|p2a: Roaring Moon|Protosynthesis|[silent]\n|switch|p2a: Lilligant|Lilligant-Hisui, L79, F|240/240\n|-terastallize|p1a: Ninetales|Steel\n|move|p1a: Ninetales|Moonblast|p2a: Lilligant\n|-supereffective|p2a: Lilligant\n|-damage|p2a: Lilligant|72/240\n|\n|-weather|Snow|[upkeep]\n|upkeep\n|turn|3\n|\n|t:|1733878881\n|move|p1a: Ninetales|Blizzard|p2a: Lilligant\n|-supereffective|p2a: Lilligant\n|-damage|p2a: Lilligant|0 fnt\n|faint|p2a: Lilligant\n|\n|-weather|Snow|[upkeep]\n|upkeep\n|\n|t:|1733878891\n|switch|p2a: Pyroar|Pyroar, L88, F|295/295\n|-ability|p2a: Pyroar|Unnerve\n|turn|4\n|\n|t:|1733878897\n|switch|p1a: Dugtrio|Dugtrio, L84, M|196/196\n|move|p2a: Pyroar|Fire Blast|p1a: Dugtrio\n|-damage|p1a: Dugtrio|39/196\n|\n|-weather|Snow|[upkeep]\n|upkeep\n|turn|5\n|\n|t:|1733878906\n|move|p1a: Dugtrio|Earthquake|p2a: Pyroar\n|-supereffective|p2a: Pyroar\n|-damage|p2a: Pyroar|0 fnt\n|faint|p2a: Pyroar\n|\n|-weather|none\n|upkeep\n|\n|t:|1733878918\n|switch|p2a: Blastoise|Blastoise, L80, M|258/258\n|turn|6\n|\n|t:|1733878925\n|move|p1a: Dugtrio|Earthquake|p2a: Blastoise\n|-damage|p2a: Blastoise|96/258\n|move|p2a: Blastoise|Tera Blast|p1a: Dugtrio\n|-damage|p1a: Dugtrio|0 fnt\n|faint|p1a: Dugtrio\n|\n|upkeep\n|\n|t:|1733878928\n|switch|p1a: Mesprit|Mesprit, L85|275/275\n|turn|7\n|\n|t:|1733878937\n|move|p1a: Mesprit|Thunderbolt|p2a: Blastoise\n|-supereffective|p2a: Blastoise\n|-damage|p2a: Blastoise|0 fnt\n|faint|p2a: Blastoise\n|\n|upkeep\n|\n|t:|1733878943\n|switch|p2a: Roaring Moon|Roaring Moon, L72|270/270\n|turn|8\n|\n|t:|1733878948\n|switch|p1a: Ninetales|Ninetales-Alola, L78, M, tera:Steel|242/242\n|-weather|Snow|[from] ability: Snow Warning|[of] p1a: Ninetales\n|move|p2a: Roaring Moon|Earthquake|p1a: Ninetales\n|-supereffective|p1a: Ninetales\n|-damage|p1a: Ninetales|74/242\n|\n|-weather|Snow|[upkeep]\n|upkeep\n|turn|9\n|\n|t:|1733878959\n|move|p1a: Ninetales|Moonblast|p2a: Roaring Moon\n|-supereffective|p2a: Roaring Moon\n|-damage|p2a: Roaring Moon|0 fnt\n|faint|p2a: Roaring Moon\n|-end|p2a: Roaring Moon|Protosynthesis|[silent]\n|\n|-weather|Snow|[upkeep]\n|upkeep\n|\n|t:|1733878966\n|switch|p2a: Gengar|Gengar, L81, M|230/230\n|turn|10\n|\n|t:|1733878974\n|move|p2a: Gengar|Shadow Ball|p1a: Ninetales\n|-damage|p1a: Ninetales|0 fnt\n|faint|p1a: Ninetales\n|-damage|p2a: Gengar|207/230|[from] item: Life Orb\n|\n|-weather|Snow|[upkeep]\n|upkeep\n|\n|t:|1733878978\n|switch|p1a: Baxcalibur|Baxcalibur, L75, M|296/296\n|turn|11\n|\n|t:|1733878986\n|switch|p2a: Donphan|Donphan, L84, F|288/288\n|move|p1a: Baxcalibur|Earthquake|p2a: Donphan\n|-damage|p2a: Donphan|228/288\n|\n|-weather|Snow|[upkeep]\n|upkeep\n|turn|12\n|\n|t:|1733879001\n|-terastallize|p2a: Donphan|Dragon\n|move|p1a: Baxcalibur|Icicle Crash|p2a: Donphan\n|-supereffective|p2a: Donphan\n|-crit|p2a: Donphan\n|-damage|p2a: Donphan|0 fnt\n|faint|p2a: Donphan\n|\n|-weather|none\n|upkeep\n|\n|t:|1733879010\n|switch|p2a: Gengar|Gengar, L81, M|207/230\n|turn|13\n|\n|t:|1733879016\n|move|p2a: Gengar|Focus Blast|p1a: Baxcalibur\n|-supereffective|p1a: Baxcalibur\n|-damage|p1a: Baxcalibur|2/296\n|-damage|p2a: Gengar|184/230|[from] item: Life Orb\n|move|p1a: Baxcalibur|Dragon Dance|p1a: Baxcalibur\n|-boost|p1a: Baxcalibur|atk|1\n|-boost|p1a: Baxcalibur|spe|1\n|\n|upkeep\n|turn|14\n|\n|t:|1733879024\n|move|p1a: Baxcalibur|Earthquake|p2a: Gengar\n|-supereffective|p2a: Gengar\n|-damage|p2a: Gengar|0 fnt\n|faint|p2a: Gengar\n|\n|win|SkillAndPatience\n|raw|SkillAndPatience's rating: 1137 &rarr; <strong>1161</strong><br />(+24 for winning)\n|raw|GDLGAMINGYT's rating: 1127 &rarr; <strong>1103</strong><br />(-24 for losing)\n", "inputlog": ">version bfd83cad13791eb5a5a409923076391caf6fb4d4\n>start {\"formatid\":\"gen9randombattle\",\"seed\":[58128,30,2052,60107],\"rated\":\"Rated battle\"}\n>player p1 {\"name\":\"SkillAndPatience\",\"avatar\":\"bugcatcher-gen4dp\",\"rating\":1137,\"seed\":[6870,10369,55327,49233]}\n>player p2 {\"name\":\"GDLGAMINGYT\",\"avatar\":\"2\",\"rating\":1127,\"seed\":[34316,41926,4050,61439]}\n>p1 switch 2\n>p2 move dragondance\n>p1 move moonblast terastallize\n>p2 switch 2\n>p1 move blizzard\n>p2 move leafblade\n>p2 switch 5\n>p1 switch 5\n>p2 move fireblast\n>p1 move earthquake\n>p2 move fireblast\n>p2 switch 3\n>p1 move earthquake\n>p2 move terablast\n>p1 switch 2\n>p1 move thunderbolt\n>p2 move hydropump\n>p2 switch 2\n>p1 switch 5\n>p2 move earthquake\n>p1 move moonblast\n>p2 move earthquake\n>p2 switch 6\n>p1 move auroraveil\n>p2 move shadowball\n>p1 switch 3\n>p1 move earthquake\n>p2 switch 4\n>p1 move iciclecrash\n>p2 move icespinner terastallize\n>p2 switch 4\n>p1 move dragondance\n>p2 move focusblast\n>p1 move earthquake\n>p2 move shadowball", "uploadtime": 1733879032, "views": 2, "formatid": "gen9randombattle", "rating": 1103, "private": 0, "password": null}