{"id": "gen9randombattle-2259784575", "format": "[Gen 9] Random Battle", "players": ["am14fg", "lancesdragonites"], "log": "|j|\u2606am14fg\n|j|\u2606lancesdragonites\n|t:|1733766422\n|gametype|singles\n|player|p1|am14fg|lance|1475\n|player|p2|lancesdragonites|alder|1439\n|teamsize|p1|6\n|teamsize|p2|6\n|gen|9\n|tier|[Gen 9] Random Battle\n|rated|\n|rule|Species Clause: Limit one of each Pok\u00e9mon\n|rule|HP Percentage Mod: HP is shown in percentages\n|rule|Sleep Clause Mod: Limit one foe put to sleep\n|rule|Illusion Level Mod: Illusion disguises the Pok\u00e9mon's true level\n|\n|t:|1733766422\n|start\n|switch|p1a: Diancie|Diancie, L82|216/216\n|switch|p2a: Conkeldurr|Conkeldurr, L80, M|299/299\n|turn|1\n|inactive|Battle timer is ON: inactive players will automatically lose when time's up. (requested by am14fg)\n|\n|t:|1733766455\n|switch|p2a: Cacturne|Cacturne, L92, F|278/278\n|move|p1a: Diancie|Moonblast|p2a: Cacturne\n|-supereffective|p2a: Cacturne\n|-damage|p2a: Cacturne|24/278\n|\n|upkeep\n|turn|2\n|\n|t:|1733766480\n|switch|p1a: Sneasler|Sneasler, L74, F|240/240\n|move|p2a: Cacturne|Leaf Storm|p1a: Sneasler\n|-resisted|p1a: Sneasler\n|-damage|p1a: Sneasler|100/240\n|-unboost|p2a: Cacturne|spa|2\n|-damage|p2a: Cacturne|0 fnt|[from] item: Life Orb\n|faint|p2a: Cacturne\n|\n|upkeep\n|\n|t:|1733766490\n|switch|p2a: Jolteon|Jolteon, L84, F|246/246\n|turn|3\n|\n|t:|1733766498\n|switch|p1a: Excadrill|Excadrill, L79, F|303/303\n|-ability|p1a: Excadrill|Mold Breaker\n|move|p2a: Jolteon|Thunderbolt|p1a: Excadrill\n|-immune|p1a: Excadrill\n|\n|upkeep\n|turn|4\n|\n|t:|1733766506\n|switch|p2a: Conkeldurr|Conkeldurr, L80, M|299/299\n|move|p1a: Excadrill|Iron Head|p2a: Conkeldurr\n|-damage|p2a: Conkeldurr|200/299\n|\n|-status|p2a: Conkeldurr|brn|[from] item: Flame Orb\n|upkeep\n|turn|5\n|\n|t:|1733766515\n|switch|p1a: Lugia|Lugia, L72|272/272\n|move|p2a: Conkeldurr|Mach Punch|p1a: Lugia\n|-resisted|p1a: Lugia\n|-crit|p1a: Lugia\n|-damage|p1a: Lugia|261/272\n|\n|-damage|p2a: Conkeldurr|182/299 brn|[from] brn\n|upkeep\n|turn|6\n|\n|t:|1733766520\n|switch|p2a: Jolteon|Jolteon, L84, F|246/246\n|move|p1a: Lugia|Aeroblast|p2a: Jolteon\n|-resisted|p2a: Jolteon\n|-damage|p2a: Jolteon|209/246\n|\n|upkeep\n|turn|7\n|\n|t:|1733766539\n|switch|p1a: Ting-Lu|Ting-Lu, L78|370/370\n|-ability|p1a: Ting-Lu|Vessel of Ruin\n|move|p2a: Jolteon|Shadow Ball|p1a: Ting-Lu\n|-resisted|p1a: Ting-Lu\n|-damage|p1a: Ting-Lu|343/370\n|\n|upkeep\n|turn|8\n|c|\u2606lancesdragonites|lmao holy shit our teams are not built equal\n|\n|t:|1733766566\n|switch|p2a: Samurott|Samurott, L88, M|310/310\n|move|p1a: Ting-Lu|Heavy Slam|p2a: Samurott\n|-resisted|p2a: Samurott\n|-damage|p2a: Samurott|267/310\n|\n|upkeep\n|turn|9\n|\n|t:|1733766583\n|switch|p1a: Sableye|Sableye, L89, M|234/234\n|move|p2a: Samurott|Swords Dance|p2a: Samurott\n|-boost|p2a: Samurott|atk|2\n|\n|upkeep\n|turn|10\n|\n|t:|1733766596\n|-terastallize|p2a: Samurott|Dark\n|move|p1a: Sableye|Will-O-Wisp|p2a: Samurott\n|-hint|Since gen 7, Dark is immune to Prankster moves.\n|-immune|p2a: Samurott\n|move|p2a: Samurott|Liquidation|p1a: Sableye\n|-damage|p1a: Sableye|0 fnt\n|faint|p1a: Sableye\n|-damage|p2a: Samurott|236/310|[from] item: Life Orb\n|\n|upkeep\n|\n|t:|1733766608\n|switch|p1a: Sneasler|Sneasler, L74, F|100/240\n|turn|11\n|\n|t:|1733766610\n|move|p2a: Samurott|Aqua Jet|p1a: Sneasler\n|-damage|p1a: Sneasler|0 fnt\n|faint|p1a: Sneasler\n|-damage|p2a: Samurott|205/310|[from] item: Life Orb\n|\n|upkeep\n|\n|t:|1733766621\n|switch|p1a: Excadrill|Excadrill, L79, F|303/303\n|-ability|p1a: Excadrill|Mold Breaker\n|turn|12\n|\n|t:|1733766625\n|-terastallize|p1a: Excadrill|Water\n|move|p2a: Samurott|Aqua Jet|p1a: Excadrill\n|-resisted|p1a: Excadrill\n|-damage|p1a: Excadrill|213/303\n|-damage|p2a: Samurott|174/310|[from] item: Life Orb\n|move|p1a: Excadrill|Earthquake|p2a: Samurott\n|-damage|p2a: Samurott|59/310\n|\n|-heal|p1a: Excadrill|231/303|[from] item: Leftovers\n|upkeep\n|turn|13\n|\n|t:|1733766647\n|switch|p2a: Dusknoir|Dusknoir, L89, F|225/225\n|-item|p1a: Excadrill|Leftovers|[from] ability: Frisk|[of] p2a: Dusknoir\n|move|p1a: Excadrill|Earthquake|p2a: Dusknoir\n|-damage|p2a: Dusknoir|147/225\n|\n|-heal|p1a: Excadrill|249/303|[from] item: Leftovers\n|-heal|p2a: Dusknoir|161/225|[from] item: Leftovers\n|upkeep\n|turn|14\n|\n|t:|1733766661\n|switch|p1a: Ting-Lu|Ting-Lu, L78|343/370\n|-ability|p1a: Ting-Lu|Vessel of Ruin\n|move|p2a: Dusknoir|Will-O-Wisp|p1a: Ting-Lu\n|-status|p1a: Ting-Lu|brn\n|\n|-heal|p2a: Dusknoir|175/225|[from] item: Leftovers\n|-damage|p1a: Ting-Lu|320/370 brn|[from] brn\n|upkeep\n|turn|15\n|\n|t:|1733766670\n|move|p2a: Dusknoir|Earthquake|p1a: Ting-Lu\n|-damage|p1a: Ting-Lu|256/370 brn\n|move|p1a: Ting-Lu|Ruination|p2a: Dusknoir\n|-damage|p2a: Dusknoir|88/225\n|\n|-heal|p2a: Dusknoir|102/225|[from] item: Leftovers\n|-damage|p1a: Ting-Lu|233/370 brn|[from] brn\n|upkeep\n|turn|16\n|\n|t:|1733766681\n|move|p2a: Dusknoir|Pain Split|p1a: Ting-Lu\n|-sethp|p1a: Ting-Lu|167/370 brn|[from] move: Pain Split|[silent]\n|-sethp|p2a: Dusknoir|167/225|[from] move: Pain Split\n|move|p1a: Ting-Lu|Payback|p2a: Dusknoir\n|-supereffective|p2a: Dusknoir\n|-damage|p2a: Dusknoir|95/225\n|\n|-heal|p2a: Dusknoir|109/225|[from] item: Leftovers\n|-damage|p1a: Ting-Lu|144/370 brn|[from] brn\n|upkeep\n|turn|17\n|\n|t:|1733766688\n|move|p2a: Dusknoir|Earthquake|p1a: Ting-Lu\n|-damage|p1a: Ting-Lu|80/370 brn\n|move|p1a: Ting-Lu|Ruination|p2a: Dusknoir\n|-damage|p2a: Dusknoir|55/225\n|\n|-heal|p2a: Dusknoir|69/225|[from] item: Leftovers\n|-damage|p1a: Ting-Lu|57/370 brn|[from] brn\n|upkeep\n|turn|18\n|\n|t:|1733766697\n|move|p2a: Dusknoir|Earthquake|p1a: Ting-Lu\n|-damage|p1a: Ting-Lu|0 fnt\n|faint|p1a: Ting-Lu\n|\n|-heal|p2a: Dusknoir|83/225|[from] item: Leftovers\n|upkeep\n|\n|t:|1733766707\n|switch|p1a: Diancie|Diancie, L82|216/216\n|turn|19\n|\n|t:|1733766711\n|move|p2a: Dusknoir|Earthquake|p1a: Diancie\n|-supereffective|p1a: Diancie\n|-damage|p1a: Diancie|110/216\n|move|p1a: Diancie|Moonblast|p2a: Dusknoir\n|-damage|p2a: Dusknoir|20/225\n|-unboost|p2a: Dusknoir|spa|1\n|\n|-heal|p2a: Dusknoir|34/225|[from] item: Leftovers\n|upkeep\n|turn|20\n|\n|t:|1733766719\n|move|p2a: Dusknoir|Earthquake|p1a: Diancie\n|-supereffective|p1a: Diancie\n|-damage|p1a: Diancie|6/216\n|move|p1a: Diancie|Moonblast|p2a: Dusknoir\n|-damage|p2a: Dusknoir|0 fnt\n|faint|p2a: Dusknoir\n|\n|upkeep\n|\n|t:|1733766723\n|switch|p2a: Samurott|Samurott, L88, M, tera:Dark|59/310\n|turn|21\n|\n|t:|1733766730\n|switch|p1a: Excadrill|Excadrill, L79, F, tera:Water|249/303\n|-ability|p1a: Excadrill|Mold Breaker\n|move|p2a: Samurott|Aqua Jet|p1a: Excadrill\n|-resisted|p1a: Excadrill\n|-damage|p1a: Excadrill|181/303\n|-damage|p2a: Samurott|28/310|[from] item: Life Orb\n|\n|-heal|p1a: Excadrill|199/303|[from] item: Leftovers\n|upkeep\n|turn|22\n|\n|t:|1733766739\n|switch|p2a: Scovillain|Scovillain, L91, M|266/266\n|move|p1a: Excadrill|Rapid Spin|p2a: Scovillain\n|-damage|p2a: Scovillain|216/266\n|-boost|p1a: Excadrill|spe|1\n|\n|-heal|p1a: Excadrill|217/303|[from] item: Leftovers\n|-heal|p2a: Scovillain|232/266|[from] item: Leftovers\n|upkeep\n|turn|23\n|\n|t:|1733766747\n|switch|p1a: Diancie|Diancie, L82|6/216\n|move|p2a: Scovillain|Leech Seed|p1a: Diancie\n|-start|p1a: Diancie|move: Leech Seed\n|\n|-heal|p2a: Scovillain|248/266|[from] item: Leftovers\n|-damage|p1a: Diancie|0 fnt|[from] Leech Seed|[of] p2a: Scovillain\n|-heal|p2a: Scovillain|254/266|[silent]\n|faint|p1a: Diancie\n|upkeep\n|\n|t:|1733766750\n|switch|p1a: Lugia|Lugia, L72|261/272\n|turn|24\n|\n|t:|1733766755\n|move|p1a: Lugia|Calm Mind|p1a: Lugia\n|-boost|p1a: Lugia|spa|1\n|-boost|p1a: Lugia|spd|1\n|move|p2a: Scovillain|Leech Seed|p1a: Lugia\n|-start|p1a: Lugia|move: Leech Seed\n|\n|-heal|p2a: Scovillain|266/266|[from] item: Leftovers\n|-damage|p1a: Lugia|227/272|[from] Leech Seed|[of] p2a: Scovillain\n|upkeep\n|turn|25\n|\n|t:|1733766761\n|move|p1a: Lugia|Calm Mind|p1a: Lugia\n|-boost|p1a: Lugia|spa|1\n|-boost|p1a: Lugia|spd|1\n|move|p2a: Scovillain|Substitute|p2a: Scovillain\n|-start|p2a: Scovillain|Substitute\n|-damage|p2a: Scovillain|200/266\n|\n|-heal|p2a: Scovillain|216/266|[from] item: Leftovers\n|-damage|p1a: Lugia|193/272|[from] Leech Seed|[of] p2a: Scovillain\n|-heal|p2a: Scovillain|250/266|[silent]\n|upkeep\n|turn|26\n|\n|t:|1733766776\n|move|p1a: Lugia|Aeroblast|p2a: Scovillain\n|-supereffective|p2a: Scovillain\n|-end|p2a: Scovillain|Substitute\n|move|p2a: Scovillain|Flamethrower|p1a: Lugia\n|-damage|p1a: Lugia|148/272\n|-status|p1a: Lugia|brn\n|\n|-heal|p2a: Scovillain|266/266|[from] item: Leftovers\n|-damage|p1a: Lugia|114/272 brn|[from] Leech Seed|[of] p2a: Scovillain\n|-damage|p1a: Lugia|97/272 brn|[from] brn\n|upkeep\n|turn|27\n|\n|t:|1733766783\n|move|p2a: Scovillain|Protect|p2a: Scovillain\n|-singleturn|p2a: Scovillain|Protect\n|move|p1a: Lugia|Recover|p1a: Lugia\n|-heal|p1a: Lugia|233/272 brn\n|\n|-damage|p1a: Lugia|199/272 brn|[from] Leech Seed|[of] p2a: Scovillain\n|-damage|p1a: Lugia|182/272 brn|[from] brn\n|upkeep\n|turn|28\n|\n|t:|1733766796\n|switch|p2a: Conkeldurr|Conkeldurr, L80, M|182/299 brn\n|move|p1a: Lugia|Aeroblast|p2a: Conkeldurr\n|-supereffective|p2a: Conkeldurr\n|-damage|p2a: Conkeldurr|0 fnt\n|faint|p2a: Conkeldurr\n|\n|-damage|p1a: Lugia|165/272 brn|[from] brn\n|upkeep\n|\n|t:|1733766801\n|switch|p2a: Jolteon|Jolteon, L84, F|209/246\n|turn|29\n|\n|t:|1733766808\n|switch|p1a: Excadrill|Excadrill, L79, F, tera:Water|217/303\n|-ability|p1a: Excadrill|Mold Breaker\n|move|p2a: Jolteon|Thunderbolt|p1a: Excadrill\n|-supereffective|p1a: Excadrill\n|-damage|p1a: Excadrill|0 fnt\n|faint|p1a: Excadrill\n|\n|upkeep\n|\n|t:|1733766812\n|switch|p1a: Lugia|Lugia, L72|165/272 brn\n|turn|30\n|c|\u2606am14fg|Whoops\n|c|\u2606lancesdragonites|yeah lol\n|\n|t:|1733766822\n|move|p2a: Jolteon|Thunderbolt|p1a: Lugia\n|-supereffective|p1a: Lugia\n|-damage|p1a: Lugia|0 fnt\n|faint|p1a: Lugia\n|\n|win|lancesdragonites\n|raw|am14fg's rating: 1475 &rarr; <strong>1453</strong><br />(-22 for losing)\n|raw|lancesdragonites's rating: 1439 &rarr; <strong>1461</strong><br />(+22 for winning)\n", "inputlog": ">version bfd83cad13791eb5a5a409923076391caf6fb4d4\n>start {\"formatid\":\"gen9randombattle\",\"seed\":[44313,52269,62686,15192],\"rated\":\"Rated battle\"}\n>player p1 {\"name\":\"am14fg\",\"avatar\":\"lance\",\"rating\":1475,\"seed\":[9039,55793,41471,28736]}\n>player p2 {\"name\":\"lancesdragonites\",\"avatar\":\"alder\",\"rating\":1439,\"seed\":[29422,53620,64712,38359]}\n>p1 move moonblast\n>p2 switch 6\n>p1 switch 2\n>p2 move leafstorm\n>p2 switch 5\n>p1 switch 4\n>p2 move thunderbolt\n>p1 move ironhead\n>p2 switch 6\n>p1 switch 5\n>p2 move machpunch\n>p1 move aeroblast\n>p2 switch 6\n>p1 switch 3\n>p2 move shadowball\n>chat \u2606lancesdragonites|lmao holy shit our teams are not built equal\n>p1 move heavyslam\n>p2 switch 2\n>p1 switch 6\n>p2 move swordsdance\n>p1 move willowisp\n>p2 move liquidation terastallize\n>p1 switch 4\n>p1 move closecombat\n>p2 move aquajet\n>p1 switch 5\n>p1 move earthquake terastallize\n>p2 move aquajet\n>p1 move earthquake\n>p2 switch 4\n>p1 switch 6\n>p2 move willowisp\n>p1 move ruination\n>p2 move earthquake\n>p1 move payback\n>p2 move painsplit\n>p1 move ruination\n>p2 move earthquake\n>p1 move payback\n>p2 move earthquake\n>p1 switch 2\n>p1 move moonblast\n>p2 move earthquake\n>p1 move moonblast\n>p2 move earthquake\n>p2 switch 4\n>p1 switch 6\n>p2 move aquajet\n>p1 move rapidspin\n>p2 switch 3\n>p1 switch 6\n>p2 move leechseed\n>p1 switch 3\n>p1 move calmmind\n>p2 move leechseed\n>p1 move calmmind\n>p2 move substitute\n>p1 move aeroblast\n>p2 move flamethrower\n>p1 move recover\n>p2 move protect\n>p1 move aeroblast\n>p2 switch 6\n>p2 switch 2\n>p1 switch 6\n>p2 move thunderbolt\n>p1 switch 6\n>chat \u2606am14fg|Whoops\n>chat \u2606lancesdragonites|yeah lol\n>p1 move earthpower\n>p2 move thunderbolt", "uploadtime": 1733766830, "views": 6, "formatid": "gen9randombattle", "rating": 1453, "private": 0, "password": null}