{"id": "gen9randombattle-2260086835", "format": "[Gen 9] Random Battle", "players": ["Strong Pyukumuku", "hainah"], "log": "|j|\u2606Strong Pyukumuku\n|j|\u2606hainah\n|t:|1733800568\n|gametype|singles\n|player|p1|Strong Pyukumuku|1|1811\n|player|p2|hainah|266|1815\n|teamsize|p1|6\n|teamsize|p2|6\n|gen|9\n|tier|[Gen 9] Random Battle\n|rated|\n|rule|Species Clause: Limit one of each Pok\u00e9mon\n|rule|HP Percentage Mod: HP is shown in percentages\n|rule|Sleep Clause Mod: Limit one foe put to sleep\n|rule|Illusion Level Mod: Illusion disguises the Pok\u00e9mon's true level\n|\n|t:|1733800568\n|start\n|switch|p1a: Delphox|Delphox, L84, M|263/263\n|switch|p2a: Flapple|Flapple, L88, F|266/266\n|turn|1\n|\n|t:|1733800611\n|switch|p1a: Tinkaton|Tinkaton, L82, F|274/274\n|-ability|p1a: Tinkaton|Mold Breaker\n|move|p2a: Flapple|Dragon Dance|p2a: Flapple\n|-boost|p2a: Flapple|atk|1\n|-boost|p2a: Flapple|spe|1\n|\n|upkeep\n|turn|2\n|inactive|Battle timer is ON: inactive players will automatically lose when time's up. (requested by hainah)\n|\n|t:|1733800636\n|-terastallize|p2a: Flapple|Fire\n|move|p2a: Flapple|Tera Blast|p1a: Tinkaton|[anim] Tera Blast Fire\n|-supereffective|p1a: Tinkaton\n|-damage|p1a: Tinkaton|0 fnt\n|faint|p1a: Tinkaton\n|\n|upkeep\n|inactive|Strong Pyukumuku has 120 seconds left.\n|\n|t:|1733800683\n|switch|p1a: Illumise|Illumise, L91, F|266/266\n|turn|3\n|\n|t:|1733800707\n|switch|p2a: Excadrill|Excadrill, L79, M|303/303\n|-ability|p2a: Excadrill|Mold Breaker\n|move|p1a: Illumise|Thunder Wave|p2a: Excadrill\n|-immune|p2a: Excadrill\n|\n|upkeep\n|turn|4\n|inactive|Strong Pyukumuku has 120 seconds left.\n|\n|t:|1733800734\n|switch|p1a: Bruxish|Bruxish, L85, M|254/254\n|move|p2a: Excadrill|Rock Slide|p1a: Bruxish\n|-damage|p1a: Bruxish|184/254\n|\n|upkeep\n|turn|5\n|\n|t:|1733800745\n|switch|p2a: Wo-Chien|Wo-Chien, L83|277/277\n|-ability|p2a: Wo-Chien|Tablets of Ruin\n|move|p1a: Bruxish|Wave Crash|p2a: Wo-Chien\n|-resisted|p2a: Wo-Chien\n|-damage|p2a: Wo-Chien|208/277\n|-damage|p1a: Bruxish|161/254|[from] Recoil\n|\n|-heal|p2a: Wo-Chien|225/277|[from] item: Leftovers\n|upkeep\n|turn|6\n|inactive|Strong Pyukumuku has 90 seconds left.\n|inactive|Strong Pyukumuku has 60 seconds left.\n|\n|t:|1733800806\n|switch|p1a: Delphox|Delphox, L84, M|263/263\n|move|p2a: Wo-Chien|Leech Seed|p1a: Delphox\n|-start|p1a: Delphox|move: Leech Seed\n|\n|-heal|p2a: Wo-Chien|242/277|[from] item: Leftovers\n|-damage|p1a: Delphox|231/263|[from] Leech Seed|[of] p2a: Wo-Chien\n|-heal|p2a: Wo-Chien|274/277|[silent]\n|upkeep\n|turn|7\n|\n|t:|1733800819\n|switch|p2a: Lanturn|Lanturn, L89, M|367/367\n|move|p1a: Delphox|Fire Blast|p2a: Lanturn|[miss]\n|-miss|p1a: Delphox|p2a: Lanturn\n|\n|-damage|p1a: Delphox|199/263|[from] Leech Seed|[of] p2a: Lanturn\n|upkeep\n|turn|8\n|inactive|Strong Pyukumuku has 30 seconds left.\n|inactive|Strong Pyukumuku has 20 seconds left.\n|\n|t:|1733800861\n|switch|p1a: Raging Bolt|Raging Bolt, L78|323/323\n|move|p2a: Lanturn|Volt Switch|p1a: Raging Bolt\n|-resisted|p1a: Raging Bolt\n|-damage|p1a: Raging Bolt|310/323\n|inactive|Strong Pyukumuku has 25 seconds left this turn.\n|\n|t:|1733800869\n|switch|p2a: Excadrill|Excadrill, L79, M|303/303|[from] Volt Switch\n|-ability|p2a: Excadrill|Mold Breaker\n|\n|upkeep\n|turn|9\n|inactive|Strong Pyukumuku has 30 seconds left.\n|\n|t:|1733800877\n|-end|p1a: Raging Bolt|Protosynthesis|[silent]\n|switch|p1a: Dewgong|Dewgong, L94, F|322/322\n|move|p2a: Excadrill|Earthquake|p1a: Dewgong\n|-damage|p1a: Dewgong|196/322\n|\n|upkeep\n|turn|10\n|inactive|Strong Pyukumuku has 30 seconds left.\n|\n|t:|1733800894\n|switch|p2a: Lanturn|Lanturn, L89, M|367/367\n|move|p1a: Dewgong|Flip Turn|p2a: Lanturn\n|-resisted|p2a: Lanturn\n|-damage|p2a: Lanturn|329/367\n|inactive|Strong Pyukumuku has 30 seconds left this turn.\n|inactive|Strong Pyukumuku has 20 seconds left.\n|inactive|Strong Pyukumuku has 15 seconds left.\n|\n|t:|1733800910\n|switch|p1a: Raging Bolt|Raging Bolt, L78|310/323|[from] Flip Turn\n|\n|upkeep\n|turn|11\n|inactive|Strong Pyukumuku has 25 seconds left this turn.\n|\n|t:|1733800924\n|move|p2a: Lanturn|Volt Switch|p1a: Raging Bolt\n|-resisted|p1a: Raging Bolt\n|-damage|p1a: Raging Bolt|298/323\n|inactive|Strong Pyukumuku has 30 seconds left this turn.\n|\n|t:|1733800924\n|switch|p2a: Excadrill|Excadrill, L79, M|303/303|[from] Volt Switch\n|-ability|p2a: Excadrill|Mold Breaker\n|move|p1a: Raging Bolt|Draco Meteor|p2a: Excadrill\n|-resisted|p2a: Excadrill\n|-damage|p2a: Excadrill|237/303\n|-unboost|p1a: Raging Bolt|spa|2\n|\n|upkeep\n|turn|12\n|inactive|Strong Pyukumuku has 30 seconds left.\n|\n|t:|1733800953\n|-end|p1a: Raging Bolt|Protosynthesis|[silent]\n|switch|p1a: Dewgong|Dewgong, L94, F|196/322\n|move|p2a: Excadrill|Rock Slide|p1a: Dewgong|[miss]\n|-miss|p2a: Excadrill|p1a: Dewgong\n|\n|upkeep\n|turn|13\n|inactive|Strong Pyukumuku has 30 seconds left.\n|\n|t:|1733800961\n|switch|p2a: Wo-Chien|Wo-Chien, L83|274/277\n|-ability|p2a: Wo-Chien|Tablets of Ruin\n|move|p1a: Dewgong|Knock Off|p2a: Wo-Chien\n|-resisted|p2a: Wo-Chien\n|-damage|p2a: Wo-Chien|250/277\n|-enditem|p2a: Wo-Chien|Leftovers|[from] move: Knock Off|[of] p1a: Dewgong\n|\n|upkeep\n|turn|14\n|inactive|Strong Pyukumuku has 30 seconds left.\n|inactive|Strong Pyukumuku has 20 seconds left.\n|\n|t:|1733800984\n|move|p1a: Dewgong|Flip Turn|p2a: Wo-Chien\n|-resisted|p2a: Wo-Chien\n|-damage|p2a: Wo-Chien|230/277\n|inactive|Strong Pyukumuku has 25 seconds left this turn.\n|\n|t:|1733800988\n|switch|p1a: Illumise|Illumise, L91, F|266/266|[from] Flip Turn\n|move|p2a: Wo-Chien|Stun Spore|p1a: Illumise\n|-status|p1a: Illumise|par\n|\n|upkeep\n|turn|15\n|inactive|Strong Pyukumuku has 30 seconds left.\n|\n|t:|1733800995\n|switch|p1a: Bruxish|Bruxish, L85, M|161/254\n|move|p2a: Wo-Chien|Protect||[still]\n|-fail|p2a: Wo-Chien\n|\n|upkeep\n|turn|16\n|\n|t:|1733801000\n|switch|p1a: Illumise|Illumise, L91, F|266/266 par\n|move|p2a: Wo-Chien|Knock Off|p1a: Illumise\n|-damage|p1a: Illumise|169/266 par\n|-enditem|p1a: Illumise|Heavy-Duty Boots|[from] move: Knock Off|[of] p2a: Wo-Chien\n|\n|upkeep\n|turn|17\n|\n|t:|1733801004\n|move|p2a: Wo-Chien|Protect|p2a: Wo-Chien\n|-singleturn|p2a: Wo-Chien|Protect\n|move|p1a: Illumise|Roost|p1a: Illumise\n|-heal|p1a: Illumise|266/266 par\n|-singleturn|p1a: Illumise|move: Roost\n|\n|upkeep\n|turn|18\n|\n|t:|1733801010\n|switch|p2a: Lanturn|Lanturn, L89, M|329/367\n|switch|p1a: Bruxish|Bruxish, L85, M|161/254\n|\n|upkeep\n|turn|19\n|inactive|Strong Pyukumuku has 60 seconds left.\n|\n|t:|1733801023\n|-terastallize|p1a: Bruxish|Dark\n|move|p1a: Bruxish|Psychic Fangs|p2a: Lanturn\n|-damage|p2a: Lanturn|59/367\n|move|p2a: Lanturn|Thunderbolt|p1a: Bruxish\n|-damage|p1a: Bruxish|65/254\n|\n|upkeep\n|turn|20\n|\n|t:|1733801029\n|switch|p2a: Wo-Chien|Wo-Chien, L83|230/277\n|-ability|p2a: Wo-Chien|Tablets of Ruin\n|move|p1a: Bruxish|Psychic Fangs|p2a: Wo-Chien\n|-immune|p2a: Wo-Chien\n|\n|upkeep\n|turn|21\n|\n|t:|1733801033\n|switch|p1a: Illumise|Illumise, L91, F|266/266 par\n|move|p2a: Wo-Chien|Leech Seed|p1a: Illumise\n|-start|p1a: Illumise|move: Leech Seed\n|\n|-damage|p1a: Illumise|233/266 par|[from] Leech Seed|[of] p2a: Wo-Chien\n|-heal|p2a: Wo-Chien|263/277|[silent]\n|upkeep\n|turn|22\n|\n|t:|1733801048\n|switch|p1a: Dewgong|Dewgong, L94, F|196/322\n|move|p2a: Wo-Chien|Protect||[still]\n|-fail|p2a: Wo-Chien\n|\n|upkeep\n|turn|23\n|\n|t:|1733801057\n|move|p1a: Dewgong|Ice Beam|p2a: Wo-Chien\n|-supereffective|p2a: Wo-Chien\n|-damage|p2a: Wo-Chien|129/277\n|move|p2a: Wo-Chien|Leech Seed|p1a: Dewgong\n|-start|p1a: Dewgong|move: Leech Seed\n|\n|-damage|p1a: Dewgong|156/322|[from] Leech Seed|[of] p2a: Wo-Chien\n|-heal|p2a: Wo-Chien|169/277|[silent]\n|upkeep\n|turn|24\n|\n|t:|1733801074\n|switch|p1a: Illumise|Illumise, L91, F|233/266 par\n|move|p2a: Wo-Chien|Protect||[still]\n|-fail|p2a: Wo-Chien\n|\n|upkeep\n|turn|25\n|\n|t:|1733801080\n|switch|p2a: Lanturn|Lanturn, L89, M|59/367\n|switch|p1a: Delphox|Delphox, L84, M|199/263\n|\n|upkeep\n|turn|26\n|inactive|Strong Pyukumuku has 90 seconds left.\n|\n|t:|1733801092\n|move|p1a: Delphox|Psyshock|p2a: Lanturn\n|-damage|p2a: Lanturn|0 fnt\n|faint|p2a: Lanturn\n|\n|upkeep\n|\n|t:|1733801100\n|switch|p2a: Wo-Chien|Wo-Chien, L83|169/277\n|-ability|p2a: Wo-Chien|Tablets of Ruin\n|turn|27\n|\n|t:|1733801103\n|switch|p1a: Illumise|Illumise, L91, F|233/266 par\n|move|p2a: Wo-Chien|Knock Off|p1a: Illumise\n|-damage|p1a: Illumise|170/266 par\n|\n|upkeep\n|turn|28\n|inactive|Strong Pyukumuku has 90 seconds left.\n|\n|t:|1733801138\n|move|p1a: Illumise|Roost|p1a: Illumise\n|-heal|p1a: Illumise|266/266 par\n|-singleturn|p1a: Illumise|move: Roost\n|move|p2a: Wo-Chien|Leech Seed|p1a: Illumise\n|-start|p1a: Illumise|move: Leech Seed\n|\n|-damage|p1a: Illumise|233/266 par|[from] Leech Seed|[of] p2a: Wo-Chien\n|-heal|p2a: Wo-Chien|202/277|[silent]\n|upkeep\n|turn|29\n|\n|t:|1733801144\n|move|p2a: Wo-Chien|Protect|p2a: Wo-Chien\n|-singleturn|p2a: Wo-Chien|Protect\n|move|p1a: Illumise|Bug Buzz|p2a: Wo-Chien\n|-activate|p2a: Wo-Chien|move: Protect\n|\n|-damage|p1a: Illumise|200/266 par|[from] Leech Seed|[of] p2a: Wo-Chien\n|-heal|p2a: Wo-Chien|235/277|[silent]\n|upkeep\n|turn|30\n|\n|t:|1733801149\n|switch|p2a: Flapple|Flapple, L88, F, tera:Fire|266/266\n|switch|p1a: Dewgong|Dewgong, L94, F|156/322\n|\n|upkeep\n|turn|31\n|\n|t:|1733801164\n|move|p1a: Dewgong|Hydro Pump|p2a: Flapple\n|-supereffective|p2a: Flapple\n|-damage|p2a: Flapple|0 fnt\n|faint|p2a: Flapple\n|\n|upkeep\n|\n|t:|1733801177\n|switch|p2a: Excadrill|Excadrill, L79, M|237/303\n|-ability|p2a: Excadrill|Mold Breaker\n|turn|32\n|inactive|Strong Pyukumuku has 90 seconds left.\n|\n|t:|1733801223\n|move|p2a: Excadrill|Rock Slide|p1a: Dewgong\n|-supereffective|p1a: Dewgong\n|-damage|p1a: Dewgong|38/322\n|move|p1a: Dewgong|Hydro Pump|p2a: Excadrill\n|-supereffective|p2a: Excadrill\n|-damage|p2a: Excadrill|51/303\n|\n|upkeep\n|turn|33\n|\n|t:|1733801236\n|move|p1a: Dewgong|Flip Turn|p2a: Excadrill\n|-supereffective|p2a: Excadrill\n|-damage|p2a: Excadrill|0 fnt\n|faint|p2a: Excadrill\n|inactive|Strong Pyukumuku has 60 seconds left.\n|\n|t:|1733801251\n|switch|p1a: Raging Bolt|Raging Bolt, L78|298/323|[from] Flip Turn\n|\n|upkeep\n|\n|t:|1733801254\n|switch|p2a: Arceus|Arceus-Fairy, L69|280/280\n|turn|34\n|inactive|Strong Pyukumuku has 60 seconds left.\n|\n|t:|1733801272\n|move|p2a: Arceus|Judgment|p1a: Raging Bolt\n|-supereffective|p1a: Raging Bolt\n|-damage|p1a: Raging Bolt|158/323\n|move|p1a: Raging Bolt|Volt Switch|p2a: Arceus\n|-damage|p2a: Arceus|195/280\n|\n|t:|1733801295\n|-end|p1a: Raging Bolt|Protosynthesis|[silent]\n|switch|p1a: Illumise|Illumise, L91, F|200/266 par|[from] Volt Switch\n|\n|upkeep\n|turn|35\n|\n|t:|1733801303\n|switch|p2a: Wo-Chien|Wo-Chien, L83|235/277\n|-ability|p2a: Wo-Chien|Tablets of Ruin\n|move|p1a: Illumise|Thunder Wave|p2a: Wo-Chien\n|-hint|Since gen 7, Dark is immune to Prankster moves.\n|-immune|p2a: Wo-Chien\n|\n|upkeep\n|turn|36\n|\n|t:|1733801308\n|move|p2a: Wo-Chien|Leech Seed|p1a: Illumise|[miss]\n|-miss|p2a: Wo-Chien|p1a: Illumise\n|move|p1a: Illumise|Bug Buzz|p2a: Wo-Chien\n|-supereffective|p2a: Wo-Chien\n|-damage|p2a: Wo-Chien|0 fnt\n|faint|p2a: Wo-Chien\n|\n|upkeep\n|\n|t:|1733801312\n|switch|p2a: Charizard|Charizard, L85, M|271/271\n|turn|37\n|inactive|Strong Pyukumuku has 60 seconds left.\n|\n|t:|1733801346\n|switch|p1a: Delphox|Delphox, L84, M|199/263\n|move|p2a: Charizard|Flamethrower|p1a: Delphox\n|-resisted|p1a: Delphox\n|-damage|p1a: Delphox|151/263\n|\n|upkeep\n|turn|38\n|\n|t:|1733801354\n|move|p1a: Delphox|Psyshock|p2a: Charizard\n|-crit|p2a: Charizard\n|-damage|p2a: Charizard|108/271\n|move|p2a: Charizard|Earthquake|p1a: Delphox\n|-supereffective|p1a: Delphox\n|-damage|p1a: Delphox|0 fnt\n|faint|p1a: Delphox\n|\n|upkeep\n|inactive|Strong Pyukumuku has 30 seconds left.\n|\n|t:|1733801385\n|switch|p1a: Raging Bolt|Raging Bolt, L78|158/323\n|turn|39\n|\n|t:|1733801392\n|switch|p2a: Arceus|Arceus-Fairy, L69|195/280\n|move|p1a: Raging Bolt|Volt Switch|p2a: Arceus\n|-damage|p2a: Arceus|108/280\n|\n|t:|1733801398\n|-end|p1a: Raging Bolt|Protosynthesis|[silent]\n|switch|p1a: Illumise|Illumise, L91, F|200/266 par|[from] Volt Switch\n|\n|upkeep\n|turn|40\n|\n|t:|1733801402\n|cant|p1a: Illumise|par\n|move|p2a: Arceus|Recover|p2a: Arceus\n|-heal|p2a: Arceus|248/280\n|\n|upkeep\n|turn|41\n|\n|t:|1733801407\n|switch|p2a: Charizard|Charizard, L85, M|108/271\n|move|p1a: Illumise|Thunder Wave|p2a: Charizard\n|-status|p2a: Charizard|par\n|\n|upkeep\n|turn|42\n|\n|t:|1733801419\n|switch|p1a: Raging Bolt|Raging Bolt, L78|158/323\n|move|p2a: Charizard|Earthquake|p1a: Raging Bolt\n|-supereffective|p1a: Raging Bolt\n|-damage|p1a: Raging Bolt|12/323\n|\n|upkeep\n|turn|43\n|\n|t:|1733801423\n|move|p1a: Raging Bolt|Volt Switch|p2a: Charizard\n|-supereffective|p2a: Charizard\n|-damage|p2a: Charizard|0 fnt\n|faint|p2a: Charizard\n|\n|t:|1733801425\n|-end|p1a: Raging Bolt|Protosynthesis|[silent]\n|switch|p1a: Illumise|Illumise, L91, F|200/266 par|[from] Volt Switch\n|\n|upkeep\n|\n|t:|1733801428\n|switch|p2a: Arceus|Arceus-Fairy, L69|248/280\n|turn|44\n|c|\u2606Strong Pyukumuku|PLEASE\n|c|\u2606Strong Pyukumuku|FOR THE LOVE OF GOD\n|c|\u2606Strong Pyukumuku|DONT FULL PARA\n|\n|t:|1733801435\n|move|p1a: Illumise|Thunder Wave|p2a: Arceus\n|-status|p2a: Arceus|par\n|cant|p2a: Arceus|par\n|\n|upkeep\n|turn|45\n|c|\u2606hainah|PLEASE DONT\n|c|\u2606hainah|NO\n|c|\u2606Strong Pyukumuku|HOLY SHIT\n|inactive|Strong Pyukumuku has 90 seconds left.\n|c|\u2606Strong Pyukumuku|THE COMEBACK\n|c|\u2606hainah|wp\n|c|\u2606Strong Pyukumuku|ty <3\n|c|\u2606Strong Pyukumuku|i clenched so hard\n|c|\u2606Strong Pyukumuku|:'(\n|c|\u2606hainah|i hate illumise in randbats\n|c|\u2606Strong Pyukumuku|its not over yet\n|c|\u2606Strong Pyukumuku|im gonna fucking choke\n|inactive|Strong Pyukumuku has 60 seconds left.\n|\n|t:|1733801478\n|switch|p1a: Dewgong|Dewgong, L94, F|38/322\n|move|p2a: Arceus|Judgment|p1a: Dewgong\n|-damage|p1a: Dewgong|0 fnt\n|faint|p1a: Dewgong\n|\n|upkeep\n|\n|t:|1733801492\n|switch|p1a: Bruxish|Bruxish, L85, M, tera:Dark|65/254\n|turn|46\n|\n|t:|1733801498\n|move|p1a: Bruxish|Psychic Fangs|p2a: Arceus\n|-damage|p2a: Arceus|28/280 par\n|move|p2a: Arceus|Judgment|p1a: Bruxish\n|-supereffective|p1a: Bruxish\n|-damage|p1a: Bruxish|0 fnt\n|faint|p1a: Bruxish\n|\n|upkeep\n|\n|t:|1733801503\n|switch|p1a: Raging Bolt|Raging Bolt, L78|12/323\n|turn|47\n|\n|t:|1733801508\n|move|p1a: Raging Bolt|Thunderbolt|p2a: Arceus\n|-damage|p2a: Arceus|0 fnt\n|faint|p2a: Arceus\n|\n|win|Strong Pyukumuku\n|raw|Strong Pyukumuku's rating: 1811 &rarr; <strong>1831</strong><br />(+20 for winning)\n|raw|hainah's rating: 1815 &rarr; <strong>1795</strong><br />(-20 for losing)\n|c|\u2606hainah|gg\n|c|\u2606Strong Pyukumuku|gg!!\n|l|\u2606hainah\n|player|p2|\n|c|\u2606Strong Pyukumuku|tyfp\n", "inputlog": ">version bfd83cad13791eb5a5a409923076391caf6fb4d4\n>start {\"formatid\":\"gen9randombattle\",\"seed\":[51599,40854,34847,18699],\"rated\":\"Rated battle\"}\n>player p1 {\"name\":\"Strong Pyukumuku\",\"avatar\":\"1\",\"rating\":1811,\"seed\":[2979,52595,29785,57888]}\n>player p2 {\"name\":\"hainah\",\"avatar\":\"266\",\"rating\":1815,\"seed\":[59898,21344,35828,52880]}\n>p1 switch 2\n>p2 move dragondance\n>p1 move playrough\n>p2 move terablast terastallize\n>p1 switch 5\n>p1 move thunderwave\n>p2 switch 3\n>p1 switch 4\n>p2 move rockslide\n>p1 move wavecrash\n>p2 switch 2\n>p1 switch 2\n>p2 move leechseed\n>p1 move fireblast\n>p2 switch 4\n>p1 switch 6\n>p2 move voltswitch\n>p2 switch 2\n>p1 switch 3\n>p2 move earthquake\n>p1 move flipturn\n>p2 switch 2\n>p1 switch 3\n>p1 move dracometeor\n>p2 move voltswitch\n>p2 switch 2\n>p1 switch 3\n>p2 move rockslide\n>p1 move knockoff\n>p2 switch 4\n>p1 move flipturn\n>p2 move stunspore\n>p1 switch 4\n>p1 switch 2\n>p2 move protect\n>p1 switch 2\n>p2 move knockoff\n>p1 move roost\n>p2 move protect\n>p1 switch 2\n>p2 switch 2\n>p1 move psychicfangs terastallize\n>p2 move thunderbolt\n>p1 move psychicfangs\n>p2 switch 2\n>p1 switch 2\n>p2 move leechseed\n>p1 switch 4\n>p2 move protect\n>p1 move icebeam\n>p2 move leechseed\n>p1 switch 4\n>p2 move protect\n>p1 switch 6\n>p2 switch 2\n>p1 move psyshock\n>p2 move scald\n>p2 switch 2\n>p1 switch 6\n>p2 move knockoff\n>p1 move roost\n>p2 move leechseed\n>p1 move bugbuzz\n>p2 move protect\n>p1 switch 4\n>p2 switch 3\n>p1 move hydropump\n>p2 move outrage\n>p2 switch 4\n>p1 move hydropump\n>p2 move rockslide\n>p1 move flipturn\n>p2 move rapidspin\n>p1 switch 3\n>p2 switch 6\n>p1 move voltswitch\n>p2 move judgment\n>p1 switch 4\n>p1 move thunderwave\n>p2 switch 3\n>p1 move bugbuzz\n>p2 move leechseed\n>p2 switch 5\n>p1 switch 6\n>p2 move flamethrower\n>p1 move psyshock\n>p2 move earthquake\n>p1 switch 4\n>p1 move voltswitch\n>p2 switch 3\n>p1 switch 6\n>p1 move thunderwave\n>p2 move recover\n>p1 move thunderwave\n>p2 switch 3\n>p1 switch 6\n>p2 move earthquake\n>p1 move voltswitch\n>p2 move willowisp\n>p1 switch 6\n>p2 switch 3\n>chat \u2606Strong Pyukumuku|PLEASE\n>chat \u2606Strong Pyukumuku|FOR THE LOVE OF GOD\n>chat \u2606Strong Pyukumuku|DONT FULL PARA\n>p1 move thunderwave\n>p2 move judgment\n>chat \u2606hainah|PLEASE DONT\n>chat \u2606hainah|NO\n>chat \u2606Strong Pyukumuku|HOLY SHIT\n>chat \u2606Strong Pyukumuku|THE COMEBACK \n>chat \u2606hainah|wp\n>chat \u2606Strong Pyukumuku|ty <3\n>chat \u2606Strong Pyukumuku|i clenched so hard \n>chat \u2606Strong Pyukumuku|:'(\n>chat \u2606hainah|i hate illumise in randbats\n>chat \u2606Strong Pyukumuku|its not over yet\n>chat \u2606Strong Pyukumuku|im gonna fucking choke\n>p1 switch 3\n>p2 move judgment\n>p1 switch 2\n>p1 move psychicfangs\n>p2 move judgment\n>p1 switch 6\n>p1 move thunderbolt\n>p2 move judgment", "uploadtime": 1733801516, "views": 17, "formatid": "gen9randombattle", "rating": 1795, "private": 0, "password": null}