{"id": "gen9randombattle-2260820548", "format": "[Gen 9] Random Battle", "players": ["gloidery", "RoboWahbit"], "log": "|j|\u2606gloidery\n|j|\u2606RoboWahbit\n|t:|1733898036\n|gametype|singles\n|player|p1|gloidery|psychicf-gen4|1106\n|player|p2|RoboWahbit|101|1080\n|teamsize|p1|6\n|teamsize|p2|6\n|gen|9\n|tier|[Gen 9] Random Battle\n|rated|\n|rule|Species Clause: Limit one of each Pok\u00e9mon\n|rule|HP Percentage Mod: HP is shown in percentages\n|rule|Sleep Clause Mod: Limit one foe put to sleep\n|rule|Illusion Level Mod: Illusion disguises the Pok\u00e9mon's true level\n|\n|t:|1733898036\n|start\n|switch|p1a: Fezandipiti|Fezandipiti, L82, M|278/278\n|switch|p2a: Deoxys|Deoxys-Speed, L82|216/216\n|-ability|p2a: Deoxys|Pressure\n|turn|1\n|c|\u2606RoboWahbit|hf\n|inactive|Battle timer is ON: inactive players will automatically lose when time's up. (requested by RoboWahbit)\n|\n|t:|1733898057\n|switch|p1a: Iron Crown|Iron Crown, L78|268/268\n|move|p2a: Deoxys|Psycho Boost|p1a: Iron Crown\n|-resisted|p1a: Iron Crown\n|-damage|p1a: Iron Crown|239/268\n|-unboost|p2a: Deoxys|spa|2\n|\n|-heal|p1a: Iron Crown|255/268|[from] item: Leftovers\n|upkeep\n|turn|2\n|\n|t:|1733898070\n|switch|p2a: Toedscruel|Toedscruel, L87, F|281/281\n|move|p1a: Iron Crown|Tachyon Cutter|p2a: Toedscruel\n|-damage|p2a: Toedscruel|242/281\n|-crit|p2a: Toedscruel\n|-damage|p2a: Toedscruel|179/281\n|-hitcount|p2a: Toedscruel|2\n|\n|-heal|p2a: Toedscruel|196/281|[from] item: Leftovers\n|-heal|p1a: Iron Crown|268/268|[from] item: Leftovers\n|upkeep\n|turn|3\n|\n|t:|1733898081\n|move|p2a: Toedscruel|Earth Power|p1a: Iron Crown\n|-supereffective|p1a: Iron Crown\n|-damage|p1a: Iron Crown|116/268\n|move|p1a: Iron Crown|Calm Mind|p1a: Iron Crown\n|-boost|p1a: Iron Crown|spa|1\n|-boost|p1a: Iron Crown|spd|1\n|\n|-heal|p2a: Toedscruel|213/281|[from] item: Leftovers\n|-heal|p1a: Iron Crown|132/268|[from] item: Leftovers\n|upkeep\n|turn|4\n|\n|t:|1733898092\n|move|p2a: Toedscruel|Earth Power|p1a: Iron Crown\n|-supereffective|p1a: Iron Crown\n|-damage|p1a: Iron Crown|18/268\n|move|p1a: Iron Crown|Psyshock|p2a: Toedscruel\n|-damage|p2a: Toedscruel|45/281\n|\n|-heal|p2a: Toedscruel|62/281|[from] item: Leftovers\n|-heal|p1a: Iron Crown|34/268|[from] item: Leftovers\n|upkeep\n|turn|5\n|\n|t:|1733898102\n|-end|p1a: Iron Crown|Quark Drive|[silent]\n|switch|p1a: Dodrio|Dodrio, L86, M|243/243\n|move|p2a: Toedscruel|Earth Power|p1a: Dodrio\n|-immune|p1a: Dodrio\n|\n|-heal|p2a: Toedscruel|79/281|[from] item: Leftovers\n|upkeep\n|turn|6\n|\n|t:|1733898108\n|move|p1a: Dodrio|Swords Dance|p1a: Dodrio\n|-boost|p1a: Dodrio|atk|2\n|move|p2a: Toedscruel|Earth Power|p1a: Dodrio\n|-immune|p1a: Dodrio\n|\n|-heal|p2a: Toedscruel|96/281|[from] item: Leftovers\n|upkeep\n|turn|7\n|\n|t:|1733898111\n|move|p1a: Dodrio|Swords Dance|p1a: Dodrio\n|-boost|p1a: Dodrio|atk|2\n|move|p2a: Toedscruel|Rapid Spin|p1a: Dodrio\n|-damage|p1a: Dodrio|210/243\n|-boost|p2a: Toedscruel|spe|1\n|\n|-heal|p2a: Toedscruel|113/281|[from] item: Leftovers\n|upkeep\n|turn|8\n|\n|t:|1733898125\n|move|p2a: Toedscruel|Rapid Spin|p1a: Dodrio\n|-damage|p1a: Dodrio|177/243\n|-boost|p2a: Toedscruel|spe|1\n|move|p1a: Dodrio|Drill Run|p2a: Toedscruel|[miss]\n|-miss|p1a: Dodrio|p2a: Toedscruel\n|\n|-heal|p2a: Toedscruel|130/281|[from] item: Leftovers\n|upkeep\n|turn|9\n|\n|t:|1733898132\n|move|p1a: Dodrio|Drill Run|p2a: Toedscruel\n|-resisted|p2a: Toedscruel\n|-damage|p2a: Toedscruel|17/281\n|move|p2a: Toedscruel|Toxic|p1a: Dodrio\n|-status|p1a: Dodrio|tox\n|\n|-heal|p2a: Toedscruel|34/281|[from] item: Leftovers\n|-damage|p1a: Dodrio|162/243 tox|[from] psn\n|upkeep\n|turn|10\n|\n|t:|1733898134\n|move|p2a: Toedscruel|Leaf Storm|p1a: Dodrio\n|-resisted|p1a: Dodrio\n|-damage|p1a: Dodrio|82/243 tox\n|-unboost|p2a: Toedscruel|spa|2\n|move|p1a: Dodrio|Drill Run|p2a: Toedscruel\n|-resisted|p2a: Toedscruel\n|-damage|p2a: Toedscruel|0 fnt\n|faint|p2a: Toedscruel\n|\n|-damage|p1a: Dodrio|52/243 tox|[from] psn\n|upkeep\n|\n|t:|1733898134\n|switch|p2a: Annihilape|Annihilape, L76, F|292/292\n|turn|11\n|\n|t:|1733898141\n|move|p1a: Dodrio|Brave Bird|p2a: Annihilape\n|-supereffective|p2a: Annihilape\n|-damage|p2a: Annihilape|0 fnt\n|faint|p2a: Annihilape\n|-damage|p1a: Dodrio|0 fnt|[from] Recoil\n|faint|p1a: Dodrio\n|\n|upkeep\n|\n|t:|1733898149\n|switch|p1a: Sceptile|Sceptile, L87, F|264/264\n|switch|p2a: Persian|Persian, L92, F|269/269\n|turn|12\n|\n|t:|1733898158\n|move|p2a: Persian|Double-Edge|p1a: Sceptile\n|-damage|p1a: Sceptile|59/264\n|-damage|p2a: Persian|201/269|[from] Recoil\n|move|p1a: Sceptile|Swords Dance|p1a: Sceptile\n|-boost|p1a: Sceptile|atk|2\n|\n|upkeep\n|turn|13\n|\n|t:|1733898166\n|switch|p1a: Drifblim|Drifblim, L86, F|396/396\n|move|p2a: Persian|Double-Edge|p1a: Drifblim\n|-immune|p1a: Drifblim\n|\n|upkeep\n|turn|14\n|\n|t:|1733898173\n|switch|p2a: Jolteon|Jolteon, L84, M|246/246\n|move|p1a: Drifblim|Air Slash|p2a: Jolteon\n|-resisted|p2a: Jolteon\n|-damage|p2a: Jolteon|210/246\n|\n|-heal|p2a: Jolteon|225/246|[from] item: Leftovers\n|upkeep\n|turn|15\n|\n|t:|1733898189\n|switch|p1a: Iron Crown|Iron Crown, L78|34/268\n|move|p2a: Jolteon|Thunderbolt|p1a: Iron Crown\n|-damage|p1a: Iron Crown|0 fnt\n|faint|p1a: Iron Crown\n|-end|p1a: Iron Crown|Quark Drive|[silent]\n|\n|-heal|p2a: Jolteon|240/246|[from] item: Leftovers\n|upkeep\n|\n|t:|1733898197\n|switch|p1a: Fezandipiti|Fezandipiti, L82, M|278/278\n|turn|16\n|\n|t:|1733898203\n|move|p2a: Jolteon|Calm Mind|p2a: Jolteon\n|-boost|p2a: Jolteon|spa|1\n|-boost|p2a: Jolteon|spd|1\n|move|p1a: Fezandipiti|Gunk Shot|p2a: Jolteon\n|-damage|p2a: Jolteon|95/246\n|-status|p2a: Jolteon|tox|[from] ability: Toxic Chain|[of] p1a: Fezandipiti\n|\n|-heal|p2a: Jolteon|110/246 tox|[from] item: Leftovers\n|-damage|p2a: Jolteon|95/246 tox|[from] psn\n|upkeep\n|turn|17\n|\n|t:|1733898217\n|move|p2a: Jolteon|Substitute|p2a: Jolteon\n|-start|p2a: Jolteon|Substitute\n|-damage|p2a: Jolteon|34/246 tox\n|move|p1a: Fezandipiti|Play Rough|p2a: Jolteon\n|-end|p2a: Jolteon|Substitute\n|\n|-heal|p2a: Jolteon|49/246 tox|[from] item: Leftovers\n|-damage|p2a: Jolteon|19/246 tox|[from] psn\n|upkeep\n|turn|18\n|\n|t:|1733898228\n|move|p2a: Jolteon|Thunderbolt|p1a: Fezandipiti\n|-damage|p1a: Fezandipiti|155/278\n|-status|p1a: Fezandipiti|par\n|move|p1a: Fezandipiti|Swords Dance|p1a: Fezandipiti\n|-boost|p1a: Fezandipiti|atk|2\n|\n|-heal|p2a: Jolteon|34/246 tox|[from] item: Leftovers\n|-heal|p1a: Fezandipiti|172/278 par|[from] item: Leftovers\n|-damage|p2a: Jolteon|0 fnt|[from] psn\n|faint|p2a: Jolteon\n|upkeep\n|\n|t:|1733898229\n|switch|p2a: Deoxys|Deoxys-Speed, L82|216/216\n|-ability|p2a: Deoxys|Pressure\n|turn|19\n|\n|t:|1733898237\n|move|p2a: Deoxys|Psycho Boost|p1a: Fezandipiti\n|-supereffective|p1a: Fezandipiti\n|-damage|p1a: Fezandipiti|0 fnt\n|-unboost|p2a: Deoxys|spa|2\n|faint|p1a: Fezandipiti\n|\n|upkeep\n|\n|t:|1733898248\n|switch|p1a: Drifblim|Drifblim, L86, F|396/396\n|turn|20\n|\n|t:|1733898255\n|switch|p2a: Persian|Persian, L92, F|201/269\n|move|p1a: Drifblim|Calm Mind|p1a: Drifblim\n|-boost|p1a: Drifblim|spa|1\n|-boost|p1a: Drifblim|spd|1\n|\n|upkeep\n|turn|21\n|\n|t:|1733898259\n|move|p2a: Persian|Knock Off|p1a: Drifblim\n|-supereffective|p1a: Drifblim\n|-damage|p1a: Drifblim|98/396\n|-enditem|p1a: Drifblim|Sitrus Berry|[from] move: Knock Off|[of] p2a: Persian\n|move|p1a: Drifblim|Air Slash|p2a: Persian\n|-damage|p2a: Persian|56/269\n|\n|upkeep\n|turn|22\n|\n|t:|1733898266\n|move|p1a: Drifblim|Air Slash|p2a: Persian\n|-damage|p2a: Persian|0 fnt\n|faint|p2a: Persian\n|\n|upkeep\n|\n|t:|1733898266\n|switch|p2a: Galvantula|Galvantula, L82, F|249/249\n|turn|23\n|\n|t:|1733898288\n|move|p1a: Drifblim|Air Slash|p2a: Galvantula\n|-damage|p2a: Galvantula|87/249\n|move|p2a: Galvantula|Thunder|p1a: Drifblim\n|-supereffective|p1a: Drifblim\n|-damage|p1a: Drifblim|0 fnt\n|faint|p1a: Drifblim\n|\n|upkeep\n|\n|t:|1733898295\n|switch|p1a: Sceptile|Sceptile, L87, F|59/264\n|turn|24\n|\n|t:|1733898298\n|switch|p2a: Deoxys|Deoxys-Speed, L82|216/216\n|-ability|p2a: Deoxys|Pressure\n|move|p1a: Sceptile|Earthquake|p2a: Deoxys\n|-damage|p2a: Deoxys|125/216\n|-damage|p1a: Sceptile|33/264|[from] item: Life Orb\n|\n|upkeep\n|turn|25\n|\n|t:|1733898304\n|switch|p1a: Qwilfish|Qwilfish, L86, M|252/252\n|-ability|p1a: Qwilfish|Intimidate|boost\n|-unboost|p2a: Deoxys|atk|1\n|move|p2a: Deoxys|Knock Off|p1a: Qwilfish\n|-damage|p1a: Qwilfish|212/252\n|-enditem|p1a: Qwilfish|Heavy-Duty Boots|[from] move: Knock Off|[of] p2a: Deoxys\n|\n|upkeep\n|turn|26\n|\n|t:|1733898318\n|move|p2a: Deoxys|Psycho Boost|p1a: Qwilfish\n|-supereffective|p1a: Qwilfish\n|-damage|p1a: Qwilfish|0 fnt\n|-unboost|p2a: Deoxys|spa|2\n|faint|p1a: Qwilfish\n|\n|upkeep\n|\n|t:|1733898321\n|switch|p1a: Sceptile|Sceptile, L87, F|33/264\n|turn|27\n|\n|t:|1733898334\n|move|p2a: Deoxys|Knock Off|p1a: Sceptile\n|-damage|p1a: Sceptile|0 fnt\n|-enditem|p1a: Sceptile|Life Orb|[from] move: Knock Off|[of] p2a: Deoxys\n|faint|p1a: Sceptile\n|\n|win|RoboWahbit\n|raw|gloidery's rating: 1106 &rarr; <strong>1079</strong><br />(-27 for losing)\n|raw|RoboWahbit's rating: 1080 &rarr; <strong>1110</strong><br />(+30 for winning)\n|c|\u2606RoboWahbit|gg\n", "inputlog": ">version bfd83cad13791eb5a5a409923076391caf6fb4d4\n>start {\"formatid\":\"gen9randombattle\",\"seed\":[32780,11249,38921,59856],\"rated\":\"Rated battle\"}\n>player p1 {\"name\":\"gloidery\",\"avatar\":\"psychicf-gen4\",\"rating\":1106,\"seed\":[852,14752,64526,43777]}\n>player p2 {\"name\":\"RoboWahbit\",\"avatar\":\"101\",\"rating\":1080,\"seed\":[27920,19544,12338,29986]}\n>chat \u2606RoboWahbit|hf\n>p1 switch 2\n>p2 move psychoboost\n>p1 move tachyoncutter\n>p2 switch 3\n>p1 move calmmind\n>p2 move earthpower\n>p1 move psyshock\n>p2 move earthpower\n>p1 switch 5\n>p2 move earthpower\n>p1 move swordsdance\n>p2 move earthpower\n>p1 move swordsdance\n>p2 move rapidspin\n>p1 move drillrun\n>p2 move rapidspin\n>p1 move drillrun\n>p2 move toxic\n>p1 move drillrun\n>p2 move leafstorm\n>p2 switch 4\n>p1 move bravebird\n>p2 move drainpunch\n>p1 switch 6\n>p2 switch 6\n>p1 move swordsdance\n>p2 move doubleedge\n>p1 switch 4\n>p2 move doubleedge\n>p1 move airslash\n>p2 switch 2\n>p1 switch 5\n>p2 move thunderbolt\n>p1 switch 2\n>p1 move gunkshot\n>p2 move calmmind\n>p1 move playrough\n>p2 move substitute\n>p1 move swordsdance\n>p2 move thunderbolt\n>p2 switch 3\n>p1 move playrough\n>p2 move psychoboost\n>p1 switch 5\n>p1 move calmmind\n>p2 switch 2\n>p1 move airslash\n>p2 move knockoff\n>p1 move airslash\n>p2 move knockoff\n>p2 switch 5\n>p1 move airslash\n>p2 move thunder\n>p1 switch 4\n>p1 move earthquake\n>p2 switch 2\n>p1 switch 3\n>p2 move knockoff\n>p1 move gunkshot\n>p2 move psychoboost\n>p1 switch 3\n>p1 move leafblade\n>p2 move knockoff", "uploadtime": 1733898335, "views": 1, "formatid": "gen9randombattle", "rating": 1079, "private": 0, "password": null}