{"id": "gen9randombattle-2260314091", "format": "[Gen 9] Random Battle", "players": ["Kinghuddy", "Tyrell116"], "log": "|j|\u2606Kinghuddy\n|j|\u2606Tyrell116\n|t:|1733838785\n|gametype|singles\n|player|p1|Kinghuddy|2|\n|player|p2|Tyrell116|266|\n|teamsize|p1|6\n|teamsize|p2|6\n|gen|9\n|tier|[Gen 9] Random Battle\n|rule|Species Clause: Limit one of each Pok\u00e9mon\n|rule|HP Percentage Mod: HP is shown in percentages\n|rule|Sleep Clause Mod: Limit one foe put to sleep\n|rule|Illusion Level Mod: Illusion disguises the Pok\u00e9mon's true level\n|\n|t:|1733838785\n|start\n|switch|p1a: Jumpluff|Jumpluff, L87, F|271/271\n|switch|p2a: Salamence|Salamence, L77, M|273/273\n|turn|1\n|\n|t:|1733838799\n|move|p1a: Jumpluff|Leech Seed|p2a: Salamence\n|-start|p2a: Salamence|move: Leech Seed\n|move|p2a: Salamence|Dragon Dance|p2a: Salamence\n|-boost|p2a: Salamence|atk|1\n|-boost|p2a: Salamence|spe|1\n|\n|-damage|p2a: Salamence|239/273|[from] Leech Seed|[of] p1a: Jumpluff\n|upkeep\n|turn|2\n|\n|t:|1733838807\n|move|p2a: Salamence|Dual Wingbeat|p1a: Jumpluff\n|-supereffective|p1a: Jumpluff\n|-damage|p1a: Jumpluff|107/271\n|-supereffective|p1a: Jumpluff\n|-crit|p1a: Jumpluff\n|-damage|p1a: Jumpluff|0 fnt\n|faint|p1a: Jumpluff\n|-ability|p2a: Salamence|Moxie|boost\n|-boost|p2a: Salamence|atk|1\n|-hitcount|p1: Jumpluff|2\n|\n|upkeep\n|\n|t:|1733838823\n|switch|p1a: Iron Bundle|Iron Bundle, L77|213/213\n|turn|3\n|\n|t:|1733838830\n|-terastallize|p1a: Iron Bundle|Water\n|move|p2a: Salamence|Outrage|p1a: Iron Bundle\n|-damage|p1a: Iron Bundle|0 fnt\n|faint|p1a: Iron Bundle\n|-end|p1a: Iron Bundle|Quark Drive|[silent]\n|-ability|p2a: Salamence|Moxie|boost\n|-boost|p2a: Salamence|atk|1\n|\n|upkeep\n|\n|t:|1733838851\n|switch|p1a: Passimian|Passimian, L83, M|302/302\n|turn|4\n|\n|t:|1733838855\n|move|p2a: Salamence|Outrage|p1a: Passimian|[from]lockedmove\n|-damage|p1a: Passimian|0 fnt\n|faint|p1a: Passimian\n|-ability|p2a: Salamence|Moxie|boost\n|-boost|p2a: Salamence|atk|1\n|\n|upkeep\n|\n|t:|1733838866\n|switch|p1a: Toxapex|Toxapex, L82, M|216/216\n|turn|5\n|\n|t:|1733838870\n|move|p2a: Salamence|Outrage|p1a: Toxapex|[from]lockedmove\n|-damage|p1a: Toxapex|0 fnt\n|-damage|p2a: Salamence|194/273|[from] item: Rocky Helmet|[of] p1a: Toxapex\n|faint|p1a: Toxapex\n|-ability|p2a: Salamence|Moxie|boost\n|-boost|p2a: Salamence|atk|1\n|-start|p2a: Salamence|confusion|[fatigue]\n|\n|upkeep\n|\n|t:|1733838883\n|switch|p1a: Mandibuzz|Mandibuzz, L85, F|326/326\n|turn|6\n|\n|t:|1733838889\n|-terastallize|p2a: Salamence|Dragon\n|-activate|p2a: Salamence|confusion\n|move|p2a: Salamence|Outrage|p1a: Mandibuzz\n|-damage|p1a: Mandibuzz|0 fnt\n|faint|p1a: Mandibuzz\n|-ability|p2a: Salamence|Moxie|boost\n|-boost|p2a: Salamence|atk|1\n|\n|upkeep\n|\n|t:|1733838897\n|switch|p1a: Deoxys|Deoxys, L74|196/196\n|-ability|p1a: Deoxys|Pressure\n|turn|7\n|\n|t:|1733838902\n|-activate|p2a: Salamence|confusion\n|move|p2a: Salamence|Outrage|p1a: Deoxys|[from]lockedmove\n|-damage|p1a: Deoxys|0 fnt\n|faint|p1a: Deoxys\n|\n|win|Tyrell116\n", "inputlog": ">version bfd83cad13791eb5a5a409923076391caf6fb4d4\n>start {\"formatid\":\"gen9randombattle\",\"seed\":[44610,31530,62348,65131]}\n>player p1 {\"name\":\"Kinghuddy\",\"avatar\":\"2\",\"rating\":0,\"seed\":[61798,50058,56713,46036]}\n>player p2 {\"name\":\"Tyrell116\",\"avatar\":\"266\",\"rating\":0,\"seed\":[31209,6810,40509,65388]}\n>p1 move leechseed\n>p2 move dragondance\n>p1 move substitute\n>p2 move dualwingbeat\n>p1 switch 2\n>p1 move freezedry terastallize\n>p2 move outrage\n>p1 switch 4\n>p1 move knockoff\n>p2 move outrage\n>p1 switch 6\n>p1 move haze\n>p2 move outrage\n>p1 switch 3\n>p1 move foulplay\n>p2 move outrage terastallize\n>p1 switch 5\n>p1 move knockoff\n>p2 move outrage", "uploadtime": 1733838909, "views": 17, "formatid": "gen9randombattle", "rating": null, "private": 0, "password": null}