{"id": "gen9randombattle-2259911348", "format": "[Gen 9] Random Battle", "players": ["Youngbook420", "GenericName17"], "log": "|j|\u2606Youngbook420\n|j|\u2606GenericName17\n|t:|1733779117\n|gametype|singles\n|player|p1|Youngbook420|swimmerf-gen4|1198\n|player|p2|GenericName17|fisherman|1234\n|teamsize|p1|6\n|teamsize|p2|6\n|gen|9\n|tier|[Gen 9] Random Battle\n|rated|\n|rule|Species Clause: Limit one of each Pok\u00e9mon\n|rule|HP Percentage Mod: HP is shown in percentages\n|rule|Sleep Clause Mod: Limit one foe put to sleep\n|rule|Illusion Level Mod: Illusion disguises the Pok\u00e9mon's true level\n|\n|t:|1733779117\n|start\n|switch|p1a: Lilligant|Lilligant-Hisui, L79, F|240/240\n|switch|p2a: Hawlucha|Hawlucha, L80, M|256/256\n|turn|1\n|\n|t:|1733779149\n|move|p2a: Hawlucha|Swords Dance|p2a: Hawlucha\n|-boost|p2a: Hawlucha|atk|2\n|move|p1a: Lilligant|Sleep Powder|p2a: Hawlucha\n|-status|p2a: Hawlucha|slp|[from] move: Sleep Powder\n|\n|upkeep\n|turn|2\n|\n|t:|1733779159\n|cant|p2a: Hawlucha|slp\n|move|p1a: Lilligant|Victory Dance|p1a: Lilligant\n|-boost|p1a: Lilligant|atk|1\n|-boost|p1a: Lilligant|def|1\n|-boost|p1a: Lilligant|spe|1\n|\n|upkeep\n|turn|3\n|\n|t:|1733779180\n|move|p1a: Lilligant|Close Combat|p2a: Hawlucha|[miss]\n|-miss|p1a: Lilligant|p2a: Hawlucha\n|-curestatus|p2a: Hawlucha|slp|[msg]\n|move|p2a: Hawlucha|Brave Bird|p1a: Lilligant\n|-supereffective|p1a: Lilligant\n|-damage|p1a: Lilligant|0 fnt\n|faint|p1a: Lilligant\n|-damage|p2a: Hawlucha|177/256|[from] Recoil\n|\n|upkeep\n|\n|t:|1733779192\n|switch|p1a: Malamar|Malamar, L82, F|275/275\n|turn|4\n|\n|t:|1733779204\n|move|p2a: Hawlucha|Close Combat|p1a: Malamar\n|-damage|p1a: Malamar|32/275\n|-unboost|p2a: Hawlucha|def|1\n|-unboost|p2a: Hawlucha|spd|1\n|-enditem|p2a: Hawlucha|White Herb\n|-clearnegativeboost|p2a: Hawlucha|[silent]\n|move|p1a: Malamar|Superpower|p2a: Hawlucha\n|-resisted|p2a: Hawlucha\n|-damage|p2a: Hawlucha|134/256\n|-boost|p1a: Malamar|atk|1\n|-boost|p1a: Malamar|def|1\n|\n|-heal|p1a: Malamar|49/275|[from] item: Leftovers\n|upkeep\n|turn|5\n|\n|t:|1733779225\n|move|p2a: Hawlucha|Close Combat|p1a: Malamar\n|-damage|p1a: Malamar|0 fnt\n|-unboost|p2a: Hawlucha|def|1\n|-unboost|p2a: Hawlucha|spd|1\n|faint|p1a: Malamar\n|\n|upkeep\n|\n|t:|1733779235\n|switch|p1a: Chimecho|Chimecho, L93, M|290/290\n|turn|6\n|\n|t:|1733779250\n|move|p2a: Hawlucha|Brave Bird|p1a: Chimecho\n|-damage|p1a: Chimecho|82/290\n|-damage|p2a: Hawlucha|65/256|[from] Recoil\n|move|p1a: Chimecho|Cosmic Power|p1a: Chimecho\n|-boost|p1a: Chimecho|def|1\n|-boost|p1a: Chimecho|spd|1\n|\n|-heal|p1a: Chimecho|100/290|[from] item: Leftovers\n|upkeep\n|turn|7\n|\n|t:|1733779261\n|move|p2a: Hawlucha|Brave Bird|p1a: Chimecho\n|-damage|p1a: Chimecho|0 fnt\n|faint|p1a: Chimecho\n|-damage|p2a: Hawlucha|32/256|[from] Recoil\n|\n|upkeep\n|\n|t:|1733779267\n|switch|p1a: Electivire|Electivire, L84, M|263/263\n|turn|8\n|\n|t:|1733779272\n|move|p2a: Hawlucha|Close Combat|p1a: Electivire\n|-damage|p1a: Electivire|0 fnt\n|-unboost|p2a: Hawlucha|def|1\n|-unboost|p2a: Hawlucha|spd|1\n|faint|p1a: Electivire\n|\n|upkeep\n|\n|t:|1733779279\n|switch|p1a: Cloyster|Cloyster, L80, M|211/211\n|turn|9\n|\n|t:|1733779284\n|move|p2a: Hawlucha|Close Combat|p1a: Cloyster\n|-supereffective|p1a: Cloyster\n|-damage|p1a: Cloyster|0 fnt\n|-unboost|p2a: Hawlucha|def|1\n|-unboost|p2a: Hawlucha|spd|1\n|faint|p1a: Cloyster\n|\n|upkeep\n|\n|t:|1733779290\n|switch|p1a: Arcanine|Arcanine-Hisui, L80, F|283/283\n|turn|10\n|\n|t:|1733779299\n|move|p1a: Arcanine|Extreme Speed|p2a: Hawlucha\n|-damage|p2a: Hawlucha|0 fnt\n|faint|p2a: Hawlucha\n|\n|upkeep\n|\n|t:|1733779307\n|switch|p2a: Tentacruel|Tentacruel, L84, M|272/272\n|turn|11\n|\n|t:|1733779314\n|-terastallize|p1a: Arcanine|Normal\n|move|p2a: Tentacruel|Surf|p1a: Arcanine\n|-damage|p1a: Arcanine|190/283\n|move|p1a: Arcanine|Head Smash|p2a: Tentacruel\n|-damage|p2a: Tentacruel|49/272\n|\n|upkeep\n|turn|12\n|\n|t:|1733779327\n|switch|p2a: Tinkaton|Tinkaton, L82, F|274/274\n|-ability|p2a: Tinkaton|Mold Breaker\n|move|p1a: Arcanine|Head Smash|p2a: Tinkaton|[miss]\n|-miss|p1a: Arcanine|p2a: Tinkaton\n|\n|upkeep\n|turn|13\n|\n|t:|1733779338\n|move|p2a: Tinkaton|Gigaton Hammer|p1a: Arcanine\n|-damage|p1a: Arcanine|0 fnt\n|faint|p1a: Arcanine\n|-damage|p2a: Tinkaton|247/274|[from] item: Life Orb\n|\n|win|GenericName17\n|raw|Youngbook420's rating: 1198 &rarr; <strong>1176</strong><br />(-22 for losing)\n|raw|GenericName17's rating: 1234 &rarr; <strong>1256</strong><br />(+22 for winning)\n|l|\u2606Youngbook420\n|player|p1|\n", "inputlog": ">version bfd83cad13791eb5a5a409923076391caf6fb4d4\n>start {\"formatid\":\"gen9randombattle\",\"seed\":[3761,47041,24259,26509],\"rated\":\"Rated battle\"}\n>player p1 {\"name\":\"Youngbook420\",\"avatar\":\"swimmerf-gen4\",\"rating\":1198,\"seed\":[48439,51271,15510,54663]}\n>player p2 {\"name\":\"GenericName17\",\"avatar\":\"fisherman\",\"rating\":1234,\"seed\":[23400,40371,49477,3485]}\n>p1 move sleeppowder\n>p2 move swordsdance\n>p1 move victorydance\n>p2 move bravebird\n>p1 move closecombat\n>p2 move bravebird\n>p1 switch 2\n>p1 move superpower\n>p2 move closecombat\n>p1 move knockoff\n>p2 move closecombat\n>p1 switch 6\n>p1 move cosmicpower\n>p2 move bravebird\n>p1 move recover\n>p2 move bravebird\n>p1 switch 5\n>p1 move bulkup\n>p2 move closecombat\n>p1 switch 3\n>p1 move shellsmash\n>p2 move closecombat\n>p1 switch 4\n>p1 move extremespeed\n>p2 move closecombat\n>p2 switch 3\n>p1 move headsmash terastallize\n>p2 move surf\n>p1 move headsmash\n>p2 switch 6\n>p1 move flareblitz\n>p2 move gigatonhammer", "uploadtime": 1733779345, "views": 12, "formatid": "gen9randombattle", "rating": 1176, "private": 0, "password": null}