{"id": "gen9randombattle-2260515611", "format": "[Gen 9] Random Battle", "players": ["yoyobytes", "SamChipz"], "log": "|j|\u2606yoyobytes\n|j|\u2606SamChipz\n|t:|1733859106\n|gametype|singles\n|player|p1|yoyobytes|1|\n|player|p2|SamChipz|101|\n|teamsize|p1|6\n|teamsize|p2|6\n|gen|9\n|tier|[Gen 9] Random Battle\n|rule|Species Clause: Limit one of each Pok\u00e9mon\n|rule|HP Percentage Mod: HP is shown in percentages\n|rule|Sleep Clause Mod: Limit one foe put to sleep\n|rule|Illusion Level Mod: Illusion disguises the Pok\u00e9mon's true level\n|\n|t:|1733859106\n|start\n|switch|p1a: Arceus|Arceus-Rock, L74|300/300\n|switch|p2a: Golduck|Golduck, L90, F|290/290\n|-ability|p2a: Golduck|Cloud Nine\n|turn|1\n|inactive|Battle timer is ON: inactive players will automatically lose when time's up. (requested by yoyobytes)\n|inactive|yoyobytes has 270 seconds left.\n|\n|t:|1733859153\n|-terastallize|p1a: Arceus|Ground\n|move|p1a: Arceus|Judgment|p2a: Golduck\n|-damage|p2a: Golduck|176/290\n|move|p2a: Golduck|Nasty Plot|p2a: Golduck\n|-boost|p2a: Golduck|spa|2\n|\n|upkeep\n|turn|2\n|inactive|SamChipz has 270 seconds left.\n|\n|t:|1733859202\n|move|p1a: Arceus|Earth Power|p2a: Golduck\n|-damage|p2a: Golduck|82/290\n|move|p2a: Golduck|Grass Knot|p1a: Arceus\n|-supereffective|p1a: Arceus\n|-damage|p1a: Arceus|0 fnt\n|faint|p1a: Arceus\n|-damage|p2a: Golduck|53/290|[from] item: Life Orb\n|\n|upkeep\n|\n|t:|1733859222\n|switch|p1a: Lugia|Lugia, L72|272/272\n|turn|3\n|\n|t:|1733859240\n|move|p2a: Golduck|Ice Beam|p1a: Lugia\n|-supereffective|p1a: Lugia\n|-damage|p1a: Lugia|133/272\n|-damage|p2a: Golduck|24/290|[from] item: Life Orb\n|move|p1a: Lugia|Aeroblast|p2a: Golduck\n|-damage|p2a: Golduck|0 fnt\n|faint|p2a: Golduck\n|\n|upkeep\n|\n|t:|1733859257\n|switch|p2a: Dedenne|Dedenne, L88, F|261/261\n|turn|4\n|inactive|SamChipz has 240 seconds left.\n|\n|t:|1733859279\n|switch|p1a: Goodra|Goodra, L85, M|292/292\n|move|p2a: Dedenne|Thunderbolt|p1a: Goodra\n|-resisted|p1a: Goodra\n|-damage|p1a: Goodra|273/292\n|-status|p1a: Goodra|par\n|\n|upkeep\n|turn|5\n|inactive|SamChipz has 240 seconds left.\n|inactive|yoyobytes has 270 seconds left.\n|\n|t:|1733859295\n|-terastallize|p2a: Dedenne|Flying\n|move|p2a: Dedenne|Dazzling Gleam|p1a: Goodra\n|-supereffective|p1a: Goodra\n|-damage|p1a: Goodra|205/292 par\n|move|p1a: Goodra|Earthquake|p2a: Dedenne\n|-immune|p2a: Dedenne\n|\n|upkeep\n|turn|6\n|inactive|SamChipz has 240 seconds left.\n|inactive|yoyobytes has 270 seconds left.\n|\n|t:|1733859322\n|move|p2a: Dedenne|Super Fang|p1a: Goodra\n|-damage|p1a: Goodra|103/292 par\n|cant|p1a: Goodra|par\n|\n|upkeep\n|turn|7\n|inactive|SamChipz has 240 seconds left.\n|\n|t:|1733859336\n|switch|p1a: Palkia|Palkia, L75|259/259\n|-ability|p1a: Palkia|Pressure\n|move|p2a: Dedenne|Super Fang|p1a: Palkia\n|-damage|p1a: Palkia|130/259\n|\n|upkeep\n|turn|8\n|inactive|SamChipz has 240 seconds left.\n|\n|t:|1733859355\n|move|p2a: Dedenne|Nuzzle|p1a: Palkia\n|-damage|p1a: Palkia|114/259\n|-status|p1a: Palkia|par\n|cant|p1a: Palkia|par\n|\n|upkeep\n|turn|9\n|inactive|SamChipz has 240 seconds left.\n|\n|t:|1733859370\n|switch|p1a: Dusknoir|Dusknoir, L89, M|225/225\n|-item|p2a: Dedenne|Sitrus Berry|[from] ability: Frisk|[of] p1a: Dusknoir\n|move|p2a: Dedenne|Dazzling Gleam|p1a: Dusknoir\n|-damage|p1a: Dusknoir|164/225\n|\n|-heal|p1a: Dusknoir|178/225|[from] item: Leftovers\n|upkeep\n|turn|10\n|\n|t:|1733859386\n|move|p2a: Dedenne|Nuzzle|p1a: Dusknoir\n|-damage|p1a: Dusknoir|168/225\n|-status|p1a: Dusknoir|par\n|move|p1a: Dusknoir|Poltergeist|p2a: Dedenne|[miss]\n|-miss|p1a: Dusknoir|p2a: Dedenne\n|\n|-heal|p1a: Dusknoir|182/225 par|[from] item: Leftovers\n|upkeep\n|turn|11\n|\n|t:|1733859410\n|cant|p1a: Dusknoir|par\n|move|p2a: Dedenne|Thunderbolt|p1a: Dusknoir\n|-damage|p1a: Dusknoir|116/225 par\n|\n|-heal|p1a: Dusknoir|130/225 par|[from] item: Leftovers\n|upkeep\n|turn|12\n|\n|t:|1733859418\n|cant|p1a: Dusknoir|par\n|move|p2a: Dedenne|Dazzling Gleam|p1a: Dusknoir\n|-damage|p1a: Dusknoir|76/225 par\n|\n|-heal|p1a: Dusknoir|90/225 par|[from] item: Leftovers\n|upkeep\n|turn|13\n|\n|t:|1733859427\n|move|p1a: Dusknoir|Shadow Sneak|p2a: Dedenne\n|-damage|p2a: Dedenne|195/261\n|move|p2a: Dedenne|Thunderbolt|p1a: Dusknoir\n|-crit|p1a: Dusknoir\n|-damage|p1a: Dusknoir|0 fnt\n|faint|p1a: Dusknoir\n|\n|upkeep\n|\n|t:|1733859446\n|switch|p1a: Lugia|Lugia, L72|133/272\n|turn|14\n|\n|t:|1733859461\n|move|p2a: Dedenne|Nuzzle|p1a: Lugia\n|-supereffective|p1a: Lugia\n|-damage|p1a: Lugia|103/272\n|-status|p1a: Lugia|par\n|move|p1a: Lugia|Aeroblast|p2a: Dedenne\n|-damage|p2a: Dedenne|111/261\n|-enditem|p2a: Dedenne|Sitrus Berry|[eat]\n|-heal|p2a: Dedenne|176/261|[from] item: Sitrus Berry\n|-heal|p2a: Dedenne|261/261|[from] ability: Cheek Pouch\n|\n|upkeep\n|turn|15\n|inactive|SamChipz has 240 seconds left.\n|\n|t:|1733859477\n|move|p2a: Dedenne|Thunderbolt|p1a: Lugia\n|-supereffective|p1a: Lugia\n|-damage|p1a: Lugia|0 fnt\n|faint|p1a: Lugia\n|\n|upkeep\n|\n|t:|1733859483\n|switch|p1a: Mandibuzz|Mandibuzz, L85, F|326/326\n|turn|16\n|inactive|SamChipz has 240 seconds left.\n|\n|t:|1733859495\n|move|p2a: Dedenne|Thunderbolt|p1a: Mandibuzz\n|-supereffective|p1a: Mandibuzz\n|-damage|p1a: Mandibuzz|140/326\n|move|p1a: Mandibuzz|Brave Bird|p2a: Dedenne\n|-crit|p2a: Dedenne\n|-damage|p2a: Dedenne|80/261\n|-damage|p1a: Mandibuzz|80/326|[from] Recoil\n|\n|upkeep\n|turn|17\n|\n|t:|1733859507\n|switch|p1a: Palkia|Palkia, L75|114/259 par\n|-ability|p1a: Palkia|Pressure\n|move|p2a: Dedenne|Thunderbolt|p1a: Palkia\n|-damage|p1a: Palkia|38/259 par\n|\n|upkeep\n|turn|18\n|\n|t:|1733859523\n|move|p2a: Dedenne|Thunderbolt|p1a: Palkia\n|-damage|p1a: Palkia|0 fnt\n|faint|p1a: Palkia\n|\n|upkeep\n|\n|t:|1733859529\n|switch|p1a: Goodra|Goodra, L85, M|103/292 par\n|turn|19\n|\n|t:|1733859538\n|move|p2a: Dedenne|Dazzling Gleam|p1a: Goodra\n|-supereffective|p1a: Goodra\n|-crit|p1a: Goodra\n|-damage|p1a: Goodra|0 fnt\n|faint|p1a: Goodra\n|\n|upkeep\n|\n|t:|1733859544\n|switch|p1a: Mandibuzz|Mandibuzz, L85, F|80/326\n|turn|20\n|inactive|SamChipz has 270 seconds left.\n|\n|t:|1733859553\n|move|p2a: Dedenne|Thunderbolt|p1a: Mandibuzz\n|-supereffective|p1a: Mandibuzz\n|-damage|p1a: Mandibuzz|0 fnt\n|faint|p1a: Mandibuzz\n|\n|win|SamChipz\n|l|\u2606yoyobytes\n|player|p1|\n", "inputlog": ">version bfd83cad13791eb5a5a409923076391caf6fb4d4\n>start {\"formatid\":\"gen9randombattle\",\"seed\":[8319,17727,42236,43678]}\n>player p1 {\"name\":\"yoyobytes\",\"avatar\":\"1\",\"rating\":0,\"seed\":[52935,55692,50690,21286]}\n>player p2 {\"name\":\"SamChipz\",\"avatar\":\"101\",\"rating\":0,\"seed\":[12372,5603,11811,54834]}\n>p1 move judgment terastallize\n>p2 move nastyplot\n>p1 move earthpower\n>p2 move grassknot\n>p1 switch 4\n>p1 move aeroblast\n>p2 move icebeam\n>p2 switch 5\n>p1 switch 5\n>p2 move thunderbolt\n>p1 move earthquake\n>p2 move dazzlinggleam terastallize\n>p1 move dracometeor\n>p2 move superfang\n>p1 switch 2\n>p2 move superfang\n>p1 move fireblast\n>p2 move nuzzle\n>p1 switch 6\n>p2 move dazzlinggleam\n>p1 move poltergeist\n>p2 move nuzzle\n>p1 move shadowsneak\n>p2 move thunderbolt\n>p1 move shadowsneak\n>p2 move dazzlinggleam\n>p1 move shadowsneak\n>p2 move thunderbolt\n>p1 switch 5\n>p1 move aeroblast\n>p2 move nuzzle\n>p1 move recover\n>p2 move thunderbolt\n>p1 switch 3\n>p1 move bravebird\n>p2 move thunderbolt\n>p1 switch 6\n>p2 move thunderbolt\n>p1 move fireblast\n>p2 move thunderbolt\n>p1 switch 2\n>p1 move dracometeor\n>p2 move dazzlinggleam\n>p1 switch 6\n>p1 move bravebird\n>p2 move thunderbolt", "uploadtime": 1733859571, "views": 1, "formatid": "gen9randombattle", "rating": null, "private": 0, "password": null}