{"id": "gen9randombattle-2215111231", "format": "[Gen 9] Random Battle", "players": ["RL4T big soup", "rl4t boris"], "log": "|badge|p2|bronze|gen9randombattle|100-3\n|uhtml|medal-msg|<div class=\"broadcast-blue\">Curious what those medals under the avatar are? PS now has Ladder Seasons! For more information, check out the <a href=\"https://www.smogon.com/forums/threads/3740067/\">thread on Smogon.</a></div>\n|j|\u2606RL4T big soup\n|j|\u2606rl4t boris\n|t:|1727969792\n|gametype|singles\n|player|p1|RL4T big soup|youngster|2255\n|player|p2|rl4t boris|102|2376\n|teamsize|p1|6\n|teamsize|p2|6\n|gen|9\n|tier|[Gen 9] Random Battle\n|rated|\n|rule|Species Clause: Limit one of each Pok\u00e9mon\n|rule|HP Percentage Mod: HP is shown in percentages\n|rule|Sleep Clause Mod: Limit one foe put to sleep\n|rule|Illusion Level Mod: Illusion disguises the Pok\u00e9mon's true level\n|\n|t:|1727969792\n|start\n|switch|p1a: Lapras|Lapras, L87, F|368/368\n|switch|p2a: Ting-Lu|Ting-Lu, L78|370/370\n|-ability|p2a: Ting-Lu|Vessel of Ruin\n|turn|1\n|inactive|Battle timer is ON: inactive players will automatically lose when time's up. (requested by RL4T big soup)\n|\n|t:|1727969804\n|switch|p2a: Ho-Oh|Ho-Oh, L71|268/268\n|move|p1a: Lapras|Freeze-Dry|p2a: Ho-Oh\n|-damage|p2a: Ho-Oh|214/268\n|-status|p2a: Ho-Oh|frz\n|\n|upkeep\n|turn|2\n|j| Jesus Is Kingg!!\n|\n|t:|1727969808\n|-curestatus|p2a: Ho-Oh|frz|[from] move: Sacred Fire\n|move|p2a: Ho-Oh|Sacred Fire|p1a: Lapras\n|-damage|p1a: Lapras|269/368\n|move|p1a: Lapras|Sparkling Aria|p2a: Ho-Oh\n|-supereffective|p2a: Ho-Oh\n|-damage|p2a: Ho-Oh|80/268\n|\n|upkeep\n|turn|3\n|\n|t:|1727969829\n|switch|p2a: Politoed|Politoed, L88, F|302/302\n|-weather|RainDance|[from] ability: Drizzle|[of] p2a: Politoed\n|move|p1a: Lapras|Freeze-Dry|p2a: Politoed\n|-supereffective|p2a: Politoed\n|-damage|p2a: Politoed|186/302\n|\n|-weather|RainDance|[upkeep]\n|-heal|p2a: Politoed|204/302|[from] item: Leftovers\n|upkeep\n|turn|4\n|\n|t:|1727969843\n|switch|p2a: Bellossom|Bellossom, L84, F|263/263\n|move|p1a: Lapras|Sparkling Aria|p2a: Bellossom\n|-resisted|p2a: Bellossom\n|-damage|p2a: Bellossom|205/263\n|\n|-weather|RainDance|[upkeep]\n|-heal|p2a: Bellossom|221/263|[from] item: Leftovers\n|upkeep\n|turn|5\n|\n|t:|1727969848\n|switch|p1a: Lurantis|Lurantis, L87, M|264/264\n|move|p2a: Bellossom|Quiver Dance|p2a: Bellossom\n|-boost|p2a: Bellossom|spa|1\n|-boost|p2a: Bellossom|spd|1\n|-boost|p2a: Bellossom|spe|1\n|\n|-weather|RainDance|[upkeep]\n|-heal|p2a: Bellossom|237/263|[from] item: Leftovers\n|upkeep\n|turn|6\n|\n|t:|1727969856\n|switch|p2a: Ho-Oh|Ho-Oh, L71|169/268\n|move|p1a: Lurantis|Superpower|p2a: Ho-Oh\n|-resisted|p2a: Ho-Oh\n|-damage|p2a: Ho-Oh|117/268\n|-boost|p1a: Lurantis|atk|1\n|-boost|p1a: Lurantis|def|1\n|\n|-weather|RainDance|[upkeep]\n|upkeep\n|turn|7\n|\n|t:|1727969885\n|switch|p2a: Politoed|Politoed, L88, F|204/302\n|move|p1a: Lurantis|Superpower|p2a: Politoed\n|-damage|p2a: Politoed|49/302\n|-boost|p1a: Lurantis|atk|1\n|-boost|p1a: Lurantis|def|1\n|\n|-weather|none\n|-heal|p2a: Politoed|67/302|[from] item: Leftovers\n|upkeep\n|turn|8\n|\n|t:|1727969893\n|move|p2a: Politoed|Ice Beam|p1a: Lurantis\n|-supereffective|p1a: Lurantis\n|-damage|p1a: Lurantis|176/264\n|move|p1a: Lurantis|Superpower|p2a: Politoed\n|-damage|p2a: Politoed|0 fnt\n|-boost|p1a: Lurantis|atk|1\n|-boost|p1a: Lurantis|def|1\n|faint|p2a: Politoed\n|\n|upkeep\n|inactive|rl4t boris has 120 seconds left.\n|\n|t:|1727969919\n|switch|p2a: Ho-Oh|Ho-Oh, L71|206/268\n|turn|9\n|\n|t:|1727969924\n|move|p2a: Ho-Oh|Sacred Fire|p1a: Lurantis\n|-supereffective|p1a: Lurantis\n|-damage|p1a: Lurantis|104/264\n|-status|p1a: Lurantis|brn\n|move|p1a: Lurantis|Knock Off|p2a: Ho-Oh\n|-damage|p2a: Ho-Oh|96/268\n|-enditem|p2a: Ho-Oh|Heavy-Duty Boots|[from] move: Knock Off|[of] p1a: Lurantis\n|\n|-damage|p1a: Lurantis|88/264 brn|[from] brn\n|upkeep\n|turn|10\n|inactive|rl4t boris has 120 seconds left.\n|\n|t:|1727969940\n|move|p2a: Ho-Oh|Recover|p2a: Ho-Oh\n|-heal|p2a: Ho-Oh|230/268\n|move|p1a: Lurantis|Superpower|p2a: Ho-Oh\n|-resisted|p2a: Ho-Oh\n|-damage|p2a: Ho-Oh|160/268\n|-boost|p1a: Lurantis|atk|1\n|-boost|p1a: Lurantis|def|1\n|\n|-damage|p1a: Lurantis|72/264 brn|[from] brn\n|upkeep\n|turn|11\n|inactive|rl4t boris has 120 seconds left.\n|\n|t:|1727969946\n|move|p2a: Ho-Oh|Recover|p2a: Ho-Oh\n|-heal|p2a: Ho-Oh|268/268\n|move|p1a: Lurantis|Superpower|p2a: Ho-Oh\n|-resisted|p2a: Ho-Oh\n|-crit|p2a: Ho-Oh\n|-damage|p2a: Ho-Oh|136/268\n|-boost|p1a: Lurantis|atk|1\n|-boost|p1a: Lurantis|def|1\n|\n|-damage|p1a: Lurantis|56/264 brn|[from] brn\n|upkeep\n|turn|12\n|\n|t:|1727969951\n|move|p2a: Ho-Oh|Recover|p2a: Ho-Oh\n|-heal|p2a: Ho-Oh|268/268\n|move|p1a: Lurantis|Leech Life|p2a: Ho-Oh\n|-resisted|p2a: Ho-Oh\n|-damage|p2a: Ho-Oh|234/268\n|-heal|p1a: Lurantis|73/264 brn|[from] drain|[of] p2a: Ho-Oh\n|\n|-damage|p1a: Lurantis|57/264 brn|[from] brn\n|upkeep\n|turn|13\n|\n|t:|1727969954\n|switch|p2a: Ditto|Ditto, L87|225/225\n|-transform|p2a: Ditto|p1a: Lurantis|[from] ability: Imposter\n|switch|p1a: Empoleon|Empoleon, L84, F|278/278\n|\n|upkeep\n|turn|14\n|c|\u2606rl4t boris|mine\n|c|\u2606RL4T big soup|omg\n|inactive|rl4t boris has 120 seconds left.\n|c| Jesus Is Kingg!!|hold up...\n|c|\u2606RL4T big soup|i feel like that sacred fire burn just cooked me\n|\n|t:|1727970004\n|switch|p1a: Lurantis|Lurantis, L87, M|57/264 brn\n|move|p2a: Ditto|Knock Off|p1a: Lurantis\n|-damage|p1a: Lurantis|0 fnt\n|-enditem|p1a: Lurantis|Assault Vest|[from] move: Knock Off|[of] p2a: Ditto\n|faint|p1a: Lurantis\n|\n|upkeep\n|l| Jesus Is Kingg!!\n|\n|t:|1727970024\n|switch|p1a: Empoleon|Empoleon, L84, F|278/278\n|turn|15\n|c|\u2606RL4T big soup|gg i think\n|\n|t:|1727970027\n|move|p2a: Ditto|Knock Off|p1a: Empoleon\n|-damage|p1a: Empoleon|2/278\n|-enditem|p1a: Empoleon|Leftovers|[from] move: Knock Off|[of] p2a: Ditto\n|move|p1a: Empoleon|Yawn|p2a: Ditto\n|-start|p2a: Ditto|move: Yawn|[of] p1a: Empoleon\n|\n|upkeep\n|turn|16\n|j| Jesus Is Kingg!!\n|inactive|rl4t boris has 120 seconds left.\n|\n|t:|1727970040\n|move|p2a: Ditto|Knock Off|p1a: Empoleon\n|-damage|p1a: Empoleon|0 fnt\n|faint|p1a: Empoleon\n|\n|-end|p2a: Ditto|move: Yawn|[silent]\n|-status|p2a: Ditto|slp\n|upkeep\n|\n|t:|1727970050\n|switch|p1a: Kricketune|Kricketune, L99, F|312/312\n|turn|17\n|\n|t:|1727970052\n|cant|p2a: Ditto|slp\n|move|p1a: Kricketune|Sticky Web|p2a: Ditto\n|-sidestart|p2: rl4t boris|move: Sticky Web\n|\n|upkeep\n|turn|18\n|\n|t:|1727970054\n|cant|p2a: Ditto|slp\n|move|p1a: Kricketune|Pounce|p2a: Ditto\n|-supereffective|p2a: Ditto\n|-damage|p2a: Ditto|169/225 slp\n|-boost|p2a: Ditto|spe|1\n|\n|upkeep\n|turn|19\n|c|\u2606rl4t boris|lol\n|c|\u2606RL4T big soup|OMG IM STUPID\n|\n|t:|1727970063\n|-curestatus|p2a: Ditto|slp|[msg]\n|move|p2a: Ditto|Knock Off|p1a: Kricketune\n|-damage|p1a: Kricketune|0 fnt\n|-enditem|p1a: Kricketune|Heavy-Duty Boots|[from] move: Knock Off|[of] p2a: Ditto\n|faint|p1a: Kricketune\n|\n|upkeep\n|\n|t:|1727970071\n|switch|p1a: Noctowl|Noctowl, L95, M|344/344\n|turn|20\n|\n|t:|1727970074\n|move|p2a: Ditto|Knock Off|p1a: Noctowl\n|-damage|p1a: Noctowl|0 fnt\n|-enditem|p1a: Noctowl|Heavy-Duty Boots|[from] move: Knock Off|[of] p2a: Ditto\n|faint|p1a: Noctowl\n|\n|upkeep\n|\n|t:|1727970076\n|switch|p1a: Latias|Latias, L79, F|256/256\n|turn|21\n|\n|t:|1727970080\n|-activate|p2a: Ditto|move: Struggle\n|move|p2a: Ditto|Struggle|p1a: Latias\n|-damage|p1a: Latias|112/256\n|-damage|p2a: Ditto|113/225|[from] recoil\n|move|p1a: Latias|Calm Mind|p1a: Latias\n|-boost|p1a: Latias|spa|1\n|-boost|p1a: Latias|spd|1\n|\n|upkeep\n|turn|22\n|\n|t:|1727970083\n|-terastallize|p1a: Latias|Steel\n|-activate|p2a: Ditto|move: Struggle\n|move|p2a: Ditto|Struggle|p1a: Latias\n|-damage|p1a: Latias|0 fnt\n|faint|p1a: Latias\n|-damage|p2a: Ditto|57/225|[from] recoil\n|\n|upkeep\n|c|\u2606RL4T big soup|holy\n|c|\u2606RL4T big soup|ggf\n|c|\u2606rl4t boris|gg\n|-message|RL4T big soup forfeited.\n|\n|win|rl4t boris\n|raw|RL4T big soup's rating: 2255 &rarr; <strong>2242</strong><br />(-13 for losing)\n|raw|rl4t boris's rating: 2376 &rarr; <strong>2389</strong><br />(+13 for winning)\n|l|\u2606RL4T big soup\n|player|p1|\n", "inputlog": ">version 86ae7daf8e420bb3f6c82a6a988ddcc1b1aa7e58\n>start {\"formatid\":\"gen9randombattle\",\"seed\":[62829,61981,16327,47023],\"rated\":\"Rated battle\"}\n>player p1 {\"name\":\"RL4T big soup\",\"avatar\":\"youngster\",\"rating\":2255,\"seed\":[24800,54112,46280,45893]}\n>player p2 {\"name\":\"rl4t boris\",\"avatar\":\"102\",\"rating\":2376,\"seed\":[42951,61937,15116,64632]}\n>p1 move freezedry\n>p2 switch 4\n>p1 move sparklingaria\n>p2 move sacredfire\n>p1 move freezedry\n>p2 switch 5\n>p1 move sparklingaria\n>p2 switch 3\n>p1 switch 6\n>p2 move quiverdance\n>p1 move superpower\n>p2 switch 5\n>p1 move superpower\n>p2 switch 3\n>p1 move superpower\n>p2 move icebeam\n>p2 switch 3\n>p1 move knockoff\n>p2 move sacredfire\n>p1 move superpower\n>p2 move recover\n>p1 move superpower\n>p2 move recover\n>p1 move leechlife\n>p2 move recover\n>p1 switch 5\n>p2 switch 6\n>chat \u2606rl4t boris|mine\n>chat \u2606RL4T big soup|omg\n>chat  Jesus Is Kingg!!|hold up...\n>chat \u2606RL4T big soup|i feel like that sacred fire burn just cooked me\n>p1 switch 5\n>p2 move knockoff\n>p1 switch 5\n>chat \u2606RL4T big soup|gg i think\n>p1 move yawn\n>p2 move knockoff\n>p1 move surf\n>p2 move knockoff\n>p1 switch 3\n>p1 move stickyweb\n>p2 move knockoff\n>p1 move pounce\n>p2 move knockoff\n>chat \u2606rl4t boris|lol\n>chat \u2606RL4T big soup|OMG IM STUPID\n>p1 move pounce\n>p2 move knockoff\n>p1 switch 2\n>p1 move roost\n>p2 move knockoff\n>p1 switch 4\n>p1 move calmmind\n>p2 move struggle\n>p1 move recover terastallize\n>p2 move struggle\n>chat \u2606RL4T big soup|holy\n>chat \u2606RL4T big soup|ggf\n>chat \u2606rl4t boris|gg\n>forcelose p1", "uploadtime": 1727970096, "views": 75, "formatid": "gen9randombattle", "rating": 2242, "private": 0, "password": null}