{"id": "gen9randombattle-2149081791", "format": "[Gen 9] Random Battle", "players": ["fearlessgod", "RedDudeN64"], "log": "|j|\u2606fearlessgod\n|j|\u2606RedDudeN64\n|t:|1719226118\n|gametype|singles\n|player|p1|fearlessgod|cynthia|2212\n|player|p2|RedDudeN64|red|2282\n|teamsize|p1|6\n|teamsize|p2|6\n|gen|9\n|tier|[Gen 9] Random Battle\n|rated|\n|rule|Species Clause: Limit one of each Pok\u00e9mon\n|rule|HP Percentage Mod: HP is shown in percentages\n|rule|Sleep Clause Mod: Limit one foe put to sleep\n|rule|Illusion Level Mod: Illusion disguises the Pok\u00e9mon's true level\n|\n|t:|1719226118\n|start\n|switch|p1a: Luvdisc|Luvdisc, M|247/247\n|switch|p2a: Golduck|Golduck, L90, F|290/290\n|-ability|p2a: Golduck|Cloud Nine\n|turn|1\n|inactive|Battle timer is ON: inactive players will automatically lose when time's up. (requested by RedDudeN64)\n|j| un lucky manny\n|\n|t:|1719226135\n|move|p1a: Luvdisc|Whirlpool|p2a: Golduck\n|-resisted|p2a: Golduck\n|-damage|p2a: Golduck|275/290\n|-activate|p2a: Golduck|move: Whirlpool|[of] p1a: Luvdisc\n|move|p2a: Golduck|Nasty Plot|p2a: Golduck\n|-boost|p2a: Golduck|spa|2\n|\n|-damage|p2a: Golduck|239/290|[from] move: Whirlpool|[partiallytrapped]\n|upkeep\n|turn|2\n|\n|t:|1719226141\n|move|p1a: Luvdisc|Substitute|p1a: Luvdisc\n|-start|p1a: Luvdisc|Substitute\n|-damage|p1a: Luvdisc|186/247\n|move|p2a: Golduck|Grass Knot|p1a: Luvdisc\n|-supereffective|p1a: Luvdisc\n|-end|p1a: Luvdisc|Substitute\n|-damage|p2a: Golduck|210/290|[from] item: Life Orb\n|\n|-damage|p2a: Golduck|174/290|[from] move: Whirlpool|[partiallytrapped]\n|upkeep\n|turn|3\n|\n|t:|1719226150\n|move|p1a: Luvdisc|Substitute|p1a: Luvdisc\n|-start|p1a: Luvdisc|Substitute\n|-damage|p1a: Luvdisc|125/247\n|move|p2a: Golduck|Grass Knot|p1a: Luvdisc\n|-supereffective|p1a: Luvdisc\n|-crit|p1a: Luvdisc\n|-end|p1a: Luvdisc|Substitute\n|-damage|p2a: Golduck|145/290|[from] item: Life Orb\n|\n|-damage|p2a: Golduck|109/290|[from] move: Whirlpool|[partiallytrapped]\n|upkeep\n|turn|4\n|j| OfManITaste\n|\n|t:|1719226163\n|move|p1a: Luvdisc|Substitute|p1a: Luvdisc\n|-start|p1a: Luvdisc|Substitute\n|-damage|p1a: Luvdisc|64/247\n|move|p2a: Golduck|Grass Knot|p1a: Luvdisc\n|-supereffective|p1a: Luvdisc\n|-crit|p1a: Luvdisc\n|-end|p1a: Luvdisc|Substitute\n|-damage|p2a: Golduck|80/290|[from] item: Life Orb\n|\n|-damage|p2a: Golduck|44/290|[from] move: Whirlpool|[partiallytrapped]\n|upkeep\n|turn|5\n|\n|t:|1719226167\n|move|p1a: Luvdisc|Substitute|p1a: Luvdisc\n|-start|p1a: Luvdisc|Substitute\n|-damage|p1a: Luvdisc|3/247\n|move|p2a: Golduck|Grass Knot|p1a: Luvdisc\n|-supereffective|p1a: Luvdisc\n|-end|p1a: Luvdisc|Substitute\n|-damage|p2a: Golduck|15/290|[from] item: Life Orb\n|\n|-damage|p2a: Golduck|0 fnt|[from] move: Whirlpool|[partiallytrapped]\n|faint|p2a: Golduck\n|upkeep\n|\n|t:|1719226175\n|switch|p2a: Moltres|Moltres-Galar, L79|271/271\n|turn|6\n|l| un lucky manny\n|\n|t:|1719226198\n|move|p1a: Luvdisc|Endeavor|p2a: Moltres\n|-damage|p2a: Moltres|3/271\n|-ability|p2a: Moltres|Berserk|boost\n|-boost|p2a: Moltres|spa|1\n|move|p2a: Moltres|Agility|p2a: Moltres\n|-boost|p2a: Moltres|spe|2\n|\n|upkeep\n|turn|7\n|j| un lucky manny\n|l| un lucky manny\n|j| un lucky manny\n|\n|t:|1719226222\n|move|p2a: Moltres|Fiery Wrath|p1a: Luvdisc\n|-damage|p1a: Luvdisc|0 fnt\n|faint|p1a: Luvdisc\n|\n|upkeep\n|inactive|fearlessgod has 120 seconds left.\n|\n|t:|1719226244\n|switch|p1a: Salamence|Salamence, L77, F|273/273\n|-ability|p1a: Salamence|Intimidate|boost\n|-unboost|p2a: Moltres|atk|1\n|turn|8\n|\n|t:|1719226248\n|move|p2a: Moltres|Fiery Wrath|p1a: Salamence\n|-damage|p1a: Salamence|128/273\n|move|p1a: Salamence|Outrage|p2a: Moltres\n|-damage|p2a: Moltres|0 fnt\n|faint|p2a: Moltres\n|\n|upkeep\n|\n|t:|1719226259\n|switch|p2a: Mewtwo|Mewtwo, L72|272/272\n|-ability|p2a: Mewtwo|Unnerve\n|turn|9\n|\n|t:|1719226263\n|move|p2a: Mewtwo|Psystrike|p1a: Salamence\n|-damage|p1a: Salamence|0 fnt\n|faint|p1a: Salamence\n|-damage|p2a: Mewtwo|245/272|[from] item: Life Orb\n|\n|upkeep\n|l| un lucky manny\n|\n|t:|1719226285\n|switch|p1a: Golurk|Golurk, L87|297/297\n|turn|10\n|j| un lucky manny\n|\n|t:|1719226298\n|move|p2a: Mewtwo|Dark Pulse|p1a: Golurk\n|-supereffective|p1a: Golurk\n|-damage|p1a: Golurk|133/297\n|-damage|p2a: Mewtwo|218/272|[from] item: Life Orb\n|move|p1a: Golurk|Poltergeist|p2a: Mewtwo\n|-activate|p2a: Mewtwo|move: Poltergeist|Life Orb\n|-supereffective|p2a: Mewtwo\n|-damage|p2a: Mewtwo|0 fnt\n|faint|p2a: Mewtwo\n|\n|upkeep\n|\n|t:|1719226306\n|switch|p2a: Zamazenta|Zamazenta, L72|251/251\n|-ability|p2a: Zamazenta|Dauntless Shield|boost\n|-boost|p2a: Zamazenta|def|1\n|turn|11\n|\n|t:|1719226326\n|switch|p1a: Passimian|Passimian, L83, M|302/302\n|move|p2a: Zamazenta|Crunch|p1a: Passimian\n|-resisted|p1a: Passimian\n|-damage|p1a: Passimian|268/302\n|\n|upkeep\n|turn|12\n|j| the king bozo\n|l| the king bozo\n|l| un lucky manny\n|\n|t:|1719226353\n|move|p1a: Passimian|Knock Off|p2a: Zamazenta\n|-resisted|p2a: Zamazenta\n|-damage|p2a: Zamazenta|224/251\n|-enditem|p2a: Zamazenta|Choice Band|[from] move: Knock Off|[of] p1a: Passimian\n|move|p2a: Zamazenta|Crunch|p1a: Passimian\n|-resisted|p1a: Passimian\n|-damage|p1a: Passimian|243/302\n|\n|upkeep\n|turn|13\n|j| un lucky manny\n|\n|t:|1719226359\n|switch|p1a: Girafarig|Girafarig, L89, F|269/269\n|move|p2a: Zamazenta|Close Combat|p1a: Girafarig\n|-damage|p1a: Girafarig|175/269\n|-unboost|p2a: Zamazenta|def|1\n|-unboost|p2a: Zamazenta|spd|1\n|\n|upkeep\n|turn|14\n|\n|t:|1719226372\n|move|p2a: Zamazenta|Crunch|p1a: Girafarig\n|-supereffective|p1a: Girafarig\n|-damage|p1a: Girafarig|91/269\n|move|p1a: Girafarig|Psyshock|p2a: Zamazenta\n|-supereffective|p2a: Zamazenta\n|-damage|p2a: Zamazenta|60/251\n|\n|upkeep\n|turn|15\n|\n|t:|1719226379\n|move|p2a: Zamazenta|Close Combat|p1a: Girafarig\n|-damage|p1a: Girafarig|6/269\n|-unboost|p2a: Zamazenta|def|1\n|-unboost|p2a: Zamazenta|spd|1\n|move|p1a: Girafarig|Psyshock|p2a: Zamazenta\n|-supereffective|p2a: Zamazenta\n|-damage|p2a: Zamazenta|0 fnt\n|faint|p2a: Zamazenta\n|\n|upkeep\n|\n|t:|1719226384\n|switch|p2a: Charizard|Charizard, L85, F|271/271\n|turn|16\n|\n|t:|1719226387\n|move|p2a: Charizard|Dragon Dance|p2a: Charizard\n|-boost|p2a: Charizard|atk|1\n|-boost|p2a: Charizard|spe|1\n|move|p1a: Girafarig|Thunderbolt|p2a: Charizard\n|-supereffective|p2a: Charizard\n|-damage|p2a: Charizard|141/271\n|-status|p2a: Charizard|par\n|\n|upkeep\n|turn|17\n|c|\u2606RedDudeN64|...\n|\n|t:|1719226397\n|move|p1a: Girafarig|Thunderbolt|p2a: Charizard\n|-supereffective|p2a: Charizard\n|-damage|p2a: Charizard|13/271 par\n|move|p2a: Charizard|Dragon Dance|p2a: Charizard\n|-boost|p2a: Charizard|atk|1\n|-boost|p2a: Charizard|spe|1\n|\n|upkeep\n|turn|18\n|\n|t:|1719226400\n|move|p2a: Charizard|Earthquake|p1a: Girafarig\n|-damage|p1a: Girafarig|0 fnt\n|faint|p1a: Girafarig\n|\n|upkeep\n|\n|t:|1719226402\n|switch|p1a: Passimian|Passimian, L83, M|243/302\n|turn|19\n|\n|t:|1719226405\n|move|p1a: Passimian|U-turn|p2a: Charizard\n|-resisted|p2a: Charizard\n|-damage|p2a: Charizard|0 fnt\n|faint|p2a: Charizard\n|\n|t:|1719226408\n|switch|p1a: Latios|Latios, L78, M|253/253|[from] U-turn\n|\n|upkeep\n|\n|t:|1719226411\n|switch|p2a: Iron Thorns|Iron Thorns, L83|302/302\n|-enditem|p2a: Iron Thorns|Booster Energy\n|-activate|p2a: Iron Thorns|ability: Quark Drive|[fromitem]\n|-start|p2a: Iron Thorns|quarkdriveatk\n|turn|20\n|l| un lucky manny\n|\n|t:|1719226427\n|move|p1a: Latios|Luster Purge|p2a: Iron Thorns\n|-damage|p2a: Iron Thorns|127/302\n|move|p2a: Iron Thorns|Dragon Dance|p2a: Iron Thorns\n|-boost|p2a: Iron Thorns|atk|1\n|-boost|p2a: Iron Thorns|spe|1\n|\n|upkeep\n|turn|21\n|c| OfManITaste|If homie loses with all these legends\n|j| un lucky manny\n|c| OfManITaste|its gonna be hilarious\n|l| un lucky manny\n|\n|t:|1719226444\n|move|p2a: Iron Thorns|Stone Edge|p1a: Latios\n|-damage|p1a: Latios|0 fnt\n|faint|p1a: Latios\n|\n|upkeep\n|\n|t:|1719226452\n|switch|p1a: Passimian|Passimian, L83, M|243/302\n|turn|22\n|\n|t:|1719226455\n|-terastallize|p1a: Passimian|Fighting\n|-terastallize|p2a: Iron Thorns|Ground\n|move|p1a: Passimian|Close Combat|p2a: Iron Thorns\n|-damage|p2a: Iron Thorns|0 fnt\n|-unboost|p1a: Passimian|def|1\n|-unboost|p1a: Passimian|spd|1\n|faint|p2a: Iron Thorns\n|-end|p2a: Iron Thorns|Quark Drive|[silent]\n|\n|win|fearlessgod\n|raw|fearlessgod's rating: 2212 &rarr; <strong>2236</strong><br />(+24 for winning)\n|raw|RedDudeN64's rating: 2282 &rarr; <strong>2258</strong><br />(-24 for losing)\n|j| un lucky manny\n|l|\u2606RedDudeN64\n|player|p2|\n|l| un lucky manny\n|c| OfManITaste|Lmao\n", "inputlog": ">version fa2fcbefacd9ec28b920d1fe3a63da14f50ab6c0\n>start {\"formatid\":\"gen9randombattle\",\"seed\":[58820,56577,30781,43005],\"rated\":\"Rated battle\"}\n>player p1 {\"name\":\"fearlessgod\",\"avatar\":\"cynthia\",\"rating\":2212,\"seed\":[14792,64272,20883,45317]}\n>player p2 {\"name\":\"RedDudeN64\",\"avatar\":\"red\",\"rating\":2282,\"seed\":[22547,31245,7113,56707]}\n>p1 move whirlpool\n>p2 move nastyplot\n>p1 move substitute\n>p2 move grassknot\n>p1 move substitute\n>p2 move grassknot\n>p1 move substitute\n>p2 move grassknot\n>p1 move substitute\n>p2 move grassknot\n>p2 switch 4\n>p1 move endeavor\n>p2 move agility\n>p1 move endeavor\n>p2 move fierywrath\n>p1 switch 6\n>p1 move outrage\n>p2 move fierywrath\n>p2 switch 5\n>p1 move outrage\n>p2 move psystrike\n>p1 switch 3\n>p1 move poltergeist\n>p2 move darkpulse\n>p2 switch 2\n>p1 switch 5\n>p2 move crunch\n>p1 move knockoff\n>p2 move crunch\n>p1 switch 2\n>p2 move closecombat\n>p1 move psyshock\n>p2 move crunch\n>p1 move psyshock\n>p2 move closecombat\n>p2 switch 6\n>p1 move thunderbolt\n>p2 move dragondance\n>chat \u2606RedDudeN64|...\n>p1 move thunderbolt\n>p2 move dragondance\n>p1 move thunderbolt\n>p2 move earthquake\n>p1 switch 2\n>p1 move uturn\n>p2 move flareblitz\n>p1 switch 4\n>p2 switch 3\n>p1 move lusterpurge\n>p2 move dragondance\n>chat  OfManITaste|If homie loses with all these legends\n>chat  OfManITaste|its gonna be hilarious\n>p1 move lusterpurge\n>p2 move stoneedge\n>p1 switch 4\n>p1 move closecombat terastallize\n>p2 move earthquake terastallize", "uploadtime": 1719226482, "views": 183, "formatid": "gen9randombattle", "rating": 2236, "private": 0, "password": null}