{"id": "gen9randombattle-2260299846", "format": "[Gen 9] Random Battle", "players": ["rodwaveeatschips", "plutobaby"], "log": "|j|\u2606rodwaveeatschips\n|j|\u2606plutobaby\n|t:|1733837054\n|gametype|singles\n|player|p1|rodwaveeatschips|170|\n|player|p2|plutobaby|265|\n|teamsize|p1|6\n|teamsize|p2|6\n|gen|9\n|tier|[Gen 9] Random Battle\n|rule|Species Clause: Limit one of each Pok\u00e9mon\n|rule|HP Percentage Mod: HP is shown in percentages\n|rule|Sleep Clause Mod: Limit one foe put to sleep\n|rule|Illusion Level Mod: Illusion disguises the Pok\u00e9mon's true level\n|\n|t:|1733837054\n|start\n|switch|p1a: Jirachi|Jirachi, L80|291/291\n|switch|p2a: Registeel|Registeel, L81|262/262\n|turn|1\n|\n|t:|1733837123\n|move|p1a: Jirachi|U-turn|p2a: Registeel\n|-resisted|p2a: Registeel\n|-damage|p2a: Registeel|247/262\n|\n|t:|1733837130\n|switch|p1a: Glimmora|Glimmora, L75, M|248/248|[from] U-turn\n|move|p2a: Registeel|Thunder Wave|p1a: Glimmora\n|-status|p1a: Glimmora|par\n|\n|-heal|p2a: Registeel|262/262|[from] item: Leftovers\n|upkeep\n|turn|2\n|\n|t:|1733837155\n|move|p2a: Registeel|Iron Head|p1a: Glimmora\n|-supereffective|p1a: Glimmora\n|-damage|p1a: Glimmora|110/248 par\n|-activate|p1a: Glimmora|ability: Toxic Debris\n|-sidestart|p2: plutobaby|move: Toxic Spikes\n|move|p1a: Glimmora|Power Gem|p2a: Registeel\n|-resisted|p2a: Registeel\n|-damage|p2a: Registeel|235/262\n|\n|-heal|p2a: Registeel|251/262|[from] item: Leftovers\n|upkeep\n|turn|3\n|\n|t:|1733837191\n|-terastallize|p1a: Glimmora|Ground\n|move|p2a: Registeel|Iron Defense|p2a: Registeel\n|-boost|p2a: Registeel|def|2\n|move|p1a: Glimmora|Earth Power|p2a: Registeel\n|-supereffective|p2a: Registeel\n|-damage|p2a: Registeel|107/262\n|\n|-heal|p2a: Registeel|123/262|[from] item: Leftovers\n|upkeep\n|turn|4\n|\n|t:|1733837215\n|-terastallize|p2a: Registeel|Fighting\n|move|p2a: Registeel|Body Press|p1a: Glimmora\n|-damage|p1a: Glimmora|0 fnt\n|-activate|p1a: Glimmora|ability: Toxic Debris\n|-sidestart|p2: plutobaby|move: Toxic Spikes\n|faint|p1a: Glimmora\n|\n|-heal|p2a: Registeel|139/262|[from] item: Leftovers\n|upkeep\n|\n|t:|1733837246\n|switch|p1a: Jirachi|Jirachi, L80|291/291\n|turn|5\n|\n|t:|1733837255\n|move|p1a: Jirachi|Psychic|p2a: Registeel\n|-supereffective|p2a: Registeel\n|-damage|p2a: Registeel|13/262\n|move|p2a: Registeel|Body Press|p1a: Jirachi\n|-damage|p1a: Jirachi|87/291\n|\n|-heal|p2a: Registeel|29/262|[from] item: Leftovers\n|upkeep\n|turn|6\n|\n|t:|1733837266\n|move|p1a: Jirachi|Psychic|p2a: Registeel\n|-supereffective|p2a: Registeel\n|-damage|p2a: Registeel|0 fnt\n|faint|p2a: Registeel\n|\n|upkeep\n|\n|t:|1733837278\n|switch|p2a: Krookodile|Krookodile, L80, M|283/283\n|-status|p2a: Krookodile|tox\n|-ability|p2a: Krookodile|Intimidate|boost\n|-unboost|p1a: Jirachi|atk|1\n|turn|7\n|\n|t:|1733837307\n|switch|p1a: Pyroar|Pyroar, L88, F|295/295\n|-ability|p1a: Pyroar|Unnerve\n|move|p2a: Krookodile|Earthquake|p1a: Pyroar\n|-supereffective|p1a: Pyroar\n|-damage|p1a: Pyroar|0 fnt\n|faint|p1a: Pyroar\n|-damage|p2a: Krookodile|255/283 tox|[from] item: Life Orb\n|\n|-damage|p2a: Krookodile|238/283 tox|[from] psn\n|upkeep\n|\n|t:|1733837323\n|switch|p1a: Umbreon|Umbreon, L84, F|297/297\n|turn|8\n|\n|t:|1733837335\n|move|p2a: Krookodile|Earthquake|p1a: Umbreon\n|-damage|p1a: Umbreon|180/297\n|-damage|p2a: Krookodile|210/283 tox|[from] item: Life Orb\n|move|p1a: Umbreon|Foul Play|p2a: Krookodile\n|-resisted|p2a: Krookodile\n|-damage|p2a: Krookodile|143/283 tox\n|\n|-heal|p1a: Umbreon|198/297|[from] item: Leftovers\n|-damage|p2a: Krookodile|109/283 tox|[from] psn\n|upkeep\n|turn|9\n|\n|t:|1733837347\n|move|p1a: Umbreon|Protect|p1a: Umbreon\n|-singleturn|p1a: Umbreon|Protect\n|move|p2a: Krookodile|Earthquake|p1a: Umbreon\n|-activate|p1a: Umbreon|move: Protect\n|\n|-heal|p1a: Umbreon|216/297|[from] item: Leftovers\n|-damage|p2a: Krookodile|58/283 tox|[from] psn\n|upkeep\n|turn|10\n|\n|t:|1733837361\n|move|p2a: Krookodile|Earthquake|p1a: Umbreon\n|-damage|p1a: Umbreon|90/297\n|-damage|p2a: Krookodile|30/283 tox|[from] item: Life Orb\n|move|p1a: Umbreon|Wish|p1a: Umbreon\n|\n|-heal|p1a: Umbreon|108/297|[from] item: Leftovers\n|-damage|p2a: Krookodile|0 fnt|[from] psn\n|faint|p2a: Krookodile\n|upkeep\n|\n|t:|1733837380\n|switch|p2a: Landorus|Landorus, L75, M|257/257\n|turn|11\n|\n|t:|1733837410\n|switch|p1a: Jirachi|Jirachi, L80|87/291\n|move|p2a: Landorus|Nasty Plot|p2a: Landorus\n|-boost|p2a: Landorus|spa|2\n|\n|-heal|p1a: Jirachi|235/291|[from] move: Wish|[wisher] Umbreon\n|upkeep\n|turn|12\n|\n|t:|1733837422\n|move|p1a: Jirachi|Iron Head|p2a: Landorus\n|-damage|p2a: Landorus|172/257\n|cant|p2a: Landorus|flinch\n|\n|upkeep\n|turn|13\n|\n|t:|1733837439\n|move|p1a: Jirachi|Iron Head|p2a: Landorus\n|-damage|p2a: Landorus|82/257\n|cant|p2a: Landorus|flinch\n|\n|upkeep\n|turn|14\n|\n|t:|1733837445\n|move|p1a: Jirachi|Iron Head|p2a: Landorus\n|-damage|p2a: Landorus|0 fnt\n|faint|p2a: Landorus\n|\n|upkeep\n|\n|t:|1733837467\n|switch|p2a: Dondozo|Dondozo, L78, M|362/362\n|-status|p2a: Dondozo|tox\n|turn|15\n|\n|t:|1733837506\n|move|p1a: Jirachi|Iron Head|p2a: Dondozo\n|-resisted|p2a: Dondozo\n|-crit|p2a: Dondozo\n|-damage|p2a: Dondozo|304/362 tox\n|cant|p2a: Dondozo|flinch\n|\n|-heal|p2a: Dondozo|326/362 tox|[from] item: Leftovers\n|-damage|p2a: Dondozo|304/362 tox|[from] psn\n|upkeep\n|turn|16\n|\n|t:|1733837516\n|move|p1a: Jirachi|Iron Head|p2a: Dondozo\n|-resisted|p2a: Dondozo\n|-damage|p2a: Dondozo|268/362 tox\n|cant|p2a: Dondozo|flinch\n|\n|-heal|p2a: Dondozo|290/362 tox|[from] item: Leftovers\n|-damage|p2a: Dondozo|246/362 tox|[from] psn\n|upkeep\n|turn|17\n|\n|t:|1733837525\n|move|p1a: Jirachi|Iron Head|p2a: Dondozo\n|-resisted|p2a: Dondozo\n|-damage|p2a: Dondozo|208/362 tox\n|cant|p2a: Dondozo|flinch\n|\n|-heal|p2a: Dondozo|230/362 tox|[from] item: Leftovers\n|-damage|p2a: Dondozo|164/362 tox|[from] psn\n|upkeep\n|turn|18\n|\n|t:|1733837534\n|move|p1a: Jirachi|Iron Head|p2a: Dondozo\n|-resisted|p2a: Dondozo\n|-damage|p2a: Dondozo|126/362 tox\n|cant|p2a: Dondozo|flinch\n|\n|-heal|p2a: Dondozo|148/362 tox|[from] item: Leftovers\n|-damage|p2a: Dondozo|60/362 tox|[from] psn\n|upkeep\n|turn|19\n|\n|t:|1733837544\n|move|p1a: Jirachi|Iron Head|p2a: Dondozo\n|-resisted|p2a: Dondozo\n|-damage|p2a: Dondozo|26/362 tox\n|move|p2a: Dondozo|Rest|p2a: Dondozo\n|-status|p2a: Dondozo|slp|[from] move: Rest\n|-heal|p2a: Dondozo|362/362 slp|[silent]\n|\n|upkeep\n|turn|20\n|\n|t:|1733837552\n|move|p1a: Jirachi|Iron Head|p2a: Dondozo\n|-resisted|p2a: Dondozo\n|-crit|p2a: Dondozo\n|-damage|p2a: Dondozo|311/362 slp\n|cant|p2a: Dondozo|slp\n|move|p2a: Dondozo|Sleep Talk|p2a: Dondozo\n|move|p2a: Dondozo|Rest||[from]move: Sleep Talk|[still]\n|-fail|p2a: Dondozo\n|\n|-heal|p2a: Dondozo|333/362 slp|[from] item: Leftovers\n|upkeep\n|turn|21\n|\n|t:|1733837568\n|switch|p1a: Umbreon|Umbreon, L84, F|108/297\n|cant|p2a: Dondozo|slp\n|move|p2a: Dondozo|Sleep Talk|p2a: Dondozo\n|move|p2a: Dondozo|Wave Crash|p1a: Umbreon|[from]move: Sleep Talk\n|-damage|p1a: Umbreon|15/297\n|-damage|p2a: Dondozo|302/362 slp|[from] Recoil\n|\n|-heal|p1a: Umbreon|33/297|[from] item: Leftovers\n|-heal|p2a: Dondozo|324/362 slp|[from] item: Leftovers\n|upkeep\n|turn|22\n|\n|t:|1733837584\n|move|p1a: Umbreon|Wish|p1a: Umbreon\n|-curestatus|p2a: Dondozo|slp|[msg]\n|move|p2a: Dondozo|Sleep Talk||[still]\n|-fail|p2a: Dondozo\n|\n|-heal|p1a: Umbreon|51/297|[from] item: Leftovers\n|-heal|p2a: Dondozo|346/362|[from] item: Leftovers\n|upkeep\n|turn|23\n|\n|t:|1733837603\n|move|p1a: Umbreon|Protect|p1a: Umbreon\n|-singleturn|p1a: Umbreon|Protect\n|move|p2a: Dondozo|Curse|p2a: Dondozo\n|-unboost|p2a: Dondozo|spe|1\n|-boost|p2a: Dondozo|atk|1\n|-boost|p2a: Dondozo|def|1\n|\n|-heal|p1a: Umbreon|199/297|[from] move: Wish|[wisher] Umbreon\n|-heal|p1a: Umbreon|217/297|[from] item: Leftovers\n|-heal|p2a: Dondozo|362/362|[from] item: Leftovers\n|upkeep\n|turn|24\n|\n|t:|1733837622\n|move|p1a: Umbreon|Toxic|p2a: Dondozo\n|-status|p2a: Dondozo|tox\n|move|p2a: Dondozo|Curse|p2a: Dondozo\n|-unboost|p2a: Dondozo|spe|1\n|-boost|p2a: Dondozo|atk|1\n|-boost|p2a: Dondozo|def|1\n|\n|-heal|p1a: Umbreon|235/297|[from] item: Leftovers\n|-damage|p2a: Dondozo|340/362 tox|[from] psn\n|upkeep\n|turn|25\n|\n|t:|1733837635\n|move|p1a: Umbreon|Protect|p1a: Umbreon\n|-singleturn|p1a: Umbreon|Protect\n|move|p2a: Dondozo|Curse|p2a: Dondozo\n|-unboost|p2a: Dondozo|spe|1\n|-boost|p2a: Dondozo|atk|1\n|-boost|p2a: Dondozo|def|1\n|\n|-heal|p1a: Umbreon|253/297|[from] item: Leftovers\n|-heal|p2a: Dondozo|362/362 tox|[from] item: Leftovers\n|-damage|p2a: Dondozo|318/362 tox|[from] psn\n|upkeep\n|turn|26\n|\n|t:|1733837658\n|move|p1a: Umbreon|Foul Play|p2a: Dondozo\n|-crit|p2a: Dondozo\n|-damage|p2a: Dondozo|201/362 tox\n|move|p2a: Dondozo|Rest|p2a: Dondozo\n|-status|p2a: Dondozo|slp|[from] move: Rest\n|-heal|p2a: Dondozo|362/362 slp|[silent]\n|\n|-heal|p1a: Umbreon|271/297|[from] item: Leftovers\n|upkeep\n|turn|27\n|\n|t:|1733837669\n|move|p1a: Umbreon|Foul Play|p2a: Dondozo\n|-damage|p2a: Dondozo|328/362 slp\n|cant|p2a: Dondozo|slp\n|move|p2a: Dondozo|Sleep Talk|p2a: Dondozo\n|move|p2a: Dondozo|Curse|p2a: Dondozo|[from]move: Sleep Talk\n|-unboost|p2a: Dondozo|spe|1\n|-boost|p2a: Dondozo|atk|1\n|-boost|p2a: Dondozo|def|1\n|\n|-heal|p1a: Umbreon|289/297|[from] item: Leftovers\n|-heal|p2a: Dondozo|350/362 slp|[from] item: Leftovers\n|upkeep\n|turn|28\n|\n|t:|1733837696\n|move|p1a: Umbreon|Toxic|p2a: Dondozo|[miss]\n|-miss|p1a: Umbreon|p2a: Dondozo\n|cant|p2a: Dondozo|slp\n|move|p2a: Dondozo|Sleep Talk|p2a: Dondozo\n|move|p2a: Dondozo|Wave Crash|p1a: Umbreon|[from]move: Sleep Talk\n|-damage|p1a: Umbreon|0 fnt\n|faint|p1a: Umbreon\n|-damage|p2a: Dondozo|255/362 slp|[from] Recoil\n|\n|-heal|p2a: Dondozo|277/362 slp|[from] item: Leftovers\n|upkeep\n|\n|t:|1733837711\n|switch|p1a: Jirachi|Jirachi, L80|235/291\n|turn|29\n|\n|t:|1733837720\n|move|p1a: Jirachi|Iron Head|p2a: Dondozo\n|-resisted|p2a: Dondozo\n|-damage|p2a: Dondozo|266/362 slp\n|-curestatus|p2a: Dondozo|slp|[msg]\n|cant|p2a: Dondozo|flinch\n|\n|-heal|p2a: Dondozo|288/362|[from] item: Leftovers\n|upkeep\n|turn|30\n|\n|t:|1733837737\n|switch|p1a: Arceus|Arceus-Bug, L73|295/295\n|move|p2a: Dondozo|Wave Crash|p1a: Arceus\n|-damage|p1a: Arceus|4/295\n|-damage|p2a: Dondozo|192/362|[from] Recoil\n|\n|-heal|p2a: Dondozo|214/362|[from] item: Leftovers\n|upkeep\n|turn|31\n|\n|t:|1733837752\n|move|p1a: Arceus|Fire Blast|p2a: Dondozo\n|-resisted|p2a: Dondozo\n|-damage|p2a: Dondozo|166/362\n|move|p2a: Dondozo|Rest|p2a: Dondozo\n|-status|p2a: Dondozo|slp|[from] move: Rest\n|-heal|p2a: Dondozo|362/362 slp|[silent]\n|\n|upkeep\n|turn|32\n|\n|t:|1733837760\n|move|p1a: Arceus|Recover|p1a: Arceus\n|-heal|p1a: Arceus|152/295\n|cant|p2a: Dondozo|slp\n|move|p2a: Dondozo|Sleep Talk|p2a: Dondozo\n|move|p2a: Dondozo|Wave Crash|p1a: Arceus|[from]move: Sleep Talk\n|-damage|p1a: Arceus|0 fnt\n|faint|p1a: Arceus\n|-damage|p2a: Dondozo|312/362 slp|[from] Recoil\n|\n|-heal|p2a: Dondozo|334/362 slp|[from] item: Leftovers\n|upkeep\n|\n|t:|1733837774\n|switch|p1a: Mewtwo|Mewtwo, L72|272/272\n|-ability|p1a: Mewtwo|Unnerve\n|turn|33\n|\n|t:|1733837789\n|move|p1a: Mewtwo|Psystrike|p2a: Dondozo\n|-damage|p2a: Dondozo|287/362 slp\n|-damage|p1a: Mewtwo|245/272|[from] item: Life Orb\n|cant|p2a: Dondozo|slp\n|move|p2a: Dondozo|Sleep Talk|p2a: Dondozo\n|move|p2a: Dondozo|Wave Crash|p1a: Mewtwo|[from]move: Sleep Talk\n|-damage|p1a: Mewtwo|0 fnt\n|faint|p1a: Mewtwo\n|-damage|p2a: Dondozo|206/362 slp|[from] Recoil\n|\n|-heal|p2a: Dondozo|228/362 slp|[from] item: Leftovers\n|upkeep\n|\n|t:|1733837804\n|switch|p1a: Jirachi|Jirachi, L80|235/291\n|turn|34\n|\n|t:|1733837814\n|move|p1a: Jirachi|Psychic|p2a: Dondozo\n|-damage|p2a: Dondozo|105/362 slp\n|-curestatus|p2a: Dondozo|slp|[msg]\n|move|p2a: Dondozo|Wave Crash|p1a: Jirachi\n|-damage|p1a: Jirachi|0 fnt\n|faint|p1a: Jirachi\n|-damage|p2a: Dondozo|27/362|[from] Recoil\n|\n|win|plutobaby\n|l|\u2606rodwaveeatschips\n|player|p1|\n", "inputlog": ">version bfd83cad13791eb5a5a409923076391caf6fb4d4\n>start {\"formatid\":\"gen9randombattle\",\"seed\":[38876,8790,8652,14375]}\n>player p1 {\"name\":\"rodwaveeatschips\",\"avatar\":\"170\",\"rating\":0,\"seed\":[62633,28584,2849,54097]}\n>player p2 {\"name\":\"plutobaby\",\"avatar\":\"265\",\"rating\":0,\"seed\":[32483,3338,14972,5971]}\n>p1 move uturn\n>p2 move thunderwave\n>p1 switch 5\n>p1 move powergem\n>p2 move ironhead\n>p1 move earthpower terastallize\n>p2 move irondefense\n>p1 move earthpower\n>p2 move bodypress terastallize\n>p1 switch 5\n>p1 move psychic\n>p2 move bodypress\n>p1 move psychic\n>p2 move bodypress\n>p2 switch 3\n>p1 switch 6\n>p2 move earthquake\n>p1 switch 2\n>p1 move foulplay\n>p2 move earthquake\n>p1 move protect\n>p2 move earthquake\n>p1 move wish\n>p2 move earthquake\n>p2 switch 4\n>p1 switch 6\n>p2 move nastyplot\n>p1 move ironhead\n>p2 move earthpower\n>p1 move ironhead\n>p2 move earthpower\n>p1 move ironhead\n>p2 move earthpower\n>p2 switch 6\n>p1 move ironhead\n>p2 move curse\n>p1 move ironhead\n>p2 move curse\n>p1 move ironhead\n>p2 move curse\n>p1 move ironhead\n>p2 move rest\n>p1 move ironhead\n>p2 move rest\n>p1 move ironhead\n>p2 move sleeptalk\n>p1 switch 6\n>p2 move sleeptalk\n>p1 move wish\n>p2 move sleeptalk\n>p1 move protect\n>p2 move curse\n>p1 move toxic\n>p2 move curse\n>p1 move protect\n>p2 move curse\n>p1 move foulplay\n>p2 move rest\n>p1 move foulplay\n>p2 move sleeptalk\n>p1 move toxic\n>p2 move sleeptalk\n>p1 switch 6\n>p1 move ironhead\n>p2 move wavecrash\n>p1 switch 4\n>p2 move wavecrash\n>p1 move fireblast\n>p2 move rest\n>p1 move recover\n>p2 move sleeptalk\n>p1 switch 3\n>p1 move psystrike\n>p2 move sleeptalk\n>p1 switch 4\n>p1 move psychic\n>p2 move wavecrash", "uploadtime": 1733837828, "views": 1, "formatid": "gen9randombattle", "rating": null, "private": 0, "password": null}