{"id": "gen9randombattle-2260393615", "format": "[Gen 9] Random Battle", "players": ["njgghhhij", "dombomblavalamp"], "log": "|j|\u2606njgghhhij\n|j|\u2606dombomblavalamp\n|t:|1733847264\n|gametype|singles\n|player|p1|njgghhhij|101|1129\n|player|p2|dombomblavalamp|169|1098\n|teamsize|p1|6\n|teamsize|p2|6\n|gen|9\n|tier|[Gen 9] Random Battle\n|rated|\n|rule|Species Clause: Limit one of each Pok\u00e9mon\n|rule|HP Percentage Mod: HP is shown in percentages\n|rule|Sleep Clause Mod: Limit one foe put to sleep\n|rule|Illusion Level Mod: Illusion disguises the Pok\u00e9mon's true level\n|\n|t:|1733847264\n|start\n|switch|p1a: Magearna|Magearna-Original, L77|250/250\n|switch|p2a: Passimian|Passimian, L83, F|302/302\n|turn|1\n|inactive|Battle timer is ON: inactive players will automatically lose when time's up. (requested by dombomblavalamp)\n|c|\u2606dombomblavalamp|drastically drastically drastically drastically drastically drastically drastically drastically drastically drastically drastically drastically drastically drastically drastically drastically drastically drastically\n|c|\u2606dombomblavalamp|und den menschen ein wohl gef\u00e4llen\n|inactive|njgghhhij has 120 seconds left.\n|c|\u2606dombomblavalamp|ehre seit gott\n|\n|t:|1733847315\n|move|p2a: Passimian|Earthquake|p1a: Magearna\n|-supereffective|p1a: Magearna\n|-damage|p1a: Magearna|100/250\n|-enditem|p1a: Magearna|Weakness Policy\n|-boost|p1a: Magearna|atk|2|[from] item: Weakness Policy\n|-boost|p1a: Magearna|spa|2|[from] item: Weakness Policy\n|move|p1a: Magearna|Shift Gear|p1a: Magearna\n|-boost|p1a: Magearna|spe|2\n|-boost|p1a: Magearna|atk|1\n|\n|upkeep\n|turn|2\n|c|\u2606dombomblavalamp|in der h\u00f6he\n|\n|t:|1733847340\n|-terastallize|p1a: Magearna|Ground\n|move|p1a: Magearna|Fleur Cannon|p2a: Passimian\n|-supereffective|p2a: Passimian\n|-damage|p2a: Passimian|0 fnt\n|-unboost|p1a: Magearna|spa|2\n|faint|p2a: Passimian\n|-ability|p1a: Magearna|Soul-Heart|boost\n|-boost|p1a: Magearna|spa|1\n|\n|upkeep\n|\n|t:|1733847351\n|switch|p2a: Veluza|Veluza, L85, M|292/292\n|turn|3\n|\n|t:|1733847369\n|move|p1a: Magearna|Tera Blast|p2a: Veluza|[anim] Tera Blast Ground\n|-damage|p2a: Veluza|111/292\n|-enditem|p2a: Veluza|Sitrus Berry|[eat]\n|-heal|p2a: Veluza|184/292|[from] item: Sitrus Berry\n|move|p2a: Veluza|Aqua Cutter|p1a: Magearna\n|-supereffective|p1a: Magearna\n|-damage|p1a: Magearna|0 fnt\n|faint|p1a: Magearna\n|\n|upkeep\n|inactive|njgghhhij has 120 seconds left.\n|\n|t:|1733847388\n|switch|p1a: Rotom|Rotom-Fan, L86|226/226\n|turn|4\n|inactive|njgghhhij has 120 seconds left.\n|inactive|dombomblavalamp has 120 seconds left.\n|\n|t:|1733847429\n|switch|p2a: Spiritomb|Spiritomb, L89, F|234/234\n|move|p1a: Rotom|Will-O-Wisp|p2a: Spiritomb\n|-status|p2a: Spiritomb|brn\n|\n|-damage|p2a: Spiritomb|220/234 brn|[from] brn\n|upkeep\n|turn|5\n|inactive|njgghhhij has 90 seconds left.\n|\n|t:|1733847455\n|switch|p1a: Cacturne|Cacturne, L92, F|278/278\n|move|p2a: Spiritomb|Toxic|p1a: Cacturne\n|-status|p1a: Cacturne|tox\n|\n|-heal|p2a: Spiritomb|234/234 brn|[from] item: Leftovers\n|-damage|p1a: Cacturne|261/278 tox|[from] psn\n|-damage|p2a: Spiritomb|220/234 brn|[from] brn\n|upkeep\n|turn|6\n|inactive|njgghhhij has 90 seconds left.\n|\n|t:|1733847474\n|switch|p2a: Salazzle|Salazzle, L83, F|249/249\n|move|p1a: Cacturne|Knock Off|p2a: Salazzle\n|-damage|p2a: Salazzle|0 fnt\n|-enditem|p2a: Salazzle|Heavy-Duty Boots|[from] move: Knock Off|[of] p1a: Cacturne\n|faint|p2a: Salazzle\n|-damage|p1a: Cacturne|234/278 tox|[from] item: Life Orb\n|\n|-damage|p1a: Cacturne|200/278 tox|[from] psn\n|upkeep\n|inactive|dombomblavalamp has 90 seconds left.\n|inactive|dombomblavalamp has 60 seconds left.\n|\n|t:|1733847545\n|switch|p2a: Noctowl|Noctowl, L95, F|344/344\n|turn|7\n|inactive|njgghhhij has 90 seconds left.\n|\n|t:|1733847570\n|move|p2a: Noctowl|Hurricane|p1a: Cacturne\n|-supereffective|p1a: Cacturne\n|-damage|p1a: Cacturne|0 fnt\n|faint|p1a: Cacturne\n|\n|upkeep\n|\n|t:|1733847574\n|switch|p1a: Banette|Banette, L93, M|270/270\n|-item|p2a: Noctowl|Heavy-Duty Boots|[from] ability: Frisk|[of] p1a: Banette\n|turn|8\n|\n|t:|1733847583\n|move|p2a: Noctowl|Nasty Plot|p2a: Noctowl\n|-boost|p2a: Noctowl|spa|2\n|move|p1a: Banette|Thunder Wave|p2a: Noctowl\n|-status|p2a: Noctowl|par\n|\n|upkeep\n|turn|9\n|inactive|njgghhhij has 90 seconds left.\n|\n|t:|1733847596\n|move|p1a: Banette|Gunk Shot|p2a: Noctowl|[miss]\n|-miss|p1a: Banette|p2a: Noctowl\n|move|p2a: Noctowl|Nasty Plot|p2a: Noctowl\n|-boost|p2a: Noctowl|spa|2\n|\n|upkeep\n|turn|10\n|\n|t:|1733847606\n|switch|p1a: Rotom|Rotom-Fan, L86|226/226\n|-terastallize|p2a: Noctowl|Steel\n|move|p2a: Noctowl|Hurricane|p1a: Rotom\n|-resisted|p1a: Rotom\n|-damage|p1a: Rotom|0 fnt\n|faint|p1a: Rotom\n|\n|upkeep\n|inactive|njgghhhij has 90 seconds left.\n|\n|t:|1733847622\n|switch|p1a: Dragonite|Dragonite, L74, M|257/257\n|turn|11\n|inactive|njgghhhij has 90 seconds left.\n|inactive|dombomblavalamp has 60 seconds left.\n|\n|t:|1733847650\n|move|p1a: Dragonite|Dragon Dance|p1a: Dragonite\n|-boost|p1a: Dragonite|atk|1\n|-boost|p1a: Dragonite|spe|1\n|move|p2a: Noctowl|Hurricane|p1a: Dragonite|[miss]\n|-miss|p2a: Noctowl|p1a: Dragonite\n|\n|upkeep\n|turn|12\n|\n|t:|1733847660\n|move|p1a: Dragonite|Earthquake|p2a: Noctowl\n|-supereffective|p2a: Noctowl\n|-damage|p2a: Noctowl|40/344 par\n|move|p2a: Noctowl|Hurricane|p1a: Dragonite|[miss]\n|-miss|p2a: Noctowl|p1a: Dragonite\n|\n|upkeep\n|turn|13\n|n|!dombomblavalamp|dombomblavalamp\n|\n|t:|1733847674\n|move|p1a: Dragonite|Earthquake|p2a: Noctowl\n|-supereffective|p2a: Noctowl\n|-damage|p2a: Noctowl|0 fnt\n|faint|p2a: Noctowl\n|\n|upkeep\n|\n|t:|1733847679\n|switch|p2a: Hitmontop|Hitmontop, L88, M|231/231\n|turn|14\n|\n|t:|1733847688\n|move|p1a: Dragonite|Outrage|p2a: Hitmontop\n|-damage|p2a: Hitmontop|51/231\n|move|p2a: Hitmontop|Triple Axel|p1a: Dragonite\n|-supereffective|p1a: Dragonite\n|-crit|p1a: Dragonite\n|-damage|p1a: Dragonite|187/257\n|-supereffective|p1a: Dragonite\n|-damage|p1a: Dragonite|0 fnt\n|faint|p1a: Dragonite\n|-hitcount|p1: Dragonite|2\n|\n|-heal|p2a: Hitmontop|65/231|[from] item: Leftovers\n|upkeep\n|\n|t:|1733847695\n|switch|p1a: Banette|Banette, L93, M|270/270\n|-item|p2a: Hitmontop|Leftovers|[from] ability: Frisk|[of] p1a: Banette\n|turn|15\n|\n|t:|1733847712\n|move|p1a: Banette|Shadow Sneak|p2a: Hitmontop\n|-damage|p2a: Hitmontop|0 fnt\n|faint|p2a: Hitmontop\n|-damage|p1a: Banette|243/270|[from] item: Life Orb\n|\n|upkeep\n|\n|t:|1733847717\n|switch|p2a: Spiritomb|Spiritomb, L89, F|220/234 brn\n|turn|16\n|inactive|njgghhhij has 120 seconds left.\n|\n|t:|1733847729\n|move|p1a: Banette|Poltergeist|p2a: Spiritomb\n|-activate|p2a: Spiritomb|move: Poltergeist|Leftovers\n|-damage|p2a: Spiritomb|47/234 brn\n|-damage|p1a: Banette|216/270|[from] item: Life Orb\n|move|p2a: Spiritomb|Poltergeist|p1a: Banette\n|-activate|p1a: Banette|move: Poltergeist|Life Orb\n|-supereffective|p1a: Banette\n|-damage|p1a: Banette|86/270\n|\n|-heal|p2a: Spiritomb|61/234 brn|[from] item: Leftovers\n|-damage|p2a: Spiritomb|47/234 brn|[from] brn\n|upkeep\n|turn|17\n|inactive|njgghhhij has 120 seconds left.\n|\n|t:|1733847747\n|move|p1a: Banette|Shadow Sneak|p2a: Spiritomb\n|-damage|p2a: Spiritomb|0 fnt\n|faint|p2a: Spiritomb\n|-damage|p1a: Banette|59/270|[from] item: Life Orb\n|\n|upkeep\n|\n|t:|1733847750\n|switch|p2a: Veluza|Veluza, L85, M|184/292\n|turn|18\n|inactive|njgghhhij has 120 seconds left.\n|\n|t:|1733847756\n|move|p1a: Banette|Shadow Sneak|p2a: Veluza\n|-supereffective|p2a: Veluza\n|-damage|p2a: Veluza|0 fnt\n|faint|p2a: Veluza\n|-damage|p1a: Banette|32/270|[from] item: Life Orb\n|\n|win|njgghhhij\n", "inputlog": ">version bfd83cad13791eb5a5a409923076391caf6fb4d4\n>start {\"formatid\":\"gen9randombattle\",\"seed\":[18084,17797,27283,25216],\"rated\":\"Rated battle\"}\n>player p1 {\"name\":\"njgghhhij\",\"avatar\":\"101\",\"rating\":1129,\"seed\":[49749,8419,20025,13039]}\n>player p2 {\"name\":\"dombomblavalamp\",\"avatar\":\"169\",\"rating\":1098,\"seed\":[52723,34395,9297,41875]}\n>chat \u2606dombomblavalamp|drastically drastically drastically drastically drastically drastically drastically drastically drastically drastically drastically drastically drastically drastically drastically drastically drastically drastically\n>chat \u2606dombomblavalamp|und den menschen ein wohl gef\u00e4llen\n>chat \u2606dombomblavalamp|ehre seit gott\n>p1 move shiftgear\n>p2 move earthquake\n>chat \u2606dombomblavalamp|in der h\u00f6he\n>p1 move fleurcannon terastallize\n>p2 move earthquake\n>p2 switch 3\n>p1 move terablast\n>p2 move aquacutter\n>p1 switch 2\n>p1 move willowisp\n>p2 switch 5\n>p1 switch 4\n>p2 move toxic\n>p1 move knockoff\n>p2 switch 2\n>p2 switch 6\n>p1 move swordsdance\n>p2 move hurricane\n>p1 switch 3\n>p1 move thunderwave\n>p2 move nastyplot\n>p1 move gunkshot\n>p2 move nastyplot\n>p1 switch 4\n>p2 move hurricane terastallize\n>p1 switch 5\n>p1 move dragondance\n>p2 move hurricane\n>p1 move earthquake\n>p2 move hurricane\n>chat \u2606dombomblavalamp|fuck off\n>p1 move earthquake\n>p2 move hurricane\n>p2 switch 4\n>p1 move outrage\n>p2 move tripleaxel\n>p1 switch 4\n>p1 move shadowsneak\n>p2 move tripleaxel\n>p2 switch 2\n>p1 move poltergeist\n>p2 move poltergeist\n>p1 move shadowsneak\n>p2 move shadowsneak\n>p2 switch 5\n>p1 move shadowsneak\n>p2 move nightslash", "uploadtime": 1733847667, "views": 1, "formatid": "gen9randombattle", "rating": null, "private": 0, "password": null}