{"id": "gen9randombattle-2259955871", "format": "[Gen 9] Random Battle", "players": ["Borderlad33", "BombDisposalGuy"], "log": "|j|\u2606Borderlad33\n|j|\u2606BombDisposalGuy\n|t:|1733784020\n|gametype|singles\n|player|p1|Borderlad33|lance|\n|player|p2|BombDisposalGuy|zinzolin|\n|teamsize|p1|6\n|teamsize|p2|6\n|gen|9\n|tier|[Gen 9] Random Battle\n|rule|Species Clause: Limit one of each Pok\u00e9mon\n|rule|HP Percentage Mod: HP is shown in percentages\n|rule|Sleep Clause Mod: Limit one foe put to sleep\n|rule|Illusion Level Mod: Illusion disguises the Pok\u00e9mon's true level\n|\n|t:|1733784020\n|start\n|switch|p1a: Floatzel|Floatzel, L85, F|283/283\n|switch|p2a: Overqwil|Overqwil, L82, F|274/274\n|-ability|p2a: Overqwil|Intimidate|boost\n|-unboost|p1a: Floatzel|atk|1\n|turn|1\n|inactive|Battle timer is ON: inactive players will automatically lose when time's up. (requested by Borderlad33)\n|\n|t:|1733784034\n|switch|p2a: Lapras|Lapras, L87, M|367/367\n|move|p1a: Floatzel|Bulk Up|p1a: Floatzel\n|-boost|p1a: Floatzel|atk|1\n|-boost|p1a: Floatzel|def|1\n|\n|upkeep\n|turn|2\n|\n|t:|1733784043\n|move|p1a: Floatzel|Bulk Up|p1a: Floatzel\n|-boost|p1a: Floatzel|atk|1\n|-boost|p1a: Floatzel|def|1\n|move|p2a: Lapras|Freeze-Dry|p1a: Floatzel\n|-supereffective|p1a: Floatzel\n|-damage|p1a: Floatzel|0 fnt\n|faint|p1a: Floatzel\n|\n|upkeep\n|c|\u2606Borderlad33|FOK\n|\n|t:|1733784060\n|switch|p1a: Toxtricity|Toxtricity, L82, F|257/257\n|turn|3\n|\n|t:|1733784070\n|switch|p2a: Vileplume|Vileplume, L85, M|266/266\n|move|p1a: Toxtricity|Overdrive|p2a: Vileplume\n|-resisted|p2a: Vileplume\n|-damage|p2a: Vileplume|209/266\n|-enditem|p1a: Toxtricity|Throat Spray\n|-boost|p1a: Toxtricity|spa|1|[from] item: Throat Spray\n|\n|-heal|p2a: Vileplume|225/266|[from] item: Leftovers\n|upkeep\n|turn|4\n|\n|t:|1733784083\n|move|p1a: Toxtricity|Shift Gear|p1a: Toxtricity\n|-boost|p1a: Toxtricity|spe|2\n|-boost|p1a: Toxtricity|atk|1\n|move|p2a: Vileplume|Leech Seed|p1a: Toxtricity\n|-start|p1a: Toxtricity|move: Leech Seed\n|\n|-heal|p2a: Vileplume|241/266|[from] item: Leftovers\n|-damage|p1a: Toxtricity|225/257|[from] Leech Seed|[of] p2a: Vileplume\n|-heal|p2a: Vileplume|266/266|[silent]\n|upkeep\n|turn|5\n|\n|t:|1733784100\n|move|p1a: Toxtricity|Boomburst|p2a: Vileplume\n|-damage|p2a: Vileplume|82/266\n|move|p2a: Vileplume|Strength Sap|p1a: Toxtricity\n|-unboost|p1a: Toxtricity|atk|1\n|-heal|p2a: Vileplume|266/266\n|\n|-damage|p1a: Toxtricity|193/257|[from] Leech Seed|[of] p2a: Vileplume\n|upkeep\n|turn|6\n|inactive|BombDisposalGuy has 270 seconds left.\n|\n|t:|1733784150\n|move|p1a: Toxtricity|Shift Gear|p1a: Toxtricity\n|-boost|p1a: Toxtricity|spe|2\n|-boost|p1a: Toxtricity|atk|1\n|move|p2a: Vileplume|Strength Sap|p1a: Toxtricity\n|-unboost|p1a: Toxtricity|atk|1\n|\n|-damage|p1a: Toxtricity|161/257|[from] Leech Seed|[of] p2a: Vileplume\n|upkeep\n|turn|7\n|\n|t:|1733784162\n|move|p1a: Toxtricity|Boomburst|p2a: Vileplume\n|-damage|p2a: Vileplume|73/266\n|move|p2a: Vileplume|Sludge Bomb|p1a: Toxtricity\n|-resisted|p1a: Toxtricity\n|-damage|p1a: Toxtricity|99/257\n|\n|-heal|p2a: Vileplume|89/266|[from] item: Leftovers\n|-damage|p1a: Toxtricity|67/257|[from] Leech Seed|[of] p2a: Vileplume\n|-heal|p2a: Vileplume|121/266|[silent]\n|upkeep\n|turn|8\n|\n|t:|1733784181\n|move|p1a: Toxtricity|Boomburst|p2a: Vileplume\n|-damage|p2a: Vileplume|0 fnt\n|faint|p2a: Vileplume\n|\n|upkeep\n|c|\u2606Borderlad33|fuuuuuuuuuuuuu\n|\n|t:|1733784188\n|switch|p2a: Mienshao|Mienshao, L83, F|244/244\n|turn|9\n|\n|t:|1733784200\n|switch|p1a: Avalugg|Avalugg, L88, F|310/310\n|move|p2a: Mienshao|Fake Out|p1a: Avalugg\n|-damage|p1a: Avalugg|290/310\n|\n|upkeep\n|turn|10\n|\n|t:|1733784223\n|move|p2a: Mienshao|U-turn|p1a: Avalugg\n|-damage|p1a: Avalugg|258/310\n|inactive|BombDisposalGuy has 240 seconds left.\n|\n|t:|1733784265\n|switch|p2a: Persian|Persian-Alola, L86, F|252/252|[from] U-turn\n|move|p1a: Avalugg|Body Press|p2a: Persian\n|-supereffective|p2a: Persian\n|-damage|p2a: Persian|108/252\n|\n|upkeep\n|turn|11\n|inactive|Borderlad33 has 270 seconds left.\n|\n|t:|1733784296\n|move|p2a: Persian|Dark Pulse|p1a: Avalugg\n|-damage|p1a: Avalugg|125/310\n|-damage|p2a: Persian|83/252|[from] item: Life Orb\n|move|p1a: Avalugg|Rapid Spin|p2a: Persian\n|-damage|p2a: Persian|53/252\n|-boost|p1a: Avalugg|spe|1\n|\n|upkeep\n|turn|12\n|inactive|Borderlad33 has 270 seconds left.\n|\n|t:|1733784306\n|switch|p1a: Clawitzer|Clawitzer, L87, F|265/265\n|move|p2a: Persian|Dark Pulse|p1a: Clawitzer\n|-damage|p1a: Clawitzer|175/265\n|-damage|p2a: Persian|28/252|[from] item: Life Orb\n|\n|upkeep\n|turn|13\n|inactive|Borderlad33 has 270 seconds left.\n|inactive|BombDisposalGuy has 210 seconds left.\n|\n|t:|1733784332\n|move|p2a: Persian|Thunderbolt|p1a: Clawitzer\n|-supereffective|p1a: Clawitzer\n|-damage|p1a: Clawitzer|37/265\n|-damage|p2a: Persian|3/252|[from] item: Life Orb\n|move|p1a: Clawitzer|U-turn|p2a: Persian\n|-supereffective|p2a: Persian\n|-damage|p2a: Persian|0 fnt\n|faint|p2a: Persian\n|\n|t:|1733784342\n|switch|p1a: Gengar|Gengar, L81, M|230/230|[from] U-turn\n|\n|upkeep\n|inactive|BombDisposalGuy has 210 seconds left.\n|\n|t:|1733784355\n|switch|p2a: Mienshao|Mienshao, L83, F|244/244\n|turn|14\n|inactive|BombDisposalGuy has 210 seconds left.\n|inactive|Borderlad33 has 270 seconds left.\n|\n|t:|1733784366\n|-terastallize|p1a: Gengar|Fighting\n|move|p1a: Gengar|Nasty Plot|p1a: Gengar\n|-boost|p1a: Gengar|spa|2\n|move|p2a: Mienshao|Knock Off|p1a: Gengar\n|-resisted|p1a: Gengar\n|-damage|p1a: Gengar|177/230\n|-enditem|p1a: Gengar|Life Orb|[from] move: Knock Off|[of] p2a: Mienshao\n|\n|upkeep\n|turn|15\n|inactive|Borderlad33 has 270 seconds left.\n|inactive|BombDisposalGuy has 210 seconds left.\n|\n|t:|1733784396\n|move|p1a: Gengar|Sludge Wave|p2a: Mienshao\n|-damage|p2a: Mienshao|42/244\n|move|p2a: Mienshao|Close Combat|p1a: Gengar\n|-damage|p1a: Gengar|0 fnt\n|-unboost|p2a: Mienshao|def|1\n|-unboost|p2a: Mienshao|spd|1\n|-start|p2a: Mienshao|Disable|Close Combat|[from] ability: Cursed Body|[of] p1a: Gengar\n|faint|p1a: Gengar\n|\n|upkeep\n|\n|t:|1733784406\n|switch|p1a: Avalugg|Avalugg, L88, F|125/310\n|turn|16\n|inactive|Borderlad33 has 270 seconds left.\n|\n|t:|1733784422\n|move|p2a: Mienshao|U-turn|p1a: Avalugg\n|-damage|p1a: Avalugg|91/310\n|\n|t:|1733784425\n|switch|p2a: Overqwil|Overqwil, L82, F|274/274|[from] U-turn\n|-ability|p2a: Overqwil|Intimidate|boost\n|-unboost|p1a: Avalugg|atk|1\n|move|p1a: Avalugg|Body Press|p2a: Overqwil\n|-damage|p2a: Overqwil|175/274\n|\n|upkeep\n|turn|17\n|c|\u2606BombDisposalGuy|brb sorry\n|c|\u2606Borderlad33|hater\n|inactive|BombDisposalGuy has 180 seconds left.\n|inactive|BombDisposalGuy has 150 seconds left.\n|inactive|BombDisposalGuy has 120 seconds left.\n|inactive|BombDisposalGuy has 90 seconds left.\n|inactive|BombDisposalGuy has 60 seconds left.\n|inactive|BombDisposalGuy has 30 seconds left.\n|inactive|BombDisposalGuy has 20 seconds left.\n|inactive|BombDisposalGuy has 15 seconds left.\n|inactive|BombDisposalGuy has 10 seconds left.\n|\n|t:|1733784623\n|move|p2a: Overqwil|Swords Dance|p2a: Overqwil\n|-boost|p2a: Overqwil|atk|2\n|move|p1a: Avalugg|Recover|p1a: Avalugg\n|-heal|p1a: Avalugg|246/310\n|\n|upkeep\n|turn|18\n|inactive|BombDisposalGuy has 20 seconds left this turn.\n|inactive|BombDisposalGuy has 15 seconds left.\n|inactive|BombDisposalGuy has 10 seconds left.\n|c|\u2606Borderlad33|gg ez\n|inactive|Borderlad33 has 270 seconds left.\n|inactive|BombDisposalGuy has 5 seconds left.\n|c|\u2606Borderlad33|NOOOOOOOOOOOO\n|\n|t:|1733784644\n|move|p2a: Overqwil|Scale Shot|p1a: Avalugg\n|-damage|p1a: Avalugg|225/310\n|-damage|p1a: Avalugg|203/310\n|-damage|p1a: Avalugg|181/310\n|-damage|p1a: Avalugg|161/310\n|-damage|p1a: Avalugg|139/310\n|-hitcount|p1a: Avalugg|5\n|-unboost|p2a: Overqwil|def|1\n|-boost|p2a: Overqwil|spe|1\n|move|p1a: Avalugg|Body Press|p2a: Overqwil\n|-damage|p2a: Overqwil|18/274\n|\n|upkeep\n|turn|19\n|inactive|BombDisposalGuy has 15 seconds left this turn.\n|inactive|Borderlad33 has 270 seconds left.\n|inactive|BombDisposalGuy has 10 seconds left.\n|inactive|BombDisposalGuy has 5 seconds left.\n|\n|t:|1733784660\n|move|p2a: Overqwil|Crunch|p1a: Avalugg\n|-damage|p1a: Avalugg|40/310\n|move|p1a: Avalugg|Recover|p1a: Avalugg\n|-heal|p1a: Avalugg|195/310\n|\n|upkeep\n|turn|20\n|inactive|BombDisposalGuy has 15 seconds left this turn.\n|inactive|BombDisposalGuy has 10 seconds left.\n|\n|t:|1733784666\n|move|p2a: Overqwil|Crunch|p1a: Avalugg\n|-damage|p1a: Avalugg|90/310\n|move|p1a: Avalugg|Body Press|p2a: Overqwil\n|-damage|p2a: Overqwil|0 fnt\n|faint|p2a: Overqwil\n|\n|upkeep\n|inactive|BombDisposalGuy has 15 seconds left this turn.\n|inactive|BombDisposalGuy has 10 seconds left.\n|\n|t:|1733784672\n|switch|p2a: Lapras|Lapras, L87, M|367/367\n|turn|21\n|inactive|BombDisposalGuy has 20 seconds left this turn.\n|inactive|BombDisposalGuy has 15 seconds left.\n|inactiveoff|Battle timer is now OFF.\n|\n|t:|1733784684\n|move|p2a: Lapras|Sparkling Aria|p1a: Avalugg\n|-damage|p1a: Avalugg|0 fnt\n|faint|p1a: Avalugg\n|\n|upkeep\n|\n|t:|1733784689\n|switch|p1a: Zekrom|Zekrom, L71|259/259\n|-ability|p1a: Zekrom|Teravolt\n|turn|22\n|\n|t:|1733784696\n|switch|p2a: Iron Thorns|Iron Thorns, L83|302/302\n|-enditem|p2a: Iron Thorns|Booster Energy\n|-activate|p2a: Iron Thorns|ability: Quark Drive|[fromitem]\n|-start|p2a: Iron Thorns|quarkdriveatk\n|move|p1a: Zekrom|Bolt Strike|p2a: Iron Thorns|[miss]\n|-miss|p1a: Zekrom|p2a: Iron Thorns\n|\n|upkeep\n|turn|23\n|\n|t:|1733784707\n|-terastallize|p2a: Iron Thorns|Grass\n|move|p1a: Zekrom|Substitute|p1a: Zekrom\n|-start|p1a: Zekrom|Substitute\n|-damage|p1a: Zekrom|195/259\n|move|p2a: Iron Thorns|Dragon Dance|p2a: Iron Thorns\n|-boost|p2a: Iron Thorns|atk|1\n|-boost|p2a: Iron Thorns|spe|1\n|\n|-heal|p1a: Zekrom|211/259|[from] item: Leftovers\n|upkeep\n|turn|24\n|\n|t:|1733784719\n|move|p2a: Iron Thorns|Ice Punch|p1a: Zekrom\n|-supereffective|p1a: Zekrom\n|-end|p1a: Zekrom|Substitute\n|move|p1a: Zekrom|Outrage|p2a: Iron Thorns\n|-damage|p2a: Iron Thorns|187/302\n|\n|-heal|p1a: Zekrom|227/259|[from] item: Leftovers\n|upkeep\n|turn|25\n|inactive|Battle timer is ON: inactive players will automatically lose when time's up. (requested by Borderlad33)\n|inactive|BombDisposalGuy has 20 seconds left this turn.\n|c|\u2606BombDisposalGuy|smh hold on lmfao\n|inactive|BombDisposalGuy has 15 seconds left.\n|c|\u2606BombDisposalGuy|don't be a bitch\n|\n|t:|1733784746\n|move|p2a: Iron Thorns|Ice Punch|p1a: Zekrom\n|-supereffective|p1a: Zekrom\n|-damage|p1a: Zekrom|0 fnt\n|faint|p1a: Zekrom\n|\n|upkeep\n|inactive|BombDisposalGuy has 20 seconds left this turn.\n|\n|t:|1733784757\n|switch|p1a: Toxtricity|Toxtricity, L82, F|67/257\n|turn|26\n|inactive|BombDisposalGuy has 30 seconds left this turn.\n|inactive|BombDisposalGuy has 20 seconds left.\n|inactive|BombDisposalGuy has 15 seconds left.\n|inactive|BombDisposalGuy has 10 seconds left.\n|inactive|BombDisposalGuy has 5 seconds left.\n|\n|t:|1733784785\n|move|p2a: Iron Thorns|Ice Punch|p1a: Toxtricity\n|-damage|p1a: Toxtricity|0 fnt\n|faint|p1a: Toxtricity\n|\n|upkeep\n|inactive|BombDisposalGuy has 10 seconds left this turn.\n|inactive|Borderlad33 has 270 seconds left.\n|\n|t:|1733784822\n|switch|p1a: Clawitzer|Clawitzer, L87, F|37/265\n|turn|27\n|inactive|BombDisposalGuy has 20 seconds left this turn.\n|\n|t:|1733784828\n|move|p2a: Iron Thorns|Ice Punch|p1a: Clawitzer\n|-resisted|p1a: Clawitzer\n|-crit|p1a: Clawitzer\n|-damage|p1a: Clawitzer|0 fnt\n|faint|p1a: Clawitzer\n|\n|win|BombDisposalGuy\n|inactive|BombDisposalGuy has 25 seconds left this turn.\n|c|\u2606Borderlad33|gg\n|l|\u2606Borderlad33\n|player|p1|\n|l|\u2606BombDisposalGuy\n|player|p2|\n|j|\u2606BombDisposalGuy\n|player|p2|BombDisposalGuy|zinzolin|\n", "inputlog": ">version bfd83cad13791eb5a5a409923076391caf6fb4d4\n>start {\"formatid\":\"gen9randombattle\",\"seed\":[21273,17100,39663,31679]}\n>player p1 {\"name\":\"Borderlad33\",\"avatar\":\"lance\",\"rating\":0,\"seed\":[121,22649,8142,18491]}\n>player p2 {\"name\":\"BombDisposalGuy\",\"avatar\":\"zinzolin\",\"rating\":0,\"seed\":[50258,64107,34341,40830]}\n>p1 move bulkup\n>p2 switch 4\n>p1 move bulkup\n>p2 move freezedry\n>chat \u2606Borderlad33|FOK\n>p1 switch 5\n>p1 move overdrive\n>p2 switch 6\n>p1 move shiftgear\n>p2 move leechseed\n>p1 move boomburst\n>p2 move strengthsap\n>p1 move shiftgear\n>p2 move strengthsap\n>p1 move boomburst\n>p2 move sludgebomb\n>p1 move boomburst\n>p2 move strengthsap\n>chat \u2606Borderlad33|fuuuuuuuuuuuuu\n>p2 switch 3\n>p1 switch 4\n>p2 move fakeout\n>p1 move bodypress\n>p2 move uturn\n>p2 switch 2\n>p1 move rapidspin\n>p2 move darkpulse\n>p1 switch 6\n>p2 move darkpulse\n>p1 move uturn\n>p2 move thunderbolt\n>p1 switch 2\n>p2 switch 2\n>p1 move nastyplot terastallize\n>p2 move knockoff\n>p1 move sludgewave\n>p2 move closecombat\n>p1 switch 6\n>p1 move bodypress\n>p2 move uturn\n>p2 switch 4\n>chat \u2606BombDisposalGuy|brb sorry\n>chat \u2606Borderlad33|hater\n>p1 move recover\n>p2 move swordsdance\n>chat \u2606Borderlad33|gg ez\n>chat \u2606Borderlad33|NOOOOOOOOOOOO\n>p1 move bodypress\n>p2 move scaleshot\n>p1 move recover\n>p2 move crunch\n>p1 move bodypress\n>p2 move crunch\n>p2 switch 6\n>p1 move recover\n>p2 move sparklingaria\n>p1 switch 3\n>p1 move boltstrike\n>p2 switch 5\n>p1 move substitute\n>p2 move dragondance terastallize\n>p1 move outrage\n>p2 move icepunch\n>chat \u2606BombDisposalGuy|smh hold on lmfao\n>chat \u2606BombDisposalGuy|don't be a bitch\n>p1 move outrage\n>p2 move icepunch\n>p1 switch 4\n>p1 move boomburst\n>p2 move icepunch\n>p1 switch 2\n>p1 move aurasphere\n>p2 move icepunch", "uploadtime": 1733784840, "views": 3, "formatid": "gen9randombattle", "rating": null, "private": 0, "password": null}