{"id": "gen9randombattle-2256339824", "format": "[Gen 9] Random Battle", "players": ["Qiuescent", "Bioniclettuce"], "log": "|j|\u203dQiuescent\n|j|\u2606Bioniclettuce\n|t:|1733285699\n|gametype|singles\n|player|p1|Qiuescent|102|2258\n|player|p2|Bioniclettuce|alder|2258\n|teamsize|p1|6\n|teamsize|p2|6\n|gen|9\n|tier|[Gen 9] Random Battle\n|rated|\n|rule|Species Clause: Limit one of each Pok\u00e9mon\n|rule|HP Percentage Mod: HP is shown in percentages\n|rule|Sleep Clause Mod: Limit one foe put to sleep\n|rule|Illusion Level Mod: Illusion disguises the Pok\u00e9mon's true level\n|\n|t:|1733285699\n|start\n|switch|p1a: Basculegion|Basculegion-F, L83, F|335/335\n|switch|p2a: Medicham|Medicham, L86, F|243/243\n|turn|1\n|inactive|Battle timer is ON: inactive players will automatically lose when time's up. (requested by Qiuescent)\n|\n|t:|1733285728\n|switch|p2a: Orthworm|Orthworm, L88, M|266/266\n|move|p1a: Basculegion|Shadow Ball|p2a: Orthworm\n|-damage|p2a: Orthworm|124/266\n|-unboost|p2a: Orthworm|spd|1\n|\n|upkeep\n|turn|2\n|\n|t:|1733285732\n|switch|p2a: Vigoroth|Vigoroth, L85, F|275/275\n|move|p1a: Basculegion|Shadow Ball|p2a: Vigoroth\n|-immune|p2a: Vigoroth\n|\n|upkeep\n|turn|3\n|\n|t:|1733285743\n|move|p2a: Vigoroth|Knock Off|p1a: Basculegion\n|-supereffective|p1a: Basculegion\n|-damage|p1a: Basculegion|171/335\n|-enditem|p1a: Basculegion|Assault Vest|[from] move: Knock Off|[of] p2a: Vigoroth\n|move|p1a: Basculegion|Flip Turn|p2a: Vigoroth\n|-damage|p2a: Vigoroth|213/275\n|\n|t:|1733285751\n|switch|p1a: Thundurus|Thundurus, L80, M|258/258|[from] Flip Turn\n|\n|upkeep\n|turn|4\n|\n|t:|1733285762\n|move|p1a: Thundurus|Nasty Plot|p1a: Thundurus\n|-boost|p1a: Thundurus|spa|2\n|move|p2a: Vigoroth|Knock Off|p1a: Thundurus\n|-damage|p1a: Thundurus|179/258\n|-enditem|p1a: Thundurus|Heavy-Duty Boots|[from] move: Knock Off|[of] p2a: Vigoroth\n|\n|upkeep\n|turn|5\n|\n|t:|1733285767\n|move|p1a: Thundurus|Thunderbolt|p2a: Vigoroth\n|-damage|p2a: Vigoroth|3/275\n|move|p2a: Vigoroth|Body Slam|p1a: Thundurus\n|-damage|p1a: Thundurus|82/258\n|\n|upkeep\n|turn|6\n|\n|t:|1733285771\n|move|p1a: Thundurus|Tera Blast|p2a: Vigoroth\n|-damage|p2a: Vigoroth|0 fnt\n|faint|p2a: Vigoroth\n|\n|upkeep\n|\n|t:|1733285783\n|switch|p2a: Beartic|Beartic, L91, F|321/321\n|turn|7\n|\n|t:|1733285785\n|move|p2a: Beartic|Aqua Jet|p1a: Thundurus\n|-damage|p1a: Thundurus|9/258\n|move|p1a: Thundurus|Focus Blast|p2a: Beartic|[miss]\n|-miss|p1a: Thundurus|p2a: Beartic\n|\n|upkeep\n|turn|8\n|\n|t:|1733285789\n|switch|p1a: Basculegion|Basculegion-F, L83, F|171/335\n|move|p2a: Beartic|Aqua Jet|p1a: Basculegion\n|-resisted|p1a: Basculegion\n|-damage|p1a: Basculegion|134/335\n|\n|upkeep\n|turn|9\n|\n|t:|1733285793\n|switch|p2a: Orthworm|Orthworm, L88, M|124/266\n|move|p1a: Basculegion|Flip Turn|p2a: Orthworm\n|-damage|p2a: Orthworm|76/266\n|\n|t:|1733285796\n|switch|p1a: Thundurus|Thundurus, L80, M|9/258|[from] Flip Turn\n|\n|upkeep\n|turn|10\n|\n|t:|1733285812\n|move|p1a: Thundurus|Thunderbolt|p2a: Orthworm\n|-damage|p2a: Orthworm|0 fnt\n|faint|p2a: Orthworm\n|\n|upkeep\n|\n|t:|1733285816\n|switch|p2a: Medicham|Medicham, L86, F|243/243\n|turn|11\n|\n|t:|1733285820\n|move|p2a: Medicham|Bullet Punch|p1a: Thundurus\n|-resisted|p1a: Thundurus\n|-crit|p1a: Thundurus\n|-damage|p1a: Thundurus|0 fnt\n|faint|p1a: Thundurus\n|\n|upkeep\n|\n|t:|1733285830\n|switch|p1a: Brambleghast|Brambleghast, L88, F|240/240\n|turn|12\n|\n|t:|1733285833\n|switch|p2a: Illumise|Illumise, L91, F|266/266\n|move|p1a: Brambleghast|Substitute|p1a: Brambleghast\n|-start|p1a: Brambleghast|Substitute\n|-damage|p1a: Brambleghast|180/240\n|\n|-heal|p1a: Brambleghast|195/240|[from] item: Leftovers\n|upkeep\n|turn|13\n|\n|t:|1733285836\n|switch|p1a: Darkrai|Darkrai, L77|234/234\n|move|p2a: Illumise|Encore|p1a: Darkrai\n|-hint|Since gen 7, Dark is immune to Prankster moves.\n|-immune|p1a: Darkrai\n|\n|upkeep\n|turn|14\n|\n|t:|1733285842\n|move|p1a: Darkrai|Dark Pulse|p2a: Illumise\n|-damage|p2a: Illumise|161/266\n|-damage|p1a: Darkrai|211/234|[from] item: Life Orb\n|move|p2a: Illumise|Bug Buzz|p1a: Darkrai\n|-supereffective|p1a: Darkrai\n|-crit|p1a: Darkrai\n|-damage|p1a: Darkrai|0 fnt\n|faint|p1a: Darkrai\n|\n|upkeep\n|\n|t:|1733285846\n|switch|p1a: Samurott|Samurott, L88, F|310/310\n|turn|15\n|\n|t:|1733285866\n|switch|p2a: Beartic|Beartic, L91, F|321/321\n|move|p1a: Samurott|Hydro Pump|p2a: Beartic\n|-damage|p2a: Beartic|182/321\n|\n|upkeep\n|turn|16\n|\n|t:|1733285870\n|switch|p1a: Basculegion|Basculegion-F, L83, F|134/335\n|move|p2a: Beartic|Close Combat|p1a: Basculegion\n|-immune|p1a: Basculegion\n|\n|upkeep\n|turn|17\n|\n|t:|1733285874\n|switch|p2a: Illumise|Illumise, L91, F|161/266\n|move|p1a: Basculegion|Shadow Ball|p2a: Illumise\n|-damage|p2a: Illumise|59/266\n|\n|upkeep\n|turn|18\n|\n|t:|1733285877\n|move|p2a: Illumise|Roost|p2a: Illumise\n|-heal|p2a: Illumise|192/266\n|-singleturn|p2a: Illumise|move: Roost\n|move|p1a: Basculegion|Shadow Ball|p2a: Illumise\n|-damage|p2a: Illumise|78/266\n|\n|upkeep\n|turn|19\n|\n|t:|1733285882\n|move|p2a: Illumise|Thunder Wave|p1a: Basculegion\n|-status|p1a: Basculegion|par\n|move|p1a: Basculegion|Shadow Ball|p2a: Illumise\n|-damage|p2a: Illumise|0 fnt\n|faint|p2a: Illumise\n|\n|upkeep\n|\n|t:|1733285890\n|switch|p2a: Medicham|Medicham, L86, F|243/243\n|turn|20\n|\n|t:|1733285892\n|move|p2a: Medicham|Zen Headbutt|p1a: Basculegion\n|-damage|p1a: Basculegion|0 fnt\n|faint|p1a: Basculegion\n|\n|upkeep\n|\n|t:|1733285894\n|switch|p1a: Mesprit|Mesprit, L85|275/275\n|turn|21\n|\n|t:|1733285896\n|switch|p2a: Beartic|Beartic, L91, F|182/321\n|move|p1a: Mesprit|Psychic Noise|p2a: Beartic\n|-damage|p2a: Beartic|92/321\n|-start|p2a: Beartic|move: Heal Block\n|\n|upkeep\n|turn|22\n|\n|t:|1733285901\n|switch|p1a: Samurott|Samurott, L88, F|310/310\n|move|p2a: Beartic|Icicle Crash|p1a: Samurott\n|-resisted|p1a: Samurott\n|-damage|p1a: Samurott|214/310\n|\n|-end|p2a: Beartic|move: Heal Block\n|upkeep\n|turn|23\n|\n|t:|1733285904\n|move|p1a: Samurott|Hydro Pump|p2a: Beartic\n|-damage|p2a: Beartic|0 fnt\n|faint|p2a: Beartic\n|\n|upkeep\n|\n|t:|1733285909\n|switch|p2a: Minior|Minior-Green, L79|224/224\n|-formechange|p2a: Minior|Minior-Meteor||[from] ability: Shields Down\n|turn|24\n|\n|t:|1733285912\n|-terastallize|p2a: Minior|Water\n|move|p1a: Samurott|Hydro Pump|p2a: Minior\n|-resisted|p2a: Minior\n|-crit|p2a: Minior\n|-damage|p2a: Minior|116/224\n|move|p2a: Minior|Shell Smash|p2a: Minior\n|-unboost|p2a: Minior|def|1\n|-unboost|p2a: Minior|spd|1\n|-boost|p2a: Minior|atk|2\n|-boost|p2a: Minior|spa|2\n|-boost|p2a: Minior|spe|2\n|-enditem|p2a: Minior|White Herb\n|-clearnegativeboost|p2a: Minior|[silent]\n|\n|upkeep\n|turn|25\n|\n|t:|1733285919\n|move|p2a: Minior|Acrobatics|p1a: Samurott\n|-damage|p1a: Samurott|84/310\n|move|p1a: Samurott|Grass Knot|p2a: Minior\n|-supereffective|p2a: Minior\n|-damage|p2a: Minior|16/224\n|\n|-formechange|p2a: Minior|Minior-Green||[from] ability: Shields Down\n|upkeep\n|turn|26\n|\n|t:|1733285922\n|move|p2a: Minior|Acrobatics|p1a: Samurott\n|-damage|p1a: Samurott|0 fnt\n|faint|p1a: Samurott\n|\n|upkeep\n|\n|t:|1733285924\n|switch|p1a: Mesprit|Mesprit, L85|275/275\n|turn|27\n|\n|t:|1733285928\n|move|p2a: Minior|Acrobatics|p1a: Mesprit\n|-damage|p1a: Mesprit|104/275\n|move|p1a: Mesprit|Psychic Noise|p2a: Minior\n|-damage|p2a: Minior|0 fnt\n|faint|p2a: Minior\n|\n|upkeep\n|\n|t:|1733285930\n|switch|p2a: Medicham|Medicham, L86, F|243/243\n|turn|28\n|\n|t:|1733285941\n|move|p2a: Medicham|Zen Headbutt|p1a: Mesprit|[miss]\n|-miss|p2a: Medicham|p1a: Mesprit\n|move|p1a: Mesprit|Psychic Noise|p2a: Medicham\n|-damage|p2a: Medicham|138/243\n|-start|p2a: Medicham|move: Heal Block\n|\n|upkeep\n|turn|29\n|\n|t:|1733285953\n|move|p2a: Medicham|Zen Headbutt|p1a: Mesprit\n|-resisted|p1a: Mesprit\n|-damage|p1a: Mesprit|23/275\n|move|p1a: Mesprit|Psychic Noise|p2a: Medicham\n|-damage|p2a: Medicham|41/243\n|\n|-end|p2a: Medicham|move: Heal Block\n|upkeep\n|turn|30\n|\n|t:|1733285958\n|-terastallize|p1a: Mesprit|Dark\n|move|p2a: Medicham|Zen Headbutt|p1a: Mesprit\n|-immune|p1a: Mesprit\n|move|p1a: Mesprit|Psychic Noise|p2a: Medicham\n|-damage|p2a: Medicham|0 fnt\n|faint|p2a: Medicham\n|\n|win|Qiuescent\n|raw|Qiuescent's rating: 2258 &rarr; <strong>2278</strong><br />(+20 for winning)\n|raw|Bioniclettuce's rating: 2258 &rarr; <strong>2238</strong><br />(-20 for losing)\n|l|\u2606Bioniclettuce\n|player|p2|\n", "inputlog": ">version b68fc72b24b798c94c2f551dd6da5969d147373c\n>start {\"formatid\":\"gen9randombattle\",\"seed\":[14650,53797,27235,50438],\"rated\":\"Rated battle\"}\n>player p1 {\"name\":\"Qiuescent\",\"avatar\":\"102\",\"rating\":2258,\"seed\":[57134,9544,51441,54080]}\n>player p2 {\"name\":\"Bioniclettuce\",\"avatar\":\"alder\",\"rating\":2258,\"seed\":[47479,55865,28004,25973]}\n>p1 move shadowball\n>p2 switch 2\n>p1 move shadowball\n>p2 switch 4\n>p1 move flipturn\n>p2 move knockoff\n>p1 switch 2\n>p1 move nastyplot\n>p2 move knockoff\n>p1 move thunderbolt\n>p2 move bodyslam\n>p1 move terablast\n>p2 move bodyslam\n>p2 switch 3\n>p1 move focusblast\n>p2 move aquajet\n>p1 switch 2\n>p2 move aquajet\n>p1 move flipturn\n>p2 switch 4\n>p1 switch 2\n>p1 move thunderbolt\n>p2 move bodypress\n>p2 switch 2\n>p1 move thunderbolt\n>p2 move bulletpunch\n>p1 switch 5\n>p1 move substitute\n>p2 switch 5\n>p1 switch 6\n>p2 move encore\n>p1 move darkpulse\n>p2 move bugbuzz\n>p1 switch 4\n>p1 move hydropump\n>p2 switch 4\n>p1 switch 2\n>p2 move closecombat\n>p1 move shadowball\n>p2 switch 4\n>p1 move shadowball\n>p2 move roost\n>p1 move shadowball\n>p2 move thunderwave\n>p2 switch 5\n>p1 move shadowball\n>p2 move zenheadbutt\n>p1 switch 3\n>p1 move psychicnoise\n>p2 switch 4\n>p1 switch 2\n>p2 move iciclecrash\n>p1 move hydropump\n>p2 move iciclecrash\n>p2 switch 6\n>p1 move hydropump\n>p2 move shellsmash terastallize\n>p1 move grassknot\n>p2 move acrobatics\n>p1 move grassknot\n>p2 move acrobatics\n>p1 switch 2\n>p1 move psychicnoise\n>p2 move acrobatics\n>p2 switch 4\n>p1 move psychicnoise\n>p2 move zenheadbutt\n>p1 move psychicnoise\n>p2 move zenheadbutt\n>p1 move psychicnoise terastallize\n>p2 move zenheadbutt", "uploadtime": 1733285966, "views": 29, "formatid": "gen9randombattle", "rating": 2238, "private": 0, "password": null}