{"id": "gen9randombattle-2147357527", "format": "[Gen 9] Random Battle", "players": ["vadorfwtn", "benigonza"], "log": "|j|\u2606vadorfwtn\n|j|\u2606benigonza\n|t:|1718963654\n|gametype|singles\n|player|p1|vadorfwtn|skierf|2187\n|player|p2|benigonza|2|2224\n|teamsize|p1|6\n|teamsize|p2|6\n|gen|9\n|tier|[Gen 9] Random Battle\n|rated|\n|rule|Species Clause: Limit one of each Pok\u00e9mon\n|rule|HP Percentage Mod: HP is shown in percentages\n|rule|Sleep Clause Mod: Limit one foe put to sleep\n|rule|Illusion Level Mod: Illusion disguises the Pok\u00e9mon's true level\n|\n|t:|1718963654\n|start\n|switch|p1a: Electivire|Electivire, L84, F|263/263\n|switch|p2a: Eternatus|Eternatus, L69|308/308\n|-ability|p2a: Eternatus|Pressure\n|turn|1\n|inactive|Battle timer is ON: inactive players will automatically lose when time's up. (requested by benigonza)\n|\n|t:|1718963664\n|move|p2a: Eternatus|Toxic|p1a: Electivire\n|-status|p1a: Electivire|tox\n|move|p1a: Electivire|Earthquake|p2a: Eternatus\n|-supereffective|p2a: Eternatus\n|-damage|p2a: Eternatus|56/308\n|-damage|p1a: Electivire|237/263 tox|[from] item: Life Orb\n|\n|-heal|p2a: Eternatus|75/308|[from] item: Leftovers\n|-damage|p1a: Electivire|221/263 tox|[from] psn\n|upkeep\n|turn|2\n|\n|t:|1718963681\n|switch|p2a: Ting-Lu|Ting-Lu, L78|370/370\n|-ability|p2a: Ting-Lu|Vessel of Ruin\n|move|p1a: Electivire|Volt Switch|p2a: Ting-Lu\n|-immune|p2a: Ting-Lu\n|\n|-damage|p1a: Electivire|189/263 tox|[from] psn\n|upkeep\n|turn|3\n|\n|t:|1718963691\n|switch|p1a: Amoonguss|Amoonguss, L82, M|321/321\n|move|p2a: Ting-Lu|Throat Chop|p1a: Amoonguss\n|-damage|p1a: Amoonguss|222/321\n|-start|p1a: Amoonguss|Throat Chop|[silent]\n|\n|-heal|p1a: Amoonguss|242/321|[from] item: Leftovers\n|upkeep\n|turn|4\n|\n|t:|1718963698\n|move|p2a: Ting-Lu|Earthquake|p1a: Amoonguss\n|-damage|p1a: Amoonguss|112/321\n|move|p1a: Amoonguss|Spore|p2a: Ting-Lu\n|-status|p2a: Ting-Lu|slp|[from] move: Spore\n|\n|-heal|p1a: Amoonguss|132/321|[from] item: Leftovers\n|-end|p1a: Amoonguss|Throat Chop|[silent]\n|upkeep\n|turn|5\n|\n|t:|1718963702\n|switch|p2a: Eternatus|Eternatus, L69|75/308\n|-ability|p2a: Eternatus|Pressure\n|move|p1a: Amoonguss|Giga Drain|p2a: Eternatus\n|-resisted|p2a: Eternatus\n|-damage|p2a: Eternatus|55/308\n|-heal|p1a: Amoonguss|142/321|[from] drain|[of] p2a: Eternatus\n|\n|-heal|p2a: Eternatus|74/308|[from] item: Leftovers\n|-heal|p1a: Amoonguss|162/321|[from] item: Leftovers\n|upkeep\n|turn|6\n|\n|t:|1718963716\n|switch|p1a: Electivire|Electivire, L84, F|189/263 tox\n|move|p2a: Eternatus|Recover|p2a: Eternatus\n|-heal|p2a: Eternatus|228/308\n|\n|-heal|p2a: Eternatus|247/308|[from] item: Leftovers\n|-damage|p1a: Electivire|173/263 tox|[from] psn\n|upkeep\n|turn|7\n|\n|t:|1718963726\n|switch|p2a: Ting-Lu|Ting-Lu, L78|370/370 slp\n|-ability|p2a: Ting-Lu|Vessel of Ruin\n|move|p1a: Electivire|Knock Off|p2a: Ting-Lu\n|-resisted|p2a: Ting-Lu\n|-damage|p2a: Ting-Lu|330/370 slp\n|-enditem|p2a: Ting-Lu|Assault Vest|[from] move: Knock Off|[of] p1a: Electivire\n|-damage|p1a: Electivire|147/263 tox|[from] item: Life Orb\n|\n|-damage|p1a: Electivire|115/263 tox|[from] psn\n|upkeep\n|turn|8\n|\n|t:|1718963736\n|switch|p1a: Sandslash|Sandslash-Alola, L88, M|275/275\n|cant|p2a: Ting-Lu|slp\n|\n|upkeep\n|turn|9\n|\n|t:|1718963744\n|switch|p2a: Lanturn|Lanturn, L89, F|367/367\n|move|p1a: Sandslash|Swords Dance|p1a: Sandslash\n|-boost|p1a: Sandslash|atk|2\n|\n|upkeep\n|turn|10\n|\n|t:|1718963752\n|move|p2a: Lanturn|Scald|p1a: Sandslash\n|-damage|p1a: Sandslash|178/275\n|move|p1a: Sandslash|Earthquake|p2a: Lanturn\n|-supereffective|p2a: Lanturn\n|-damage|p2a: Lanturn|0 fnt\n|faint|p2a: Lanturn\n|-damage|p1a: Sandslash|151/275|[from] item: Life Orb\n|\n|upkeep\n|\n|t:|1718963758\n|switch|p2a: Eternatus|Eternatus, L69|247/308\n|-ability|p2a: Eternatus|Pressure\n|turn|11\n|\n|t:|1718963768\n|move|p1a: Sandslash|Ice Shard|p2a: Eternatus\n|-supereffective|p2a: Eternatus\n|-damage|p2a: Eternatus|0 fnt\n|faint|p2a: Eternatus\n|-damage|p1a: Sandslash|124/275|[from] item: Life Orb\n|\n|upkeep\n|\n|t:|1718963775\n|switch|p2a: Delibird|Delibird, M|252/252\n|turn|12\n|\n|t:|1718963783\n|move|p2a: Delibird|Spikes|p1a: Sandslash\n|-sidestart|p1: vadorfwtn|Spikes\n|move|p1a: Sandslash|Triple Axel|p2a: Delibird\n|-damage|p2a: Delibird|173/252\n|-damage|p2a: Delibird|0 fnt\n|faint|p2a: Delibird\n|-hitcount|p2: Delibird|2\n|-damage|p1a: Sandslash|97/275|[from] item: Life Orb\n|\n|upkeep\n|\n|t:|1718963801\n|switch|p2a: Golem|Golem-Alola, L93, F|300/300\n|turn|13\n|l|\u2606vadorfwtn\n|inactive|vadorfwtn disconnected and has a minute to reconnect!\n|player|p1|\n|j| TiltAccount2\n|inactive|vadorfwtn has 30 seconds to reconnect!\n|j|\u2606vadorfwtn\n|inactive|vadorfwtn reconnected and has 105 seconds left.\n|player|p1|vadorfwtn|skierf|\n|\n|t:|1718963852\n|switch|p2a: Ting-Lu|Ting-Lu, L78|330/370 slp\n|-ability|p2a: Ting-Lu|Vessel of Ruin\n|move|p1a: Sandslash|Triple Axel|p2a: Ting-Lu|[miss]\n|-miss|p1a: Sandslash|p2a: Ting-Lu\n|\n|upkeep\n|turn|14\n|\n|t:|1718963863\n|move|p1a: Sandslash|Triple Axel|p2a: Ting-Lu\n|-supereffective|p2a: Ting-Lu\n|-damage|p2a: Ting-Lu|221/370 slp\n|-supereffective|p2a: Ting-Lu\n|-damage|p2a: Ting-Lu|34/370 slp\n|-supereffective|p2a: Ting-Lu\n|-damage|p2a: Ting-Lu|0 fnt\n|faint|p2a: Ting-Lu\n|-hitcount|p2: Ting-Lu|3\n|-damage|p1a: Sandslash|70/275|[from] item: Life Orb\n|\n|upkeep\n|\n|t:|1718963869\n|switch|p2a: Iron Jugulis|Iron Jugulis, L78|275/275\n|turn|15\n|\n|t:|1718963875\n|move|p1a: Sandslash|Ice Shard|p2a: Iron Jugulis\n|-supereffective|p2a: Iron Jugulis\n|-damage|p2a: Iron Jugulis|0 fnt\n|faint|p2a: Iron Jugulis\n|-end|p2a: Iron Jugulis|Quark Drive|[silent]\n|-damage|p1a: Sandslash|43/275|[from] item: Life Orb\n|\n|upkeep\n|j| Naf31\n|-message|benigonza forfeited.\n|\n|win|vadorfwtn\n|raw|vadorfwtn's rating: 2187 &rarr; <strong>2209</strong><br />(+22 for winning)\n|raw|benigonza's rating: 2224 &rarr; <strong>2202</strong><br />(-22 for losing)\n|l|\u2606benigonza\n|player|p2|\n|l|\u2606vadorfwtn\n|player|p1|\n|l| Naf31\n", "inputlog": ">version 8819e60f9a01cede7471b534a2fb53a3a85674fc\n>start {\"formatid\":\"gen9randombattle\",\"seed\":[48418,7657,52041,15348],\"rated\":\"Rated battle\"}\n>player p1 {\"name\":\"vadorfwtn\",\"avatar\":\"skierf\",\"rating\":2187,\"seed\":[18443,9324,55636,48986]}\n>player p2 {\"name\":\"benigonza\",\"avatar\":\"2\",\"rating\":2224,\"seed\":[47816,3396,12584,40077]}\n>p1 move earthquake\n>p2 move toxic\n>p1 move voltswitch\n>p2 switch 6\n>p1 switch 3\n>p2 move throatchop\n>p1 move spore\n>p2 move earthquake\n>p1 move gigadrain\n>p2 switch 6\n>p1 switch 3\n>p2 move recover\n>p1 move knockoff\n>p2 switch 6\n>p1 switch 4\n>p2 move earthquake\n>p1 move swordsdance\n>p2 switch 2\n>p1 move earthquake\n>p2 move scald\n>p2 switch 6\n>p1 move iceshard\n>p2 move flamethrower\n>p2 switch 5\n>p1 move tripleaxel\n>p2 move spikes\n>p2 switch 3\n>p1 move tripleaxel\n>p2 switch 2\n>p1 move tripleaxel\n>p2 move heavyslam\n>p2 switch 4\n>p1 move iceshard\n>p2 move darkpulse\n>forcelose p2", "uploadtime": 1718963943, "views": 176, "formatid": "gen9randombattle", "rating": 2202, "private": 0, "password": null}