{"id": "gen9randombattle-2260579665", "format": "[Gen 9] Random Battle", "players": ["Chalminee", "horohorovasey"], "log": "|j|\u2606Chalminee\n|j|\u2606horohorovasey\n|t:|1733865636\n|gametype|singles\n|player|p1|Chalminee|bellepa|1969\n|player|p2|horohorovasey|miku-flying|2019\n|teamsize|p1|6\n|teamsize|p2|6\n|gen|9\n|tier|[Gen 9] Random Battle\n|rated|\n|rule|Species Clause: Limit one of each Pok\u00e9mon\n|rule|HP Percentage Mod: HP is shown in percentages\n|rule|Sleep Clause Mod: Limit one foe put to sleep\n|rule|Illusion Level Mod: Illusion disguises the Pok\u00e9mon's true level\n|\n|t:|1733865636\n|start\n|switch|p1a: Weavile|Weavile, L79, M|240/240\n|switch|p2a: Oricorio|Oricorio-Sensu, L85, F|266/266\n|turn|1\n|\n|t:|1733865691\n|-terastallize|p2a: Oricorio|Fighting\n|move|p1a: Weavile|Knock Off|p2a: Oricorio\n|-resisted|p2a: Oricorio\n|-damage|p2a: Oricorio|200/266\n|-enditem|p2a: Oricorio|Heavy-Duty Boots|[from] move: Knock Off|[of] p1a: Weavile\n|move|p2a: Oricorio|Revelation Dance|p1a: Weavile\n|-supereffective|p1a: Weavile\n|-damage|p1a: Weavile|0 fnt\n|faint|p1a: Weavile\n|\n|upkeep\n|\n|t:|1733865705\n|switch|p1a: Mewtwo|Mewtwo, L72|272/272\n|-ability|p1a: Mewtwo|Unnerve\n|turn|2\n|\n|t:|1733865711\n|switch|p2a: Necrozma|Necrozma, L80|286/286\n|move|p1a: Mewtwo|Psystrike|p2a: Necrozma\n|-resisted|p2a: Necrozma\n|-damage|p2a: Necrozma|206/286\n|\n|-heal|p2a: Necrozma|223/286|[from] item: Leftovers\n|upkeep\n|turn|3\n|j| timmeh10011\n|\n|t:|1733865720\n|switch|p1a: Darkrai|Darkrai, L77|234/234\n|move|p2a: Necrozma|Calm Mind|p2a: Necrozma\n|-boost|p2a: Necrozma|spa|1\n|-boost|p2a: Necrozma|spd|1\n|\n|-heal|p2a: Necrozma|240/286|[from] item: Leftovers\n|upkeep\n|turn|4\n|\n|t:|1733865725\n|move|p1a: Darkrai|Dark Pulse|p2a: Necrozma\n|-supereffective|p2a: Necrozma\n|-damage|p2a: Necrozma|149/286\n|move|p2a: Necrozma|Moonlight|p2a: Necrozma\n|-heal|p2a: Necrozma|286/286\n|\n|upkeep\n|turn|5\n|\n|t:|1733865732\n|move|p1a: Darkrai|Nasty Plot|p1a: Darkrai\n|-boost|p1a: Darkrai|spa|2\n|move|p2a: Necrozma|Heat Wave|p1a: Darkrai\n|-damage|p1a: Darkrai|109/234\n|\n|-heal|p1a: Darkrai|123/234|[from] item: Leftovers\n|upkeep\n|turn|6\n|\n|t:|1733865736\n|move|p1a: Darkrai|Dark Pulse|p2a: Necrozma\n|-supereffective|p2a: Necrozma\n|-damage|p2a: Necrozma|82/286\n|move|p2a: Necrozma|Heat Wave|p1a: Darkrai|[miss]\n|-miss|p2a: Necrozma|p1a: Darkrai\n|\n|-heal|p1a: Darkrai|137/234|[from] item: Leftovers\n|-heal|p2a: Necrozma|99/286|[from] item: Leftovers\n|upkeep\n|turn|7\n|\n|t:|1733865742\n|move|p1a: Darkrai|Dark Pulse|p2a: Necrozma\n|-supereffective|p2a: Necrozma\n|-damage|p2a: Necrozma|0 fnt\n|faint|p2a: Necrozma\n|\n|-heal|p1a: Darkrai|151/234|[from] item: Leftovers\n|upkeep\n|\n|t:|1733865748\n|switch|p2a: Tatsugiri|Tatsugiri-Stretchy, L87, F|260/260\n|turn|8\n|\n|t:|1733865753\n|move|p1a: Darkrai|Dark Pulse|p2a: Tatsugiri\n|-damage|p2a: Tatsugiri|85/260\n|move|p2a: Tatsugiri|Surf|p1a: Darkrai\n|-damage|p1a: Darkrai|0 fnt\n|faint|p1a: Darkrai\n|-damage|p2a: Tatsugiri|59/260|[from] item: Life Orb\n|\n|upkeep\n|\n|t:|1733865763\n|switch|p1a: Mewtwo|Mewtwo, L72|272/272\n|-ability|p1a: Mewtwo|Unnerve\n|turn|9\n|\n|t:|1733865770\n|move|p1a: Mewtwo|Psystrike|p2a: Tatsugiri\n|-damage|p2a: Tatsugiri|0 fnt\n|faint|p2a: Tatsugiri\n|\n|upkeep\n|\n|t:|1733865773\n|switch|p2a: Excadrill|Excadrill, L79, M|303/303\n|-ability|p2a: Excadrill|Mold Breaker\n|turn|10\n|\n|t:|1733865782\n|switch|p1a: Trevenant|Trevenant, L88, M|293/293\n|move|p2a: Excadrill|Rapid Spin|p1a: Trevenant\n|-immune|p1a: Trevenant\n|\n|upkeep\n|turn|11\n|\n|t:|1733865795\n|switch|p2a: Zangoose|Zangoose, L85, M|263/263\n|move|p1a: Trevenant|Drain Punch|p2a: Zangoose\n|-supereffective|p2a: Zangoose\n|-damage|p2a: Zangoose|91/263\n|\n|-status|p2a: Zangoose|tox|[from] item: Toxic Orb\n|upkeep\n|turn|12\n|l| timmeh10011\n|\n|t:|1733865811\n|move|p2a: Zangoose|Knock Off|p1a: Trevenant\n|-supereffective|p1a: Trevenant\n|-damage|p1a: Trevenant|31/293\n|-enditem|p1a: Trevenant|Sitrus Berry|[from] move: Knock Off|[of] p2a: Zangoose\n|move|p1a: Trevenant|Drain Punch|p2a: Zangoose\n|-supereffective|p2a: Zangoose\n|-damage|p2a: Zangoose|0 fnt\n|-heal|p1a: Trevenant|77/293|[from] drain|[of] p2a: Zangoose\n|faint|p2a: Zangoose\n|\n|upkeep\n|\n|t:|1733865825\n|switch|p2a: Excadrill|Excadrill, L79, M|303/303\n|-ability|p2a: Excadrill|Mold Breaker\n|turn|13\n|\n|t:|1733865841\n|move|p2a: Excadrill|Iron Head|p1a: Trevenant\n|-damage|p1a: Trevenant|0 fnt\n|faint|p1a: Trevenant\n|\n|upkeep\n|\n|t:|1733865846\n|switch|p1a: Entei|Entei, L78|307/307\n|turn|14\n|\n|t:|1733865850\n|switch|p2a: Lugia|Lugia, L72|272/272\n|move|p1a: Entei|Sacred Fire|p2a: Lugia\n|-damage|p2a: Lugia|200/272\n|\n|upkeep\n|turn|15\n|\n|t:|1733865867\n|switch|p1a: Weezing|Weezing-Galar, L86, F|252/252\n|move|p2a: Lugia|Recover|p2a: Lugia\n|-heal|p2a: Lugia|272/272\n|\n|upkeep\n|turn|16\n|\n|t:|1733865877\n|switch|p2a: Excadrill|Excadrill, L79, M|303/303\n|-ability|p2a: Excadrill|Mold Breaker\n|move|p1a: Weezing|Gunk Shot|p2a: Excadrill\n|-immune|p2a: Excadrill\n|\n|upkeep\n|turn|17\n|\n|t:|1733865895\n|switch|p1a: Mewtwo|Mewtwo, L72|272/272\n|-ability|p1a: Mewtwo|Unnerve\n|move|p2a: Excadrill|Earthquake|p1a: Mewtwo\n|-damage|p1a: Mewtwo|125/272\n|\n|upkeep\n|turn|18\n|\n|t:|1733865906\n|move|p1a: Mewtwo|Fire Blast|p2a: Excadrill\n|-supereffective|p2a: Excadrill\n|-damage|p2a: Excadrill|95/303\n|move|p2a: Excadrill|Rapid Spin|p1a: Mewtwo\n|-damage|p1a: Mewtwo|80/272\n|-boost|p2a: Excadrill|spe|1\n|\n|upkeep\n|turn|19\n|\n|t:|1733865913\n|move|p2a: Excadrill|Iron Head|p1a: Mewtwo\n|-damage|p1a: Mewtwo|0 fnt\n|faint|p1a: Mewtwo\n|\n|upkeep\n|\n|t:|1733865920\n|switch|p1a: Weezing|Weezing-Galar, L86, F|252/252\n|turn|20\n|\n|t:|1733865930\n|move|p2a: Excadrill|Earthquake|p1a: Weezing\n|-supereffective|p1a: Weezing\n|-damage|p1a: Weezing|58/252\n|move|p1a: Weezing|Strange Steam|p2a: Excadrill\n|-resisted|p2a: Excadrill\n|-damage|p2a: Excadrill|54/303\n|\n|-heal|p1a: Weezing|73/252|[from] item: Leftovers\n|upkeep\n|turn|21\n|\n|t:|1733865938\n|move|p2a: Excadrill|Iron Head|p1a: Weezing\n|-supereffective|p1a: Weezing\n|-damage|p1a: Weezing|0 fnt\n|faint|p1a: Weezing\n|\n|upkeep\n|\n|t:|1733865941\n|switch|p1a: Entei|Entei, L78|307/307\n|turn|22\n|\n|t:|1733865948\n|-terastallize|p1a: Entei|Fire\n|move|p2a: Excadrill|Earthquake|p1a: Entei\n|-supereffective|p1a: Entei\n|-damage|p1a: Entei|35/307\n|move|p1a: Entei|Sacred Fire|p2a: Excadrill\n|-supereffective|p2a: Excadrill\n|-damage|p2a: Excadrill|0 fnt\n|faint|p2a: Excadrill\n|\n|upkeep\n|\n|t:|1733865955\n|switch|p2a: Lugia|Lugia, L72|272/272\n|turn|23\n|\n|t:|1733865957\n|move|p1a: Entei|Sacred Fire|p2a: Lugia\n|-damage|p2a: Lugia|184/272\n|move|p2a: Lugia|Earth Power|p1a: Entei\n|-supereffective|p1a: Entei\n|-crit|p1a: Entei\n|-damage|p1a: Entei|0 fnt\n|faint|p1a: Entei\n|\n|win|horohorovasey\n|raw|Chalminee's rating: 1969 &rarr; <strong>1952</strong><br />(-17 for losing)\n|raw|horohorovasey's rating: 2019 &rarr; <strong>2036</strong><br />(+17 for winning)\n|c|\u2606horohorovasey|ggwp\n|l|\u2606Chalminee\n|player|p1|\n", "inputlog": ">version bfd83cad13791eb5a5a409923076391caf6fb4d4\n>start {\"formatid\":\"gen9randombattle\",\"seed\":[24398,4657,28328,28093],\"rated\":\"Rated battle\"}\n>player p1 {\"name\":\"Chalminee\",\"avatar\":\"bellepa\",\"rating\":1969,\"seed\":[19465,62409,33020,3366]}\n>player p2 {\"name\":\"horohorovasey\",\"avatar\":\"miku-flying\",\"rating\":2019,\"seed\":[5501,26085,30335,36059]}\n>p1 move knockoff\n>p2 move revelationdance terastallize\n>p1 switch 5\n>p1 move psystrike\n>p2 switch 2\n>p1 switch 6\n>p2 move calmmind\n>p1 move darkpulse\n>p2 move moonlight\n>p1 move nastyplot\n>p2 move heatwave\n>p1 move darkpulse\n>p2 move heatwave\n>p1 move darkpulse\n>p2 move heatwave\n>p2 switch 5\n>p1 move darkpulse\n>p2 move surf\n>p1 switch 6\n>p1 move psystrike\n>p2 move dracometeor\n>p2 switch 3\n>p1 switch 3\n>p2 move rapidspin\n>p1 move drainpunch\n>p2 switch 6\n>p1 move drainpunch\n>p2 move knockoff\n>p2 switch 6\n>p1 move drainpunch\n>p2 move ironhead\n>p1 switch 4\n>p1 move sacredfire\n>p2 switch 4\n>p1 switch 2\n>p2 move recover\n>p1 move gunkshot\n>p2 switch 4\n>p1 switch 3\n>p2 move earthquake\n>p1 move fireblast\n>p2 move rapidspin\n>p1 move fireblast\n>p2 move ironhead\n>p1 switch 3\n>p1 move strangesteam\n>p2 move earthquake\n>p1 move strangesteam\n>p2 move ironhead\n>p1 switch 2\n>p1 move sacredfire terastallize\n>p2 move earthquake\n>p2 switch 4\n>p1 move sacredfire\n>p2 move earthpower", "uploadtime": 1733866002, "views": 9, "formatid": "gen9randombattle", "rating": 1952, "private": 0, "password": null}