{"id": "gen9randombattle-2260908598", "format": "[Gen 9] Random Battle", "players": ["Cheeburbur", "gwing"], "log": "|j|\u2606Cheeburbur\n|j|\u2606gwing\n|t:|1733914925\n|gametype|singles\n|player|p1|Cheeburbur|zinnia|1886\n|player|p2|gwing|101|1900\n|teamsize|p1|6\n|teamsize|p2|6\n|gen|9\n|tier|[Gen 9] Random Battle\n|rated|\n|rule|Species Clause: Limit one of each Pok\u00e9mon\n|rule|HP Percentage Mod: HP is shown in percentages\n|rule|Sleep Clause Mod: Limit one foe put to sleep\n|rule|Illusion Level Mod: Illusion disguises the Pok\u00e9mon's true level\n|\n|t:|1733914925\n|start\n|switch|p1a: Bellossom|Bellossom, L84, F|263/263\n|switch|p2a: Electivire|Electivire, L84, F|263/263\n|turn|1\n|inactive|Battle timer is ON: inactive players will automatically lose when time's up. (requested by Cheeburbur)\n|inactive|Cheeburbur has 120 seconds left.\n|inactive|Cheeburbur has 90 seconds left.\n|\n|t:|1733914996\n|move|p2a: Electivire|Volt Switch|p1a: Bellossom\n|-resisted|p1a: Bellossom\n|-damage|p1a: Bellossom|220/263\n|-damage|p2a: Electivire|237/263|[from] item: Life Orb\n|\n|t:|1733915006\n|switch|p2a: Bellossom|Bellossom, L84, M|263/263|[from] Volt Switch\n|move|p1a: Bellossom|Quiver Dance|p1a: Bellossom\n|-boost|p1a: Bellossom|spa|1\n|-boost|p1a: Bellossom|spd|1\n|-boost|p1a: Bellossom|spe|1\n|\n|-heal|p1a: Bellossom|236/263|[from] item: Leftovers\n|upkeep\n|turn|2\n|\n|t:|1733915017\n|-terastallize|p2a: Bellossom|Poison\n|move|p1a: Bellossom|Quiver Dance|p1a: Bellossom\n|-boost|p1a: Bellossom|spa|1\n|-boost|p1a: Bellossom|spd|1\n|-boost|p1a: Bellossom|spe|1\n|move|p2a: Bellossom|Quiver Dance|p2a: Bellossom\n|-boost|p2a: Bellossom|spa|1\n|-boost|p2a: Bellossom|spd|1\n|-boost|p2a: Bellossom|spe|1\n|\n|-heal|p1a: Bellossom|252/263|[from] item: Leftovers\n|upkeep\n|turn|3\n|\n|t:|1733915026\n|-terastallize|p1a: Bellossom|Steel\n|move|p1a: Bellossom|Sleep Powder|p2a: Bellossom|[miss]\n|-miss|p1a: Bellossom|p2a: Bellossom\n|move|p2a: Bellossom|Quiver Dance|p2a: Bellossom\n|-boost|p2a: Bellossom|spa|1\n|-boost|p2a: Bellossom|spd|1\n|-boost|p2a: Bellossom|spe|1\n|\n|-heal|p1a: Bellossom|263/263|[from] item: Leftovers\n|upkeep\n|turn|4\n|\n|t:|1733915040\n|move|p1a: Bellossom|Sleep Powder|p2a: Bellossom|[miss]\n|-miss|p1a: Bellossom|p2a: Bellossom\n|move|p2a: Bellossom|Giga Drain|p1a: Bellossom\n|-resisted|p1a: Bellossom\n|-damage|p1a: Bellossom|227/263\n|\n|-heal|p1a: Bellossom|243/263|[from] item: Leftovers\n|upkeep\n|turn|5\n|\n|t:|1733915050\n|switch|p2a: Blaziken|Blaziken, L76, F|247/247\n|move|p1a: Bellossom|Sleep Powder|p2a: Blaziken\n|-status|p2a: Blaziken|slp|[from] move: Sleep Powder\n|\n|-heal|p1a: Bellossom|259/263|[from] item: Leftovers\n|upkeep\n|turn|6\n|\n|t:|1733915054\n|switch|p2a: Bellossom|Bellossom, L84, M, tera:Poison|263/263\n|move|p1a: Bellossom|Quiver Dance|p1a: Bellossom\n|-boost|p1a: Bellossom|spa|1\n|-boost|p1a: Bellossom|spd|1\n|-boost|p1a: Bellossom|spe|1\n|\n|-heal|p1a: Bellossom|263/263|[from] item: Leftovers\n|upkeep\n|turn|7\n|\n|t:|1733915059\n|move|p1a: Bellossom|Giga Drain|p2a: Bellossom\n|-resisted|p2a: Bellossom\n|-damage|p2a: Bellossom|175/263\n|move|p2a: Bellossom|Quiver Dance|p2a: Bellossom\n|-boost|p2a: Bellossom|spa|1\n|-boost|p2a: Bellossom|spd|1\n|-boost|p2a: Bellossom|spe|1\n|\n|-heal|p2a: Bellossom|191/263|[from] item: Leftovers\n|upkeep\n|turn|8\n|\n|t:|1733915063\n|move|p1a: Bellossom|Giga Drain|p2a: Bellossom\n|-resisted|p2a: Bellossom\n|-crit|p2a: Bellossom\n|-damage|p2a: Bellossom|59/263\n|move|p2a: Bellossom|Quiver Dance|p2a: Bellossom\n|-boost|p2a: Bellossom|spa|1\n|-boost|p2a: Bellossom|spd|1\n|-boost|p2a: Bellossom|spe|1\n|\n|-heal|p2a: Bellossom|75/263|[from] item: Leftovers\n|upkeep\n|turn|9\n|\n|t:|1733915067\n|move|p1a: Bellossom|Giga Drain|p2a: Bellossom\n|-resisted|p2a: Bellossom\n|-damage|p2a: Bellossom|33/263\n|move|p2a: Bellossom|Strength Sap|p1a: Bellossom\n|-unboost|p1a: Bellossom|atk|1\n|-heal|p2a: Bellossom|172/263\n|\n|-heal|p2a: Bellossom|188/263|[from] item: Leftovers\n|upkeep\n|turn|10\n|\n|t:|1733915070\n|move|p1a: Bellossom|Quiver Dance|p1a: Bellossom\n|-boost|p1a: Bellossom|spa|1\n|-boost|p1a: Bellossom|spd|1\n|-boost|p1a: Bellossom|spe|1\n|move|p2a: Bellossom|Quiver Dance|p2a: Bellossom\n|-boost|p2a: Bellossom|spa|1\n|-boost|p2a: Bellossom|spd|1\n|-boost|p2a: Bellossom|spe|1\n|\n|-heal|p2a: Bellossom|204/263|[from] item: Leftovers\n|upkeep\n|turn|11\n|\n|t:|1733915072\n|move|p1a: Bellossom|Quiver Dance|p1a: Bellossom\n|-boost|p1a: Bellossom|spa|1\n|-boost|p1a: Bellossom|spd|1\n|-boost|p1a: Bellossom|spe|1\n|move|p2a: Bellossom|Quiver Dance|p2a: Bellossom\n|-boost|p2a: Bellossom|spa|1\n|-boost|p2a: Bellossom|spd|1\n|-boost|p2a: Bellossom|spe|1\n|\n|-heal|p2a: Bellossom|220/263|[from] item: Leftovers\n|upkeep\n|turn|12\n|\n|t:|1733915075\n|move|p1a: Bellossom|Quiver Dance|p1a: Bellossom\n|-boost|p1a: Bellossom|spa|1\n|-boost|p1a: Bellossom|spd|1\n|-boost|p1a: Bellossom|spe|1\n|move|p2a: Bellossom|Quiver Dance|p2a: Bellossom\n|-boost|p2a: Bellossom|spa|1\n|-boost|p2a: Bellossom|spd|1\n|-boost|p2a: Bellossom|spe|1\n|\n|-heal|p2a: Bellossom|236/263|[from] item: Leftovers\n|upkeep\n|turn|13\n|\n|t:|1733915078\n|move|p1a: Bellossom|Giga Drain|p2a: Bellossom\n|-resisted|p2a: Bellossom\n|-damage|p2a: Bellossom|198/263\n|move|p2a: Bellossom|Quiver Dance|p2a: Bellossom\n|-boost|p2a: Bellossom|spa|1\n|-boost|p2a: Bellossom|spd|1\n|-boost|p2a: Bellossom|spe|1\n|\n|-heal|p2a: Bellossom|214/263|[from] item: Leftovers\n|upkeep\n|turn|14\n|\n|t:|1733915083\n|move|p2a: Bellossom|Quiver Dance|p2a: Bellossom\n|-boost|p2a: Bellossom|spa|0\n|-boost|p2a: Bellossom|spd|0\n|-boost|p2a: Bellossom|spe|0\n|move|p1a: Bellossom|Giga Drain|p2a: Bellossom\n|-resisted|p2a: Bellossom\n|-damage|p2a: Bellossom|178/263\n|\n|-heal|p2a: Bellossom|194/263|[from] item: Leftovers\n|upkeep\n|turn|15\n|\n|t:|1733915087\n|move|p1a: Bellossom|Strength Sap|p2a: Bellossom\n|-unboost|p2a: Bellossom|atk|1\n|move|p2a: Bellossom|Quiver Dance|p2a: Bellossom\n|-boost|p2a: Bellossom|spa|0\n|-boost|p2a: Bellossom|spd|0\n|-boost|p2a: Bellossom|spe|0\n|\n|-heal|p2a: Bellossom|210/263|[from] item: Leftovers\n|upkeep\n|turn|16\n|\n|t:|1733915092\n|move|p2a: Bellossom|Quiver Dance|p2a: Bellossom\n|-boost|p2a: Bellossom|spa|0\n|-boost|p2a: Bellossom|spd|0\n|-boost|p2a: Bellossom|spe|0\n|move|p1a: Bellossom|Sleep Powder|p2a: Bellossom\n|-message|Sleep Clause Mod activated.\n|-hint|Sleep Clause Mod prevents players from putting more than one of their opponent's Pok\u00e9mon to sleep at a time\n|\n|-heal|p2a: Bellossom|226/263|[from] item: Leftovers\n|upkeep\n|turn|17\n|\n|t:|1733915102\n|move|p2a: Bellossom|Quiver Dance|p2a: Bellossom\n|-boost|p2a: Bellossom|spa|0\n|-boost|p2a: Bellossom|spd|0\n|-boost|p2a: Bellossom|spe|0\n|move|p1a: Bellossom|Quiver Dance|p1a: Bellossom\n|-boost|p1a: Bellossom|spa|0\n|-boost|p1a: Bellossom|spd|0\n|-boost|p1a: Bellossom|spe|0\n|\n|-heal|p2a: Bellossom|242/263|[from] item: Leftovers\n|upkeep\n|turn|18\n|\n|t:|1733915114\n|move|p1a: Bellossom|Sleep Powder|p2a: Bellossom\n|-message|Sleep Clause Mod activated.\n|-hint|Sleep Clause Mod prevents players from putting more than one of their opponent's Pok\u00e9mon to sleep at a time\n|move|p2a: Bellossom|Giga Drain|p1a: Bellossom\n|-resisted|p1a: Bellossom\n|-damage|p1a: Bellossom|229/263\n|-heal|p2a: Bellossom|259/263|[from] drain|[of] p1a: Bellossom\n|\n|-heal|p1a: Bellossom|245/263|[from] item: Leftovers\n|-heal|p2a: Bellossom|263/263|[from] item: Leftovers\n|upkeep\n|turn|19\n|\n|t:|1733915122\n|move|p1a: Bellossom|Quiver Dance|p1a: Bellossom\n|-boost|p1a: Bellossom|spa|0\n|-boost|p1a: Bellossom|spd|0\n|-boost|p1a: Bellossom|spe|0\n|move|p2a: Bellossom|Quiver Dance|p2a: Bellossom\n|-boost|p2a: Bellossom|spa|0\n|-boost|p2a: Bellossom|spd|0\n|-boost|p2a: Bellossom|spe|0\n|\n|-heal|p1a: Bellossom|261/263|[from] item: Leftovers\n|upkeep\n|turn|20\n|\n|t:|1733915125\n|move|p2a: Bellossom|Quiver Dance|p2a: Bellossom\n|-boost|p2a: Bellossom|spa|0\n|-boost|p2a: Bellossom|spd|0\n|-boost|p2a: Bellossom|spe|0\n|move|p1a: Bellossom|Sleep Powder|p2a: Bellossom\n|-message|Sleep Clause Mod activated.\n|-hint|Sleep Clause Mod prevents players from putting more than one of their opponent's Pok\u00e9mon to sleep at a time\n|\n|-heal|p1a: Bellossom|263/263|[from] item: Leftovers\n|upkeep\n|turn|21\n|\n|t:|1733915127\n|move|p2a: Bellossom|Quiver Dance|p2a: Bellossom\n|-boost|p2a: Bellossom|spa|0\n|-boost|p2a: Bellossom|spd|0\n|-boost|p2a: Bellossom|spe|0\n|move|p1a: Bellossom|Strength Sap|p2a: Bellossom\n|-unboost|p2a: Bellossom|atk|1\n|\n|upkeep\n|turn|22\n|\n|t:|1733915130\n|move|p2a: Bellossom|Quiver Dance|p2a: Bellossom\n|-boost|p2a: Bellossom|spa|0\n|-boost|p2a: Bellossom|spd|0\n|-boost|p2a: Bellossom|spe|0\n|move|p1a: Bellossom|Sleep Powder|p2a: Bellossom\n|-message|Sleep Clause Mod activated.\n|-hint|Sleep Clause Mod prevents players from putting more than one of their opponent's Pok\u00e9mon to sleep at a time\n|\n|upkeep\n|turn|23\n|\n|t:|1733915134\n|move|p1a: Bellossom|Sleep Powder|p2a: Bellossom|[miss]\n|-miss|p1a: Bellossom|p2a: Bellossom\n|move|p2a: Bellossom|Quiver Dance|p2a: Bellossom\n|-boost|p2a: Bellossom|spa|0\n|-boost|p2a: Bellossom|spd|0\n|-boost|p2a: Bellossom|spe|0\n|\n|upkeep\n|turn|24\n|\n|t:|1733915137\n|move|p1a: Bellossom|Sleep Powder|p2a: Bellossom|[miss]\n|-miss|p1a: Bellossom|p2a: Bellossom\n|move|p2a: Bellossom|Quiver Dance|p2a: Bellossom\n|-boost|p2a: Bellossom|spa|0\n|-boost|p2a: Bellossom|spd|0\n|-boost|p2a: Bellossom|spe|0\n|\n|upkeep\n|turn|25\n|\n|t:|1733915142\n|move|p2a: Bellossom|Quiver Dance|p2a: Bellossom\n|-boost|p2a: Bellossom|spa|0\n|-boost|p2a: Bellossom|spd|0\n|-boost|p2a: Bellossom|spe|0\n|move|p1a: Bellossom|Sleep Powder|p2a: Bellossom\n|-message|Sleep Clause Mod activated.\n|-hint|Sleep Clause Mod prevents players from putting more than one of their opponent's Pok\u00e9mon to sleep at a time\n|\n|upkeep\n|turn|26\n|\n|t:|1733915149\n|move|p1a: Bellossom|Sleep Powder|p2a: Bellossom\n|-message|Sleep Clause Mod activated.\n|-hint|Sleep Clause Mod prevents players from putting more than one of their opponent's Pok\u00e9mon to sleep at a time\n|move|p2a: Bellossom|Quiver Dance|p2a: Bellossom\n|-boost|p2a: Bellossom|spa|0\n|-boost|p2a: Bellossom|spd|0\n|-boost|p2a: Bellossom|spe|0\n|\n|upkeep\n|turn|27\n|\n|t:|1733915155\n|move|p1a: Bellossom|Quiver Dance|p1a: Bellossom\n|-boost|p1a: Bellossom|spa|0\n|-boost|p1a: Bellossom|spd|0\n|-boost|p1a: Bellossom|spe|0\n|move|p2a: Bellossom|Quiver Dance|p2a: Bellossom\n|-boost|p2a: Bellossom|spa|0\n|-boost|p2a: Bellossom|spd|0\n|-boost|p2a: Bellossom|spe|0\n|\n|upkeep\n|turn|28\n|\n|t:|1733915158\n|move|p2a: Bellossom|Quiver Dance|p2a: Bellossom\n|-boost|p2a: Bellossom|spa|0\n|-boost|p2a: Bellossom|spd|0\n|-boost|p2a: Bellossom|spe|0\n|move|p1a: Bellossom|Quiver Dance|p1a: Bellossom\n|-boost|p1a: Bellossom|spa|0\n|-boost|p1a: Bellossom|spd|0\n|-boost|p1a: Bellossom|spe|0\n|\n|upkeep\n|turn|29\n|\n|t:|1733915165\n|move|p2a: Bellossom|Quiver Dance|p2a: Bellossom\n|-boost|p2a: Bellossom|spa|0\n|-boost|p2a: Bellossom|spd|0\n|-boost|p2a: Bellossom|spe|0\n|move|p1a: Bellossom|Sleep Powder|p2a: Bellossom\n|-message|Sleep Clause Mod activated.\n|-hint|Sleep Clause Mod prevents players from putting more than one of their opponent's Pok\u00e9mon to sleep at a time\n|\n|upkeep\n|turn|30\n|\n|t:|1733915169\n|move|p2a: Bellossom|Quiver Dance|p2a: Bellossom\n|-boost|p2a: Bellossom|spa|0\n|-boost|p2a: Bellossom|spd|0\n|-boost|p2a: Bellossom|spe|0\n|move|p1a: Bellossom|Strength Sap|p2a: Bellossom\n|-unboost|p2a: Bellossom|atk|1\n|\n|upkeep\n|turn|31\n|\n|t:|1733915172\n|move|p2a: Bellossom|Quiver Dance|p2a: Bellossom\n|-boost|p2a: Bellossom|spa|0\n|-boost|p2a: Bellossom|spd|0\n|-boost|p2a: Bellossom|spe|0\n|move|p1a: Bellossom|Quiver Dance|p1a: Bellossom\n|-boost|p1a: Bellossom|spa|0\n|-boost|p1a: Bellossom|spd|0\n|-boost|p1a: Bellossom|spe|0\n|\n|upkeep\n|turn|32\n|\n|t:|1733915177\n|move|p1a: Bellossom|Sleep Powder|p2a: Bellossom\n|-message|Sleep Clause Mod activated.\n|-hint|Sleep Clause Mod prevents players from putting more than one of their opponent's Pok\u00e9mon to sleep at a time\n|move|p2a: Bellossom|Quiver Dance|p2a: Bellossom\n|-boost|p2a: Bellossom|spa|0\n|-boost|p2a: Bellossom|spd|0\n|-boost|p2a: Bellossom|spe|0\n|\n|upkeep\n|turn|33\n|\n|t:|1733915183\n|move|p2a: Bellossom|Quiver Dance|p2a: Bellossom\n|-boost|p2a: Bellossom|spa|0\n|-boost|p2a: Bellossom|spd|0\n|-boost|p2a: Bellossom|spe|0\n|move|p1a: Bellossom|Quiver Dance|p1a: Bellossom\n|-boost|p1a: Bellossom|spa|0\n|-boost|p1a: Bellossom|spd|0\n|-boost|p1a: Bellossom|spe|0\n|\n|upkeep\n|turn|34\n|\n|t:|1733915190\n|move|p1a: Bellossom|Sleep Powder|p2a: Bellossom|[miss]\n|-miss|p1a: Bellossom|p2a: Bellossom\n|move|p2a: Bellossom|Giga Drain|p1a: Bellossom\n|-resisted|p1a: Bellossom\n|-damage|p1a: Bellossom|229/263\n|\n|-heal|p1a: Bellossom|245/263|[from] item: Leftovers\n|upkeep\n|turn|35\n|\n|t:|1733915193\n|move|p1a: Bellossom|Quiver Dance|p1a: Bellossom\n|-boost|p1a: Bellossom|spa|0\n|-boost|p1a: Bellossom|spd|0\n|-boost|p1a: Bellossom|spe|0\n|move|p2a: Bellossom|Giga Drain|p1a: Bellossom\n|-resisted|p1a: Bellossom\n|-damage|p1a: Bellossom|213/263\n|\n|-heal|p1a: Bellossom|229/263|[from] item: Leftovers\n|upkeep\n|turn|36\n|\n|t:|1733915197\n|move|p1a: Bellossom|Sleep Powder|p2a: Bellossom\n|-message|Sleep Clause Mod activated.\n|-hint|Sleep Clause Mod prevents players from putting more than one of their opponent's Pok\u00e9mon to sleep at a time\n|move|p2a: Bellossom|Giga Drain|p1a: Bellossom\n|-resisted|p1a: Bellossom\n|-damage|p1a: Bellossom|197/263\n|\n|-heal|p1a: Bellossom|213/263|[from] item: Leftovers\n|upkeep\n|turn|37\n|\n|t:|1733915203\n|move|p2a: Bellossom|Giga Drain|p1a: Bellossom\n|-resisted|p1a: Bellossom\n|-damage|p1a: Bellossom|180/263\n|move|p1a: Bellossom|Quiver Dance|p1a: Bellossom\n|-boost|p1a: Bellossom|spa|0\n|-boost|p1a: Bellossom|spd|0\n|-boost|p1a: Bellossom|spe|0\n|\n|-heal|p1a: Bellossom|196/263|[from] item: Leftovers\n|upkeep\n|turn|38\n|\n|t:|1733915212\n|move|p1a: Bellossom|Giga Drain|p2a: Bellossom\n|-resisted|p2a: Bellossom\n|-damage|p2a: Bellossom|227/263\n|-heal|p1a: Bellossom|214/263|[from] drain|[of] p2a: Bellossom\n|move|p2a: Bellossom|Giga Drain|p1a: Bellossom\n|-resisted|p1a: Bellossom\n|-damage|p1a: Bellossom|178/263\n|-heal|p2a: Bellossom|245/263|[from] drain|[of] p1a: Bellossom\n|\n|-heal|p2a: Bellossom|261/263|[from] item: Leftovers\n|-heal|p1a: Bellossom|194/263|[from] item: Leftovers\n|upkeep\n|turn|39\n|\n|t:|1733915219\n|move|p1a: Bellossom|Giga Drain|p2a: Bellossom\n|-resisted|p2a: Bellossom\n|-damage|p2a: Bellossom|224/263\n|-heal|p1a: Bellossom|213/263|[from] drain|[of] p2a: Bellossom\n|move|p2a: Bellossom|Giga Drain|p1a: Bellossom\n|-resisted|p1a: Bellossom\n|-damage|p1a: Bellossom|180/263\n|-heal|p2a: Bellossom|241/263|[from] drain|[of] p1a: Bellossom\n|\n|-heal|p1a: Bellossom|196/263|[from] item: Leftovers\n|-heal|p2a: Bellossom|257/263|[from] item: Leftovers\n|upkeep\n|turn|40\n|\n|t:|1733915222\n|move|p1a: Bellossom|Strength Sap|p2a: Bellossom\n|-unboost|p2a: Bellossom|atk|1\n|-heal|p1a: Bellossom|251/263\n|move|p2a: Bellossom|Giga Drain|p1a: Bellossom\n|-resisted|p1a: Bellossom\n|-damage|p1a: Bellossom|215/263\n|-heal|p2a: Bellossom|263/263|[from] drain|[of] p1a: Bellossom\n|\n|-heal|p1a: Bellossom|231/263|[from] item: Leftovers\n|upkeep\n|turn|41\n|\n|t:|1733915228\n|move|p2a: Bellossom|Giga Drain|p1a: Bellossom\n|-resisted|p1a: Bellossom\n|-damage|p1a: Bellossom|199/263\n|move|p1a: Bellossom|Sleep Powder|p2a: Bellossom\n|-message|Sleep Clause Mod activated.\n|-hint|Sleep Clause Mod prevents players from putting more than one of their opponent's Pok\u00e9mon to sleep at a time\n|\n|-heal|p1a: Bellossom|215/263|[from] item: Leftovers\n|upkeep\n|turn|42\n|l|\u2606gwing\n|inactive|gwing disconnected and has a minute to reconnect!\n|player|p2|\n|j|\u2606gwing\n|inactive|gwing reconnected and has 140 seconds left.\n|player|p2|gwing|101|\n|\n|t:|1733915249\n|move|p1a: Bellossom|Strength Sap|p2a: Bellossom\n|-unboost|p2a: Bellossom|atk|1\n|-heal|p1a: Bellossom|261/263\n|move|p2a: Bellossom|Giga Drain|p1a: Bellossom\n|-resisted|p1a: Bellossom\n|-damage|p1a: Bellossom|225/263\n|\n|-heal|p1a: Bellossom|241/263|[from] item: Leftovers\n|upkeep\n|turn|43\n|\n|t:|1733915258\n|move|p1a: Bellossom|Giga Drain|p2a: Bellossom\n|-resisted|p2a: Bellossom\n|-damage|p2a: Bellossom|229/263\n|-heal|p1a: Bellossom|258/263|[from] drain|[of] p2a: Bellossom\n|move|p2a: Bellossom|Strength Sap|p1a: Bellossom\n|-unboost|p1a: Bellossom|atk|1\n|-heal|p2a: Bellossom|263/263\n|\n|-heal|p1a: Bellossom|263/263|[from] item: Leftovers\n|upkeep\n|turn|44\n|\n|t:|1733915269\n|move|p2a: Bellossom|Quiver Dance|p2a: Bellossom\n|-boost|p2a: Bellossom|spa|0\n|-boost|p2a: Bellossom|spd|0\n|-boost|p2a: Bellossom|spe|0\n|move|p1a: Bellossom|Quiver Dance|p1a: Bellossom\n|-boost|p1a: Bellossom|spa|0\n|-boost|p1a: Bellossom|spd|0\n|-boost|p1a: Bellossom|spe|0\n|\n|upkeep\n|turn|45\n|\n|t:|1733915273\n|move|p1a: Bellossom|Sleep Powder|p2a: Bellossom\n|-message|Sleep Clause Mod activated.\n|-hint|Sleep Clause Mod prevents players from putting more than one of their opponent's Pok\u00e9mon to sleep at a time\n|move|p2a: Bellossom|Quiver Dance|p2a: Bellossom\n|-boost|p2a: Bellossom|spa|0\n|-boost|p2a: Bellossom|spd|0\n|-boost|p2a: Bellossom|spe|0\n|\n|upkeep\n|turn|46\n|\n|t:|1733915276\n|move|p2a: Bellossom|Quiver Dance|p2a: Bellossom\n|-boost|p2a: Bellossom|spa|0\n|-boost|p2a: Bellossom|spd|0\n|-boost|p2a: Bellossom|spe|0\n|move|p1a: Bellossom|Strength Sap|p2a: Bellossom\n|-unboost|p2a: Bellossom|atk|1\n|\n|upkeep\n|turn|47\n|\n|t:|1733915279\n|move|p1a: Bellossom|Quiver Dance|p1a: Bellossom\n|-boost|p1a: Bellossom|spa|0\n|-boost|p1a: Bellossom|spd|0\n|-boost|p1a: Bellossom|spe|0\n|move|p2a: Bellossom|Quiver Dance|p2a: Bellossom\n|-boost|p2a: Bellossom|spa|0\n|-boost|p2a: Bellossom|spd|0\n|-boost|p2a: Bellossom|spe|0\n|\n|upkeep\n|turn|48\n|\n|t:|1733915284\n|move|p2a: Bellossom|Quiver Dance|p2a: Bellossom\n|-boost|p2a: Bellossom|spa|0\n|-boost|p2a: Bellossom|spd|0\n|-boost|p2a: Bellossom|spe|0\n|move|p1a: Bellossom|Strength Sap||[still]\n|-fail|p1a: Bellossom\n|\n|upkeep\n|turn|49\n|\n|t:|1733915302\n|move|p2a: Bellossom|Sludge Bomb|p1a: Bellossom\n|-immune|p1a: Bellossom\n|move|p1a: Bellossom|Giga Drain|p2a: Bellossom\n|-resisted|p2a: Bellossom\n|-damage|p2a: Bellossom|230/263\n|\n|-heal|p2a: Bellossom|246/263|[from] item: Leftovers\n|upkeep\n|turn|50\n|\n|t:|1733915317\n|move|p1a: Bellossom|Strength Sap||[still]\n|-fail|p1a: Bellossom\n|move|p2a: Bellossom|Giga Drain|p1a: Bellossom\n|-resisted|p1a: Bellossom\n|-damage|p1a: Bellossom|229/263\n|-heal|p2a: Bellossom|263/263|[from] drain|[of] p1a: Bellossom\n|\n|-heal|p1a: Bellossom|245/263|[from] item: Leftovers\n|upkeep\n|turn|51\n|\n|t:|1733915330\n|move|p2a: Bellossom|Strength Sap|p1a: Bellossom\n|-unboost|p1a: Bellossom|atk|1\n|move|p1a: Bellossom|Quiver Dance|p1a: Bellossom\n|-boost|p1a: Bellossom|spa|0\n|-boost|p1a: Bellossom|spd|0\n|-boost|p1a: Bellossom|spe|0\n|\n|-heal|p1a: Bellossom|261/263|[from] item: Leftovers\n|upkeep\n|turn|52\n|\n|t:|1733915338\n|move|p1a: Bellossom|Quiver Dance|p1a: Bellossom\n|-boost|p1a: Bellossom|spa|0\n|-boost|p1a: Bellossom|spd|0\n|-boost|p1a: Bellossom|spe|0\n|move|p2a: Bellossom|Strength Sap|p1a: Bellossom\n|-unboost|p1a: Bellossom|atk|1\n|\n|-heal|p1a: Bellossom|263/263|[from] item: Leftovers\n|upkeep\n|turn|53\n|\n|t:|1733915341\n|move|p2a: Bellossom|Strength Sap|p1a: Bellossom\n|-unboost|p1a: Bellossom|atk|1\n|move|p1a: Bellossom|Quiver Dance|p1a: Bellossom\n|-boost|p1a: Bellossom|spa|0\n|-boost|p1a: Bellossom|spd|0\n|-boost|p1a: Bellossom|spe|0\n|\n|upkeep\n|turn|54\n|\n|t:|1733915346\n|move|p2a: Bellossom|Strength Sap|p1a: Bellossom\n|-unboost|p1a: Bellossom|atk|1\n|move|p1a: Bellossom|Quiver Dance|p1a: Bellossom\n|-boost|p1a: Bellossom|spa|0\n|-boost|p1a: Bellossom|spd|0\n|-boost|p1a: Bellossom|spe|0\n|\n|upkeep\n|turn|55\n|\n|t:|1733915354\n|move|p2a: Bellossom|Strength Sap||[still]\n|-fail|p2a: Bellossom\n|move|p1a: Bellossom|Quiver Dance|p1a: Bellossom\n|-boost|p1a: Bellossom|spa|0\n|-boost|p1a: Bellossom|spd|0\n|-boost|p1a: Bellossom|spe|0\n|\n|upkeep\n|turn|56\n|\n|t:|1733915361\n|move|p1a: Bellossom|Quiver Dance|p1a: Bellossom\n|-boost|p1a: Bellossom|spa|0\n|-boost|p1a: Bellossom|spd|0\n|-boost|p1a: Bellossom|spe|0\n|move|p2a: Bellossom|Sludge Bomb|p1a: Bellossom\n|-immune|p1a: Bellossom\n|\n|upkeep\n|turn|57\n|\n|t:|1733915368\n|move|p1a: Bellossom|Sleep Powder|p2a: Bellossom|[miss]\n|-miss|p1a: Bellossom|p2a: Bellossom\n|move|p2a: Bellossom|Sludge Bomb|p1a: Bellossom\n|-immune|p1a: Bellossom\n|\n|upkeep\n|turn|58\n|\n|t:|1733915373\n|move|p1a: Bellossom|Giga Drain|p2a: Bellossom\n|-resisted|p2a: Bellossom\n|-damage|p2a: Bellossom|227/263\n|move|p2a: Bellossom|Sludge Bomb|p1a: Bellossom\n|-immune|p1a: Bellossom\n|\n|-heal|p2a: Bellossom|243/263|[from] item: Leftovers\n|upkeep\n|turn|59\n|\n|t:|1733915383\n|move|p1a: Bellossom|Quiver Dance|p1a: Bellossom\n|-boost|p1a: Bellossom|spa|0\n|-boost|p1a: Bellossom|spd|0\n|-boost|p1a: Bellossom|spe|0\n|move|p2a: Bellossom|Sludge Bomb|p1a: Bellossom\n|-immune|p1a: Bellossom\n|\n|-heal|p2a: Bellossom|259/263|[from] item: Leftovers\n|upkeep\n|turn|60\n|\n|t:|1733915388\n|move|p1a: Bellossom|Quiver Dance|p1a: Bellossom\n|-boost|p1a: Bellossom|spa|0\n|-boost|p1a: Bellossom|spd|0\n|-boost|p1a: Bellossom|spe|0\n|move|p2a: Bellossom|Sludge Bomb|p1a: Bellossom\n|-immune|p1a: Bellossom\n|\n|-heal|p2a: Bellossom|263/263|[from] item: Leftovers\n|upkeep\n|turn|61\n|\n|t:|1733915393\n|move|p1a: Bellossom|Quiver Dance|p1a: Bellossom\n|-boost|p1a: Bellossom|spa|0\n|-boost|p1a: Bellossom|spd|0\n|-boost|p1a: Bellossom|spe|0\n|move|p2a: Bellossom|Sludge Bomb|p1a: Bellossom\n|-immune|p1a: Bellossom\n|\n|upkeep\n|turn|62\n|\n|t:|1733915405\n|move|p2a: Bellossom|Strength Sap||[still]\n|-fail|p2a: Bellossom\n|move|p1a: Bellossom|Quiver Dance|p1a: Bellossom\n|-boost|p1a: Bellossom|spa|0\n|-boost|p1a: Bellossom|spd|0\n|-boost|p1a: Bellossom|spe|0\n|\n|upkeep\n|turn|63\n|\n|t:|1733915411\n|move|p2a: Bellossom|Strength Sap||[still]\n|-fail|p2a: Bellossom\n|move|p1a: Bellossom|Strength Sap||[still]\n|-fail|p1a: Bellossom\n|\n|upkeep\n|turn|64\n|\n|t:|1733915414\n|move|p2a: Bellossom|Strength Sap||[still]\n|-fail|p2a: Bellossom\n|move|p1a: Bellossom|Strength Sap||[still]\n|-fail|p1a: Bellossom\n|\n|upkeep\n|turn|65\n|\n|t:|1733915418\n|move|p2a: Bellossom|Strength Sap||[still]\n|-fail|p2a: Bellossom\n|move|p1a: Bellossom|Strength Sap||[still]\n|-fail|p1a: Bellossom\n|\n|upkeep\n|turn|66\n|\n|t:|1733915441\n|move|p1a: Bellossom|Strength Sap||[still]\n|-fail|p1a: Bellossom\n|move|p2a: Bellossom|Strength Sap||[still]\n|-fail|p2a: Bellossom\n|\n|upkeep\n|turn|67\n|\n|t:|1733915445\n|move|p1a: Bellossom|Quiver Dance|p1a: Bellossom\n|-boost|p1a: Bellossom|spa|0\n|-boost|p1a: Bellossom|spd|0\n|-boost|p1a: Bellossom|spe|0\n|move|p2a: Bellossom|Sludge Bomb|p1a: Bellossom\n|-immune|p1a: Bellossom\n|\n|upkeep\n|turn|68\n|\n|t:|1733915448\n|move|p2a: Bellossom|Sludge Bomb|p1a: Bellossom\n|-immune|p1a: Bellossom\n|move|p1a: Bellossom|Quiver Dance|p1a: Bellossom\n|-boost|p1a: Bellossom|spa|0\n|-boost|p1a: Bellossom|spd|0\n|-boost|p1a: Bellossom|spe|0\n|\n|upkeep\n|turn|69\n|\n|t:|1733915451\n|move|p2a: Bellossom|Sludge Bomb|p1a: Bellossom\n|-immune|p1a: Bellossom\n|move|p1a: Bellossom|Quiver Dance|p1a: Bellossom\n|-boost|p1a: Bellossom|spa|0\n|-boost|p1a: Bellossom|spd|0\n|-boost|p1a: Bellossom|spe|0\n|\n|upkeep\n|turn|70\n|\n|t:|1733915454\n|move|p1a: Bellossom|Quiver Dance|p1a: Bellossom\n|-boost|p1a: Bellossom|spa|0\n|-boost|p1a: Bellossom|spd|0\n|-boost|p1a: Bellossom|spe|0\n|move|p2a: Bellossom|Sludge Bomb|p1a: Bellossom\n|-immune|p1a: Bellossom\n|\n|upkeep\n|turn|71\n|\n|t:|1733915459\n|move|p2a: Bellossom|Sludge Bomb|p1a: Bellossom\n|-immune|p1a: Bellossom\n|move|p1a: Bellossom|Quiver Dance|p1a: Bellossom\n|-boost|p1a: Bellossom|spa|0\n|-boost|p1a: Bellossom|spd|0\n|-boost|p1a: Bellossom|spe|0\n|\n|upkeep\n|turn|72\n|\n|t:|1733915467\n|move|p2a: Bellossom|Sludge Bomb|p1a: Bellossom\n|-immune|p1a: Bellossom\n|move|p1a: Bellossom|Sleep Powder|p2a: Bellossom|[miss]\n|-miss|p1a: Bellossom|p2a: Bellossom\n|\n|upkeep\n|turn|73\n|\n|t:|1733915469\n|move|p1a: Bellossom|Sleep Powder|p2a: Bellossom\n|-message|Sleep Clause Mod activated.\n|-hint|Sleep Clause Mod prevents players from putting more than one of their opponent's Pok\u00e9mon to sleep at a time\n|move|p2a: Bellossom|Sludge Bomb|p1a: Bellossom\n|-immune|p1a: Bellossom\n|\n|upkeep\n|turn|74\n|\n|t:|1733915473\n|move|p1a: Bellossom|Sleep Powder|p2a: Bellossom\n|-message|Sleep Clause Mod activated.\n|-hint|Sleep Clause Mod prevents players from putting more than one of their opponent's Pok\u00e9mon to sleep at a time\n|move|p2a: Bellossom|Sludge Bomb|p1a: Bellossom\n|-immune|p1a: Bellossom\n|\n|upkeep\n|turn|75\n|\n|t:|1733915477\n|move|p2a: Bellossom|Sludge Bomb|p1a: Bellossom\n|-immune|p1a: Bellossom\n|move|p1a: Bellossom|Sleep Powder|p2a: Bellossom\n|-message|Sleep Clause Mod activated.\n|-hint|Sleep Clause Mod prevents players from putting more than one of their opponent's Pok\u00e9mon to sleep at a time\n|\n|upkeep\n|turn|76\n|\n|t:|1733915483\n|move|p2a: Bellossom|Strength Sap||[still]\n|-fail|p2a: Bellossom\n|move|p1a: Bellossom|Sleep Powder|p2a: Bellossom|[miss]\n|-miss|p1a: Bellossom|p2a: Bellossom\n|\n|upkeep\n|turn|77\n|\n|t:|1733915489\n|move|p2a: Bellossom|Strength Sap||[still]\n|-fail|p2a: Bellossom\n|move|p1a: Bellossom|Sleep Powder|p2a: Bellossom\n|-message|Sleep Clause Mod activated.\n|-hint|Sleep Clause Mod prevents players from putting more than one of their opponent's Pok\u00e9mon to sleep at a time\n|\n|upkeep\n|turn|78\n|\n|t:|1733915492\n|move|p2a: Bellossom|Strength Sap||[still]\n|-fail|p2a: Bellossom\n|move|p1a: Bellossom|Quiver Dance|p1a: Bellossom\n|-boost|p1a: Bellossom|spa|0\n|-boost|p1a: Bellossom|spd|0\n|-boost|p1a: Bellossom|spe|0\n|\n|upkeep\n|turn|79\n|\n|t:|1733915497\n|move|p2a: Bellossom|Strength Sap||[still]\n|-fail|p2a: Bellossom\n|move|p1a: Bellossom|Strength Sap||[still]\n|-fail|p1a: Bellossom\n|\n|upkeep\n|turn|80\n|\n|t:|1733915505\n|move|p1a: Bellossom|Strength Sap||[still]\n|-fail|p1a: Bellossom\n|move|p2a: Bellossom|Giga Drain|p1a: Bellossom\n|-resisted|p1a: Bellossom\n|-damage|p1a: Bellossom|227/263\n|\n|-heal|p1a: Bellossom|243/263|[from] item: Leftovers\n|upkeep\n|turn|81\n|\n|t:|1733915510\n|move|p2a: Bellossom|Giga Drain|p1a: Bellossom\n|-resisted|p1a: Bellossom\n|-damage|p1a: Bellossom|210/263\n|move|p1a: Bellossom|Giga Drain|p2a: Bellossom\n|-resisted|p2a: Bellossom\n|-damage|p2a: Bellossom|231/263\n|-heal|p1a: Bellossom|226/263|[from] drain|[of] p2a: Bellossom\n|\n|-heal|p2a: Bellossom|247/263|[from] item: Leftovers\n|-heal|p1a: Bellossom|242/263|[from] item: Leftovers\n|upkeep\n|turn|82\n|\n|t:|1733915514\n|move|p1a: Bellossom|Giga Drain|p2a: Bellossom\n|-resisted|p2a: Bellossom\n|-damage|p2a: Bellossom|212/263\n|-heal|p1a: Bellossom|260/263|[from] drain|[of] p2a: Bellossom\n|move|p2a: Bellossom|Giga Drain|p1a: Bellossom\n|-resisted|p1a: Bellossom\n|-damage|p1a: Bellossom|225/263\n|-heal|p2a: Bellossom|230/263|[from] drain|[of] p1a: Bellossom\n|\n|-heal|p2a: Bellossom|246/263|[from] item: Leftovers\n|-heal|p1a: Bellossom|241/263|[from] item: Leftovers\n|upkeep\n|turn|83\n|\n|t:|1733915518\n|move|p2a: Bellossom|Giga Drain|p1a: Bellossom\n|-resisted|p1a: Bellossom\n|-damage|p1a: Bellossom|208/263\n|-heal|p2a: Bellossom|263/263|[from] drain|[of] p1a: Bellossom\n|move|p1a: Bellossom|Giga Drain|p2a: Bellossom\n|-resisted|p2a: Bellossom\n|-damage|p2a: Bellossom|230/263\n|-heal|p1a: Bellossom|225/263|[from] drain|[of] p2a: Bellossom\n|\n|-heal|p1a: Bellossom|241/263|[from] item: Leftovers\n|-heal|p2a: Bellossom|246/263|[from] item: Leftovers\n|upkeep\n|turn|84\n|\n|t:|1733915521\n|-activate|p2a: Bellossom|move: Struggle\n|move|p2a: Bellossom|Struggle|p1a: Bellossom\n|-damage|p1a: Bellossom|235/263\n|-damage|p2a: Bellossom|180/263|[from] recoil\n|move|p1a: Bellossom|Giga Drain|p2a: Bellossom\n|-resisted|p2a: Bellossom\n|-damage|p2a: Bellossom|143/263\n|-heal|p1a: Bellossom|254/263|[from] drain|[of] p2a: Bellossom\n|\n|-heal|p1a: Bellossom|263/263|[from] item: Leftovers\n|-heal|p2a: Bellossom|159/263|[from] item: Leftovers\n|upkeep\n|turn|85\n|\n|t:|1733915526\n|move|p1a: Bellossom|Strength Sap||[still]\n|-fail|p1a: Bellossom\n|-activate|p2a: Bellossom|move: Struggle\n|move|p2a: Bellossom|Struggle|p1a: Bellossom\n|-damage|p1a: Bellossom|257/263\n|-damage|p2a: Bellossom|93/263|[from] recoil\n|\n|-heal|p2a: Bellossom|109/263|[from] item: Leftovers\n|-heal|p1a: Bellossom|263/263|[from] item: Leftovers\n|upkeep\n|turn|86\n|\n|t:|1733915531\n|-activate|p2a: Bellossom|move: Struggle\n|move|p2a: Bellossom|Struggle|p1a: Bellossom\n|-damage|p1a: Bellossom|257/263\n|-damage|p2a: Bellossom|43/263|[from] recoil\n|move|p1a: Bellossom|Strength Sap||[still]\n|-fail|p1a: Bellossom\n|\n|-heal|p2a: Bellossom|59/263|[from] item: Leftovers\n|-heal|p1a: Bellossom|263/263|[from] item: Leftovers\n|upkeep\n|turn|87\n|\n|t:|1733915534\n|move|p1a: Bellossom|Giga Drain|p2a: Bellossom\n|-resisted|p2a: Bellossom\n|-damage|p2a: Bellossom|26/263\n|-activate|p2a: Bellossom|move: Struggle\n|move|p2a: Bellossom|Struggle|p1a: Bellossom\n|-damage|p1a: Bellossom|256/263\n|-damage|p2a: Bellossom|0 fnt|[from] recoil\n|faint|p2a: Bellossom\n|\n|-heal|p1a: Bellossom|263/263|[from] item: Leftovers\n|upkeep\n|\n|t:|1733915550\n|switch|p2a: Blaziken|Blaziken, L76, F|247/247 slp\n|turn|88\n|\n|t:|1733915552\n|cant|p2a: Blaziken|slp\n|move|p1a: Bellossom|Giga Drain|p2a: Blaziken\n|-resisted|p2a: Blaziken\n|-crit|p2a: Blaziken\n|-damage|p2a: Blaziken|0 fnt\n|faint|p2a: Blaziken\n|\n|upkeep\n|\n|t:|1733915559\n|switch|p2a: Eternatus|Eternatus, L69|308/308\n|-ability|p2a: Eternatus|Pressure\n|turn|89\n|\n|t:|1733915561\n|-activate|p1a: Bellossom|move: Struggle\n|move|p1a: Bellossom|Struggle|p2a: Eternatus\n|-damage|p2a: Eternatus|301/308\n|-damage|p1a: Bellossom|197/263|[from] recoil\n|move|p2a: Eternatus|Meteor Beam||[still]\n|-prepare|p2a: Eternatus|Meteor Beam\n|-boost|p2a: Eternatus|spa|1\n|-enditem|p2a: Eternatus|Power Herb\n|-anim|p2a: Eternatus|Meteor Beam|p1a: Bellossom\n|-resisted|p1a: Bellossom\n|-damage|p1a: Bellossom|183/263\n|\n|-heal|p1a: Bellossom|199/263|[from] item: Leftovers\n|upkeep\n|turn|90\n|\n|t:|1733915565\n|-activate|p1a: Bellossom|move: Struggle\n|move|p1a: Bellossom|Struggle|p2a: Eternatus\n|-damage|p2a: Eternatus|293/308\n|-damage|p1a: Bellossom|133/263|[from] recoil\n|move|p2a: Eternatus|Meteor Beam||[still]\n|-prepare|p2a: Eternatus|Meteor Beam\n|-boost|p2a: Eternatus|spa|1\n|\n|-heal|p1a: Bellossom|149/263|[from] item: Leftovers\n|upkeep\n|turn|91\n|\n|t:|1733915569\n|-activate|p1a: Bellossom|move: Struggle\n|move|p1a: Bellossom|Struggle|p2a: Eternatus\n|-damage|p2a: Eternatus|286/308\n|-damage|p1a: Bellossom|83/263|[from] recoil\n|move|p2a: Eternatus|Meteor Beam|p1a: Bellossom|[from]lockedmove\n|-resisted|p1a: Bellossom\n|-damage|p1a: Bellossom|64/263\n|\n|-heal|p1a: Bellossom|80/263|[from] item: Leftovers\n|upkeep\n|turn|92\n|\n|t:|1733915573\n|-activate|p1a: Bellossom|move: Struggle\n|move|p1a: Bellossom|Struggle|p2a: Eternatus\n|-damage|p2a: Eternatus|280/308\n|-damage|p1a: Bellossom|14/263|[from] recoil\n|move|p2a: Eternatus|Meteor Beam||[still]\n|-prepare|p2a: Eternatus|Meteor Beam\n|-boost|p2a: Eternatus|spa|1\n|\n|-heal|p1a: Bellossom|30/263|[from] item: Leftovers\n|upkeep\n|turn|93\n|\n|t:|1733915576\n|-activate|p1a: Bellossom|move: Struggle\n|move|p1a: Bellossom|Struggle|p2a: Eternatus\n|-damage|p2a: Eternatus|272/308\n|-damage|p1a: Bellossom|0 fnt|[from] recoil\n|faint|p1a: Bellossom\n|move|p2a: Eternatus|Meteor Beam|p1: Bellossom|[from]lockedmove|[notarget]\n|-fail|p2a: Eternatus\n|\n|upkeep\n|\n|t:|1733915598\n|switch|p1a: Qwilfish|Qwilfish-Hisui, L83, M|244/244\n|-ability|p1a: Qwilfish|Intimidate|boost\n|-unboost|p2a: Eternatus|atk|1\n|turn|94\n|\n|t:|1733915604\n|move|p2a: Eternatus|Dynamax Cannon|p1a: Qwilfish\n|-damage|p1a: Qwilfish|15/244\n|move|p1a: Qwilfish|Crunch|p2a: Eternatus\n|-damage|p2a: Eternatus|169/308\n|-unboost|p2a: Eternatus|def|1\n|\n|upkeep\n|turn|95\n|\n|t:|1733915608\n|move|p2a: Eternatus|Sludge Bomb|p1a: Qwilfish\n|-resisted|p1a: Qwilfish\n|-damage|p1a: Qwilfish|0 fnt\n|faint|p1a: Qwilfish\n|\n|upkeep\n|\n|t:|1733915618\n|switch|p1a: Virizion|Virizion, L82|283/283\n|turn|96\n|\n|t:|1733915622\n|move|p1a: Virizion|Close Combat|p2a: Eternatus\n|-resisted|p2a: Eternatus\n|-damage|p2a: Eternatus|47/308\n|-unboost|p1a: Virizion|def|1\n|-unboost|p1a: Virizion|spd|1\n|-damage|p1a: Virizion|255/283|[from] item: Life Orb\n|move|p2a: Eternatus|Sludge Bomb|p1a: Virizion\n|-supereffective|p1a: Virizion\n|-damage|p1a: Virizion|0 fnt\n|faint|p1a: Virizion\n|\n|upkeep\n|\n|t:|1733915625\n|switch|p1a: Crawdaunt|Crawdaunt, L84, F|243/243\n|turn|97\n|\n|t:|1733915630\n|switch|p2a: Electivire|Electivire, L84, F|237/263\n|move|p1a: Crawdaunt|Aqua Jet|p2a: Electivire\n|-damage|p2a: Electivire|130/263\n|-damage|p1a: Crawdaunt|219/243|[from] item: Life Orb\n|\n|upkeep\n|turn|98\n|\n|t:|1733915634\n|switch|p1a: Granbull|Granbull, L88, M|302/302\n|-ability|p1a: Granbull|Intimidate|boost\n|-unboost|p2a: Electivire|atk|1\n|move|p2a: Electivire|Volt Switch|p1a: Granbull\n|-damage|p1a: Granbull|188/302\n|-damage|p2a: Electivire|104/263|[from] item: Life Orb\n|\n|t:|1733915643\n|switch|p2a: Sandaconda|Sandaconda, L84, M|258/258|[from] Volt Switch\n|\n|-heal|p1a: Granbull|206/302|[from] item: Leftovers\n|upkeep\n|turn|99\n|\n|t:|1733915648\n|switch|p1a: Gyarados|Gyarados, L79, F|280/280\n|-ability|p1a: Gyarados|Intimidate|boost\n|-unboost|p2a: Sandaconda|atk|1\n|move|p2a: Sandaconda|Earthquake|p1a: Gyarados\n|-immune|p1a: Gyarados\n|\n|upkeep\n|turn|100\n|\n|t:|1733915654\n|move|p1a: Gyarados|Dragon Dance|p1a: Gyarados\n|-boost|p1a: Gyarados|atk|1\n|-boost|p1a: Gyarados|spe|1\n|move|p2a: Sandaconda|Stone Edge|p1a: Gyarados\n|-supereffective|p1a: Gyarados\n|-damage|p1a: Gyarados|156/280\n|\n|upkeep\n|turn|101\n|\n|t:|1733915658\n|move|p1a: Gyarados|Waterfall|p2a: Sandaconda\n|-supereffective|p2a: Sandaconda\n|-damage|p2a: Sandaconda|42/258\n|move|p2a: Sandaconda|Stone Edge|p1a: Gyarados\n|-supereffective|p1a: Gyarados\n|-damage|p1a: Gyarados|44/280\n|\n|-heal|p2a: Sandaconda|58/258|[from] item: Leftovers\n|upkeep\n|turn|102\n|\n|t:|1733915664\n|move|p1a: Gyarados|Waterfall|p2a: Sandaconda\n|-supereffective|p2a: Sandaconda\n|-crit|p2a: Sandaconda\n|-damage|p2a: Sandaconda|0 fnt\n|faint|p2a: Sandaconda\n|\n|upkeep\n|\n|t:|1733915666\n|switch|p2a: Swampert|Swampert, L83, F|302/302\n|turn|103\n|\n|t:|1733915671\n|move|p1a: Gyarados|Waterfall|p2a: Swampert\n|-damage|p2a: Swampert|169/302\n|move|p2a: Swampert|Knock Off|p1a: Gyarados\n|-damage|p1a: Gyarados|0 fnt\n|-enditem|p1a: Gyarados|Heavy-Duty Boots|[from] move: Knock Off|[of] p2a: Swampert\n|faint|p1a: Gyarados\n|\n|upkeep\n|\n|t:|1733915679\n|switch|p1a: Crawdaunt|Crawdaunt, L84, F|219/243\n|turn|104\n|\n|t:|1733915683\n|move|p2a: Swampert|Earthquake|p1a: Crawdaunt\n|-damage|p1a: Crawdaunt|93/243\n|move|p1a: Crawdaunt|Dragon Dance|p1a: Crawdaunt\n|-boost|p1a: Crawdaunt|atk|1\n|-boost|p1a: Crawdaunt|spe|1\n|\n|upkeep\n|turn|105\n|\n|t:|1733915690\n|move|p1a: Crawdaunt|Knock Off|p2a: Swampert\n|-damage|p2a: Swampert|0 fnt\n|-enditem|p2a: Swampert|Assault Vest|[from] move: Knock Off|[of] p1a: Crawdaunt\n|faint|p2a: Swampert\n|-damage|p1a: Crawdaunt|69/243|[from] item: Life Orb\n|\n|upkeep\n|\n|t:|1733915692\n|switch|p2a: Electivire|Electivire, L84, F|104/263\n|turn|106\n|\n|t:|1733915695\n|move|p1a: Crawdaunt|Aqua Jet|p2a: Electivire\n|-damage|p2a: Electivire|0 fnt\n|faint|p2a: Electivire\n|-damage|p1a: Crawdaunt|45/243|[from] item: Life Orb\n|\n|upkeep\n|\n|t:|1733915699\n|switch|p2a: Eternatus|Eternatus, L69|47/308\n|-ability|p2a: Eternatus|Pressure\n|turn|107\n|\n|t:|1733915702\n|move|p1a: Crawdaunt|Aqua Jet|p2a: Eternatus\n|-resisted|p2a: Eternatus\n|-damage|p2a: Eternatus|0 fnt\n|faint|p2a: Eternatus\n|-damage|p1a: Crawdaunt|21/243|[from] item: Life Orb\n|\n|win|Cheeburbur\n|raw|Cheeburbur's rating: 1907 &rarr; <strong>1927</strong><br />(+20 for winning)\n|raw|gwing's rating: 1900 &rarr; <strong>1880</strong><br />(-20 for losing)\n|l|\u2606gwing\n|player|p2|\n|c|\u2606Cheeburbur|gg\n", "inputlog": ">version bfd83cad13791eb5a5a409923076391caf6fb4d4\n>start {\"formatid\":\"gen9randombattle\",\"seed\":[50377,16439,4341,23832],\"rated\":\"Rated battle\"}\n>player p1 {\"name\":\"Cheeburbur\",\"avatar\":\"zinnia\",\"rating\":1886,\"seed\":[53823,26866,36651,44371]}\n>player p2 {\"name\":\"gwing\",\"avatar\":\"101\",\"rating\":1900,\"seed\":[24712,47825,9901,47703]}\n>p1 move quiverdance\n>p2 move voltswitch\n>p2 switch 5\n>p1 move quiverdance\n>p2 move quiverdance terastallize\n>p1 move sleeppowder terastallize\n>p2 move quiverdance\n>p1 move sleeppowder\n>p2 move gigadrain\n>p1 move sleeppowder\n>p2 switch 3\n>p1 move quiverdance\n>p2 switch 3\n>p1 move gigadrain\n>p2 move quiverdance\n>p1 move gigadrain\n>p2 move quiverdance\n>p1 move gigadrain\n>p2 move strengthsap\n>p1 move quiverdance\n>p2 move quiverdance\n>p1 move quiverdance\n>p2 move quiverdance\n>p1 move quiverdance\n>p2 move quiverdance\n>p1 move gigadrain\n>p2 move quiverdance\n>p1 move gigadrain\n>p2 move quiverdance\n>p1 move strengthsap\n>p2 move quiverdance\n>p1 move sleeppowder\n>p2 move quiverdance\n>p1 move quiverdance\n>p2 move quiverdance\n>p1 move sleeppowder\n>p2 move gigadrain\n>p1 move quiverdance\n>p2 move quiverdance\n>p1 move sleeppowder\n>p2 move quiverdance\n>p1 move strengthsap\n>p2 move quiverdance\n>p1 move sleeppowder\n>p2 move quiverdance\n>p1 move sleeppowder\n>p2 move quiverdance\n>p1 move sleeppowder\n>p2 move quiverdance\n>p1 move sleeppowder\n>p2 move quiverdance\n>p1 move sleeppowder\n>p2 move quiverdance\n>p1 move quiverdance\n>p2 move quiverdance\n>p1 move quiverdance\n>p2 move quiverdance\n>p1 move sleeppowder\n>p2 move quiverdance\n>p1 move strengthsap\n>p2 move quiverdance\n>p1 move quiverdance\n>p2 move quiverdance\n>p1 move sleeppowder\n>p2 move quiverdance\n>p1 move quiverdance\n>p2 move quiverdance\n>p1 move sleeppowder\n>p2 move gigadrain\n>p1 move quiverdance\n>p2 move gigadrain\n>p1 move sleeppowder\n>p2 move gigadrain\n>p1 move quiverdance\n>p2 move gigadrain\n>p1 move gigadrain\n>p2 move gigadrain\n>p1 move gigadrain\n>p2 move gigadrain\n>p1 move strengthsap\n>p2 move gigadrain\n>p1 move sleeppowder\n>p2 move gigadrain\n>p1 move strengthsap\n>p2 move gigadrain\n>p1 move gigadrain\n>p2 move strengthsap\n>p1 move quiverdance\n>p2 move quiverdance\n>p1 move sleeppowder\n>p2 move quiverdance\n>p1 move strengthsap\n>p2 move quiverdance\n>p1 move quiverdance\n>p2 move quiverdance\n>p1 move strengthsap\n>p2 move quiverdance\n>p1 move gigadrain\n>p2 move sludgebomb\n>p1 move strengthsap\n>p2 move gigadrain\n>p1 move quiverdance\n>p2 move strengthsap\n>p1 move quiverdance\n>p2 move strengthsap\n>p1 move quiverdance\n>p2 move strengthsap\n>p1 move quiverdance\n>p2 move strengthsap\n>p1 move quiverdance\n>p2 move strengthsap\n>p1 move quiverdance\n>p2 move sludgebomb\n>p1 move sleeppowder\n>p2 move sludgebomb\n>p1 move gigadrain\n>p2 move sludgebomb\n>p1 move quiverdance\n>p2 move sludgebomb\n>p1 move quiverdance\n>p2 move sludgebomb\n>p1 move quiverdance\n>p2 move sludgebomb\n>p1 move quiverdance\n>p2 move strengthsap\n>p1 move strengthsap\n>p2 move strengthsap\n>p1 move strengthsap\n>p2 move strengthsap\n>p1 move strengthsap\n>p2 move strengthsap\n>p1 move strengthsap\n>p2 move strengthsap\n>p1 move quiverdance\n>p2 move sludgebomb\n>p1 move quiverdance\n>p2 move sludgebomb\n>p1 move quiverdance\n>p2 move sludgebomb\n>p1 move quiverdance\n>p2 move sludgebomb\n>p1 move quiverdance\n>p2 move sludgebomb\n>p1 move sleeppowder\n>p2 move sludgebomb\n>p1 move sleeppowder\n>p2 move sludgebomb\n>p1 move sleeppowder\n>p2 move sludgebomb\n>p1 move sleeppowder\n>p2 move sludgebomb\n>p1 move sleeppowder\n>p2 move strengthsap\n>p1 move sleeppowder\n>p2 move strengthsap\n>p1 move quiverdance\n>p2 move strengthsap\n>p1 move strengthsap\n>p2 move strengthsap\n>p1 move strengthsap\n>p2 move gigadrain\n>p1 move gigadrain\n>p2 move gigadrain\n>p1 move gigadrain\n>p2 move gigadrain\n>p1 move gigadrain\n>p2 move gigadrain\n>p1 move gigadrain\n>p2 move struggle\n>p1 move strengthsap\n>p2 move struggle\n>p1 move strengthsap\n>p2 move struggle\n>p1 move gigadrain\n>p2 move struggle\n>p2 switch 3\n>p1 move gigadrain\n>p2 move protect\n>p2 switch 2\n>p1 move struggle\n>p2 move meteorbeam\n>p1 move struggle\n>p2 move meteorbeam\n>p1 move struggle\n>p2 move meteorbeam\n>p1 move struggle\n>p2 move meteorbeam\n>p1 move struggle\n>p2 move meteorbeam\n>p1 switch 5\n>p1 move crunch\n>p2 move dynamaxcannon\n>p1 move crunch\n>p2 move sludgebomb\n>p1 switch 2\n>p1 move closecombat\n>p2 move sludgebomb\n>p1 switch 6\n>p1 move aquajet\n>p2 switch 5\n>p1 switch 3\n>p2 move voltswitch\n>p2 switch 6\n>p1 switch 4\n>p2 move earthquake\n>p1 move dragondance\n>p2 move stoneedge\n>p1 move waterfall\n>p2 move stoneedge\n>p1 move waterfall\n>p2 move stoneedge\n>p2 switch 4\n>p1 move waterfall\n>p2 move knockoff\n>p1 switch 3\n>p1 move dragondance\n>p2 move earthquake\n>p1 move knockoff\n>p2 move earthquake\n>p2 switch 6\n>p1 move aquajet\n>p2 move voltswitch\n>p2 switch 5\n>p1 move aquajet\n>p2 move sludgebomb", "uploadtime": 1733915717, "views": 11, "formatid": "gen9randombattle", "rating": 1880, "private": 0, "password": null}