{"id": "gen9randombattle-2260872570", "format": "[Gen 9] Random Battle", "players": ["Shebsss", "Ugvyytttfcdddc"], "log": "|j|\u2606Shebsss\n|j|\u2606Ugvyytttfcdddc\n|t:|1733908354\n|gametype|singles\n|player|p1|Shebsss|170|1236\n|player|p2|Ugvyytttfcdddc|dawn|1224\n|teamsize|p1|6\n|teamsize|p2|6\n|gen|9\n|tier|[Gen 9] Random Battle\n|rated|\n|rule|Species Clause: Limit one of each Pok\u00e9mon\n|rule|HP Percentage Mod: HP is shown in percentages\n|rule|Sleep Clause Mod: Limit one foe put to sleep\n|rule|Illusion Level Mod: Illusion disguises the Pok\u00e9mon's true level\n|\n|t:|1733908354\n|start\n|switch|p1a: Dialga|Dialga, L73|266/266\n|switch|p2a: Mandibuzz|Mandibuzz, L85, F|326/326\n|-ability|p1a: Dialga|Pressure\n|turn|1\n|\n|t:|1733908379\n|move|p2a: Mandibuzz|Foul Play|p1a: Dialga\n|-damage|p1a: Dialga|166/266\n|move|p1a: Dialga|Stealth Rock|p2a: Mandibuzz\n|-sidestart|p2: Ugvyytttfcdddc|move: Stealth Rock\n|\n|-heal|p1a: Dialga|182/266|[from] item: Leftovers\n|upkeep\n|turn|2\n|\n|t:|1733908389\n|move|p2a: Mandibuzz|Defog|p1a: Dialga\n|-unboost|p1a: Dialga|evasion|1\n|-sideend|p2: Ugvyytttfcdddc|Stealth Rock|[from] move: Defog|[of] p2a: Mandibuzz\n|move|p1a: Dialga|Draco Meteor|p2a: Mandibuzz|[miss]\n|-miss|p1a: Dialga|p2a: Mandibuzz\n|\n|-heal|p1a: Dialga|198/266|[from] item: Leftovers\n|upkeep\n|turn|3\n|\n|t:|1733908398\n|move|p2a: Mandibuzz|Foul Play|p1a: Dialga\n|-damage|p1a: Dialga|93/266\n|move|p1a: Dialga|Draco Meteor|p2a: Mandibuzz\n|-damage|p2a: Mandibuzz|197/326\n|-unboost|p1a: Dialga|spa|2\n|\n|-heal|p1a: Dialga|109/266|[from] item: Leftovers\n|upkeep\n|turn|4\n|\n|t:|1733908416\n|move|p2a: Mandibuzz|Foul Play|p1a: Dialga\n|-damage|p1a: Dialga|10/266\n|move|p1a: Dialga|Heavy Slam|p2a: Mandibuzz\n|-damage|p2a: Mandibuzz|97/326\n|\n|-heal|p1a: Dialga|26/266|[from] item: Leftovers\n|upkeep\n|turn|5\n|\n|t:|1733908425\n|move|p2a: Mandibuzz|Foul Play|p1a: Dialga\n|-damage|p1a: Dialga|0 fnt\n|faint|p1a: Dialga\n|\n|upkeep\n|\n|t:|1733908450\n|switch|p1a: Ninetales|Ninetales-Alola, L78, F|242/242\n|-weather|Snow|[from] ability: Snow Warning|[of] p1a: Ninetales\n|turn|6\n|\n|t:|1733908459\n|move|p1a: Ninetales|Moonblast|p2a: Mandibuzz\n|-supereffective|p2a: Mandibuzz\n|-damage|p2a: Mandibuzz|0 fnt\n|faint|p2a: Mandibuzz\n|\n|-weather|Snow|[upkeep]\n|upkeep\n|\n|t:|1733908464\n|switch|p2a: Grumpig|Grumpig, L92, M|297/297\n|turn|7\n|\n|t:|1733908471\n|move|p2a: Grumpig|Trick|p1a: Ninetales\n|-activate|p2a: Grumpig|move: Trick|[of] p1a: Ninetales\n|-item|p1a: Ninetales|Choice Scarf|[from] move: Trick\n|-item|p2a: Grumpig|Light Clay|[from] move: Trick\n|move|p1a: Ninetales|Blizzard|p2a: Grumpig\n|-damage|p2a: Grumpig|260/297\n|\n|-weather|Snow|[upkeep]\n|upkeep\n|turn|8\n|\n|t:|1733908520\n|switch|p1a: Torkoal|Torkoal, L88, F|266/266\n|-weather|SunnyDay|[from] ability: Drought|[of] p1a: Torkoal\n|move|p2a: Grumpig|Psychic|p1a: Torkoal\n|-damage|p1a: Torkoal|140/266\n|\n|-weather|SunnyDay|[upkeep]\n|upkeep\n|turn|9\n|\n|t:|1733908530\n|move|p2a: Grumpig|Earth Power|p1a: Torkoal\n|-supereffective|p1a: Torkoal\n|-damage|p1a: Torkoal|0 fnt\n|faint|p1a: Torkoal\n|\n|-weather|SunnyDay|[upkeep]\n|upkeep\n|\n|t:|1733908545\n|switch|p1a: Eiscue|Eiscue, L88, M|272/272\n|turn|10\n|\n|t:|1733908552\n|move|p2a: Grumpig|Trick|p1a: Eiscue\n|-activate|p2a: Grumpig|move: Trick|[of] p1a: Eiscue\n|-item|p1a: Eiscue|Light Clay|[from] move: Trick\n|-item|p2a: Grumpig|Salac Berry|[from] move: Trick\n|move|p1a: Eiscue|Belly Drum|p1a: Eiscue\n|-damage|p1a: Eiscue|136/272\n|-setboost|p1a: Eiscue|atk|6|[from] move: Belly Drum\n|\n|-weather|SunnyDay|[upkeep]\n|upkeep\n|turn|11\n|\n|t:|1733908565\n|move|p2a: Grumpig|Focus Blast|p1a: Eiscue\n|-supereffective|p1a: Eiscue\n|-damage|p1a: Eiscue|0 fnt\n|faint|p1a: Eiscue\n|\n|-weather|SunnyDay|[upkeep]\n|upkeep\n|-message|Shebsss forfeited.\n|\n|win|Ugvyytttfcdddc\n|raw|Shebsss's rating: 1236 &rarr; <strong>1210</strong><br />(-26 for losing)\n|raw|Ugvyytttfcdddc's rating: 1224 &rarr; <strong>1250</strong><br />(+26 for winning)\n|l|\u2606Shebsss\n|player|p1|\n", "inputlog": ">version bfd83cad13791eb5a5a409923076391caf6fb4d4\n>start {\"formatid\":\"gen9randombattle\",\"seed\":[44994,45196,11539,45676],\"rated\":\"Rated battle\"}\n>player p1 {\"name\":\"Shebsss\",\"avatar\":\"170\",\"rating\":1236,\"seed\":[44157,34336,50950,3452]}\n>player p2 {\"name\":\"Ugvyytttfcdddc\",\"avatar\":\"dawn\",\"rating\":1224,\"seed\":[61980,54854,51760,51409]}\n>p1 move stealthrock\n>p2 move foulplay\n>p1 move dracometeor\n>p2 move defog\n>p1 move dracometeor\n>p2 move foulplay\n>p1 move heavyslam\n>p2 move foulplay\n>p1 move heavyslam\n>p2 move foulplay\n>p1 switch 2\n>p1 move moonblast\n>p2 move uturn\n>p2 switch 5\n>p1 move blizzard\n>p2 move trick\n>p1 switch 6\n>p2 move psychic\n>p1 move yawn\n>p2 move earthpower\n>p1 switch 5\n>p1 move bellydrum\n>p2 move trick\n>p1 move substitute\n>p2 move focusblast\n>forcelose p1", "uploadtime": 1733908577, "views": 1, "formatid": "gen9randombattle", "rating": 1210, "private": 0, "password": null}