{"id": "gen9randombattle-2260649541", "format": "[Gen 9] Random Battle", "players": ["illuminaKiwii", "safan41"], "log": "|j|\u2606illuminaKiwii\n|j|\u2606safan41\n|t:|1733873728\n|gametype|singles\n|player|p1|illuminaKiwii|acetrainerf-gen4dp|1173\n|player|p2|safan41|2|1168\n|teamsize|p1|6\n|teamsize|p2|6\n|gen|9\n|tier|[Gen 9] Random Battle\n|rated|\n|rule|Species Clause: Limit one of each Pok\u00e9mon\n|rule|HP Percentage Mod: HP is shown in percentages\n|rule|Sleep Clause Mod: Limit one foe put to sleep\n|rule|Illusion Level Mod: Illusion disguises the Pok\u00e9mon's true level\n|\n|t:|1733873728\n|start\n|switch|p1a: Necrozma|Necrozma-Dusk-Mane, L69|248/248\n|switch|p2a: Cinccino|Cinccino, L83, F|260/260\n|turn|1\n|inactive|Battle timer is ON: inactive players will automatically lose when time's up. (requested by illuminaKiwii)\n|\n|t:|1733873743\n|move|p2a: Cinccino|U-turn|p1a: Necrozma\n|-damage|p1a: Necrozma|204/248\n|\n|t:|1733873765\n|switch|p2a: Hydrapple|Hydrapple, L83, F|312/312|[from] U-turn\n|move|p1a: Necrozma|Dragon Dance|p1a: Necrozma\n|-boost|p1a: Necrozma|atk|1\n|-boost|p1a: Necrozma|spe|1\n|\n|upkeep\n|turn|2\n|\n|t:|1733873779\n|move|p1a: Necrozma|Photon Geyser|p2a: Hydrapple\n|-damage|p2a: Hydrapple|170/312\n|move|p2a: Hydrapple|Nasty Plot|p2a: Hydrapple\n|-boost|p2a: Hydrapple|spa|2\n|\n|-heal|p2a: Hydrapple|189/312|[from] item: Leftovers\n|upkeep\n|turn|3\n|\n|t:|1733873791\n|switch|p1a: Hawlucha|Hawlucha, L80, F|256/256\n|move|p2a: Hydrapple|Fickle Beam|p1a: Hawlucha|[anim] Fickle Beam All Out\n|-activate|p2a: Hydrapple|move: Fickle Beam\n|-crit|p1a: Hawlucha\n|-damage|p1a: Hawlucha|0 fnt\n|faint|p1a: Hawlucha\n|\n|-heal|p2a: Hydrapple|208/312|[from] item: Leftovers\n|upkeep\n|\n|t:|1733873797\n|switch|p1a: Zacian|Zacian-Crowned, L64|225/225\n|-ability|p1a: Zacian|Intrepid Sword|boost\n|-boost|p1a: Zacian|atk|1\n|turn|4\n|inactive|safan41 has 120 seconds left.\n|\n|t:|1733873840\n|move|p1a: Zacian|Play Rough|p2a: Hydrapple\n|-supereffective|p2a: Hydrapple\n|-damage|p2a: Hydrapple|22/312\n|move|p2a: Hydrapple|Giga Drain|p1a: Zacian\n|-resisted|p1a: Zacian\n|-damage|p1a: Zacian|134/225\n|-heal|p2a: Hydrapple|68/312|[from] drain|[of] p1a: Zacian\n|\n|-heal|p2a: Hydrapple|87/312|[from] item: Leftovers\n|upkeep\n|turn|5\n|inactive|safan41 has 90 seconds left.\n|\n|t:|1733873869\n|-terastallize|p2a: Hydrapple|Steel\n|move|p1a: Zacian|Behemoth Blade|p2a: Hydrapple\n|-resisted|p2a: Hydrapple\n|-damage|p2a: Hydrapple|30/312\n|move|p2a: Hydrapple|Recover|p2a: Hydrapple\n|-heal|p2a: Hydrapple|186/312\n|\n|-heal|p2a: Hydrapple|205/312|[from] item: Leftovers\n|upkeep\n|turn|6\n|\n|t:|1733873878\n|-terastallize|p1a: Zacian|Fighting\n|move|p1a: Zacian|Close Combat|p2a: Hydrapple\n|-supereffective|p2a: Hydrapple\n|-crit|p2a: Hydrapple\n|-damage|p2a: Hydrapple|0 fnt\n|-unboost|p1a: Zacian|def|1\n|-unboost|p1a: Zacian|spd|1\n|faint|p2a: Hydrapple\n|\n|upkeep\n|inactive|safan41 has 90 seconds left.\n|\n|t:|1733873900\n|switch|p2a: Greninja|Greninja, L80, M|246/246\n|turn|7\n|\n|t:|1733873922\n|switch|p1a: Crabominable|Crabominable, L90, F|321/321\n|move|p2a: Greninja|Grass Knot|p1a: Crabominable\n|-start|p2a: Greninja|typechange|Grass|[from] ability: Protean\n|-damage|p1a: Crabominable|207/321\n|\n|upkeep\n|turn|8\n|\n|t:|1733873940\n|switch|p2a: Granbull|Granbull, L88, F|302/302\n|-ability|p2a: Granbull|Intimidate|boost\n|-unboost|p1a: Crabominable|atk|1\n|move|p1a: Crabominable|Ice Hammer|p2a: Granbull\n|-damage|p2a: Granbull|161/302\n|-unboost|p1a: Crabominable|spe|1\n|\n|-heal|p2a: Granbull|179/302|[from] item: Leftovers\n|upkeep\n|turn|9\n|\n|t:|1733873956\n|switch|p1a: Necrozma|Necrozma-Dusk-Mane, L69|204/248\n|move|p2a: Granbull|Earthquake|p1a: Necrozma\n|-supereffective|p1a: Necrozma\n|-damage|p1a: Necrozma|81/248\n|-enditem|p1a: Necrozma|Weakness Policy\n|-boost|p1a: Necrozma|atk|2|[from] item: Weakness Policy\n|-boost|p1a: Necrozma|spa|2|[from] item: Weakness Policy\n|\n|-heal|p2a: Granbull|197/302|[from] item: Leftovers\n|upkeep\n|turn|10\n|\n|t:|1733873974\n|move|p1a: Necrozma|Sunsteel Strike|p2a: Granbull\n|-supereffective|p2a: Granbull\n|-damage|p2a: Granbull|0 fnt\n|faint|p2a: Granbull\n|\n|upkeep\n|\n|t:|1733873980\n|switch|p2a: Cinccino|Cinccino, L83, F|260/260\n|turn|11\n|\n|t:|1733873989\n|move|p2a: Cinccino|Tail Slap|p1a: Necrozma\n|-resisted|p1a: Necrozma\n|-damage|p1a: Necrozma|63/248\n|-resisted|p1a: Necrozma\n|-damage|p1a: Necrozma|46/248\n|-resisted|p1a: Necrozma\n|-damage|p1a: Necrozma|27/248\n|-resisted|p1a: Necrozma\n|-crit|p1a: Necrozma\n|-damage|p1a: Necrozma|0 fnt\n|faint|p1a: Necrozma\n|-hitcount|p1: Necrozma|4\n|\n|upkeep\n|inactive|illuminaKiwii has 120 seconds left.\n|\n|t:|1733874029\n|switch|p1a: Munkidori|Munkidori, L79, M|269/269\n|turn|12\n|inactive|safan41 has 60 seconds left.\n|\n|t:|1733874062\n|move|p2a: Cinccino|Tail Slap|p1a: Munkidori\n|-damage|p1a: Munkidori|220/269\n|-damage|p1a: Munkidori|168/269\n|-damage|p1a: Munkidori|117/269\n|-damage|p1a: Munkidori|62/269\n|-damage|p1a: Munkidori|16/269\n|-hitcount|p1a: Munkidori|5\n|move|p1a: Munkidori|Focus Blast|p2a: Cinccino\n|-supereffective|p2a: Cinccino\n|-damage|p2a: Cinccino|0 fnt\n|faint|p2a: Cinccino\n|-damage|p1a: Munkidori|0 fnt|[from] item: Life Orb\n|faint|p1a: Munkidori\n|\n|upkeep\n|inactive|safan41 has 60 seconds left.\n|\n|t:|1733874075\n|switch|p2a: Greninja|Greninja, L80, M|246/246\n|switch|p1a: Darkrai|Darkrai, L77|234/234\n|turn|13\n|inactive|safan41 has 60 seconds left.\n|\n|t:|1733874085\n|move|p2a: Greninja|Hydro Pump|p1a: Darkrai|[miss]\n|-start|p2a: Greninja|typechange|Water|[from] ability: Protean\n|-miss|p2a: Greninja|p1a: Darkrai\n|move|p1a: Darkrai|Dark Pulse|p2a: Greninja\n|-damage|p2a: Greninja|100/246\n|-damage|p1a: Darkrai|211/234|[from] item: Life Orb\n|\n|upkeep\n|turn|14\n|\n|t:|1733874093\n|move|p2a: Greninja|Hydro Pump|p1a: Darkrai\n|-damage|p1a: Darkrai|43/234\n|move|p1a: Darkrai|Dark Pulse|p2a: Greninja\n|-damage|p2a: Greninja|0 fnt\n|faint|p2a: Greninja\n|-damage|p1a: Darkrai|20/234|[from] item: Life Orb\n|\n|upkeep\n|inactive|safan41 has 60 seconds left.\n|\n|t:|1733874108\n|switch|p2a: Articuno|Articuno, L86|295/295\n|-ability|p2a: Articuno|Pressure\n|turn|15\n|\n|t:|1733874115\n|move|p1a: Darkrai|Dark Pulse|p2a: Articuno\n|-damage|p2a: Articuno|205/295\n|-damage|p1a: Darkrai|0 fnt|[from] item: Life Orb\n|faint|p1a: Darkrai\n|move|p2a: Articuno|Roost|p2a: Articuno\n|-heal|p2a: Articuno|295/295\n|-singleturn|p2a: Articuno|move: Roost\n|\n|upkeep\n|\n|t:|1733874123\n|switch|p1a: Zacian|Zacian-Crowned, L64, tera:Fighting|134/225\n|turn|16\n|\n|t:|1733874130\n|move|p1a: Zacian|Behemoth Blade|p2a: Articuno\n|-supereffective|p2a: Articuno\n|-damage|p2a: Articuno|127/295\n|move|p2a: Articuno|Brave Bird|p1a: Zacian\n|-supereffective|p1a: Zacian\n|-damage|p1a: Zacian|0 fnt\n|faint|p1a: Zacian\n|-damage|p2a: Articuno|83/295|[from] Recoil\n|\n|upkeep\n|\n|t:|1733874134\n|switch|p1a: Crabominable|Crabominable, L90, F|207/321\n|turn|17\n|inactive|safan41 has 90 seconds left.\n|\n|t:|1733874142\n|move|p2a: Articuno|Roost|p2a: Articuno\n|-heal|p2a: Articuno|231/295\n|-singleturn|p2a: Articuno|move: Roost\n|move|p1a: Crabominable|Drain Punch|p2a: Articuno\n|-supereffective|p2a: Articuno\n|-damage|p2a: Articuno|0 fnt\n|-heal|p1a: Crabominable|321/321|[from] drain|[of] p2a: Articuno\n|faint|p2a: Articuno\n|\n|upkeep\n|inactive|safan41 has 90 seconds left.\n|\n|t:|1733874151\n|switch|p2a: Glalie|Glalie, L96, F|309/309\n|turn|18\n|inactive|illuminaKiwii has 120 seconds left.\n|\n|t:|1733874191\n|move|p2a: Glalie|Disable|p1a: Crabominable\n|-start|p1a: Crabominable|Disable|Drain Punch\n|cant|p1a: Crabominable|Disable|Drain Punch\n|\n|upkeep\n|turn|19\n|inactive|safan41 has 90 seconds left.\n|inactive|safan41 has 60 seconds left.\n|\n|t:|1733874251\n|move|p2a: Glalie|Earthquake|p1a: Crabominable\n|-damage|p1a: Crabominable|238/321\n|move|p1a: Crabominable|Knock Off|p2a: Glalie\n|-damage|p2a: Glalie|211/309\n|-enditem|p2a: Glalie|Heavy-Duty Boots|[from] move: Knock Off|[of] p1a: Crabominable\n|\n|upkeep\n|turn|20\n|\n|t:|1733874261\n|move|p2a: Glalie|Earthquake|p1a: Crabominable\n|-damage|p1a: Crabominable|157/321\n|move|p1a: Crabominable|Knock Off|p2a: Glalie\n|-damage|p2a: Glalie|152/309\n|\n|upkeep\n|turn|21\n|inactive|safan41 has 60 seconds left.\n|\n|t:|1733874267\n|move|p2a: Glalie|Earthquake|p1a: Crabominable\n|-damage|p1a: Crabominable|77/321\n|move|p1a: Crabominable|Earthquake|p2a: Glalie\n|-damage|p2a: Glalie|47/309\n|\n|-end|p1a: Crabominable|Disable\n|upkeep\n|turn|22\n|\n|t:|1733874273\n|move|p2a: Glalie|Earthquake|p1a: Crabominable\n|-crit|p1a: Crabominable\n|-damage|p1a: Crabominable|0 fnt\n|faint|p1a: Crabominable\n|\n|win|safan41\n|raw|illuminaKiwii's rating: 1173 &rarr; <strong>1148</strong><br />(-25 for losing)\n|raw|safan41's rating: 1168 &rarr; <strong>1193</strong><br />(+25 for winning)\n|l|\u2606illuminaKiwii\n|player|p1|\n", "inputlog": ">version bfd83cad13791eb5a5a409923076391caf6fb4d4\n>start {\"formatid\":\"gen9randombattle\",\"seed\":[60639,62258,30080,40286],\"rated\":\"Rated battle\"}\n>player p1 {\"name\":\"illuminaKiwii\",\"avatar\":\"acetrainerf-gen4dp\",\"rating\":1173,\"seed\":[63343,1556,18585,57576]}\n>player p2 {\"name\":\"safan41\",\"avatar\":\"2\",\"rating\":1168,\"seed\":[38898,18188,53185,32357]}\n>p1 move dragondance\n>p2 move uturn\n>p2 switch 2\n>p1 move photongeyser\n>p2 move nastyplot\n>p1 switch 6\n>p2 move ficklebeam\n>p1 switch 4\n>p1 move playrough\n>p2 move gigadrain\n>p1 move behemothblade\n>p2 move recover terastallize\n>p1 move closecombat terastallize\n>p2 move recover\n>p2 switch 3\n>p1 switch 3\n>p2 move grassknot\n>p1 move icehammer\n>p2 switch 6\n>p1 switch 6\n>p2 move earthquake\n>p1 move sunsteelstrike\n>p2 move roar\n>p2 switch 2\n>p1 move sunsteelstrike\n>p2 move tailslap\n>p1 switch 2\n>p1 move focusblast\n>p2 move tailslap\n>p1 switch 5\n>p2 switch 6\n>p1 move darkpulse\n>p2 move hydropump\n>p1 move darkpulse\n>p2 move hydropump\n>p2 switch 5\n>p1 move darkpulse\n>p2 move roost\n>p1 switch 3\n>p1 move behemothblade\n>p2 move bravebird\n>p1 switch 6\n>p1 move drainpunch\n>p2 move roost\n>p2 switch 4\n>p1 move drainpunch\n>p2 move disable\n>p1 move knockoff\n>p2 move earthquake\n>p1 move knockoff\n>p2 move earthquake\n>p1 move earthquake\n>p2 move earthquake\n>p1 move drainpunch\n>p2 move earthquake", "uploadtime": 1733874281, "views": 1, "formatid": "gen9randombattle", "rating": 1148, "private": 0, "password": null}