{"id": "gen9randombattle-2260899042", "format": "[Gen 9] Random Battle", "players": ["yytrrfhu", "Soulelimen"], "log": "|j|\u2606yytrrfhu\n|j|\u2606Soulelimen\n|t:|1733913248\n|gametype|singles\n|player|p1|yytrrfhu|1|1040\n|player|p2|Soulelimen|169|1075\n|teamsize|p1|6\n|teamsize|p2|6\n|gen|9\n|tier|[Gen 9] Random Battle\n|rated|\n|rule|Species Clause: Limit one of each Pok\u00e9mon\n|rule|HP Percentage Mod: HP is shown in percentages\n|rule|Sleep Clause Mod: Limit one foe put to sleep\n|rule|Illusion Level Mod: Illusion disguises the Pok\u00e9mon's true level\n|\n|t:|1733913248\n|start\n|switch|p1a: Kingambit|Kingambit, L74, F|270/270\n|switch|p2a: Arbok|Arbok, L87, F|246/246\n|-ability|p2a: Arbok|Intimidate|boost\n|-unboost|p1a: Kingambit|atk|1\n|turn|1\n|\n|t:|1733913269\n|-end|p1a: Kingambit|fallenundefined|[silent]\n|switch|p1a: Golurk|Golurk, L87|297/297\n|move|p2a: Arbok|Coil|p2a: Arbok\n|-boost|p2a: Arbok|atk|1\n|-boost|p2a: Arbok|def|1\n|-boost|p2a: Arbok|accuracy|1\n|\n|upkeep\n|turn|2\n|\n|t:|1733913280\n|-terastallize|p2a: Arbok|Dark\n|move|p2a: Arbok|Sucker Punch|p1a: Golurk\n|-supereffective|p1a: Golurk\n|-damage|p1a: Golurk|0 fnt\n|faint|p1a: Golurk\n|-damage|p2a: Arbok|222/246|[from] item: Life Orb\n|\n|upkeep\n|\n|t:|1733913298\n|switch|p1a: Gothitelle|Gothitelle, L90, M|272/272\n|turn|3\n|\n|t:|1733913305\n|move|p2a: Arbok|Sucker Punch||[still]\n|-fail|p2a: Arbok\n|move|p1a: Gothitelle|Thunder Wave|p2a: Arbok\n|-status|p2a: Arbok|par\n|\n|upkeep\n|turn|4\n|\n|t:|1733913310\n|move|p2a: Arbok|Sucker Punch|p1a: Gothitelle\n|-supereffective|p1a: Gothitelle\n|-damage|p1a: Gothitelle|0 fnt\n|faint|p1a: Gothitelle\n|-damage|p2a: Arbok|198/246 par|[from] item: Life Orb\n|\n|upkeep\n|\n|t:|1733913315\n|switch|p1a: Iron Valiant|Iron Valiant, L78|244/244\n|turn|5\n|inactive|Battle timer is ON: inactive players will automatically lose when time's up. (requested by yytrrfhu)\n|inactive|Soulelimen has 120 seconds left.\n|\n|t:|1733913381\n|move|p1a: Iron Valiant|Swords Dance|p1a: Iron Valiant\n|-boost|p1a: Iron Valiant|atk|2\n|cant|p2a: Arbok|par\n|\n|upkeep\n|turn|6\n|\n|t:|1733913393\n|-terastallize|p1a: Iron Valiant|Fighting\n|move|p1a: Iron Valiant|Spirit Break|p2a: Arbok\n|-supereffective|p2a: Arbok\n|-damage|p2a: Arbok|0 fnt\n|faint|p2a: Arbok\n|-damage|p1a: Iron Valiant|220/244|[from] item: Life Orb\n|\n|upkeep\n|inactive|Soulelimen has 120 seconds left.\n|\n|t:|1733913446\n|switch|p2a: Lumineon|Lumineon, L93, F|279/279\n|turn|7\n|\n|t:|1733913465\n|move|p1a: Iron Valiant|Close Combat|p2a: Lumineon\n|-damage|p2a: Lumineon|0 fnt\n|-unboost|p1a: Iron Valiant|def|1\n|-unboost|p1a: Iron Valiant|spd|1\n|faint|p2a: Lumineon\n|-damage|p1a: Iron Valiant|196/244|[from] item: Life Orb\n|\n|upkeep\n|\n|t:|1733913472\n|switch|p2a: Corviknight|Corviknight, L80, F|288/288\n|-ability|p2a: Corviknight|Pressure\n|turn|8\n|\n|t:|1733913484\n|move|p1a: Iron Valiant|Knock Off|p2a: Corviknight\n|-damage|p2a: Corviknight|120/288\n|-enditem|p2a: Corviknight|Leftovers|[from] move: Knock Off|[of] p1a: Iron Valiant\n|-damage|p1a: Iron Valiant|172/244|[from] item: Life Orb\n|move|p2a: Corviknight|Brave Bird|p1a: Iron Valiant\n|-supereffective|p1a: Iron Valiant\n|-damage|p1a: Iron Valiant|0 fnt\n|faint|p1a: Iron Valiant\n|-end|p1a: Iron Valiant|Quark Drive|[silent]\n|-damage|p2a: Corviknight|63/288|[from] Recoil\n|\n|upkeep\n|\n|t:|1733913496\n|switch|p1a: Kingambit|Kingambit, L74, F|270/270\n|-activate|p1a: Kingambit|ability: Supreme Overlord\n|-start|p1a: Kingambit|fallen3|[silent]\n|turn|9\n|\n|t:|1733913500\n|move|p2a: Corviknight|Roost|p2a: Corviknight\n|-heal|p2a: Corviknight|207/288\n|-singleturn|p2a: Corviknight|move: Roost\n|move|p1a: Kingambit|Kowtow Cleave|p2a: Corviknight\n|-damage|p2a: Corviknight|102/288\n|\n|upkeep\n|turn|10\n|\n|t:|1733913507\n|move|p2a: Corviknight|Roost|p2a: Corviknight\n|-heal|p2a: Corviknight|246/288\n|-singleturn|p2a: Corviknight|move: Roost\n|move|p1a: Kingambit|Swords Dance|p1a: Kingambit\n|-boost|p1a: Kingambit|atk|2\n|\n|upkeep\n|turn|11\n|\n|t:|1733913511\n|move|p2a: Corviknight|Body Press|p1a: Kingambit\n|-supereffective|p1a: Kingambit\n|-damage|p1a: Kingambit|78/270\n|move|p1a: Kingambit|Kowtow Cleave|p2a: Corviknight\n|-damage|p2a: Corviknight|12/288\n|\n|-heal|p1a: Kingambit|94/270|[from] item: Leftovers\n|upkeep\n|turn|12\n|\n|t:|1733913535\n|move|p1a: Kingambit|Sucker Punch|p2a: Corviknight\n|-damage|p2a: Corviknight|0 fnt\n|faint|p2a: Corviknight\n|\n|-heal|p1a: Kingambit|110/270|[from] item: Leftovers\n|upkeep\n|\n|t:|1733913555\n|switch|p2a: Rotom|Rotom, L88|231/231\n|turn|13\n|\n|t:|1733913570\n|move|p1a: Kingambit|Sucker Punch||[still]\n|-fail|p1a: Kingambit\n|move|p2a: Rotom|Will-O-Wisp|p1a: Kingambit\n|-status|p1a: Kingambit|brn\n|\n|-heal|p1a: Kingambit|126/270 brn|[from] item: Leftovers\n|-damage|p1a: Kingambit|110/270 brn|[from] brn\n|upkeep\n|turn|14\n|inactive|Soulelimen has 120 seconds left.\n|inactive|Soulelimen has 90 seconds left.\n|\n|t:|1733913639\n|move|p1a: Kingambit|Sucker Punch||[still]\n|-fail|p1a: Kingambit\n|move|p2a: Rotom|Nasty Plot|p2a: Rotom\n|-boost|p2a: Rotom|spa|2\n|\n|-heal|p1a: Kingambit|126/270 brn|[from] item: Leftovers\n|-damage|p1a: Kingambit|110/270 brn|[from] brn\n|upkeep\n|turn|15\n|inactive|Soulelimen has 90 seconds left.\n|inactive|yytrrfhu has 120 seconds left.\n|\n|t:|1733913665\n|move|p2a: Rotom|Nasty Plot|p2a: Rotom\n|-boost|p2a: Rotom|spa|2\n|move|p1a: Kingambit|Swords Dance|p1a: Kingambit\n|-boost|p1a: Kingambit|atk|2\n|\n|-heal|p1a: Kingambit|126/270 brn|[from] item: Leftovers\n|-damage|p1a: Kingambit|110/270 brn|[from] brn\n|upkeep\n|turn|16\n|\n|t:|1733913670\n|move|p1a: Kingambit|Sucker Punch||[still]\n|-fail|p1a: Kingambit\n|move|p2a: Rotom|Nasty Plot|p2a: Rotom\n|-boost|p2a: Rotom|spa|2\n|\n|-heal|p1a: Kingambit|126/270 brn|[from] item: Leftovers\n|-damage|p1a: Kingambit|110/270 brn|[from] brn\n|upkeep\n|turn|17\n|\n|t:|1733913673\n|move|p1a: Kingambit|Sucker Punch||[still]\n|-fail|p1a: Kingambit\n|move|p2a: Rotom|Nasty Plot|p2a: Rotom\n|-boost|p2a: Rotom|spa|0\n|\n|-heal|p1a: Kingambit|126/270 brn|[from] item: Leftovers\n|-damage|p1a: Kingambit|110/270 brn|[from] brn\n|upkeep\n|turn|18\n|\n|t:|1733913695\n|move|p2a: Rotom|Nasty Plot|p2a: Rotom\n|-boost|p2a: Rotom|spa|0\n|move|p1a: Kingambit|Swords Dance|p1a: Kingambit\n|-boost|p1a: Kingambit|atk|2\n|\n|-heal|p1a: Kingambit|126/270 brn|[from] item: Leftovers\n|-damage|p1a: Kingambit|110/270 brn|[from] brn\n|upkeep\n|turn|19\n|\n|t:|1733913704\n|move|p2a: Rotom|Nasty Plot|p2a: Rotom\n|-boost|p2a: Rotom|spa|0\n|move|p1a: Kingambit|Kowtow Cleave|p2a: Rotom\n|-supereffective|p2a: Rotom\n|-damage|p2a: Rotom|0 fnt\n|faint|p2a: Rotom\n|\n|-heal|p1a: Kingambit|126/270 brn|[from] item: Leftovers\n|-damage|p1a: Kingambit|110/270 brn|[from] brn\n|upkeep\n|\n|t:|1733913710\n|switch|p2a: Umbreon|Umbreon, L84, M|297/297\n|turn|20\n|\n|t:|1733913714\n|move|p1a: Kingambit|Sucker Punch|p2a: Umbreon\n|-resisted|p2a: Umbreon\n|-damage|p2a: Umbreon|209/297\n|move|p2a: Umbreon|Foul Play|p1a: Kingambit\n|-resisted|p1a: Kingambit\n|-damage|p1a: Kingambit|0 fnt\n|faint|p1a: Kingambit\n|-end|p1a: Kingambit|fallen3|[silent]\n|\n|-heal|p2a: Umbreon|227/297|[from] item: Leftovers\n|upkeep\n|\n|t:|1733913719\n|switch|p1a: Scizor|Scizor, L79, F|240/240\n|turn|21\n|inactive|Soulelimen has 120 seconds left.\n|\n|t:|1733913725\n|move|p2a: Umbreon|Foul Play|p1a: Scizor\n|-damage|p1a: Scizor|123/240\n|move|p1a: Scizor|Knock Off|p2a: Umbreon\n|-resisted|p2a: Umbreon\n|-damage|p2a: Umbreon|197/297\n|-enditem|p2a: Umbreon|Leftovers|[from] move: Knock Off|[of] p1a: Scizor\n|\n|-heal|p1a: Scizor|138/240|[from] item: Leftovers\n|upkeep\n|turn|22\n|\n|t:|1733913743\n|move|p2a: Umbreon|Foul Play|p1a: Scizor\n|-damage|p1a: Scizor|24/240\n|move|p1a: Scizor|U-turn|p2a: Umbreon\n|-supereffective|p2a: Umbreon\n|-damage|p2a: Umbreon|59/297\n|\n|t:|1733913746\n|switch|p1a: Walking Wake|Walking Wake, L79|286/286|[from] U-turn\n|\n|upkeep\n|turn|23\n|\n|t:|1733913759\n|move|p2a: Umbreon|Protect|p2a: Umbreon\n|-singleturn|p2a: Umbreon|Protect\n|move|p1a: Walking Wake|Flip Turn|p2a: Umbreon\n|-activate|p2a: Umbreon|move: Protect\n|\n|upkeep\n|turn|24\n|\n|t:|1733913771\n|move|p1a: Walking Wake|Flip Turn|p2a: Umbreon\n|-damage|p2a: Umbreon|17/297\n|\n|t:|1733913774\n|-end|p1a: Walking Wake|Protosynthesis|[silent]\n|switch|p1a: Scizor|Scizor, L79, F|24/240|[from] Flip Turn\n|move|p2a: Umbreon|Wish|p2a: Umbreon\n|\n|-heal|p1a: Scizor|39/240|[from] item: Leftovers\n|upkeep\n|turn|25\n|\n|t:|1733913777\n|move|p2a: Umbreon|Protect|p2a: Umbreon\n|-singleturn|p2a: Umbreon|Protect\n|move|p1a: Scizor|Bullet Punch|p2a: Umbreon\n|-activate|p2a: Umbreon|move: Protect\n|\n|-heal|p2a: Umbreon|165/297|[from] move: Wish|[wisher] Umbreon\n|-heal|p1a: Scizor|54/240|[from] item: Leftovers\n|upkeep\n|turn|26\n|\n|t:|1733913785\n|move|p2a: Umbreon|Foul Play|p1a: Scizor\n|-damage|p1a: Scizor|0 fnt\n|faint|p1a: Scizor\n|\n|upkeep\n|\n|t:|1733913786\n|switch|p1a: Walking Wake|Walking Wake, L79|286/286\n|turn|27\n|\n|t:|1733913794\n|move|p1a: Walking Wake|Hydro Pump|p2a: Umbreon\n|-damage|p2a: Umbreon|33/297\n|move|p2a: Umbreon|Wish|p2a: Umbreon\n|\n|upkeep\n|turn|28\n|\n|t:|1733913799\n|move|p2a: Umbreon|Protect|p2a: Umbreon\n|-singleturn|p2a: Umbreon|Protect\n|move|p1a: Walking Wake|Hydro Pump|p2a: Umbreon\n|-activate|p2a: Umbreon|move: Protect\n|\n|-heal|p2a: Umbreon|181/297|[from] move: Wish|[wisher] Umbreon\n|upkeep\n|turn|29\n|\n|t:|1733913802\n|move|p1a: Walking Wake|Hydro Pump|p2a: Umbreon|[miss]\n|-miss|p1a: Walking Wake|p2a: Umbreon\n|move|p2a: Umbreon|Toxic|p1a: Walking Wake\n|-status|p1a: Walking Wake|tox\n|\n|-damage|p1a: Walking Wake|269/286 tox|[from] psn\n|upkeep\n|turn|30\n|-message|yytrrfhu forfeited.\n|\n|win|Soulelimen\n|raw|yytrrfhu's rating: 1040 &rarr; <strong>1026</strong><br />(-14 for losing)\n|raw|Soulelimen's rating: 1075 &rarr; <strong>1101</strong><br />(+26 for winning)\n|l|\u2606yytrrfhu\n|player|p1|\n", "inputlog": ">version bfd83cad13791eb5a5a409923076391caf6fb4d4\n>start {\"formatid\":\"gen9randombattle\",\"seed\":[42950,5950,63281,3108],\"rated\":\"Rated battle\"}\n>player p1 {\"name\":\"yytrrfhu\",\"avatar\":\"1\",\"rating\":1040,\"seed\":[20096,12646,14325,14772]}\n>player p2 {\"name\":\"Soulelimen\",\"avatar\":\"169\",\"rating\":1075,\"seed\":[46214,44500,60062,32823]}\n>p1 switch 6\n>p2 move coil\n>p1 move earthquake\n>p2 move suckerpunch terastallize\n>p1 switch 5\n>p1 move thunderwave\n>p2 move suckerpunch\n>p1 move focusblast\n>p2 move suckerpunch\n>p1 switch 2\n>p1 move swordsdance\n>p2 move gunkshot\n>p1 move spiritbreak terastallize\n>p2 move gunkshot\n>p2 switch 2\n>p1 move closecombat\n>p2 move alluringvoice\n>p2 switch 4\n>p1 move knockoff\n>p2 move bravebird\n>p1 switch 6\n>p1 move kowtowcleave\n>p2 move roost\n>p1 move swordsdance\n>p2 move roost\n>p1 move kowtowcleave\n>p2 move bodypress\n>p1 move suckerpunch\n>p2 move bodypress\n>p2 switch 3\n>p1 move suckerpunch\n>p2 move willowisp\n>p1 move suckerpunch\n>p2 move nastyplot\n>p1 move swordsdance\n>p2 move nastyplot\n>p1 move suckerpunch\n>p2 move nastyplot\n>p1 move suckerpunch\n>p2 move nastyplot\n>p1 move swordsdance\n>p2 move nastyplot\n>p1 move kowtowcleave\n>p2 move nastyplot\n>p2 switch 6\n>p1 move suckerpunch\n>p2 move foulplay\n>p1 switch 4\n>p1 move knockoff\n>p2 move foulplay\n>p1 move uturn\n>p2 move foulplay\n>p1 switch 3\n>p1 move flipturn\n>p2 move protect\n>p1 move flipturn\n>p2 move wish\n>p1 switch 3\n>p1 move bulletpunch\n>p2 move protect\n>p1 move uturn\n>p2 move foulplay\n>p1 switch 3\n>p1 move hydropump\n>p2 move wish\n>p1 move hydropump\n>p2 move protect\n>p1 move hydropump\n>p2 move toxic\n>forcelose p1", "uploadtime": 1733913824, "views": 10, "formatid": "gen9randombattle", "rating": 1026, "private": 0, "password": null}