{"id": "gen9randombattle-2260313457", "format": "[Gen 9] Random Battle", "players": ["dfsdfdfdfdfd", "mr.saylesser"], "log": "|j|\u2606dfsdfdfdfdfd\n|j|\u2606mr.saylesser\n|t:|1733838712\n|gametype|singles\n|player|p1|dfsdfdfdfdfd|265|1000\n|player|p2|mr.saylesser|266|1000\n|teamsize|p1|6\n|teamsize|p2|6\n|gen|9\n|tier|[Gen 9] Random Battle\n|rated|\n|rule|Species Clause: Limit one of each Pok\u00e9mon\n|rule|HP Percentage Mod: HP is shown in percentages\n|rule|Sleep Clause Mod: Limit one foe put to sleep\n|rule|Illusion Level Mod: Illusion disguises the Pok\u00e9mon's true level\n|\n|t:|1733838712\n|start\n|switch|p1a: Ampharos|Ampharos, L88, M|302/302\n|switch|p2a: Venomoth|Venomoth, L84, F|255/255\n|turn|1\n|\n|t:|1733838723\n|move|p2a: Venomoth|Sleep Powder|p1a: Ampharos\n|-status|p1a: Ampharos|slp|[from] move: Sleep Powder\n|cant|p1a: Ampharos|slp\n|\n|upkeep\n|turn|2\n|\n|t:|1733838730\n|move|p2a: Venomoth|Quiver Dance|p2a: Venomoth\n|-boost|p2a: Venomoth|spa|1\n|-boost|p2a: Venomoth|spd|1\n|-boost|p2a: Venomoth|spe|1\n|-curestatus|p1a: Ampharos|slp|[msg]\n|move|p1a: Ampharos|Volt Switch|p2a: Venomoth\n|-damage|p2a: Venomoth|152/255\n|inactive|Battle timer is ON: inactive players will automatically lose when time's up. (requested by mr.saylesser)\n|\n|t:|1733838746\n|switch|p1a: Iron Boulder|Iron Boulder, L77|265/265|[from] Volt Switch\n|-enditem|p1a: Iron Boulder|Booster Energy\n|-activate|p1a: Iron Boulder|ability: Quark Drive|[fromitem]\n|-start|p1a: Iron Boulder|quarkdrivespe\n|\n|upkeep\n|turn|3\n|n|\u2606mr.saylesser|mrsaylesser\n|c|\u2606mr.saylesser|no way u get that lucky\n|\n|t:|1733838765\n|move|p1a: Iron Boulder|Mighty Cleave|p2a: Venomoth\n|-supereffective|p2a: Venomoth\n|-damage|p2a: Venomoth|0 fnt\n|faint|p2a: Venomoth\n|\n|upkeep\n|c|\u2606mr.saylesser|fucking shit ass game\n|c|\u2606mr.saylesser|i neverrrr get lucky lol\n|\n|t:|1733838779\n|switch|p2a: Vileplume|Vileplume, L85, F|266/266\n|turn|4\n|\n|t:|1733838789\n|move|p1a: Iron Boulder|Swords Dance|p1a: Iron Boulder\n|-boost|p1a: Iron Boulder|atk|2\n|move|p2a: Vileplume|Sleep Powder|p1a: Iron Boulder|[miss]\n|-miss|p2a: Vileplume|p1a: Iron Boulder\n|\n|upkeep\n|turn|5\n|\n|t:|1733838802\n|move|p1a: Iron Boulder|Zen Headbutt|p2a: Vileplume|[miss]\n|-miss|p1a: Iron Boulder|p2a: Vileplume\n|move|p2a: Vileplume|Sludge Bomb|p1a: Iron Boulder\n|-resisted|p1a: Iron Boulder\n|-damage|p1a: Iron Boulder|212/265\n|\n|upkeep\n|turn|6\n|n|\u2606dfsdfdfdfdfd|dfsdfdfdfdfd\n|c|\u2606dfsdfdfdfdfd|lol\n|\n|t:|1733838828\n|move|p1a: Iron Boulder|Zen Headbutt|p2a: Vileplume|[miss]\n|-miss|p1a: Iron Boulder|p2a: Vileplume\n|move|p2a: Vileplume|Sludge Bomb|p1a: Iron Boulder\n|-resisted|p1a: Iron Boulder\n|-damage|p1a: Iron Boulder|159/265\n|-status|p1a: Iron Boulder|psn\n|\n|-damage|p1a: Iron Boulder|126/265 psn|[from] psn\n|upkeep\n|turn|7\n|\n|t:|1733838842\n|move|p1a: Iron Boulder|Zen Headbutt|p2a: Vileplume\n|-supereffective|p2a: Vileplume\n|-damage|p2a: Vileplume|0 fnt\n|faint|p2a: Vileplume\n|\n|-damage|p1a: Iron Boulder|93/265 psn|[from] psn\n|upkeep\n|\n|t:|1733838857\n|switch|p2a: Hoopa|Hoopa-Unbound, L80|259/259\n|turn|8\n|inactive|mr.saylesser has 120 seconds left.\n|\n|t:|1733838884\n|move|p1a: Iron Boulder|Mighty Cleave|p2a: Hoopa\n|-damage|p2a: Hoopa|0 fnt\n|faint|p2a: Hoopa\n|\n|-damage|p1a: Iron Boulder|60/265 psn|[from] psn\n|upkeep\n|\n|t:|1733838887\n|switch|p2a: Oricorio|Oricorio, L84, M|263/263\n|turn|9\n|c|\u2606mr.saylesser|love this fair game\n|inactive|mr.saylesser has 120 seconds left.\n|\n|t:|1733838910\n|move|p1a: Iron Boulder|Mighty Cleave|p2a: Oricorio\n|-supereffective|p2a: Oricorio\n|-damage|p2a: Oricorio|0 fnt\n|faint|p2a: Oricorio\n|\n|-damage|p1a: Iron Boulder|27/265 psn|[from] psn\n|upkeep\n|\n|t:|1733838912\n|switch|p2a: Lucario|Lucario, L84, M|255/255\n|turn|10\n|\n|t:|1733838917\n|move|p2a: Lucario|Extreme Speed|p1a: Iron Boulder\n|-resisted|p1a: Iron Boulder\n|-damage|p1a: Iron Boulder|0 fnt\n|faint|p1a: Iron Boulder\n|-end|p1a: Iron Boulder|Quark Drive|[silent]\n|\n|upkeep\n|n|!mr.saylesser|mrsaylesser\n|c|\u2606dfsdfdfdfdfd|I know\n|\n|t:|1733838932\n|switch|p1a: Zarude|Zarude-Dada, L78|292/292\n|turn|11\n|\n|t:|1733838939\n|-terastallize|p2a: Lucario|Normal\n|move|p2a: Lucario|Extreme Speed|p1a: Zarude\n|-damage|p1a: Zarude|171/292\n|move|p1a: Zarude|Close Combat|p2a: Lucario\n|-supereffective|p2a: Lucario\n|-damage|p2a: Lucario|0 fnt\n|-unboost|p1a: Zarude|def|1\n|-unboost|p1a: Zarude|spd|1\n|faint|p2a: Lucario\n|\n|upkeep\n|\n|t:|1733838943\n|switch|p2a: Conkeldurr|Conkeldurr, L80, F|299/299\n|turn|12\n|\n|t:|1733838960\n|switch|p1a: Ampharos|Ampharos, L88, M|302/302\n|move|p2a: Conkeldurr|Mach Punch|p1a: Ampharos\n|-damage|p1a: Ampharos|247/302\n|\n|-status|p2a: Conkeldurr|brn|[from] item: Flame Orb\n|upkeep\n|turn|13\n|\n|t:|1733838966\n|move|p1a: Ampharos|Dazzling Gleam|p2a: Conkeldurr\n|-supereffective|p2a: Conkeldurr\n|-damage|p2a: Conkeldurr|35/299 brn\n|move|p2a: Conkeldurr|Facade|p1a: Ampharos\n|-damage|p1a: Ampharos|71/302\n|\n|-damage|p2a: Conkeldurr|17/299 brn|[from] brn\n|upkeep\n|turn|14\n|\n|t:|1733838974\n|move|p1a: Ampharos|Dazzling Gleam|p2a: Conkeldurr\n|-supereffective|p2a: Conkeldurr\n|-damage|p2a: Conkeldurr|0 fnt\n|faint|p2a: Conkeldurr\n|\n|win|dfsdfdfdfdfd\n|raw|dfsdfdfdfdfd's rating: 1000 &rarr; <strong>1040</strong><br />(+40 for winning)\n|raw|mr.saylesser's rating: 1000 &rarr; <strong>1000</strong><br />(+0 for losing)\n|c|\u2606dfsdfdfdfdfd|gg\n", "inputlog": ">version bfd83cad13791eb5a5a409923076391caf6fb4d4\n>start {\"formatid\":\"gen9randombattle\",\"seed\":[13205,24939,48834,27165],\"rated\":\"Rated battle\"}\n>player p1 {\"name\":\"dfsdfdfdfdfd\",\"avatar\":\"265\",\"rating\":1000,\"seed\":[21160,62096,64777,25711]}\n>player p2 {\"name\":\"mr.saylesser\",\"avatar\":\"266\",\"rating\":1000,\"seed\":[34148,6305,8632,54724]}\n>p1 move voltswitch\n>p2 move sleeppowder\n>p1 move voltswitch\n>p2 move quiverdance\n>p1 switch 2\n>chat \u2606mr.saylesser|no way u get that lucky\n>p1 move mightycleave\n>p2 move sleeppowder\n>chat \u2606mr.saylesser|fucking shit ass game\n>chat \u2606mr.saylesser|i neverrrr get lucky lol\n>p2 switch 5\n>p1 move swordsdance\n>p2 move sleeppowder\n>p1 move zenheadbutt\n>p2 move sludgebomb\n>chat \u2606dfsdfdfdfdfd|lol\n>p1 move zenheadbutt\n>p2 move sludgebomb\n>p1 move zenheadbutt\n>p2 move gigadrain\n>p2 switch 3\n>p1 move mightycleave\n>p2 move drainpunch\n>p2 switch 2\n>chat \u2606mr.saylesser|love this fair game\n>p1 move mightycleave\n>p2 move revelationdance\n>p2 switch 4\n>p1 move closecombat\n>p2 move extremespeed\n>chat \u2606mr.saylesser|fuck you bitch\n>chat \u2606dfsdfdfdfdfd|I know\n>p1 switch 6\n>p1 move closecombat\n>p2 move extremespeed terastallize\n>p2 switch 6\n>p1 switch 2\n>p2 move machpunch\n>p1 move dazzlinggleam\n>p2 move facade\n>p1 move dazzlinggleam\n>p2 move facade", "uploadtime": 1733838772, "views": 1, "formatid": "gen9randombattle", "rating": 1000, "private": 0, "password": null}