{"id": "gen9randombattle-2260796065", "format": "[Gen 9] Random Battle", "players": ["sexyKevinpark", "fyleth"], "log": "|j|\u2606sexyKevinpark\n|j|\u2606fyleth\n|t:|1733893500\n|gametype|singles\n|player|p1|sexyKevinpark|102|1170\n|player|p2|fyleth|marnie-masters3|1220\n|teamsize|p1|6\n|teamsize|p2|6\n|gen|9\n|tier|[Gen 9] Random Battle\n|rated|\n|rule|Species Clause: Limit one of each Pok\u00e9mon\n|rule|HP Percentage Mod: HP is shown in percentages\n|rule|Sleep Clause Mod: Limit one foe put to sleep\n|rule|Illusion Level Mod: Illusion disguises the Pok\u00e9mon's true level\n|\n|t:|1733893500\n|start\n|switch|p1a: Mesprit|Mesprit, L85|275/275\n|switch|p2a: Rampardos|Rampardos, L90, M|321/321\n|turn|1\n|\n|t:|1733893509\n|move|p2a: Rampardos|Head Smash|p1a: Mesprit\n|-damage|p1a: Mesprit|17/275\n|-damage|p2a: Rampardos|192/321|[from] Recoil\n|move|p1a: Mesprit|Knock Off|p2a: Rampardos\n|-damage|p2a: Rampardos|95/321\n|-enditem|p2a: Rampardos|Choice Scarf|[from] move: Knock Off|[of] p1a: Mesprit\n|\n|upkeep\n|turn|2\n|inactive|Battle timer is ON: inactive players will automatically lose when time's up. (requested by sexyKevinpark)\n|\n|t:|1733893518\n|move|p1a: Mesprit|Thunderbolt|p2a: Rampardos\n|-damage|p2a: Rampardos|3/321\n|move|p2a: Rampardos|Rock Slide|p1a: Mesprit\n|-damage|p1a: Mesprit|0 fnt\n|faint|p1a: Mesprit\n|\n|upkeep\n|\n|t:|1733893529\n|switch|p1a: Calyrex|Calyrex-Shadow, L64|235/235\n|-ability|p1a: Calyrex|As One\n|-ability|p1a: Calyrex|Unnerve\n|turn|3\n|inactive|fyleth has 120 seconds left.\n|c|\u2606sexyKevinpark|p\n|c|\u2606sexyKevinpark|u\n|c|\u2606sexyKevinpark|s\n|c|\u2606sexyKevinpark|s\n|\n|t:|1733893581\n|switch|p1a: Hitmonlee|Hitmonlee, L85, M|223/223\n|switch|p2a: Kingambit|Kingambit, L74, M|270/270\n|\n|upkeep\n|turn|4\n|c|\u2606sexyKevinpark|y?\n|\n|t:|1733893588\n|-end|p2a: Kingambit|fallenundefined|[silent]\n|switch|p2a: Rampardos|Rampardos, L90, M|3/321\n|move|p1a: Hitmonlee|High Jump Kick|p2a: Rampardos\n|-supereffective|p2a: Rampardos\n|-damage|p2a: Rampardos|0 fnt\n|faint|p2a: Rampardos\n|\n|upkeep\n|c|\u2606sexyKevinpark|bye~\n|\n|t:|1733893597\n|switch|p2a: Kilowattrel|Kilowattrel, L83, M|252/252\n|turn|5\n|c|\u2606fyleth|do u have brain damage\n|\n|t:|1733893608\n|switch|p1a: Electrode|Electrode, L92|260/260\n|move|p2a: Kilowattrel|Hurricane|p1a: Electrode\n|-resisted|p1a: Electrode\n|-damage|p1a: Electrode|202/260\n|\n|upkeep\n|turn|6\n|\n|t:|1733893617\n|move|p1a: Electrode|Taunt|p2a: Kilowattrel\n|-start|p2a: Kilowattrel|move: Taunt\n|move|p2a: Kilowattrel|Hurricane|p1a: Electrode\n|-resisted|p1a: Electrode\n|-damage|p1a: Electrode|145/260\n|\n|upkeep\n|turn|7\n|\n|t:|1733893622\n|move|p1a: Electrode|Explosion|p2a: Kilowattrel\n|-damage|p2a: Kilowattrel|32/252\n|faint|p1a: Electrode\n|move|p2a: Kilowattrel|Hurricane|p1: Electrode|[notarget]\n|-fail|p2a: Kilowattrel\n|\n|upkeep\n|\n|t:|1733893638\n|switch|p1a: Hitmonlee|Hitmonlee, L85, M|223/223\n|turn|8\n|\n|t:|1733893648\n|move|p1a: Hitmonlee|Mach Punch|p2a: Kilowattrel\n|-resisted|p2a: Kilowattrel\n|-damage|p2a: Kilowattrel|0 fnt\n|faint|p2a: Kilowattrel\n|\n|upkeep\n|inactive|fyleth has 120 seconds left.\n|c|\u2606sexyKevinpark|u got some brain damage?\n|\n|t:|1733893661\n|switch|p2a: Oranguru|Oranguru, L92, F|315/315\n|turn|9\n|\n|t:|1733893666\n|switch|p1a: Houndoom|Houndoom, L87, M|272/272\n|move|p2a: Oranguru|Psyshock|p1a: Houndoom\n|-immune|p1a: Houndoom\n|\n|upkeep\n|turn|10\n|\n|t:|1733893675\n|switch|p2a: Venomoth|Venomoth, L84, M|255/255\n|move|p1a: Houndoom|Dark Pulse|p2a: Venomoth\n|-damage|p2a: Venomoth|152/255\n|\n|upkeep\n|turn|11\n|\n|t:|1733893684\n|-terastallize|p2a: Venomoth|Poison\n|move|p1a: Houndoom|Fire Blast|p2a: Venomoth\n|-damage|p2a: Venomoth|10/255\n|move|p2a: Venomoth|Quiver Dance|p2a: Venomoth\n|-boost|p2a: Venomoth|spa|1\n|-boost|p2a: Venomoth|spd|1\n|-boost|p2a: Venomoth|spe|1\n|\n|upkeep\n|turn|12\n|\n|t:|1733893695\n|move|p2a: Venomoth|Sleep Powder|p1a: Houndoom\n|-status|p1a: Houndoom|slp|[from] move: Sleep Powder\n|cant|p1a: Houndoom|slp\n|\n|upkeep\n|turn|13\n|\n|t:|1733893701\n|move|p2a: Venomoth|Sludge Wave|p1a: Houndoom\n|-damage|p1a: Houndoom|86/272 slp\n|cant|p1a: Houndoom|slp\n|\n|upkeep\n|turn|14\n|\n|t:|1733893703\n|move|p2a: Venomoth|Sludge Wave|p1a: Houndoom\n|-damage|p1a: Houndoom|0 fnt\n|faint|p1a: Houndoom\n|\n|upkeep\n|\n|t:|1733893706\n|switch|p1a: Hitmonlee|Hitmonlee, L85, M|223/223\n|turn|15\n|\n|t:|1733893711\n|switch|p2a: Vespiquen|Vespiquen, L98, F|296/296\n|-ability|p2a: Vespiquen|Pressure\n|move|p1a: Hitmonlee|Mach Punch|p2a: Vespiquen\n|-resisted|p2a: Vespiquen\n|-damage|p2a: Vespiquen|281/296\n|\n|upkeep\n|turn|16\n|\n|t:|1733893717\n|switch|p1a: Calyrex|Calyrex-Shadow, L64|235/235\n|-ability|p1a: Calyrex|As One\n|-ability|p1a: Calyrex|Unnerve\n|move|p2a: Vespiquen|Hurricane|p1a: Calyrex\n|-damage|p1a: Calyrex|67/235\n|-start|p1a: Calyrex|confusion\n|\n|upkeep\n|turn|17\n|\n|t:|1733893726\n|-activate|p1a: Calyrex|confusion\n|move|p1a: Calyrex|Astral Barrage|p2a: Vespiquen\n|-damage|p2a: Vespiquen|154/296\n|move|p2a: Vespiquen|Hurricane|p1a: Calyrex\n|-damage|p1a: Calyrex|0 fnt\n|faint|p1a: Calyrex\n|\n|upkeep\n|\n|t:|1733893732\n|switch|p1a: Emboar|Emboar, L84, F|322/322\n|turn|18\n|\n|t:|1733893739\n|-terastallize|p1a: Emboar|Fire\n|move|p1a: Emboar|Flare Blitz|p2a: Vespiquen\n|-supereffective|p2a: Vespiquen\n|-crit|p2a: Vespiquen\n|-damage|p2a: Vespiquen|0 fnt\n|faint|p2a: Vespiquen\n|-damage|p1a: Emboar|271/322|[from] Recoil\n|\n|upkeep\n|\n|t:|1733893748\n|switch|p2a: Venomoth|Venomoth, L84, M, tera:Poison|10/255\n|turn|19\n|\n|t:|1733893753\n|move|p2a: Venomoth|Sleep Powder|p1a: Emboar\n|-status|p1a: Emboar|slp|[from] move: Sleep Powder\n|cant|p1a: Emboar|slp\n|\n|upkeep\n|turn|20\n|\n|t:|1733893757\n|switch|p1a: Hitmonlee|Hitmonlee, L85, M|223/223\n|move|p2a: Venomoth|Quiver Dance|p2a: Venomoth\n|-boost|p2a: Venomoth|spa|1\n|-boost|p2a: Venomoth|spd|1\n|-boost|p2a: Venomoth|spe|1\n|\n|upkeep\n|turn|21\n|\n|t:|1733893763\n|switch|p2a: Oranguru|Oranguru, L92, F|315/315\n|move|p1a: Hitmonlee|Mach Punch|p2a: Oranguru\n|-damage|p2a: Oranguru|237/315\n|\n|upkeep\n|turn|22\n|\n|t:|1733893768\n|switch|p1a: Emboar|Emboar, L84, F, tera:Fire|271/322 slp\n|move|p2a: Oranguru|Psyshock|p1a: Emboar\n|-damage|p1a: Emboar|85/322 slp\n|\n|upkeep\n|turn|23\n|\n|t:|1733893773\n|move|p2a: Oranguru|Psyshock|p1a: Emboar\n|-damage|p1a: Emboar|0 fnt\n|faint|p1a: Emboar\n|\n|upkeep\n|\n|t:|1733893776\n|switch|p1a: Hitmonlee|Hitmonlee, L85, M|223/223\n|turn|24\n|\n|t:|1733893779\n|move|p1a: Hitmonlee|High Jump Kick|p2a: Oranguru\n|-damage|p2a: Oranguru|0 fnt\n|faint|p2a: Oranguru\n|\n|upkeep\n|\n|t:|1733893786\n|switch|p2a: Kingambit|Kingambit, L74, M|270/270\n|-activate|p2a: Kingambit|ability: Supreme Overlord\n|-start|p2a: Kingambit|fallen4|[silent]\n|turn|25\n|\n|t:|1733893795\n|move|p2a: Kingambit|Sucker Punch|p1a: Hitmonlee\n|-resisted|p1a: Hitmonlee\n|-damage|p1a: Hitmonlee|148/223\n|move|p1a: Hitmonlee|High Jump Kick|p2a: Kingambit\n|-supereffective|p2a: Kingambit\n|-damage|p2a: Kingambit|0 fnt\n|faint|p2a: Kingambit\n|-end|p2a: Kingambit|fallen4|[silent]\n|\n|upkeep\n|\n|t:|1733893798\n|switch|p2a: Venomoth|Venomoth, L84, M, tera:Poison|10/255\n|turn|26\n|\n|t:|1733893804\n|move|p2a: Venomoth|Sleep Powder|p1a: Hitmonlee|[miss]\n|-miss|p2a: Venomoth|p1a: Hitmonlee\n|move|p1a: Hitmonlee|High Jump Kick|p2a: Venomoth|[miss]\n|-miss|p1a: Hitmonlee|p2a: Venomoth\n|-damage|p1a: Hitmonlee|37/223|[from] highjumpkick\n|\n|upkeep\n|turn|27\n|c|\u2606sexyKevinpark|nah ah\n|\n|t:|1733893811\n|move|p2a: Venomoth|Sleep Powder|p1a: Hitmonlee\n|-status|p1a: Hitmonlee|slp|[from] move: Sleep Powder\n|cant|p1a: Hitmonlee|slp\n|\n|upkeep\n|turn|28\n|-message|sexyKevinpark forfeited.\n|\n|win|fyleth\n|raw|sexyKevinpark's rating: 1170 &rarr; <strong>1149</strong><br />(-21 for losing)\n|raw|fyleth's rating: 1220 &rarr; <strong>1241</strong><br />(+21 for winning)\n|l|\u2606sexyKevinpark\n|player|p1|\n|c|\u2606fyleth|nah ah\n", "inputlog": ">version bfd83cad13791eb5a5a409923076391caf6fb4d4\n>start {\"formatid\":\"gen9randombattle\",\"seed\":[4027,46061,20568,3075],\"rated\":\"Rated battle\"}\n>player p1 {\"name\":\"sexyKevinpark\",\"avatar\":\"102\",\"rating\":1170,\"seed\":[54969,41905,40983,38889]}\n>player p2 {\"name\":\"fyleth\",\"avatar\":\"marnie-masters3\",\"rating\":1220,\"seed\":[55423,9878,8281,8715]}\n>p1 move knockoff\n>p2 move headsmash\n>p1 move thunderbolt\n>p2 move rockslide\n>p1 switch 6\n>chat \u2606sexyKevinpark|p\n>chat \u2606sexyKevinpark|u\n>chat \u2606sexyKevinpark|s\n>chat \u2606sexyKevinpark|s\n>p1 switch 4\n>p2 switch 4\n>chat \u2606sexyKevinpark|y?\n>p1 move highjumpkick\n>p2 switch 4\n>chat \u2606sexyKevinpark|bye~\n>p2 switch 3\n>chat \u2606fyleth|do u have brain damage\n>p1 switch 2\n>p2 move hurricane\n>p1 move taunt\n>p2 move hurricane\n>p1 move explosion\n>p2 move hurricane\n>p1 switch 2\n>p1 move machpunch\n>p2 move hurricane\n>chat \u2606sexyKevinpark|u got some brain damage?\n>p2 switch 2\n>p1 switch 3\n>p2 move psyshock\n>p1 move darkpulse\n>p2 switch 6\n>p1 move fireblast\n>p2 move quiverdance terastallize\n>p1 move fireblast\n>p2 move sleeppowder\n>p1 move fireblast\n>p2 move sludgewave\n>p1 move fireblast\n>p2 move sludgewave\n>p1 switch 3\n>p1 move machpunch\n>p2 switch 5\n>p1 switch 4\n>p2 move hurricane\n>p1 move astralbarrage\n>p2 move hurricane\n>p1 switch 5\n>p1 move flareblitz terastallize\n>p2 move roost\n>p2 switch 5\n>p1 move flareblitz\n>p2 move sleeppowder\n>p1 switch 4\n>p2 move quiverdance\n>p1 move machpunch\n>p2 switch 6\n>p1 switch 4\n>p2 move psyshock\n>p1 move flareblitz\n>p2 move psyshock\n>p1 switch 4\n>p1 move highjumpkick\n>p2 move psyshock\n>p2 switch 4\n>p1 move highjumpkick\n>p2 move suckerpunch\n>p2 switch 6\n>p1 move highjumpkick\n>p2 move sleeppowder\n>chat \u2606sexyKevinpark|nah ah\n>p1 move highjumpkick\n>p2 move sleeppowder\n>forcelose p1", "uploadtime": 1733893822, "views": 23, "formatid": "gen9randombattle", "rating": 1149, "private": 0, "password": null}