{"id": "gen9randombattle-2260048881", "format": "[Gen 9] Random Battle", "players": ["Songon7", "Pokemarlee"], "log": "|j|\u2606Songon7\n|j|\u2606Pokemarlee\n|t:|1733795578\n|gametype|singles\n|player|p1|Songon7|blue|1147\n|player|p2|Pokemarlee|psychicf-gen4|1121\n|teamsize|p1|6\n|teamsize|p2|6\n|gen|9\n|tier|[Gen 9] Random Battle\n|rated|\n|rule|Species Clause: Limit one of each Pok\u00e9mon\n|rule|HP Percentage Mod: HP is shown in percentages\n|rule|Sleep Clause Mod: Limit one foe put to sleep\n|rule|Illusion Level Mod: Illusion disguises the Pok\u00e9mon's true level\n|\n|t:|1733795578\n|start\n|switch|p1a: Typhlosion|Typhlosion, L84, M|267/267\n|switch|p2a: Raging Bolt|Raging Bolt, L78|323/323\n|turn|1\n|inactive|Battle timer is ON: inactive players will automatically lose when time's up. (requested by Songon7)\n|c|\u2606Pokemarlee|Ty\n|\n|t:|1733795593\n|move|p2a: Raging Bolt|Thunderclap|p1a: Typhlosion\n|-damage|p1a: Typhlosion|177/267\n|move|p1a: Typhlosion|Scorching Sands|p2a: Raging Bolt\n|-supereffective|p2a: Raging Bolt\n|-damage|p2a: Raging Bolt|201/323\n|-status|p2a: Raging Bolt|brn\n|\n|-damage|p2a: Raging Bolt|181/323 brn|[from] brn\n|upkeep\n|turn|2\n|\n|t:|1733795603\n|move|p1a: Typhlosion|Scorching Sands|p2a: Raging Bolt\n|-supereffective|p2a: Raging Bolt\n|-damage|p2a: Raging Bolt|57/323 brn\n|move|p2a: Raging Bolt|Thunderbolt|p1a: Typhlosion\n|-damage|p1a: Typhlosion|59/267\n|\n|-damage|p2a: Raging Bolt|37/323 brn|[from] brn\n|upkeep\n|turn|3\n|inactive|Pokemarlee has 120 seconds left.\n|\n|t:|1733795660\n|move|p1a: Typhlosion|Scorching Sands|p2a: Raging Bolt\n|-supereffective|p2a: Raging Bolt\n|-damage|p2a: Raging Bolt|0 fnt\n|faint|p2a: Raging Bolt\n|-end|p2a: Raging Bolt|Protosynthesis|[silent]\n|\n|upkeep\n|inactive|Pokemarlee has 90 seconds left.\n|\n|t:|1733795673\n|switch|p2a: Cryogonal|Cryogonal, L89|287/287\n|turn|4\n|\n|t:|1733795679\n|switch|p1a: Smeargle|Smeargle, L95, F|258/258\n|move|p2a: Cryogonal|Rapid Spin|p1a: Smeargle\n|-damage|p1a: Smeargle|219/258\n|-boost|p2a: Cryogonal|spe|1\n|\n|upkeep\n|turn|5\n|\n|t:|1733795687\n|move|p2a: Cryogonal|Freeze-Dry|p1a: Smeargle\n|-damage|p1a: Smeargle|102/258\n|-status|p1a: Smeargle|frz\n|cant|p1a: Smeargle|frz\n|\n|upkeep\n|turn|6\n|\n|t:|1733795695\n|switch|p1a: Typhlosion|Typhlosion, L84, M|59/267\n|move|p2a: Cryogonal|Freeze-Dry|p1a: Typhlosion\n|-resisted|p1a: Typhlosion\n|-damage|p1a: Typhlosion|14/267\n|\n|upkeep\n|turn|7\n|\n|t:|1733795702\n|move|p2a: Cryogonal|Freeze-Dry|p1a: Typhlosion\n|-resisted|p1a: Typhlosion\n|-damage|p1a: Typhlosion|0 fnt\n|faint|p1a: Typhlosion\n|\n|upkeep\n|\n|t:|1733795708\n|switch|p1a: Metagross|Metagross, L79|256/256\n|turn|8\n|\n|t:|1733795714\n|move|p2a: Cryogonal|Freeze-Dry|p1a: Metagross\n|-resisted|p1a: Metagross\n|-damage|p1a: Metagross|213/256\n|move|p1a: Metagross|Heavy Slam|p2a: Cryogonal\n|-supereffective|p2a: Cryogonal\n|-damage|p2a: Cryogonal|0 fnt\n|faint|p2a: Cryogonal\n|\n|upkeep\n|\n|t:|1733795719\n|switch|p2a: Sawsbuck|Sawsbuck, L88, F, shiny|284/284\n|turn|9\n|inactive|Pokemarlee has 120 seconds left.\n|inactive|Pokemarlee has 90 seconds left.\n|j| RocketGruntLudwig\n|\n|t:|1733795785\n|move|p2a: Sawsbuck|High Horsepower|p1a: Metagross\n|-supereffective|p1a: Metagross\n|-damage|p1a: Metagross|54/256\n|-damage|p2a: Sawsbuck|256/284|[from] item: Life Orb\n|move|p1a: Metagross|Heavy Slam|p2a: Sawsbuck\n|-damage|p2a: Sawsbuck|24/284\n|\n|upkeep\n|turn|10\n|c|\u2606Pokemarlee|The sawsbuck is a shiny btw\n|inactive|Pokemarlee has 60 seconds left.\n|\n|t:|1733795810\n|move|p2a: Sawsbuck|High Horsepower|p1a: Metagross\n|-supereffective|p1a: Metagross\n|-crit|p1a: Metagross\n|-damage|p1a: Metagross|0 fnt\n|faint|p1a: Metagross\n|-damage|p2a: Sawsbuck|0 fnt|[from] item: Life Orb\n|faint|p2a: Sawsbuck\n|\n|upkeep\n|\n|t:|1733795820\n|switch|p2a: Alomomola|Alomomola, L87, F|429/429\n|switch|p1a: Tatsugiri|Tatsugiri-Droopy, L87, F|260/260\n|turn|11\n|\n|t:|1733795826\n|move|p1a: Tatsugiri|Nasty Plot|p1a: Tatsugiri\n|-boost|p1a: Tatsugiri|spa|2\n|move|p2a: Alomomola|Scald|p1a: Tatsugiri\n|-ability|p1a: Tatsugiri|Storm Drain|boost\n|-boost|p1a: Tatsugiri|spa|1\n|\n|upkeep\n|turn|12\n|\n|t:|1733795836\n|switch|p2a: Ribombee|Ribombee, L82, F|233/233\n|move|p1a: Tatsugiri|Rapid Spin|p2a: Ribombee\n|-damage|p2a: Ribombee|199/233\n|-boost|p1a: Tatsugiri|spe|1\n|\n|upkeep\n|turn|13\n|\n|t:|1733795845\n|move|p1a: Tatsugiri|Hydro Pump|p2a: Ribombee\n|-damage|p2a: Ribombee|0 fnt\n|faint|p2a: Ribombee\n|\n|upkeep\n|inactive|Pokemarlee has 60 seconds left.\n|\n|t:|1733795876\n|switch|p2a: Alomomola|Alomomola, L87, F|429/429\n|turn|14\n|\n|t:|1733795879\n|move|p1a: Tatsugiri|Draco Meteor|p2a: Alomomola\n|-damage|p2a: Alomomola|0 fnt\n|-unboost|p1a: Tatsugiri|spa|2\n|faint|p2a: Alomomola\n|\n|upkeep\n|c|\u2606Pokemarlee|I am so done\n|\n|t:|1733795891\n|switch|p2a: Regirock|Regirock, L83|268/268\n|turn|15\n|inactive|Pokemarlee has 60 seconds left.\n|c|\u2606Pokemarlee|\u00dcn \u00fcn \u00fcn\n|\n|t:|1733795927\n|-terastallize|p2a: Regirock|Fighting\n|move|p1a: Tatsugiri|Hydro Pump|p2a: Regirock\n|-damage|p2a: Regirock|72/268\n|move|p2a: Regirock|Body Press|p1a: Tatsugiri\n|-damage|p1a: Tatsugiri|53/260\n|\n|-heal|p2a: Regirock|88/268|[from] item: Leftovers\n|upkeep\n|turn|16\n|inactive|Pokemarlee has 30 seconds left.\n|\n|t:|1733795953\n|move|p1a: Tatsugiri|Hydro Pump|p2a: Regirock\n|-damage|p2a: Regirock|0 fnt\n|faint|p2a: Regirock\n|\n|win|Songon7\n|inactive|Pokemarlee has 30 seconds left this turn.\n|raw|Songon7's rating: 1147 &rarr; <strong>1170</strong><br />(+23 for winning)\n|raw|Pokemarlee's rating: 1121 &rarr; <strong>1098</strong><br />(-23 for losing)\n|l|\u2606Songon7\n|player|p1|\n|c|\u2606Pokemarlee|Shiny sawsbuck\n|c|\u2606Pokemarlee|/me steals all four of the Pok\u00e9mon\n|l|\u2606Pokemarlee\n|player|p2|\n|j|\u2606Pokemarlee\n|player|p2|Pokemarlee|psychicf-gen4|\n|c|\u2606Pokemarlee|Wait give me a sec\n", "inputlog": ">version bfd83cad13791eb5a5a409923076391caf6fb4d4\n>start {\"formatid\":\"gen9randombattle\",\"seed\":[24201,515,10624,7743],\"rated\":\"Rated battle\"}\n>player p1 {\"name\":\"Songon7\",\"avatar\":\"blue\",\"rating\":1147,\"seed\":[41744,39242,21643,26590]}\n>player p2 {\"name\":\"Pokemarlee\",\"avatar\":\"psychicf-gen4\",\"rating\":1121,\"seed\":[51256,18200,26935,47909]}\n>chat \u2606Pokemarlee|Ty\n>p1 move scorchingsands\n>p2 move thunderclap\n>p1 move scorchingsands\n>p2 move thunderbolt\n>p1 move scorchingsands\n>p2 move thunderbolt\n>p2 switch 6\n>p1 switch 3\n>p2 move rapidspin\n>p1 move spore\n>p2 move freezedry\n>p1 switch 3\n>p2 move freezedry\n>p1 move eruption\n>p2 move freezedry\n>p1 switch 6\n>p1 move heavyslam\n>p2 move freezedry\n>p2 switch 4\n>p1 move heavyslam\n>p2 move highhorsepower\n>chat \u2606Pokemarlee|The sawsbuck is a shiny btw\n>p1 move heavyslam\n>p2 move highhorsepower\n>p1 switch 2\n>p2 switch 2\n>p1 move nastyplot\n>p2 move scald\n>p1 move rapidspin\n>p2 switch 3\n>p1 move hydropump\n>p2 move bugbuzz\n>p2 switch 3\n>p1 move dracometeor\n>p2 move wish\n>chat \u2606Pokemarlee|I am so done\n>p2 switch 5\n>chat \u2606Pokemarlee|\u00dcn \u00fcn \u00fcn \n>p1 move hydropump\n>p2 move bodypress terastallize\n>p1 move hydropump\n>p2 move bodypress", "uploadtime": 1733796031, "views": 5, "formatid": "gen9randombattle", "rating": 1098, "private": 0, "password": null}