{"id": "gen9randombattle-2128296381", "format": "[Gen 9] Random Battle", "players": ["dcenoris", "not haruno"], "log": "|j|\u2606dcenoris\n|j|\u2606not haruno\n|t:|1716396638\n|gametype|singles\n|player|p1|dcenoris|lucas|2245\n|player|p2|not haruno|#notharuno|2240\n|teamsize|p1|6\n|teamsize|p2|6\n|gen|9\n|tier|[Gen 9] Random Battle\n|rated|\n|rule|Species Clause: Limit one of each Pok\u00e9mon\n|rule|HP Percentage Mod: HP is shown in percentages\n|rule|Sleep Clause Mod: Limit one foe put to sleep\n|rule|Illusion Level Mod: Illusion disguises the Pok\u00e9mon's true level\n|\n|t:|1716396638\n|start\n|switch|p1a: Phione|Phione, L90|290/290\n|switch|p2a: Medicham|Medicham, L86, F|243/243\n|turn|1\n|\n|t:|1716396649\n|switch|p1a: Vespiquen|Vespiquen, L98, F|296/296\n|-ability|p1a: Vespiquen|Pressure\n|move|p2a: Medicham|Close Combat|p1a: Vespiquen\n|-resisted|p1a: Vespiquen\n|-damage|p1a: Vespiquen|246/296\n|-unboost|p2a: Medicham|def|1\n|-unboost|p2a: Medicham|spd|1\n|\n|upkeep\n|turn|2\n|\n|t:|1716396657\n|switch|p2a: Tentacruel|Tentacruel, L84, F|272/272\n|move|p1a: Vespiquen|Spikes|p2a: Tentacruel\n|-sidestart|p2: not haruno|Spikes\n|\n|upkeep\n|turn|3\n|\n|t:|1716396663\n|move|p2a: Tentacruel|Toxic Spikes|p1a: Vespiquen\n|-sidestart|p1: dcenoris|move: Toxic Spikes\n|move|p1a: Vespiquen|Hurricane|p2a: Tentacruel|[miss]\n|-miss|p1a: Vespiquen|p2a: Tentacruel\n|\n|upkeep\n|turn|4\n|\n|t:|1716396679\n|move|p2a: Tentacruel|Rapid Spin|p1a: Vespiquen\n|-damage|p1a: Vespiquen|225/296\n|-boost|p2a: Tentacruel|spe|1\n|-sideend|p2: not haruno|Spikes|[from] move: Rapid Spin|[of] p2a: Tentacruel\n|move|p1a: Vespiquen|Hurricane|p2a: Tentacruel\n|-damage|p2a: Tentacruel|155/272\n|\n|-heal|p2a: Tentacruel|172/272|[from] item: Leftovers\n|upkeep\n|turn|5\n|\n|t:|1716396682\n|move|p2a: Tentacruel|Sludge Bomb|p1a: Vespiquen\n|-damage|p1a: Vespiquen|164/296\n|move|p1a: Vespiquen|Hurricane|p2a: Tentacruel\n|-damage|p2a: Tentacruel|72/272\n|\n|-heal|p2a: Tentacruel|89/272|[from] item: Leftovers\n|upkeep\n|turn|6\n|\n|t:|1716396688\n|move|p2a: Tentacruel|Sludge Bomb|p1a: Vespiquen\n|-crit|p1a: Vespiquen\n|-damage|p1a: Vespiquen|67/296\n|move|p1a: Vespiquen|Spikes|p2a: Tentacruel\n|-sidestart|p2: not haruno|Spikes\n|\n|-heal|p2a: Tentacruel|106/272|[from] item: Leftovers\n|upkeep\n|turn|7\n|\n|t:|1716396694\n|move|p2a: Tentacruel|Rapid Spin|p1a: Vespiquen\n|-crit|p1a: Vespiquen\n|-damage|p1a: Vespiquen|35/296\n|-boost|p2a: Tentacruel|spe|1\n|-sideend|p2: not haruno|Spikes|[from] move: Rapid Spin|[of] p2a: Tentacruel\n|move|p1a: Vespiquen|Roost|p1a: Vespiquen\n|-heal|p1a: Vespiquen|183/296\n|-singleturn|p1a: Vespiquen|move: Roost\n|\n|-heal|p2a: Tentacruel|123/272|[from] item: Leftovers\n|upkeep\n|turn|8\n|\n|t:|1716396700\n|switch|p2a: Braviary|Braviary-Hisui, L85, M|326/326\n|move|p1a: Vespiquen|Roost|p1a: Vespiquen\n|-heal|p1a: Vespiquen|296/296\n|-singleturn|p1a: Vespiquen|move: Roost\n|\n|upkeep\n|turn|9\n|\n|t:|1716396705\n|move|p2a: Braviary|Calm Mind|p2a: Braviary\n|-boost|p2a: Braviary|spa|1\n|-boost|p2a: Braviary|spd|1\n|move|p1a: Vespiquen|Toxic|p2a: Braviary\n|-status|p2a: Braviary|tox\n|\n|-damage|p2a: Braviary|306/326 tox|[from] psn\n|upkeep\n|turn|10\n|\n|t:|1716396713\n|switch|p1a: Dragonite|Dragonite, L74, F|257/257\n|move|p2a: Braviary|Esper Wing|p1a: Dragonite\n|-crit|p1a: Dragonite\n|-damage|p1a: Dragonite|138/257\n|-boost|p2a: Braviary|spe|1\n|\n|-damage|p2a: Braviary|266/326 tox|[from] psn\n|upkeep\n|turn|11\n|\n|t:|1716396719\n|move|p2a: Braviary|Esper Wing|p1a: Dragonite\n|-damage|p1a: Dragonite|0 fnt\n|-boost|p2a: Braviary|spe|1\n|faint|p1a: Dragonite\n|\n|-damage|p2a: Braviary|206/326 tox|[from] psn\n|upkeep\n|\n|t:|1716396728\n|switch|p1a: Magmortar|Magmortar, L88, M|275/275\n|turn|12\n|\n|t:|1716396735\n|move|p2a: Braviary|Hurricane|p1a: Magmortar\n|-damage|p1a: Magmortar|86/275\n|move|p1a: Magmortar|Knock Off|p2a: Braviary\n|-supereffective|p2a: Braviary\n|-damage|p2a: Braviary|36/326 tox\n|-enditem|p2a: Braviary|Heavy-Duty Boots|[from] move: Knock Off|[of] p1a: Magmortar\n|\n|-damage|p2a: Braviary|0 fnt|[from] psn\n|faint|p2a: Braviary\n|upkeep\n|\n|t:|1716396753\n|switch|p2a: Tentacruel|Tentacruel, L84, F|123/272\n|turn|13\n|\n|t:|1716396763\n|switch|p1a: Vespiquen|Vespiquen, L98, F|296/296\n|-ability|p1a: Vespiquen|Pressure\n|move|p2a: Tentacruel|Surf|p1a: Vespiquen\n|-damage|p1a: Vespiquen|226/296\n|\n|-heal|p2a: Tentacruel|140/272|[from] item: Leftovers\n|upkeep\n|turn|14\n|\n|t:|1716396765\n|move|p2a: Tentacruel|Sludge Bomb|p1a: Vespiquen\n|-damage|p1a: Vespiquen|157/296\n|move|p1a: Vespiquen|Hurricane|p2a: Tentacruel|[miss]\n|-miss|p1a: Vespiquen|p2a: Tentacruel\n|\n|-heal|p2a: Tentacruel|157/272|[from] item: Leftovers\n|upkeep\n|turn|15\n|\n|t:|1716396769\n|move|p2a: Tentacruel|Sludge Bomb|p1a: Vespiquen\n|-damage|p1a: Vespiquen|88/296\n|move|p1a: Vespiquen|Roost|p1a: Vespiquen\n|-heal|p1a: Vespiquen|236/296\n|-singleturn|p1a: Vespiquen|move: Roost\n|\n|-heal|p2a: Tentacruel|174/272|[from] item: Leftovers\n|upkeep\n|turn|16\n|\n|t:|1716396771\n|move|p2a: Tentacruel|Sludge Bomb|p1a: Vespiquen\n|-damage|p1a: Vespiquen|175/296\n|move|p1a: Vespiquen|Hurricane|p2a: Tentacruel\n|-damage|p2a: Tentacruel|60/272\n|\n|-heal|p2a: Tentacruel|77/272|[from] item: Leftovers\n|upkeep\n|turn|17\n|\n|t:|1716396776\n|move|p2a: Tentacruel|Sludge Bomb|p1a: Vespiquen\n|-damage|p1a: Vespiquen|106/296\n|-status|p1a: Vespiquen|psn\n|move|p1a: Vespiquen|Roost|p1a: Vespiquen\n|-heal|p1a: Vespiquen|254/296 psn\n|-singleturn|p1a: Vespiquen|move: Roost\n|\n|-heal|p2a: Tentacruel|94/272|[from] item: Leftovers\n|-damage|p1a: Vespiquen|217/296 psn|[from] psn\n|upkeep\n|turn|18\n|\n|t:|1716396780\n|move|p2a: Tentacruel|Sludge Bomb|p1a: Vespiquen\n|-damage|p1a: Vespiquen|148/296 psn\n|move|p1a: Vespiquen|Hurricane|p2a: Tentacruel\n|-damage|p2a: Tentacruel|0 fnt\n|faint|p2a: Tentacruel\n|\n|-damage|p1a: Vespiquen|111/296 psn|[from] psn\n|upkeep\n|\n|t:|1716396786\n|switch|p2a: Emboar|Emboar, L84, M|322/322\n|turn|19\n|\n|t:|1716396791\n|switch|p1a: Phione|Phione, L90|290/290\n|-status|p1a: Phione|psn\n|move|p2a: Emboar|Flare Blitz|p1a: Phione\n|-resisted|p1a: Phione\n|-damage|p1a: Phione|198/290 psn\n|-damage|p2a: Emboar|292/322|[from] Recoil\n|\n|-heal|p1a: Phione|216/290 psn|[from] item: Leftovers\n|-heal|p2a: Emboar|312/322|[from] item: Leftovers\n|-damage|p1a: Phione|180/290 psn|[from] psn\n|upkeep\n|turn|20\n|\n|t:|1716396797\n|move|p1a: Phione|Take Heart|p1a: Phione\n|-boost|p1a: Phione|spa|1\n|-boost|p1a: Phione|spd|1\n|-curestatus|p1a: Phione|psn|[msg]\n|move|p2a: Emboar|Trailblaze|p1a: Phione\n|-supereffective|p1a: Phione\n|-damage|p1a: Phione|94/290\n|-boost|p2a: Emboar|spe|1\n|\n|-heal|p2a: Emboar|322/322|[from] item: Leftovers\n|-heal|p1a: Phione|112/290|[from] item: Leftovers\n|upkeep\n|turn|21\n|\n|t:|1716396811\n|-terastallize|p2a: Emboar|Grass\n|move|p2a: Emboar|Trailblaze|p1a: Phione\n|-supereffective|p1a: Phione\n|-damage|p1a: Phione|0 fnt\n|-boost|p2a: Emboar|spe|1\n|faint|p1a: Phione\n|\n|upkeep\n|\n|t:|1716396817\n|switch|p1a: Granbull|Granbull, L88, M|302/302\n|-status|p1a: Granbull|psn\n|-ability|p1a: Granbull|Intimidate|boost\n|-unboost|p2a: Emboar|atk|1\n|turn|22\n|\n|t:|1716396825\n|move|p2a: Emboar|Bulk Up|p2a: Emboar\n|-boost|p2a: Emboar|atk|1\n|-boost|p2a: Emboar|def|1\n|move|p1a: Granbull|Thunder Wave|p2a: Emboar\n|-status|p2a: Emboar|par\n|\n|-damage|p1a: Granbull|265/302 psn|[from] psn\n|upkeep\n|turn|23\n|\n|t:|1716396829\n|switch|p1a: Magmortar|Magmortar, L88, M|86/275\n|move|p2a: Emboar|Trailblaze|p1a: Magmortar\n|-resisted|p1a: Magmortar\n|-crit|p1a: Magmortar\n|-damage|p1a: Magmortar|14/275\n|-boost|p2a: Emboar|spe|1\n|\n|upkeep\n|turn|24\n|\n|t:|1716396837\n|move|p2a: Emboar|Trailblaze|p1a: Magmortar\n|-resisted|p1a: Magmortar\n|-damage|p1a: Magmortar|0 fnt\n|-boost|p2a: Emboar|spe|1\n|faint|p1a: Magmortar\n|\n|upkeep\n|\n|t:|1716396840\n|switch|p1a: Vespiquen|Vespiquen, L98, F|111/296 psn\n|-ability|p1a: Vespiquen|Pressure\n|turn|25\n|\n|t:|1716396844\n|move|p2a: Emboar|Flare Blitz|p1a: Vespiquen\n|-supereffective|p1a: Vespiquen\n|-damage|p1a: Vespiquen|0 fnt\n|faint|p1a: Vespiquen\n|-damage|p2a: Emboar|285/322 par|[from] Recoil\n|\n|-heal|p2a: Emboar|305/322 par|[from] item: Leftovers\n|upkeep\n|-message|dcenoris forfeited.\n|\n|win|not haruno\n|raw|dcenoris's rating: 2245 &rarr; <strong>2225</strong><br />(-20 for losing)\n|raw|not haruno's rating: 2240 &rarr; <strong>2260</strong><br />(+20 for winning)\n|l|\u2606dcenoris\n|player|p1|\n", "inputlog": ">version 7158ead19aeac8750849df2840eabb6dbec77df6\n>start {\"formatid\":\"gen9randombattle\",\"seed\":[26836,36789,4678,51417],\"rated\":\"Rated battle\"}\n>player p1 {\"name\":\"dcenoris\",\"avatar\":\"lucas\",\"rating\":2245,\"seed\":[15434,62358,19942,52766]}\n>player p2 {\"name\":\"not haruno\",\"avatar\":\"#notharuno\",\"rating\":2240,\"seed\":[61776,57727,32630,53747]}\n>p1 switch 2\n>p2 move closecombat\n>p1 move spikes\n>p2 switch 2\n>p1 move hurricane\n>p2 move toxicspikes\n>p1 move hurricane\n>p2 move rapidspin\n>p1 move hurricane\n>p2 move sludgebomb\n>p1 move spikes\n>p2 move sludgebomb\n>p1 move roost\n>p2 move rapidspin\n>p1 move roost\n>p2 switch 4\n>p1 move toxic\n>p2 move calmmind\n>p1 switch 3\n>p2 move esperwing\n>p1 move outrage\n>p2 move esperwing\n>p1 switch 5\n>p1 move knockoff\n>p2 move hurricane\n>p2 switch 4\n>p1 switch 3\n>p2 move surf\n>p1 move hurricane\n>p2 move sludgebomb\n>p1 move roost\n>p2 move sludgebomb\n>p1 move hurricane\n>p2 move sludgebomb\n>p1 move roost\n>p2 move sludgebomb\n>p1 move hurricane\n>p2 move sludgebomb\n>p2 switch 3\n>p1 switch 2\n>p2 move flareblitz\n>p1 move takeheart\n>p2 move trailblaze\n>p1 move rest\n>p2 move trailblaze terastallize\n>p1 switch 6\n>p1 move thunderwave\n>p2 move bulkup\n>p1 switch 3\n>p2 move trailblaze\n>p1 move fireblast\n>p2 move trailblaze\n>p1 switch 2\n>p1 move hurricane\n>p2 move flareblitz\n>forcelose p1", "uploadtime": 1716396852, "views": 202, "formatid": "gen9randombattle", "rating": 2225, "private": 0, "password": null}