{"id": "gen9randombattle-2260621742", "format": "[Gen 9] Random Battle", "players": ["Luis_545478", "luisflp123"], "log": "|j|\u2606Luis_545478\n|j|\u2606luisflp123\n|t:|1733870341\n|gametype|singles\n|player|p1|Luis_545478|170|\n|player|p2|luisflp123|veteran|\n|teamsize|p1|6\n|teamsize|p2|6\n|gen|9\n|tier|[Gen 9] Random Battle\n|rule|Species Clause: Limit one of each Pok\u00e9mon\n|rule|HP Percentage Mod: HP is shown in percentages\n|rule|Sleep Clause Mod: Limit one foe put to sleep\n|rule|Illusion Level Mod: Illusion disguises the Pok\u00e9mon's true level\n|\n|t:|1733870341\n|start\n|switch|p1a: Toxtricity|Toxtricity, L82, F|257/257\n|switch|p2a: Iron Thorns|Iron Thorns, L83|302/302\n|-item|p2a: Iron Thorns|Air Balloon\n|turn|1\n|\n|t:|1733870465\n|move|p1a: Toxtricity|Overdrive|p2a: Iron Thorns\n|-resisted|p2a: Iron Thorns\n|-damage|p2a: Iron Thorns|236/302\n|-enditem|p2a: Iron Thorns|Air Balloon\n|-enditem|p1a: Toxtricity|Throat Spray\n|-boost|p1a: Toxtricity|spa|1|[from] item: Throat Spray\n|move|p2a: Iron Thorns|Stone Edge|p1a: Toxtricity\n|-damage|p1a: Toxtricity|106/257\n|\n|upkeep\n|turn|2\n|\n|t:|1733870482\n|-terastallize|p2a: Iron Thorns|Water\n|move|p1a: Toxtricity|Gunk Shot|p2a: Iron Thorns\n|-damage|p2a: Iron Thorns|133/302\n|-status|p2a: Iron Thorns|psn\n|move|p2a: Iron Thorns|Stone Edge|p1a: Toxtricity\n|-damage|p1a: Toxtricity|0 fnt\n|faint|p1a: Toxtricity\n|\n|-damage|p2a: Iron Thorns|96/302 psn|[from] psn\n|upkeep\n|\n|t:|1733870500\n|switch|p1a: Duraludon|Duraludon, L82, F|249/249\n|turn|3\n|\n|t:|1733870514\n|move|p1a: Duraludon|Body Press|p2a: Iron Thorns\n|-damage|p2a: Iron Thorns|42/302 psn\n|move|p2a: Iron Thorns|Stone Edge|p1a: Duraludon\n|-resisted|p1a: Duraludon\n|-damage|p1a: Duraludon|213/249\n|\n|-damage|p2a: Iron Thorns|5/302 psn|[from] psn\n|upkeep\n|turn|4\n|\n|t:|1733870525\n|move|p1a: Duraludon|Body Press|p2a: Iron Thorns\n|-damage|p2a: Iron Thorns|0 fnt\n|faint|p2a: Iron Thorns\n|-end|p2a: Iron Thorns|Quark Drive|[silent]\n|\n|upkeep\n|\n|t:|1733870535\n|switch|p2a: Toedscruel|Toedscruel, L87, F|281/281\n|turn|5\n|\n|t:|1733870543\n|move|p2a: Toedscruel|Giga Drain|p1a: Duraludon\n|-resisted|p1a: Duraludon\n|-damage|p1a: Duraludon|194/249\n|move|p1a: Duraludon|Body Press|p2a: Toedscruel\n|-damage|p2a: Toedscruel|210/281\n|\n|-heal|p2a: Toedscruel|227/281|[from] item: Leftovers\n|upkeep\n|turn|6\n|\n|t:|1733870559\n|move|p1a: Duraludon|Body Press|p2a: Toedscruel\n|-damage|p2a: Toedscruel|147/281\n|move|p2a: Toedscruel|Spore|p1a: Duraludon\n|-status|p1a: Duraludon|slp|[from] move: Spore\n|\n|-heal|p2a: Toedscruel|164/281|[from] item: Leftovers\n|upkeep\n|turn|7\n|\n|t:|1733870569\n|switch|p1a: Chien-Pao|Chien-Pao, L72|234/234\n|-ability|p1a: Chien-Pao|Sword of Ruin\n|move|p2a: Toedscruel|Earth Power|p1a: Chien-Pao\n|-damage|p1a: Chien-Pao|98/234\n|\n|-heal|p2a: Toedscruel|181/281|[from] item: Leftovers\n|upkeep\n|turn|8\n|\n|t:|1733870588\n|move|p1a: Chien-Pao|Sacred Sword|p2a: Toedscruel\n|-damage|p2a: Toedscruel|94/281\n|move|p2a: Toedscruel|Spore|p1a: Chien-Pao\n|-message|Sleep Clause Mod activated.\n|-hint|Sleep Clause Mod prevents players from putting more than one of their opponent's Pok\u00e9mon to sleep at a time\n|\n|-heal|p2a: Toedscruel|111/281|[from] item: Leftovers\n|upkeep\n|turn|9\n|\n|t:|1733870601\n|move|p1a: Chien-Pao|Swords Dance|p1a: Chien-Pao\n|-boost|p1a: Chien-Pao|atk|2\n|move|p2a: Toedscruel|Earth Power|p1a: Chien-Pao\n|-damage|p1a: Chien-Pao|0 fnt\n|faint|p1a: Chien-Pao\n|\n|-heal|p2a: Toedscruel|128/281|[from] item: Leftovers\n|upkeep\n|\n|t:|1733870612\n|switch|p1a: Arbok|Arbok, L87, F|246/246\n|-ability|p1a: Arbok|Intimidate|boost\n|-unboost|p2a: Toedscruel|atk|1\n|turn|10\n|\n|t:|1733870618\n|move|p1a: Arbok|Earthquake|p2a: Toedscruel\n|-resisted|p2a: Toedscruel\n|-damage|p2a: Toedscruel|73/281\n|-damage|p1a: Arbok|222/246|[from] item: Life Orb\n|move|p2a: Toedscruel|Spore|p1a: Arbok\n|-message|Sleep Clause Mod activated.\n|-hint|Sleep Clause Mod prevents players from putting more than one of their opponent's Pok\u00e9mon to sleep at a time\n|\n|-heal|p2a: Toedscruel|90/281|[from] item: Leftovers\n|upkeep\n|turn|11\n|\n|t:|1733870631\n|move|p2a: Toedscruel|Giga Drain|p1a: Arbok\n|-resisted|p1a: Arbok\n|-damage|p1a: Arbok|186/246\n|-heal|p2a: Toedscruel|108/281|[from] drain|[of] p1a: Arbok\n|move|p1a: Arbok|Gunk Shot|p2a: Toedscruel|[miss]\n|-miss|p1a: Arbok|p2a: Toedscruel\n|\n|-heal|p2a: Toedscruel|125/281|[from] item: Leftovers\n|upkeep\n|turn|12\n|\n|t:|1733870643\n|move|p1a: Arbok|Sucker Punch|p2a: Toedscruel\n|-damage|p2a: Toedscruel|51/281\n|-damage|p1a: Arbok|162/246|[from] item: Life Orb\n|move|p2a: Toedscruel|Earth Power|p1a: Arbok\n|-supereffective|p1a: Arbok\n|-damage|p1a: Arbok|0 fnt\n|faint|p1a: Arbok\n|\n|-heal|p2a: Toedscruel|68/281|[from] item: Leftovers\n|upkeep\n|\n|t:|1733870655\n|switch|p1a: Duraludon|Duraludon, L82, F|194/249 slp\n|turn|13\n|\n|t:|1733870661\n|move|p2a: Toedscruel|Earth Power|p1a: Duraludon\n|-supereffective|p1a: Duraludon\n|-damage|p1a: Duraludon|24/249 slp\n|cant|p1a: Duraludon|slp\n|\n|-heal|p2a: Toedscruel|85/281|[from] item: Leftovers\n|upkeep\n|turn|14\n|\n|t:|1733870671\n|switch|p1a: Leafeon|Leafeon, L88, F|258/258\n|move|p2a: Toedscruel|Earth Power|p1a: Leafeon\n|-resisted|p1a: Leafeon\n|-damage|p1a: Leafeon|203/258\n|\n|-heal|p2a: Toedscruel|102/281|[from] item: Leftovers\n|upkeep\n|turn|15\n|\n|t:|1733870682\n|move|p1a: Leafeon|Leaf Blade|p2a: Toedscruel\n|-damage|p2a: Toedscruel|0 fnt\n|faint|p2a: Toedscruel\n|-damage|p1a: Leafeon|178/258|[from] item: Life Orb\n|\n|upkeep\n|\n|t:|1733870694\n|switch|p2a: Tatsugiri|Tatsugiri, L87, M|260/260\n|turn|16\n|\n|t:|1733870700\n|move|p1a: Leafeon|Leaf Blade|p2a: Tatsugiri\n|-damage|p2a: Tatsugiri|68/260\n|-damage|p1a: Leafeon|153/258|[from] item: Life Orb\n|move|p2a: Tatsugiri|Surf|p1a: Leafeon\n|-resisted|p1a: Leafeon\n|-damage|p1a: Leafeon|65/258\n|-damage|p2a: Tatsugiri|42/260|[from] item: Life Orb\n|\n|upkeep\n|turn|17\n|\n|t:|1733870712\n|move|p1a: Leafeon|Leaf Blade|p2a: Tatsugiri\n|-damage|p2a: Tatsugiri|0 fnt\n|faint|p2a: Tatsugiri\n|-damage|p1a: Leafeon|40/258|[from] item: Life Orb\n|\n|upkeep\n|\n|t:|1733870720\n|switch|p2a: Carbink|Carbink, L90|236/236\n|turn|18\n|\n|t:|1733870726\n|move|p1a: Leafeon|Leaf Blade|p2a: Carbink\n|-supereffective|p2a: Carbink\n|-damage|p2a: Carbink|64/236\n|-damage|p1a: Leafeon|15/258|[from] item: Life Orb\n|move|p2a: Carbink|Moonblast|p1a: Leafeon\n|-damage|p1a: Leafeon|0 fnt\n|faint|p1a: Leafeon\n|\n|upkeep\n|\n|t:|1733870739\n|switch|p1a: Vikavolt|Vikavolt, L83, M|263/263\n|turn|19\n|\n|t:|1733870744\n|move|p2a: Carbink|Moonblast|p1a: Vikavolt\n|-damage|p1a: Vikavolt|184/263\n|-unboost|p1a: Vikavolt|spa|1\n|move|p1a: Vikavolt|Energy Ball|p2a: Carbink\n|-supereffective|p2a: Carbink\n|-damage|p2a: Carbink|0 fnt\n|faint|p2a: Carbink\n|\n|upkeep\n|\n|t:|1733870755\n|switch|p2a: Chien-Pao|Chien-Pao, L72|234/234\n|-ability|p2a: Chien-Pao|Sword of Ruin\n|turn|20\n|\n|t:|1733870770\n|move|p2a: Chien-Pao|Sacred Sword|p1a: Vikavolt\n|-resisted|p1a: Vikavolt\n|-damage|p1a: Vikavolt|132/263\n|move|p1a: Vikavolt|Energy Ball|p2a: Chien-Pao\n|-damage|p2a: Chien-Pao|153/234\n|\n|upkeep\n|turn|21\n|\n|t:|1733870780\n|move|p2a: Chien-Pao|Sacred Sword|p1a: Vikavolt\n|-resisted|p1a: Vikavolt\n|-damage|p1a: Vikavolt|74/263\n|move|p1a: Vikavolt|Bug Buzz|p2a: Chien-Pao\n|-supereffective|p2a: Chien-Pao\n|-damage|p2a: Chien-Pao|0 fnt\n|faint|p2a: Chien-Pao\n|\n|upkeep\n|\n|t:|1733870789\n|switch|p2a: Lilligant|Lilligant-Hisui, L79, F|240/240\n|turn|22\n|\n|t:|1733870794\n|move|p2a: Lilligant|Close Combat|p1a: Vikavolt\n|-resisted|p1a: Vikavolt\n|-damage|p1a: Vikavolt|0 fnt\n|-unboost|p2a: Lilligant|def|1\n|-unboost|p2a: Lilligant|spd|1\n|faint|p1a: Vikavolt\n|-damage|p2a: Lilligant|216/240|[from] item: Life Orb\n|\n|upkeep\n|\n|t:|1733870802\n|switch|p1a: Duraludon|Duraludon, L82, F|24/249 slp\n|turn|23\n|\n|t:|1733870807\n|move|p2a: Lilligant|Close Combat|p1a: Duraludon\n|-supereffective|p1a: Duraludon\n|-damage|p1a: Duraludon|0 fnt\n|-unboost|p2a: Lilligant|def|1\n|-unboost|p2a: Lilligant|spd|1\n|faint|p1a: Duraludon\n|-damage|p2a: Lilligant|192/240|[from] item: Life Orb\n|\n|win|luisflp123\n", "inputlog": ">version bfd83cad13791eb5a5a409923076391caf6fb4d4\n>start {\"formatid\":\"gen9randombattle\",\"seed\":[41709,46295,56883,47626]}\n>player p1 {\"name\":\"Luis_545478\",\"avatar\":\"170\",\"rating\":0,\"seed\":[6620,57619,31077,35416]}\n>player p2 {\"name\":\"luisflp123\",\"avatar\":\"veteran\",\"rating\":0,\"seed\":[50759,29511,48338,47315]}\n>p1 move overdrive\n>p2 move stoneedge\n>p1 move gunkshot\n>p2 move stoneedge terastallize\n>p1 switch 2\n>p1 move bodypress\n>p2 move stoneedge\n>p1 move bodypress\n>p2 move wildcharge\n>p2 switch 4\n>p1 move bodypress\n>p2 move gigadrain\n>p1 move bodypress\n>p2 move spore\n>p1 switch 6\n>p2 move earthpower\n>p1 move sacredsword\n>p2 move spore\n>p1 move swordsdance\n>p2 move earthpower\n>p1 switch 3\n>p1 move earthquake\n>p2 move spore\n>p1 move gunkshot\n>p2 move gigadrain\n>p1 move suckerpunch\n>p2 move earthpower\n>p1 switch 6\n>p1 move dracometeor\n>p2 move earthpower\n>p1 switch 5\n>p2 move earthpower\n>p1 move leafblade\n>p2 move spore\n>p2 switch 6\n>p1 move leafblade\n>p2 move surf\n>p1 move leafblade\n>p2 move dracometeor\n>p2 switch 5\n>p1 move leafblade\n>p2 move moonblast\n>p1 switch 4\n>p1 move energyball\n>p2 move moonblast\n>p2 switch 3\n>p1 move energyball\n>p2 move sacredsword\n>p1 move bugbuzz\n>p2 move sacredsword\n>p2 switch 2\n>p1 move discharge\n>p2 move closecombat\n>p1 switch 5\n>p1 move bodypress\n>p2 move closecombat", "uploadtime": 1733870823, "views": 1, "formatid": "gen9randombattle", "rating": null, "private": 0, "password": null}