{"id": "gen9randombattle-2137670521", "format": "[Gen 9] Random Battle", "players": ["TiltAccount2", "Turtles88"], "log": "|j|\u2606TiltAccount2\n|j|\u2606Turtles88\n|t:|1717622355\n|gametype|singles\n|player|p1|TiltAccount2|tourist|2215\n|player|p2|Turtles88|bellelba|2271\n|teamsize|p1|6\n|teamsize|p2|6\n|gen|9\n|tier|[Gen 9] Random Battle\n|rated|\n|rule|Species Clause: Limit one of each Pok\u00e9mon\n|rule|HP Percentage Mod: HP is shown in percentages\n|rule|Sleep Clause Mod: Limit one foe put to sleep\n|rule|Illusion Level Mod: Illusion disguises the Pok\u00e9mon's true level\n|\n|t:|1717622355\n|start\n|switch|p1a: Heatran|Heatran, L79, F|273/273\n|switch|p2a: Cinderace|Cinderace, L77, M|249/249\n|-item|p1a: Heatran|Air Balloon\n|turn|1\n|inactive|Battle timer is ON: inactive players will automatically lose when time's up. (requested by TiltAccount2)\n|inactive|Turtles88 also wants the timer to be on.\n|\n|t:|1717622365\n|switch|p1a: Oricorio|Oricorio-Sensu, L85, F|266/266\n|move|p2a: Cinderace|U-turn|p1a: Oricorio\n|-start|p2a: Cinderace|typechange|Bug|[from] ability: Libero\n|-resisted|p1a: Oricorio\n|-damage|p1a: Oricorio|234/266\n|\n|t:|1717622378\n|switch|p2a: Golem|Golem, L87, M|281/281|[from] U-turn\n|\n|upkeep\n|turn|2\n|\n|t:|1717622383\n|switch|p1a: Tsareena|Tsareena, L87, F|267/267\n|move|p2a: Golem|Stealth Rock|p1a: Tsareena\n|-sidestart|p1: TiltAccount2|move: Stealth Rock\n|\n|upkeep\n|turn|3\n|\n|t:|1717622392\n|switch|p2a: Tsareena|Tsareena, L87, F|267/267\n|move|p1a: Tsareena|Triple Axel|p2a: Tsareena\n|-supereffective|p2a: Tsareena\n|-damage|p2a: Tsareena|221/267\n|-supereffective|p2a: Tsareena\n|-damage|p2a: Tsareena|125/267\n|-supereffective|p2a: Tsareena\n|-damage|p2a: Tsareena|0 fnt\n|faint|p2a: Tsareena\n|-hitcount|p2: Tsareena|3\n|\n|upkeep\n|\n|t:|1717622403\n|switch|p2a: Cinderace|Cinderace, L77, M|249/249\n|turn|4\n|\n|t:|1717622406\n|switch|p1a: Oricorio|Oricorio-Sensu, L85, F|234/266\n|move|p2a: Cinderace|High Jump Kick|p1a: Oricorio\n|-start|p2a: Cinderace|typechange|Fighting|[from] ability: Libero\n|-immune|p1a: Oricorio\n|-damage|p2a: Cinderace|125/249|[from] highjumpkick\n|\n|upkeep\n|turn|5\n|\n|t:|1717622414\n|switch|p2a: Glalie|Glalie, L96, M|309/309\n|move|p1a: Oricorio|Revelation Dance|p2a: Glalie\n|-damage|p2a: Glalie|222/309\n|\n|upkeep\n|turn|6\n|\n|t:|1717622422\n|switch|p1a: Volcanion|Volcanion, L79|255/255\n|-damage|p1a: Volcanion|192/255|[from] Stealth Rock\n|move|p2a: Glalie|Freeze-Dry|p1a: Volcanion\n|-damage|p1a: Volcanion|129/255\n|\n|upkeep\n|turn|7\n|\n|t:|1717622433\n|switch|p2a: Gothitelle|Gothitelle, L90, F|272/272\n|move|p1a: Volcanion|Flame Charge|p2a: Gothitelle\n|-damage|p2a: Gothitelle|227/272\n|-boost|p1a: Volcanion|spe|1\n|\n|upkeep\n|turn|8\n|\n|t:|1717622438\n|move|p2a: Gothitelle|Psychic|p1a: Volcanion\n|-damage|p1a: Volcanion|59/255\n|move|p1a: Volcanion|Steam Eruption|p2a: Gothitelle\n|-damage|p2a: Gothitelle|116/272\n|-status|p2a: Gothitelle|brn\n|\n|-damage|p2a: Gothitelle|99/272 brn|[from] brn\n|upkeep\n|turn|9\n|\n|t:|1717622446\n|move|p2a: Gothitelle|Psychic|p1a: Volcanion\n|-damage|p1a: Volcanion|0 fnt\n|faint|p1a: Volcanion\n|\n|-damage|p2a: Gothitelle|82/272 brn|[from] brn\n|upkeep\n|\n|t:|1717622450\n|switch|p1a: Heatran|Heatran, L79, F|273/273\n|-damage|p1a: Heatran|239/273|[from] Stealth Rock\n|-item|p1a: Heatran|Air Balloon\n|turn|10\n|\n|t:|1717622453\n|move|p2a: Gothitelle|Psychic|p1a: Heatran\n|-resisted|p1a: Heatran\n|-damage|p1a: Heatran|190/273\n|-enditem|p1a: Heatran|Air Balloon\n|move|p1a: Heatran|Stealth Rock|p2a: Gothitelle\n|-sidestart|p2: Turtles88|move: Stealth Rock\n|\n|-damage|p2a: Gothitelle|65/272 brn|[from] brn\n|upkeep\n|turn|11\n|\n|t:|1717622458\n|move|p2a: Gothitelle|Psychic|p1a: Heatran\n|-resisted|p1a: Heatran\n|-damage|p1a: Heatran|142/273\n|-unboost|p1a: Heatran|spd|1\n|move|p1a: Heatran|Earth Power|p2a: Gothitelle\n|-damage|p2a: Gothitelle|11/272 brn\n|\n|-damage|p2a: Gothitelle|0 fnt|[from] brn\n|faint|p2a: Gothitelle\n|upkeep\n|\n|t:|1717622461\n|switch|p2a: Glalie|Glalie, L96, M|222/309\n|turn|12\n|\n|t:|1717622470\n|switch|p1a: Snorlax|Snorlax, L82, M|397/397\n|-damage|p1a: Snorlax|348/397|[from] Stealth Rock\n|move|p2a: Glalie|Spikes|p1a: Snorlax\n|-sidestart|p1: TiltAccount2|Spikes\n|\n|-heal|p1a: Snorlax|372/397|[from] item: Leftovers\n|upkeep\n|turn|13\n|\n|t:|1717622478\n|move|p2a: Glalie|Taunt|p1a: Snorlax\n|-start|p1a: Snorlax|move: Taunt\n|move|p1a: Snorlax|Body Slam|p2a: Glalie\n|-damage|p2a: Glalie|131/309\n|\n|-heal|p1a: Snorlax|396/397|[from] item: Leftovers\n|upkeep\n|turn|14\n|\n|t:|1717622484\n|move|p2a: Glalie|Spikes|p1a: Snorlax\n|-sidestart|p1: TiltAccount2|Spikes\n|move|p1a: Snorlax|Body Slam|p2a: Glalie\n|-damage|p2a: Glalie|46/309\n|\n|-heal|p1a: Snorlax|397/397|[from] item: Leftovers\n|upkeep\n|turn|15\n|\n|t:|1717622489\n|move|p2a: Glalie|Spikes|p1a: Snorlax\n|-sidestart|p1: TiltAccount2|Spikes\n|move|p1a: Snorlax|Body Slam|p2a: Glalie\n|-damage|p2a: Glalie|0 fnt\n|faint|p2a: Glalie\n|\n|-end|p1a: Snorlax|move: Taunt\n|upkeep\n|\n|t:|1717622492\n|switch|p2a: Zekrom|Zekrom, L71|259/259\n|-damage|p2a: Zekrom|227/259|[from] Stealth Rock\n|-ability|p2a: Zekrom|Teravolt\n|turn|16\n|\n|t:|1717622497\n|move|p2a: Zekrom|Dragon Dance|p2a: Zekrom\n|-boost|p2a: Zekrom|atk|1\n|-boost|p2a: Zekrom|spe|1\n|move|p1a: Snorlax|Earthquake|p2a: Zekrom\n|-supereffective|p2a: Zekrom\n|-damage|p2a: Zekrom|89/259\n|\n|-heal|p2a: Zekrom|105/259|[from] item: Leftovers\n|upkeep\n|turn|17\n|\n|t:|1717622505\n|-terastallize|p2a: Zekrom|Electric\n|move|p2a: Zekrom|Bolt Strike|p1a: Snorlax\n|-damage|p1a: Snorlax|33/397\n|move|p1a: Snorlax|Earthquake|p2a: Zekrom\n|-supereffective|p2a: Zekrom\n|-damage|p2a: Zekrom|0 fnt\n|faint|p2a: Zekrom\n|\n|-heal|p1a: Snorlax|57/397|[from] item: Leftovers\n|upkeep\n|j| etnwtsjwtsr\n|\n|t:|1717622530\n|switch|p2a: Golem|Golem, L87, M|281/281\n|-damage|p2a: Golem|264/281|[from] Stealth Rock\n|turn|18\n|\n|t:|1717622537\n|move|p2a: Golem|Earthquake|p1a: Snorlax\n|-damage|p1a: Snorlax|0 fnt\n|faint|p1a: Snorlax\n|\n|upkeep\n|\n|t:|1717622543\n|switch|p1a: Tsareena|Tsareena, L87, F|267/267\n|-damage|p1a: Tsareena|234/267|[from] Stealth Rock\n|-damage|p1a: Tsareena|168/267|[from] Spikes\n|turn|19\n|\n|t:|1717622548\n|move|p1a: Tsareena|Power Whip|p2a: Golem\n|-supereffective|p2a: Golem\n|-damage|p2a: Golem|0 fnt\n|faint|p2a: Golem\n|\n|upkeep\n|\n|t:|1717622550\n|switch|p2a: Cinderace|Cinderace, L77, M|125/249\n|-damage|p2a: Cinderace|63/249|[from] Stealth Rock\n|turn|20\n|\n|t:|1717622555\n|move|p2a: Cinderace|Pyro Ball|p1a: Tsareena\n|-supereffective|p1a: Tsareena\n|-damage|p1a: Tsareena|0 fnt\n|faint|p1a: Tsareena\n|\n|upkeep\n|\n|t:|1717622558\n|switch|p1a: Heatran|Heatran, L79, F|142/273\n|-damage|p1a: Heatran|108/273|[from] Stealth Rock\n|-damage|p1a: Heatran|40/273|[from] Spikes\n|turn|21\n|\n|t:|1717622561\n|move|p2a: Cinderace|Pyro Ball|p1a: Heatran\n|-start|p1a: Heatran|ability: Flash Fire\n|move|p1a: Heatran|Earth Power|p2a: Cinderace\n|-supereffective|p2a: Cinderace\n|-crit|p2a: Cinderace\n|-damage|p2a: Cinderace|0 fnt\n|faint|p2a: Cinderace\n|\n|win|TiltAccount2\n|raw|TiltAccount2's rating: 2215 &rarr; <strong>2238</strong><br />(+23 for winning)\n|raw|Turtles88's rating: 2271 &rarr; <strong>2248</strong><br />(-23 for losing)\n|l|\u2606Turtles88\n|player|p2|\n|l| etnwtsjwtsr\n", "inputlog": ">version 5647192a6e1a4b6aea7ef1909ac46901be7445cb\n>start {\"formatid\":\"gen9randombattle\",\"seed\":[14297,17988,54559,717],\"rated\":\"Rated battle\"}\n>player p1 {\"name\":\"TiltAccount2\",\"avatar\":\"tourist\",\"rating\":2215,\"seed\":[32414,39807,7107,35129]}\n>player p2 {\"name\":\"Turtles88\",\"avatar\":\"bellelba\",\"rating\":2271,\"seed\":[61089,54629,37940,32908]}\n>p1 switch 5\n>p2 move uturn\n>p2 switch 3\n>p1 switch 6\n>p2 move stealthrock\n>p1 move tripleaxel\n>p2 switch 6\n>p2 switch 3\n>p1 switch 6\n>p2 move highjumpkick\n>p1 move revelationdance\n>p2 switch 5\n>p1 switch 3\n>p2 move freezedry\n>p1 move flamecharge\n>p2 switch 4\n>p1 move steameruption\n>p2 move psychic\n>p1 move flamethrower\n>p2 move psychic\n>p1 switch 5\n>p1 move stealthrock\n>p2 move psychic\n>p1 move earthpower\n>p2 move psychic\n>p2 switch 4\n>p1 switch 2\n>p2 move spikes\n>p1 move bodyslam\n>p2 move taunt\n>p1 move bodyslam\n>p2 move spikes\n>p1 move bodyslam\n>p2 move spikes\n>p2 switch 2\n>p1 move earthquake\n>p2 move dragondance\n>p1 move earthquake\n>p2 move boltstrike terastallize\n>p2 switch 6\n>p1 move bodyslam\n>p2 move earthquake\n>p1 switch 6\n>p1 move powerwhip\n>p2 move stoneedge\n>p2 switch 5\n>p1 move powerwhip\n>p2 move pyroball\n>p1 switch 2\n>p1 move earthpower\n>p2 move pyroball", "uploadtime": 1717622570, "views": 219, "formatid": "gen9randombattle", "rating": 2238, "private": 0, "password": null}