{"id": "gen9randombattle-2260732043", "format": "[Gen 9] Random Battle", "players": ["Vym12", "perrytheplatypuss"], "log": "|j|\u2606Vym12\n|j|\u2606perrytheplatypuss\n|t:|1733884252\n|gametype|singles\n|player|p1|Vym12|doubleteam|1341\n|player|p2|perrytheplatypuss|265|1345\n|teamsize|p1|6\n|teamsize|p2|6\n|gen|9\n|tier|[Gen 9] Random Battle\n|rated|\n|rule|Species Clause: Limit one of each Pok\u00e9mon\n|rule|HP Percentage Mod: HP is shown in percentages\n|rule|Sleep Clause Mod: Limit one foe put to sleep\n|rule|Illusion Level Mod: Illusion disguises the Pok\u00e9mon's true level\n|\n|t:|1733884252\n|start\n|switch|p1a: Koraidon|Koraidon, L64|235/235\n|switch|p2a: Hariyama|Hariyama, L87, M|392/392\n|-weather|SunnyDay|[from] ability: Orichalcum Pulse|[of] p1a: Koraidon\n|-activate|p1a: Koraidon|Orichalcum Pulse|[source]\n|turn|1\n|inactive|Battle timer is ON: inactive players will automatically lose when time's up. (requested by perrytheplatypuss)\n|\n|t:|1733884271\n|move|p1a: Koraidon|Flare Blitz|p2a: Hariyama\n|-damage|p2a: Hariyama|260/392\n|-damage|p1a: Koraidon|191/235|[from] Recoil\n|move|p2a: Hariyama|Knock Off|p1a: Koraidon\n|-resisted|p1a: Koraidon\n|-damage|p1a: Koraidon|149/235\n|-enditem|p1a: Koraidon|Choice Band|[from] move: Knock Off|[of] p2a: Hariyama\n|\n|-weather|SunnyDay|[upkeep]\n|upkeep\n|turn|2\n|\n|t:|1733884281\n|move|p1a: Koraidon|Outrage|p2a: Hariyama\n|-damage|p2a: Hariyama|104/392\n|move|p2a: Hariyama|Close Combat|p1a: Koraidon\n|-damage|p1a: Koraidon|0 fnt\n|-unboost|p2a: Hariyama|def|1\n|-unboost|p2a: Hariyama|spd|1\n|faint|p1a: Koraidon\n|\n|-weather|SunnyDay|[upkeep]\n|upkeep\n|\n|t:|1733884292\n|switch|p1a: Volcanion|Volcanion, L79|255/255\n|turn|3\n|\n|t:|1733884311\n|move|p1a: Volcanion|Flame Charge|p2a: Hariyama\n|-damage|p2a: Hariyama|25/392\n|-boost|p1a: Volcanion|spe|1\n|move|p2a: Hariyama|Knock Off|p1a: Volcanion\n|-damage|p1a: Volcanion|186/255\n|-enditem|p1a: Volcanion|Assault Vest|[from] move: Knock Off|[of] p2a: Hariyama\n|\n|-weather|SunnyDay|[upkeep]\n|upkeep\n|turn|4\n|\n|t:|1733884322\n|move|p1a: Volcanion|Flame Charge|p2a: Hariyama\n|-damage|p2a: Hariyama|0 fnt\n|-boost|p1a: Volcanion|spe|1\n|faint|p2a: Hariyama\n|\n|-weather|SunnyDay|[upkeep]\n|upkeep\n|\n|t:|1733884336\n|switch|p2a: Gholdengo|Gholdengo, L77|261/261\n|turn|5\n|\n|t:|1733884340\n|switch|p2a: Dachsbun|Dachsbun, L92, F|254/254\n|move|p1a: Volcanion|Flamethrower|p2a: Dachsbun\n|-ability|p2a: Dachsbun|Well-Baked Body|boost\n|-boost|p2a: Dachsbun|def|2\n|\n|-weather|none\n|upkeep\n|turn|6\n|\n|t:|1733884360\n|move|p1a: Volcanion|Steam Eruption|p2a: Dachsbun\n|-damage|p2a: Dachsbun|119/254\n|move|p2a: Dachsbun|Wish|p2a: Dachsbun\n|\n|-heal|p2a: Dachsbun|134/254|[from] item: Leftovers\n|upkeep\n|turn|7\n|\n|t:|1733884377\n|move|p1a: Volcanion|Flame Charge|p2a: Dachsbun\n|-ability|p2a: Dachsbun|Well-Baked Body|boost\n|-boost|p2a: Dachsbun|def|2\n|move|p2a: Dachsbun|Body Press|p1a: Volcanion\n|-damage|p1a: Volcanion|9/255\n|\n|-heal|p2a: Dachsbun|254/254|[from] move: Wish|[wisher] Dachsbun\n|upkeep\n|turn|8\n|-message|Vym12 forfeited.\n|\n|win|perrytheplatypuss\n|raw|Vym12's rating: 1341 &rarr; <strong>1321</strong><br />(-20 for losing)\n|raw|perrytheplatypuss's rating: 1345 &rarr; <strong>1365</strong><br />(+20 for winning)\n|l|\u2606Vym12\n|player|p1|\n", "inputlog": ">version bfd83cad13791eb5a5a409923076391caf6fb4d4\n>start {\"formatid\":\"gen9randombattle\",\"seed\":[30393,15828,25822,9924],\"rated\":\"Rated battle\"}\n>player p1 {\"name\":\"Vym12\",\"avatar\":\"doubleteam\",\"rating\":1341,\"seed\":[44435,1784,17683,2952]}\n>player p2 {\"name\":\"perrytheplatypuss\",\"avatar\":\"265\",\"rating\":1345,\"seed\":[1217,39350,10304,49878]}\n>p1 move flareblitz\n>p2 move knockoff\n>p1 move outrage\n>p2 move closecombat\n>p1 switch 4\n>p1 move flamecharge\n>p2 move knockoff\n>p1 move flamecharge\n>p2 move stoneedge\n>p2 switch 4\n>p1 move flamethrower\n>p2 switch 6\n>p1 move steameruption\n>p2 move wish\n>p1 move flamecharge\n>p2 move bodypress\n>forcelose p1", "uploadtime": 1733884386, "views": 4, "formatid": "gen9randombattle", "rating": 1321, "private": 0, "password": null}