{"id": "gen9randombattle-2260444607", "format": "[Gen 9] Random Battle", "players": ["Valcopp", "enzlo33"], "log": "|j|\u2606Valcopp\n|j|\u2606enzlo33\n|t:|1733852239\n|gametype|singles\n|player|p1|Valcopp|calem-masters|\n|player|p2|enzlo33|benga|\n|teamsize|p1|6\n|teamsize|p2|6\n|gen|9\n|tier|[Gen 9] Random Battle\n|rule|Species Clause: Limit one of each Pok\u00e9mon\n|rule|HP Percentage Mod: HP is shown in percentages\n|rule|Sleep Clause Mod: Limit one foe put to sleep\n|rule|Illusion Level Mod: Illusion disguises the Pok\u00e9mon's true level\n|\n|t:|1733852239\n|start\n|switch|p1a: Iron Treads|Iron Treads, L77|265/265\n|switch|p2a: Walking Wake|Walking Wake, L79|286/286\n|turn|1\n|\n|t:|1733852278\n|-end|p1a: Iron Treads|Quark Drive|[silent]\n|switch|p1a: Porygon2|Porygon2, L82|274/274\n|-ability|p1a: Porygon2|Download|boost\n|-boost|p1a: Porygon2|spa|1\n|move|p2a: Walking Wake|Hydro Pump|p1a: Porygon2\n|-damage|p1a: Porygon2|147/274\n|\n|upkeep\n|turn|2\n|\n|t:|1733852304\n|move|p2a: Walking Wake|Hydro Pump|p1a: Porygon2\n|-damage|p1a: Porygon2|18/274\n|move|p1a: Porygon2|Tera Blast|p2a: Walking Wake\n|-damage|p2a: Walking Wake|136/286\n|\n|upkeep\n|turn|3\n|c|\u2606Valcopp|bruh lo queria paralizar\n|\n|t:|1733852328\n|switch|p1a: Sunflora|Sunflora, M|312/312\n|move|p2a: Walking Wake|Hydro Pump|p1a: Sunflora\n|-resisted|p1a: Sunflora\n|-damage|p1a: Sunflora|232/312\n|\n|upkeep\n|turn|4\n|c|\u2606enzlo33|xD\n|\n|t:|1733852350\n|-end|p2a: Walking Wake|Protosynthesis|[silent]\n|switch|p2a: Magmortar|Magmortar, L88, M|275/275\n|move|p1a: Sunflora|Solar Beam||[still]\n|-prepare|p1a: Sunflora|Solar Beam\n|\n|upkeep\n|turn|5\n|\n|t:|1733852364\n|move|p2a: Magmortar|Fire Blast|p1a: Sunflora\n|-supereffective|p1a: Sunflora\n|-damage|p1a: Sunflora|0 fnt\n|faint|p1a: Sunflora\n|\n|upkeep\n|c|\u2606enzlo33|se murio pobre sunflora\n|\n|t:|1733852377\n|switch|p1a: Iron Treads|Iron Treads, L77|265/265\n|turn|6\n|\n|t:|1733852381\n|move|p1a: Iron Treads|Earthquake|p2a: Magmortar\n|-supereffective|p2a: Magmortar\n|-damage|p2a: Magmortar|47/275\n|move|p2a: Magmortar|Focus Blast|p1a: Iron Treads\n|-supereffective|p1a: Iron Treads\n|-damage|p1a: Iron Treads|0 fnt\n|faint|p1a: Iron Treads\n|-end|p1a: Iron Treads|Quark Drive|[silent]\n|\n|upkeep\n|\n|t:|1733852413\n|switch|p1a: Gouging Fire|Gouging Fire, L74|277/277\n|turn|7\n|\n|t:|1733852444\n|move|p2a: Magmortar|Taunt|p1a: Gouging Fire\n|-start|p1a: Gouging Fire|move: Taunt\n|cant|p1a: Gouging Fire|move: Taunt|Dragon Dance\n|\n|upkeep\n|turn|8\n|c|\u2606enzlo33|jejejej\n|c|\u2606enzlo33|no mas dragon dance\n|\n|t:|1733852460\n|-end|p1a: Gouging Fire|Protosynthesis|[silent]\n|switch|p1a: Falinks|Falinks, L84|246/246\n|move|p2a: Magmortar|Focus Blast|p1a: Falinks\n|-damage|p1a: Falinks|106/246\n|\n|upkeep\n|turn|9\n|\n|t:|1733852474\n|move|p2a: Magmortar|Focus Blast|p1a: Falinks|[miss]\n|-miss|p2a: Magmortar|p1a: Falinks\n|move|p1a: Falinks|Knock Off|p2a: Magmortar\n|-crit|p2a: Magmortar\n|-damage|p2a: Magmortar|0 fnt\n|-enditem|p2a: Magmortar|Heavy-Duty Boots|[from] move: Knock Off|[of] p1a: Falinks\n|faint|p2a: Magmortar\n|-damage|p1a: Falinks|82/246|[from] item: Life Orb\n|\n|upkeep\n|\n|t:|1733852483\n|switch|p2a: Decidueye|Decidueye, L88, F|281/281\n|turn|10\n|c|\u2606Valcopp|JACKPOT\n|\n|t:|1733852495\n|move|p1a: Falinks|Knock Off|p2a: Decidueye\n|-supereffective|p2a: Decidueye\n|-damage|p2a: Decidueye|81/281\n|-enditem|p2a: Decidueye|Assault Vest|[from] move: Knock Off|[of] p1a: Falinks\n|-damage|p1a: Falinks|58/246|[from] item: Life Orb\n|move|p2a: Decidueye|Spirit Shackle|p1a: Falinks\n|-damage|p1a: Falinks|0 fnt\n|faint|p1a: Falinks\n|\n|upkeep\n|\n|t:|1733852498\n|switch|p1a: Decidueye|Decidueye-Hisui, L87, F|295/295\n|turn|11\n|c|\u2606Valcopp|pelea de pajaros\n|\n|t:|1733852521\n|move|p2a: Decidueye|U-turn|p1a: Decidueye\n|-damage|p1a: Decidueye|237/295\n|c|\u2606enzlo33|pelea de subnormales\n|\n|t:|1733852533\n|switch|p2a: Walking Wake|Walking Wake, L79|238/238|[from] U-turn\n|move|p1a: Decidueye|Swords Dance|p1a: Decidueye\n|-boost|p1a: Decidueye|atk|2\n|\n|-heal|p1a: Decidueye|255/295|[from] item: Leftovers\n|upkeep\n|turn|12\n|c|\u2606Valcopp|pelea de pajaros emos\n|\n|t:|1733852544\n|-terastallize|p2a: Walking Wake|Poison\n|move|p2a: Walking Wake|Sludge Bomb|p1a: Decidueye\n|-supereffective|p1a: Decidueye\n|-crit|p1a: Decidueye\n|-damage|p1a: Decidueye|0 fnt\n|faint|p1a: Decidueye\n|-damage|p2a: Walking Wake|215/238|[from] item: Life Orb\n|\n|upkeep\n|\n|t:|1733852550\n|switch|p1a: Porygon2|Porygon2, L82|18/274\n|-ability|p1a: Porygon2|Download|boost\n|-boost|p1a: Porygon2|spa|1\n|turn|13\n|\n|t:|1733852558\n|move|p2a: Walking Wake|Focus Blast|p1a: Porygon2\n|-supereffective|p1a: Porygon2\n|-damage|p1a: Porygon2|0 fnt\n|faint|p1a: Porygon2\n|-damage|p2a: Walking Wake|192/238|[from] item: Life Orb\n|\n|upkeep\n|\n|t:|1733852561\n|switch|p1a: Gouging Fire|Gouging Fire, L74|277/277\n|turn|14\n|\n|t:|1733852570\n|-terastallize|p1a: Gouging Fire|Fairy\n|move|p2a: Walking Wake|Nasty Plot|p2a: Walking Wake\n|-boost|p2a: Walking Wake|spa|2\n|move|p1a: Gouging Fire|Outrage|p2a: Walking Wake\n|-damage|p2a: Walking Wake|45/238\n|replace|p2a: Zoroark|Zoroark, L84, M\n|-end|p2a: Zoroark|Illusion\n|-hint|Illusion Level Mod is active, so this Pok\u00e9mon's true level was hidden.\n|\n|upkeep\n|turn|15\n|\n|t:|1733852579\n|move|p2a: Zoroark|Sludge Bomb|p1a: Gouging Fire\n|-supereffective|p1a: Gouging Fire\n|-damage|p1a: Gouging Fire|0 fnt\n|faint|p1a: Gouging Fire\n|-end|p1a: Gouging Fire|Protosynthesis|[silent]\n|-damage|p2a: Zoroark|22/238|[from] item: Life Orb\n|\n|win|enzlo33\n|c|\u2606Valcopp|damn\n|c|\u2606enzlo33|ene\n|c|\u2606Valcopp|otra\n|c|\u2606enzlo33|busca la tabla de tipos\n|c|\u2606enzlo33|porfavor\n", "inputlog": ">version bfd83cad13791eb5a5a409923076391caf6fb4d4\n>start {\"formatid\":\"gen9randombattle\",\"seed\":[17789,53433,54057,46831]}\n>player p1 {\"name\":\"Valcopp\",\"avatar\":\"calem-masters\",\"rating\":0,\"seed\":[5537,10948,50861,55012]}\n>player p2 {\"name\":\"enzlo33\",\"avatar\":\"benga\",\"rating\":0,\"seed\":[22042,10640,34715,20763]}\n>p1 switch 2\n>p2 move hydropump\n>p1 move terablast\n>p2 move hydropump\n>chat \u2606Valcopp|bruh lo queria paralizar \n>p1 switch 6\n>p2 move hydropump\n>chat \u2606enzlo33|xD\n>p1 move solarbeam\n>p2 switch 6\n>p1 move solarbeam\n>p2 move fireblast\n>chat \u2606enzlo33|se murio pobre sunflora\n>p1 switch 2\n>p1 move earthquake\n>p2 move focusblast\n>p1 switch 3\n>p1 move dragondance\n>p2 move taunt\n>chat \u2606enzlo33|jejejej\n>chat \u2606enzlo33|no mas dragon dance\n>p1 switch 5\n>p2 move focusblast\n>p1 move knockoff\n>p2 move focusblast\n>p2 switch 5\n>chat \u2606Valcopp|JACKPOT\n>p1 move knockoff\n>p2 move spiritshackle\n>p1 switch 4\n>chat \u2606Valcopp|pelea de pajaros\n>p1 move swordsdance\n>p2 move uturn\n>chat \u2606enzlo33|pelea de subnormales\n>p2 switch 4\n>chat \u2606Valcopp|pelea de pajaros emos\n>p1 move leafblade\n>p2 move sludgebomb terastallize\n>p1 switch 6\n>p1 move recover\n>p2 move focusblast\n>p1 switch 5\n>p1 move outrage terastallize\n>p2 move nastyplot\n>p1 move outrage\n>p2 move sludgebomb", "uploadtime": 1733852599, "views": 8, "formatid": "gen9randombattle", "rating": null, "private": 0, "password": null}