{"id": "gen9randombattle-2025739867", "format": "[Gen 9] Random Battle", "players": ["Teres bahji", "pokeblade\u2606101"], "log": "|j|\u2606Teres bahji\n|j|\u2606pokeblade\u2606101\n|t:|1704244304\n|gametype|singles\n|player|p1|Teres bahji|#rbtt6teamzarudef|2246\n|player|p2|pokeblade\u2606101|#rbtt6teamyveltal|2324\n|teamsize|p1|6\n|teamsize|p2|6\n|gen|9\n|tier|[Gen 9] Random Battle\n|rated|\n|rule|Species Clause: Limit one of each Pok\u00e9mon\n|rule|HP Percentage Mod: HP is shown in percentages\n|rule|Sleep Clause Mod: Limit one foe put to sleep\n|rule|Illusion Level Mod: Illusion disguises the Pok\u00e9mon's true level\n|\n|t:|1704244304\n|start\n|switch|p1a: Ogerpon|Ogerpon-Cornerstone, L76, F|247/247\n|switch|p2a: Lilligant|Lilligant-Hisui, L80, F|243/243\n|turn|1\n|c|\u2606pokeblade\u2606101|oh\n|inactive|Battle timer is ON: inactive players will automatically lose when time's up. (requested by Teres bahji)\n|c|\u2606pokeblade\u2606101|format reset, right\n|\n|t:|1704244327\n|switch|p1a: Ribombee|Ribombee, L82, F|233/233\n|move|p2a: Lilligant|Close Combat|p1a: Ribombee\n|-resisted|p1a: Ribombee\n|-crit|p1a: Ribombee\n|-damage|p1a: Ribombee|138/233\n|-unboost|p2a: Lilligant|def|1\n|-unboost|p2a: Lilligant|spd|1\n|\n|upkeep\n|turn|2\n|\n|t:|1704244335\n|switch|p2a: Golurk|Golurk, L88|300/300\n|move|p1a: Ribombee|Sticky Web|p2a: Golurk\n|-sidestart|p2: pokeblade\u2606101|move: Sticky Web\n|\n|upkeep\n|turn|3\n|\n|t:|1704244347\n|move|p1a: Ribombee|Stun Spore|p2a: Golurk\n|-status|p2a: Golurk|par\n|move|p2a: Golurk|Stone Edge|p1a: Ribombee\n|-supereffective|p1a: Ribombee\n|-crit|p1a: Ribombee\n|-damage|p1a: Ribombee|0 fnt\n|faint|p1a: Ribombee\n|\n|upkeep\n|\n|t:|1704244356\n|switch|p1a: Plusle|Plusle, L94, F|265/265\n|turn|4\n|\n|t:|1704244364\n|move|p1a: Plusle|Nasty Plot|p1a: Plusle\n|-boost|p1a: Plusle|spa|2\n|move|p2a: Golurk|Stone Edge|p1a: Plusle\n|-damage|p1a: Plusle|67/265\n|\n|upkeep\n|turn|5\n|\n|t:|1704244376\n|switch|p2a: Gothitelle|Gothitelle, L90, F|272/272\n|-activate|p2a: Gothitelle|move: Sticky Web\n|-unboost|p2a: Gothitelle|spe|1\n|move|p1a: Plusle|Alluring Voice|p2a: Gothitelle\n|-damage|p2a: Gothitelle|136/272\n|-damage|p1a: Plusle|41/265|[from] item: Life Orb\n|\n|-heal|p2a: Gothitelle|153/272|[from] item: Leftovers\n|upkeep\n|turn|6\n|\n|t:|1704244383\n|switch|p2a: Golurk|Golurk, L88|300/300 par\n|-activate|p2a: Golurk|move: Sticky Web\n|-unboost|p2a: Golurk|spe|1\n|move|p1a: Plusle|Thunderbolt|p2a: Golurk\n|-immune|p2a: Golurk\n|\n|upkeep\n|turn|7\n|\n|t:|1704244392\n|switch|p2a: Gothitelle|Gothitelle, L90, F|153/272\n|-activate|p2a: Gothitelle|move: Sticky Web\n|-unboost|p2a: Gothitelle|spe|1\n|move|p1a: Plusle|Grass Knot|p2a: Gothitelle\n|-damage|p2a: Gothitelle|53/272\n|-damage|p1a: Plusle|15/265|[from] item: Life Orb\n|\n|-heal|p2a: Gothitelle|70/272|[from] item: Leftovers\n|upkeep\n|turn|8\n|\n|t:|1704244402\n|move|p1a: Plusle|Thunderbolt|p2a: Gothitelle\n|-damage|p2a: Gothitelle|0 fnt\n|faint|p2a: Gothitelle\n|-damage|p1a: Plusle|0 fnt|[from] item: Life Orb\n|faint|p1a: Plusle\n|\n|upkeep\n|\n|t:|1704244413\n|switch|p1a: Flamigo|Flamigo, L83, F|272/272\n|switch|p2a: Golurk|Golurk, L88|300/300 par\n|-activate|p2a: Golurk|move: Sticky Web\n|-unboost|p2a: Golurk|spe|1\n|turn|9\n|\n|t:|1704244425\n|switch|p1a: Regigigas|Regigigas, L85|326/326\n|-start|p1a: Regigigas|ability: Slow Start\n|move|p2a: Golurk|Poltergeist|p1a: Regigigas\n|-immune|p1a: Regigigas\n|\n|upkeep\n|turn|10\n|\n|t:|1704244436\n|switch|p2a: Donphan|Donphan, L84, F|288/288\n|-activate|p2a: Donphan|move: Sticky Web\n|-unboost|p2a: Donphan|spe|1\n|move|p1a: Regigigas|Substitute|p1a: Regigigas\n|-start|p1a: Regigigas|Substitute\n|-damage|p1a: Regigigas|245/326\n|\n|-heal|p1a: Regigigas|265/326|[from] item: Leftovers\n|upkeep\n|turn|11\n|\n|t:|1704244443\n|move|p1a: Regigigas|Protect|p1a: Regigigas\n|-singleturn|p1a: Regigigas|Protect\n|move|p2a: Donphan|Earthquake|p1a: Regigigas\n|-activate|p1a: Regigigas|move: Protect\n|\n|-heal|p1a: Regigigas|285/326|[from] item: Leftovers\n|upkeep\n|turn|12\n|\n|t:|1704244452\n|move|p1a: Regigigas|Knock Off|p2a: Donphan\n|-damage|p2a: Donphan|243/288\n|-enditem|p2a: Donphan|Leftovers|[from] move: Knock Off|[of] p1a: Regigigas\n|move|p2a: Donphan|Earthquake|p1a: Regigigas\n|-end|p1a: Regigigas|Substitute\n|\n|-heal|p1a: Regigigas|305/326|[from] item: Leftovers\n|upkeep\n|turn|13\n|\n|t:|1704244460\n|move|p1a: Regigigas|Protect|p1a: Regigigas\n|-singleturn|p1a: Regigigas|Protect\n|move|p2a: Donphan|Earthquake|p1a: Regigigas\n|-activate|p1a: Regigigas|move: Protect\n|\n|-heal|p1a: Regigigas|325/326|[from] item: Leftovers\n|-end|p1a: Regigigas|Slow Start\n|upkeep\n|turn|14\n|\n|t:|1704244468\n|move|p1a: Regigigas|Body Slam|p2a: Donphan\n|-damage|p2a: Donphan|138/288\n|-status|p2a: Donphan|par\n|cant|p2a: Donphan|par\n|\n|-heal|p1a: Regigigas|326/326|[from] item: Leftovers\n|upkeep\n|turn|15\n|\n|t:|1704244475\n|move|p1a: Regigigas|Substitute|p1a: Regigigas\n|-start|p1a: Regigigas|Substitute\n|-damage|p1a: Regigigas|245/326\n|cant|p2a: Donphan|par\n|\n|-heal|p1a: Regigigas|265/326|[from] item: Leftovers\n|upkeep\n|turn|16\n|\n|t:|1704244481\n|move|p1a: Regigigas|Body Slam|p2a: Donphan\n|-damage|p2a: Donphan|18/288 par\n|move|p2a: Donphan|Earthquake|p1a: Regigigas\n|-end|p1a: Regigigas|Substitute\n|\n|-heal|p1a: Regigigas|285/326|[from] item: Leftovers\n|upkeep\n|turn|17\n|\n|t:|1704244489\n|move|p1a: Regigigas|Body Slam|p2a: Donphan\n|-damage|p2a: Donphan|0 fnt\n|faint|p2a: Donphan\n|\n|-heal|p1a: Regigigas|305/326|[from] item: Leftovers\n|upkeep\n|\n|t:|1704244494\n|switch|p2a: Lilligant|Lilligant-Hisui, L80, F|243/243\n|turn|18\n|\n|t:|1704244501\n|-terastallize|p1a: Regigigas|Ghost\n|move|p1a: Regigigas|Body Slam|p2a: Lilligant\n|-damage|p2a: Lilligant|77/243\n|move|p2a: Lilligant|Defog|p1a: Regigigas\n|-unboost|p1a: Regigigas|evasion|1\n|-sideend|p2: pokeblade\u2606101|Sticky Web|[from] move: Defog|[of] p2a: Lilligant\n|\n|-heal|p1a: Regigigas|325/326|[from] item: Leftovers\n|upkeep\n|turn|19\n|\n|t:|1704244510\n|move|p1a: Regigigas|Body Slam|p2a: Lilligant\n|-damage|p2a: Lilligant|0 fnt\n|faint|p2a: Lilligant\n|\n|-heal|p1a: Regigigas|326/326|[from] item: Leftovers\n|upkeep\n|\n|t:|1704244513\n|switch|p2a: Iron Thorns|Iron Thorns, L83|302/302\n|-enditem|p2a: Iron Thorns|Booster Energy\n|-activate|p2a: Iron Thorns|ability: Quark Drive|[fromitem]\n|-start|p2a: Iron Thorns|quarkdriveatk\n|turn|20\n|\n|t:|1704244525\n|-end|p1a: Regigigas|Slow Start|[silent]\n|switch|p1a: Ogerpon|Ogerpon-Cornerstone, L76, F|247/247\n|move|p2a: Iron Thorns|Dragon Dance|p2a: Iron Thorns\n|-boost|p2a: Iron Thorns|atk|1\n|-boost|p2a: Iron Thorns|spe|1\n|\n|upkeep\n|turn|21\n|\n|t:|1704244534\n|move|p2a: Iron Thorns|Stone Edge|p1a: Ogerpon\n|-ability|p1a: Ogerpon|Sturdy\n|-damage|p1a: Ogerpon|1/247\n|move|p1a: Ogerpon|Power Whip|p2a: Iron Thorns\n|-supereffective|p2a: Iron Thorns\n|-damage|p2a: Iron Thorns|48/302\n|\n|upkeep\n|turn|22\n|\n|t:|1704244543\n|move|p2a: Iron Thorns|Earthquake|p1a: Ogerpon\n|-damage|p1a: Ogerpon|0 fnt\n|faint|p1a: Ogerpon\n|\n|upkeep\n|\n|t:|1704244547\n|switch|p1a: Regigigas|Regigigas, L85, tera:Ghost|326/326\n|-start|p1a: Regigigas|ability: Slow Start\n|turn|23\n|\n|t:|1704244559\n|move|p2a: Iron Thorns|Stone Edge|p1a: Regigigas\n|-damage|p1a: Regigigas|113/326\n|move|p1a: Regigigas|Substitute|p1a: Regigigas\n|-start|p1a: Regigigas|Substitute\n|-damage|p1a: Regigigas|32/326\n|\n|-heal|p1a: Regigigas|52/326|[from] item: Leftovers\n|upkeep\n|turn|24\n|\n|t:|1704244566\n|move|p1a: Regigigas|Protect|p1a: Regigigas\n|-singleturn|p1a: Regigigas|Protect\n|move|p2a: Iron Thorns|Earthquake|p1a: Regigigas\n|-activate|p1a: Regigigas|move: Protect\n|\n|-heal|p1a: Regigigas|72/326|[from] item: Leftovers\n|upkeep\n|turn|25\n|\n|t:|1704244575\n|move|p1a: Regigigas|Protect|p1a: Regigigas\n|-singleturn|p1a: Regigigas|Protect\n|move|p2a: Iron Thorns|Earthquake|p1a: Regigigas\n|-activate|p1a: Regigigas|move: Protect\n|\n|-heal|p1a: Regigigas|92/326|[from] item: Leftovers\n|upkeep\n|turn|26\n|\n|t:|1704244583\n|-end|p2a: Iron Thorns|Quark Drive|[silent]\n|switch|p2a: Hoopa|Hoopa-Unbound, L80|259/259\n|move|p1a: Regigigas|Substitute|p1a: Regigigas\n|-fail|p1a: Regigigas|move: Substitute\n|\n|-heal|p1a: Regigigas|112/326|[from] item: Leftovers\n|upkeep\n|turn|27\n|\n|t:|1704244592\n|move|p2a: Hoopa|Hyperspace Fury|p1a: Regigigas\n|-supereffective|p1a: Regigigas\n|-damage|p1a: Regigigas|0 fnt\n|-unboost|p2a: Hoopa|def|1\n|faint|p1a: Regigigas\n|-end|p1a: Regigigas|Slow Start|[silent]\n|\n|upkeep\n|\n|t:|1704244595\n|switch|p1a: Flamigo|Flamigo, L83, F|272/272\n|turn|28\n|\n|t:|1704244598\n|switch|p2a: Iron Thorns|Iron Thorns, L83|48/302\n|move|p1a: Flamigo|Swords Dance|p1a: Flamigo\n|-boost|p1a: Flamigo|atk|2\n|\n|upkeep\n|turn|29\n|\n|t:|1704244606\n|move|p1a: Flamigo|Brave Bird|p2a: Iron Thorns\n|-resisted|p2a: Iron Thorns\n|-damage|p2a: Iron Thorns|0 fnt\n|faint|p2a: Iron Thorns\n|-end|p2a: Iron Thorns|Quark Drive|[silent]\n|-damage|p1a: Flamigo|256/272|[from] Recoil\n|-damage|p1a: Flamigo|229/272|[from] item: Life Orb\n|\n|upkeep\n|\n|t:|1704244609\n|switch|p2a: Hoopa|Hoopa-Unbound, L80|259/259\n|turn|30\n|\n|t:|1704244614\n|switch|p1a: Froslass|Froslass, L87, F|263/263\n|move|p2a: Hoopa|Psychic|p1a: Froslass\n|-damage|p1a: Froslass|91/263\n|\n|upkeep\n|turn|31\n|\n|t:|1704244622\n|move|p2a: Hoopa|Psychic|p1a: Froslass\n|-damage|p1a: Froslass|0 fnt\n|faint|p1a: Froslass\n|\n|upkeep\n|-message|Teres bahji forfeited.\n|\n|win|pokeblade\u2606101\n|raw|Teres bahji's rating: 2246 &rarr; <strong>2230</strong><br />(-16 for losing)\n|raw|pokeblade\u2606101's rating: 2324 &rarr; <strong>2340</strong><br />(+16 for winning)\n|l|\u2606Teres bahji\n", "inputlog": ">version 53cd6b5383de3222a30166941a6f33d1189f9fc6\n>start {\"formatid\":\"gen9randombattle\",\"seed\":[2753,60827,57340,59162],\"rated\":\"Rated battle\"}\n>player p1 {\"name\":\"Teres bahji\",\"avatar\":\"#rbtt6teamzarudef\",\"rating\":2246,\"seed\":[42987,13473,15738,39440]}\n>player p2 {\"name\":\"pokeblade\u2606101\",\"avatar\":\"#rbtt6teamyveltal\",\"rating\":2324,\"seed\":[8799,14014,40503,13757]}\n>chat \u2606pokeblade\u2606101|oh\n>chat \u2606pokeblade\u2606101|format reset, right\n>p1 switch 4\n>p2 move closecombat\n>p1 move stickyweb\n>p2 switch 4\n>p1 move stunspore\n>p2 move stoneedge\n>p1 switch 3\n>p1 move nastyplot\n>p2 move stoneedge\n>p1 move alluringvoice\n>p2 switch 5\n>p1 move thunderbolt\n>p2 switch 5\n>p1 move grassknot\n>p2 switch 5\n>p1 move thunderbolt\n>p2 move psychicnoise\n>p1 switch 5\n>p2 switch 5\n>p1 switch 6\n>p2 move poltergeist\n>p1 move substitute\n>p2 switch 2\n>p1 move protect\n>p2 move earthquake\n>p1 move knockoff\n>p2 move earthquake\n>p1 move protect\n>p2 move earthquake\n>p1 move bodyslam\n>p2 move earthquake\n>p1 move substitute\n>p2 move earthquake\n>p1 move bodyslam\n>p2 move earthquake\n>p1 move bodyslam\n>p2 move earthquake\n>p2 switch 4\n>p1 move bodyslam terastallize\n>p2 move defog\n>p1 move bodyslam\n>p2 move leafblade\n>p2 switch 3\n>p1 switch 4\n>p2 move dragondance\n>p1 move powerwhip\n>p2 move stoneedge\n>p1 move powerwhip\n>p2 move earthquake\n>p1 switch 4\n>p1 move substitute\n>p2 move stoneedge\n>p1 move protect\n>p2 move earthquake\n>p1 move protect\n>p2 move earthquake\n>p1 move substitute\n>p2 switch 6\n>p1 move bodyslam\n>p2 move hyperspacefury\n>p1 switch 6\n>p1 move swordsdance\n>p2 switch 6\n>p1 move bravebird\n>p2 move stoneedge\n>p2 switch 6\n>p1 switch 2\n>p2 move psychic\n>p1 move tripleaxel\n>p2 move psychic\n>forcelose p1", "uploadtime": 1704244643, "views": 289, "formatid": "gen9randombattle", "rating": 2230, "private": 0, "password": null}