{"id": "gen9randombattle-2260491703", "format": "[Gen 9] Random Battle", "players": ["Ice_0762", "SaltyChurro"], "log": "|j|\u2606Ice_0762\n|j|\u203dSaltyChurro\n|t:|1733856758\n|gametype|singles\n|player|p1|Ice_0762|gambler|1124\n|player|p2|SaltyChurro|169|1107\n|teamsize|p1|6\n|teamsize|p2|6\n|gen|9\n|tier|[Gen 9] Random Battle\n|rated|\n|rule|Species Clause: Limit one of each Pok\u00e9mon\n|rule|HP Percentage Mod: HP is shown in percentages\n|rule|Sleep Clause Mod: Limit one foe put to sleep\n|rule|Illusion Level Mod: Illusion disguises the Pok\u00e9mon's true level\n|\n|t:|1733856758\n|start\n|switch|p1a: Lapras|Lapras, L87, M|367/367\n|switch|p2a: Mismagius|Mismagius, L86, M|243/243\n|turn|1\n|inactive|Battle timer is ON: inactive players will automatically lose when time's up. (requested by SaltyChurro)\n|\n|t:|1733856784\n|move|p2a: Mismagius|Thunderbolt|p1a: Lapras\n|-supereffective|p1a: Lapras\n|-damage|p1a: Lapras|163/367\n|move|p1a: Lapras|Sparkling Aria|p2a: Mismagius\n|-damage|p2a: Mismagius|135/243\n|\n|upkeep\n|turn|2\n|\n|t:|1733856803\n|switch|p1a: Gumshoos|Gumshoos, L95, F|321/321\n|move|p2a: Mismagius|Thunderbolt|p1a: Gumshoos\n|-damage|p1a: Gumshoos|201/321\n|\n|upkeep\n|turn|3\n|c|\u2606Ice_0762|My brain is fried\u2026\n|inactive|SaltyChurro has 120 seconds left.\n|\n|t:|1733856842\n|switch|p2a: Wyrdeer|Wyrdeer, L87, F|321/321\n|-ability|p2a: Wyrdeer|Intimidate|boost\n|-unboost|p1a: Gumshoos|atk|1\n|switch|p1a: Bellossom|Bellossom, L84, F|263/263\n|\n|upkeep\n|turn|4\n|\n|t:|1733856855\n|move|p2a: Wyrdeer|Body Slam|p1a: Bellossom\n|-damage|p1a: Bellossom|164/263\n|move|p1a: Bellossom|Sleep Powder|p2a: Wyrdeer\n|-status|p2a: Wyrdeer|slp|[from] move: Sleep Powder\n|\n|-heal|p1a: Bellossom|180/263|[from] item: Leftovers\n|upkeep\n|turn|5\n|\n|t:|1733856866\n|cant|p2a: Wyrdeer|slp\n|move|p1a: Bellossom|Quiver Dance|p1a: Bellossom\n|-boost|p1a: Bellossom|spa|1\n|-boost|p1a: Bellossom|spd|1\n|-boost|p1a: Bellossom|spe|1\n|\n|-heal|p1a: Bellossom|196/263|[from] item: Leftovers\n|upkeep\n|turn|6\n|\n|t:|1733856876\n|move|p1a: Bellossom|Quiver Dance|p1a: Bellossom\n|-boost|p1a: Bellossom|spa|1\n|-boost|p1a: Bellossom|spd|1\n|-boost|p1a: Bellossom|spe|1\n|cant|p2a: Wyrdeer|slp\n|\n|-heal|p1a: Bellossom|212/263|[from] item: Leftovers\n|upkeep\n|turn|7\n|\n|t:|1733856886\n|move|p1a: Bellossom|Giga Drain|p2a: Wyrdeer\n|-damage|p2a: Wyrdeer|219/321 slp\n|-heal|p1a: Bellossom|263/263|[from] drain|[of] p2a: Wyrdeer\n|-curestatus|p2a: Wyrdeer|slp|[msg]\n|move|p2a: Wyrdeer|Megahorn|p1a: Bellossom|[miss]\n|-miss|p2a: Wyrdeer|p1a: Bellossom\n|\n|upkeep\n|turn|8\n|inactive|SaltyChurro has 120 seconds left.\n|\n|t:|1733856895\n|move|p1a: Bellossom|Strength Sap|p2a: Wyrdeer\n|-unboost|p2a: Wyrdeer|atk|1\n|move|p2a: Wyrdeer|Megahorn|p1a: Bellossom\n|-supereffective|p1a: Bellossom\n|-damage|p1a: Bellossom|153/263\n|\n|-heal|p1a: Bellossom|169/263|[from] item: Leftovers\n|upkeep\n|turn|9\n|inactive|SaltyChurro has 120 seconds left.\n|\n|t:|1733856906\n|move|p1a: Bellossom|Strength Sap|p2a: Wyrdeer\n|-unboost|p2a: Wyrdeer|atk|1\n|-heal|p1a: Bellossom|263/263\n|move|p2a: Wyrdeer|Body Slam|p1a: Bellossom\n|-damage|p1a: Bellossom|211/263\n|\n|-heal|p1a: Bellossom|227/263|[from] item: Leftovers\n|upkeep\n|turn|10\n|inactive|SaltyChurro has 120 seconds left.\n|\n|t:|1733856917\n|move|p1a: Bellossom|Giga Drain|p2a: Wyrdeer\n|-damage|p2a: Wyrdeer|110/321\n|-heal|p1a: Bellossom|263/263|[from] drain|[of] p2a: Wyrdeer\n|move|p2a: Wyrdeer|Body Slam|p1a: Bellossom\n|-damage|p1a: Bellossom|209/263\n|\n|-heal|p1a: Bellossom|225/263|[from] item: Leftovers\n|upkeep\n|turn|11\n|inactive|SaltyChurro has 120 seconds left.\n|\n|t:|1733856927\n|move|p1a: Bellossom|Quiver Dance|p1a: Bellossom\n|-boost|p1a: Bellossom|spa|1\n|-boost|p1a: Bellossom|spd|1\n|-boost|p1a: Bellossom|spe|1\n|move|p2a: Wyrdeer|Psychic Noise|p1a: Bellossom\n|-damage|p1a: Bellossom|192/263\n|-start|p1a: Bellossom|move: Heal Block\n|\n|upkeep\n|turn|12\n|inactive|SaltyChurro has 120 seconds left.\n|\n|t:|1733856938\n|move|p1a: Bellossom|Sleep Powder|p2a: Wyrdeer\n|-status|p2a: Wyrdeer|slp|[from] move: Sleep Powder\n|cant|p2a: Wyrdeer|slp\n|\n|-end|p1a: Bellossom|move: Heal Block\n|upkeep\n|turn|13\n|inactive|SaltyChurro has 120 seconds left.\n|\n|t:|1733856951\n|move|p1a: Bellossom|Quiver Dance|p1a: Bellossom\n|-boost|p1a: Bellossom|spa|1\n|-boost|p1a: Bellossom|spd|1\n|-boost|p1a: Bellossom|spe|1\n|cant|p2a: Wyrdeer|slp\n|\n|-heal|p1a: Bellossom|208/263|[from] item: Leftovers\n|upkeep\n|turn|14\n|inactive|SaltyChurro has 120 seconds left.\n|\n|t:|1733856975\n|move|p1a: Bellossom|Quiver Dance|p1a: Bellossom\n|-boost|p1a: Bellossom|spa|1\n|-boost|p1a: Bellossom|spd|1\n|-boost|p1a: Bellossom|spe|1\n|cant|p2a: Wyrdeer|slp\n|\n|-heal|p1a: Bellossom|224/263|[from] item: Leftovers\n|upkeep\n|turn|15\n|\n|t:|1733856985\n|switch|p2a: Metagross|Metagross, L79|256/256\n|move|p1a: Bellossom|Quiver Dance|p1a: Bellossom\n|-boost|p1a: Bellossom|spa|1\n|-boost|p1a: Bellossom|spd|1\n|-boost|p1a: Bellossom|spe|1\n|\n|-heal|p1a: Bellossom|240/263|[from] item: Leftovers\n|upkeep\n|turn|16\n|\n|t:|1733857000\n|move|p1a: Bellossom|Giga Drain|p2a: Metagross\n|-resisted|p2a: Metagross\n|-damage|p2a: Metagross|112/256\n|-heal|p1a: Bellossom|263/263|[from] drain|[of] p2a: Metagross\n|move|p2a: Metagross|Heavy Slam|p1a: Bellossom\n|-damage|p1a: Bellossom|134/263\n|\n|-heal|p1a: Bellossom|150/263|[from] item: Leftovers\n|upkeep\n|turn|17\n|\n|t:|1733857011\n|move|p1a: Bellossom|Giga Drain|p2a: Metagross\n|-resisted|p2a: Metagross\n|-damage|p2a: Metagross|0 fnt\n|-heal|p1a: Bellossom|206/263|[from] drain|[of] p2a: Metagross\n|faint|p2a: Metagross\n|\n|-heal|p1a: Bellossom|222/263|[from] item: Leftovers\n|upkeep\n|\n|t:|1733857020\n|switch|p2a: Mismagius|Mismagius, L86, M|135/243\n|turn|18\n|\n|t:|1733857025\n|move|p1a: Bellossom|Giga Drain|p2a: Mismagius\n|-crit|p2a: Mismagius\n|-damage|p2a: Mismagius|0 fnt\n|-heal|p1a: Bellossom|263/263|[from] drain|[of] p2a: Mismagius\n|faint|p2a: Mismagius\n|\n|upkeep\n|inactive|SaltyChurro has 90 seconds left.\n|\n|t:|1733857063\n|switch|p2a: Porygon-Z|Porygon-Z, L83|277/277\n|-ability|p2a: Porygon-Z|Download|boost\n|-boost|p2a: Porygon-Z|atk|1\n|turn|19\n|inactive|SaltyChurro has 90 seconds left.\n|\n|t:|1733857069\n|move|p1a: Bellossom|Giga Drain|p2a: Porygon-Z\n|-damage|p2a: Porygon-Z|0 fnt\n|faint|p2a: Porygon-Z\n|\n|upkeep\n|\n|t:|1733857073\n|switch|p2a: Wyrdeer|Wyrdeer, L87, F|110/321 slp\n|-ability|p2a: Wyrdeer|Intimidate|boost\n|-unboost|p1a: Bellossom|atk|1\n|turn|20\n|\n|t:|1733857078\n|move|p1a: Bellossom|Giga Drain|p2a: Wyrdeer\n|-damage|p2a: Wyrdeer|0 fnt\n|faint|p2a: Wyrdeer\n|\n|upkeep\n|\n|t:|1733857083\n|switch|p2a: Leafeon|Leafeon, L88, M|258/258\n|turn|21\n|\n|t:|1733857089\n|move|p1a: Bellossom|Giga Drain|p2a: Leafeon\n|-resisted|p2a: Leafeon\n|-damage|p2a: Leafeon|90/258\n|move|p2a: Leafeon|Knock Off|p1a: Bellossom\n|-damage|p1a: Bellossom|179/263\n|-enditem|p1a: Bellossom|Leftovers|[from] move: Knock Off|[of] p2a: Leafeon\n|\n|-heal|p2a: Leafeon|106/258|[from] item: Leftovers\n|upkeep\n|turn|22\n|\n|t:|1733857099\n|move|p1a: Bellossom|Giga Drain|p2a: Leafeon\n|-resisted|p2a: Leafeon\n|-damage|p2a: Leafeon|0 fnt\n|-heal|p1a: Bellossom|232/263|[from] drain|[of] p2a: Leafeon\n|faint|p2a: Leafeon\n|\n|upkeep\n|\n|t:|1733857106\n|switch|p2a: Sableye|Sableye, L89, F|234/234\n|turn|23\n|c|\u2606Ice_0762|GG\n|\n|t:|1733857115\n|-terastallize|p2a: Sableye|Steel\n|move|p2a: Sableye|Thunder Wave|p1a: Bellossom\n|-status|p1a: Bellossom|par\n|move|p1a: Bellossom|Giga Drain|p2a: Sableye\n|-resisted|p2a: Sableye\n|-damage|p2a: Sableye|64/234\n|-heal|p1a: Bellossom|263/263 par|[from] drain|[of] p2a: Sableye\n|\n|-heal|p2a: Sableye|78/234|[from] item: Leftovers\n|upkeep\n|turn|24\n|inactive|SaltyChurro has 120 seconds left.\n|inactive|SaltyChurro has 90 seconds left.\n|\n|t:|1733857159\n|move|p2a: Sableye|Encore|p1a: Bellossom\n|-start|p1a: Bellossom|Encore\n|move|p1a: Bellossom|Giga Drain|p2a: Sableye\n|-resisted|p2a: Sableye\n|-damage|p2a: Sableye|0 fnt\n|faint|p2a: Sableye\n|\n|win|Ice_0762\n|raw|Ice_0762's rating: 1124 &rarr; <strong>1148</strong><br />(+24 for winning)\n|raw|SaltyChurro's rating: 1107 &rarr; <strong>1083</strong><br />(-24 for losing)\n|l|\u203dSaltyChurro\n|player|p2|\n", "inputlog": ">version bfd83cad13791eb5a5a409923076391caf6fb4d4\n>start {\"formatid\":\"gen9randombattle\",\"seed\":[36380,41198,54150,31535],\"rated\":\"Rated battle\"}\n>player p1 {\"name\":\"Ice_0762\",\"avatar\":\"gambler\",\"rating\":1124,\"seed\":[62959,55279,47002,40734]}\n>player p2 {\"name\":\"SaltyChurro\",\"avatar\":\"169\",\"rating\":1107,\"seed\":[14785,29583,4168,39998]}\n>p1 move sparklingaria\n>p2 move thunderbolt\n>p1 switch 2\n>p2 move thunderbolt\n>chat \u2606Ice_0762|My brain is fried\u2026\n>p1 switch 5\n>p2 switch 4\n>p1 move sleeppowder\n>p2 move bodyslam\n>p1 move quiverdance\n>p2 move psychicnoise\n>p1 move quiverdance\n>p2 move bodyslam\n>p1 move gigadrain\n>p2 move megahorn\n>p1 move strengthsap\n>p2 move megahorn\n>p1 move strengthsap\n>p2 move bodyslam\n>p1 move gigadrain\n>p2 move bodyslam\n>p1 move quiverdance\n>p2 move psychicnoise\n>p1 move sleeppowder\n>p2 move bodyslam\n>p1 move quiverdance\n>p2 move bodyslam\n>p1 move quiverdance\n>p2 move megahorn\n>p1 move quiverdance\n>p2 switch 5\n>p1 move gigadrain\n>p2 move heavyslam\n>p1 move gigadrain\n>p2 move heavyslam\n>p2 switch 4\n>p1 move gigadrain\n>p2 move mysticalfire\n>p2 switch 2\n>p1 move gigadrain\n>p2 move icebeam\n>p2 switch 5\n>p1 move gigadrain\n>p2 move bodyslam\n>p2 switch 6\n>p1 move gigadrain\n>p2 move knockoff\n>p1 move gigadrain\n>p2 move substitute\n>p2 switch 3\n>chat \u2606Ice_0762|GG\n>p1 move gigadrain\n>p2 move thunderwave terastallize\n>p1 move gigadrain\n>p2 move encore", "uploadtime": 1733857174, "views": 2, "formatid": "gen9randombattle", "rating": 1083, "private": 0, "password": null}