{"id": "gen9randombattle-2260327984", "format": "[Gen 9] Random Battle", "players": ["Tymek champion", "ppeh8289"], "log": "|j|\u203dTymek champion\n|j|\u2606ppeh8289\n|t:|1733840402\n|gametype|singles\n|player|p1|Tymek champion|riley|1013\n|player|p2|ppeh8289|170|1000\n|teamsize|p1|6\n|teamsize|p2|6\n|gen|9\n|tier|[Gen 9] Random Battle\n|rated|\n|rule|Species Clause: Limit one of each Pok\u00e9mon\n|rule|HP Percentage Mod: HP is shown in percentages\n|rule|Sleep Clause Mod: Limit one foe put to sleep\n|rule|Illusion Level Mod: Illusion disguises the Pok\u00e9mon's true level\n|\n|t:|1733840402\n|start\n|switch|p1a: Feraligatr|Feraligatr, L79, F|264/264\n|switch|p2a: Excadrill|Excadrill, L79, F|303/303\n|-ability|p2a: Excadrill|Mold Breaker\n|turn|1\n|\n|t:|1733840411\n|switch|p2a: Vikavolt|Vikavolt, L83, M|263/263\n|move|p1a: Feraligatr|Liquidation|p2a: Vikavolt\n|-damage|p2a: Vikavolt|114/263\n|\n|upkeep\n|turn|2\n|\n|t:|1733840418\n|move|p1a: Feraligatr|Ice Punch|p2a: Vikavolt\n|-damage|p2a: Vikavolt|32/263\n|move|p2a: Vikavolt|Thunderbolt|p1a: Feraligatr\n|-supereffective|p1a: Feraligatr\n|-damage|p1a: Feraligatr|0 fnt\n|faint|p1a: Feraligatr\n|\n|upkeep\n|\n|t:|1733840425\n|switch|p1a: Sandy Shocks|Sandy Shocks, L80|267/267\n|turn|3\n|\n|t:|1733840432\n|move|p1a: Sandy Shocks|Thunderbolt|p2a: Vikavolt\n|-resisted|p2a: Vikavolt\n|-damage|p2a: Vikavolt|0 fnt\n|faint|p2a: Vikavolt\n|\n|upkeep\n|\n|t:|1733840437\n|switch|p2a: Excadrill|Excadrill, L79, F|303/303\n|-ability|p2a: Excadrill|Mold Breaker\n|turn|4\n|\n|t:|1733840443\n|move|p1a: Sandy Shocks|Earth Power|p2a: Excadrill\n|-supereffective|p2a: Excadrill\n|-damage|p2a: Excadrill|13/303\n|move|p2a: Excadrill|Swords Dance|p2a: Excadrill\n|-boost|p2a: Excadrill|atk|2\n|\n|-heal|p2a: Excadrill|31/303|[from] item: Leftovers\n|upkeep\n|turn|5\n|\n|t:|1733840450\n|move|p1a: Sandy Shocks|Earth Power|p2a: Excadrill\n|-supereffective|p2a: Excadrill\n|-damage|p2a: Excadrill|0 fnt\n|faint|p2a: Excadrill\n|\n|upkeep\n|\n|t:|1733840458\n|switch|p2a: Altaria|Altaria, L88, M|275/275\n|turn|6\n|\n|t:|1733840463\n|move|p1a: Sandy Shocks|Thunderbolt|p2a: Altaria\n|-damage|p2a: Altaria|188/275\n|move|p2a: Altaria|Earthquake|p1a: Sandy Shocks\n|-supereffective|p1a: Sandy Shocks\n|-damage|p1a: Sandy Shocks|157/267\n|\n|-heal|p1a: Sandy Shocks|173/267|[from] item: Leftovers\n|upkeep\n|turn|7\n|\n|t:|1733840470\n|move|p1a: Sandy Shocks|Thunderbolt|p2a: Altaria\n|-crit|p2a: Altaria\n|-damage|p2a: Altaria|65/275\n|move|p2a: Altaria|Will-O-Wisp|p1a: Sandy Shocks\n|-status|p1a: Sandy Shocks|brn\n|\n|-heal|p1a: Sandy Shocks|189/267 brn|[from] item: Leftovers\n|-damage|p1a: Sandy Shocks|173/267 brn|[from] brn\n|upkeep\n|turn|8\n|\n|t:|1733840478\n|move|p1a: Sandy Shocks|Thunderbolt|p2a: Altaria\n|-damage|p2a: Altaria|0 fnt\n|faint|p2a: Altaria\n|\n|-heal|p1a: Sandy Shocks|189/267 brn|[from] item: Leftovers\n|-damage|p1a: Sandy Shocks|173/267 brn|[from] brn\n|upkeep\n|\n|t:|1733840481\n|switch|p2a: Medicham|Medicham, L86, F|243/243\n|turn|9\n|\n|t:|1733840487\n|switch|p2a: Arceus|Arceus-Steel, L70|284/284\n|move|p1a: Sandy Shocks|Thunderbolt|p2a: Arceus\n|-damage|p2a: Arceus|188/284\n|\n|-heal|p1a: Sandy Shocks|189/267 brn|[from] item: Leftovers\n|-damage|p1a: Sandy Shocks|173/267 brn|[from] brn\n|upkeep\n|turn|10\n|\n|t:|1733840496\n|move|p2a: Arceus|Judgment|p1a: Sandy Shocks\n|-resisted|p1a: Sandy Shocks\n|-damage|p1a: Sandy Shocks|120/267 brn\n|move|p1a: Sandy Shocks|Earth Power|p2a: Arceus\n|-supereffective|p2a: Arceus\n|-damage|p2a: Arceus|0 fnt\n|faint|p2a: Arceus\n|\n|-heal|p1a: Sandy Shocks|136/267 brn|[from] item: Leftovers\n|-damage|p1a: Sandy Shocks|120/267 brn|[from] brn\n|upkeep\n|\n|t:|1733840499\n|switch|p2a: Medicham|Medicham, L86, F|243/243\n|turn|11\n|\n|t:|1733840508\n|-terastallize|p2a: Medicham|Fighting\n|move|p1a: Sandy Shocks|Thunderbolt|p2a: Medicham\n|-damage|p2a: Medicham|125/243\n|move|p2a: Medicham|Close Combat|p1a: Sandy Shocks\n|-damage|p1a: Sandy Shocks|0 fnt\n|-unboost|p2a: Medicham|def|1\n|-unboost|p2a: Medicham|spd|1\n|faint|p1a: Sandy Shocks\n|-end|p1a: Sandy Shocks|Protosynthesis|[silent]\n|\n|upkeep\n|\n|t:|1733840519\n|switch|p1a: Mesprit|Mesprit, L85|275/275\n|turn|12\n|\n|t:|1733840523\n|move|p2a: Medicham|Close Combat|p1a: Mesprit\n|-resisted|p1a: Mesprit\n|-damage|p1a: Mesprit|120/275\n|-unboost|p2a: Medicham|def|1\n|-unboost|p2a: Medicham|spd|1\n|move|p1a: Mesprit|Psychic Noise|p2a: Medicham\n|-supereffective|p2a: Medicham\n|-damage|p2a: Medicham|0 fnt\n|faint|p2a: Medicham\n|\n|-heal|p1a: Mesprit|137/275|[from] item: Leftovers\n|upkeep\n|\n|t:|1733840527\n|switch|p2a: Kilowattrel|Kilowattrel, L83, F|252/252\n|turn|13\n|-message|ppeh8289 forfeited.\n|\n|win|Tymek champion\n|raw|Tymek champion's rating: 1013 &rarr; <strong>1050</strong><br />(+37 for winning)\n|raw|ppeh8289's rating: 1000 &rarr; <strong>1000</strong><br />(+0 for losing)\n|l|\u2606ppeh8289\n|player|p2|\n", "inputlog": ">version bfd83cad13791eb5a5a409923076391caf6fb4d4\n>start {\"formatid\":\"gen9randombattle\",\"seed\":[30519,51571,46324,35761],\"rated\":\"Rated battle\"}\n>player p1 {\"name\":\"Tymek champion\",\"avatar\":\"riley\",\"rating\":1013,\"seed\":[63230,18517,2134,47168]}\n>player p2 {\"name\":\"ppeh8289\",\"avatar\":\"170\",\"rating\":1000,\"seed\":[35944,45516,55231,30299]}\n>p1 move liquidation\n>p2 switch 4\n>p1 move icepunch\n>p2 move thunderbolt\n>p1 switch 4\n>p1 move thunderbolt\n>p2 move bugbuzz\n>p2 switch 4\n>p1 move earthpower\n>p2 move swordsdance\n>p1 move earthpower\n>p2 move earthquake\n>p2 switch 6\n>p1 move thunderbolt\n>p2 move earthquake\n>p1 move thunderbolt\n>p2 move willowisp\n>p1 move thunderbolt\n>p2 move roost\n>p2 switch 5\n>p1 move thunderbolt\n>p2 switch 3\n>p1 move earthpower\n>p2 move judgment\n>p2 switch 3\n>p1 move thunderbolt\n>p2 move closecombat terastallize\n>p1 switch 6\n>p1 move psychicnoise\n>p2 move closecombat\n>p2 switch 2\n>forcelose p2", "uploadtime": 1733840538, "views": 1, "formatid": "gen9randombattle", "rating": 1000, "private": 0, "password": null}