{"id": "gen9randombattle-2260384558", "format": "[Gen 9] Random Battle", "players": ["Ironsnail", "Yan's Thighs Crush"], "log": "|j|\u2606Ironsnail\n|j|\u2606Yan's Thighs Crush\n|t:|1733846347\n|gametype|singles\n|player|p1|Ironsnail|101|1327\n|player|p2|Yan's Thighs Crush|acetrainerf|1320\n|teamsize|p1|6\n|teamsize|p2|6\n|gen|9\n|tier|[Gen 9] Random Battle\n|rated|\n|rule|Species Clause: Limit one of each Pok\u00e9mon\n|rule|HP Percentage Mod: HP is shown in percentages\n|rule|Sleep Clause Mod: Limit one foe put to sleep\n|rule|Illusion Level Mod: Illusion disguises the Pok\u00e9mon's true level\n|\n|t:|1733846347\n|start\n|switch|p1a: Basculegion|Basculegion, L81, M|327/327\n|switch|p2a: Minior|Minior-Violet, L79|224/224\n|-formechange|p2a: Minior|Minior-Meteor||[from] ability: Shields Down\n|turn|1\n|inactive|Battle timer is ON: inactive players will automatically lose when time's up. (requested by Yan's Thighs Crush)\n|\n|t:|1733846370\n|switch|p2a: Quaquaval|Quaquaval, L79, M|264/264\n|move|p1a: Basculegion|Wave Crash|p2a: Quaquaval\n|-resisted|p2a: Quaquaval\n|-damage|p2a: Quaquaval|167/264\n|-damage|p1a: Basculegion|295/327|[from] Recoil\n|\n|upkeep\n|turn|2\n|\n|t:|1733846384\n|move|p2a: Quaquaval|Aqua Step|p1a: Basculegion\n|-resisted|p1a: Basculegion\n|-damage|p1a: Basculegion|239/327\n|-boost|p2a: Quaquaval|spe|1\n|move|p1a: Basculegion|Shadow Ball|p2a: Quaquaval\n|-damage|p2a: Quaquaval|91/264\n|\n|upkeep\n|turn|3\n|\n|t:|1733846393\n|move|p2a: Quaquaval|Triple Axel|p1a: Basculegion|[miss]\n|-miss|p2a: Quaquaval|p1a: Basculegion\n|move|p1a: Basculegion|Shadow Ball|p2a: Quaquaval\n|-damage|p2a: Quaquaval|23/264\n|\n|upkeep\n|turn|4\n|\n|t:|1733846400\n|move|p1a: Basculegion|Aqua Jet|p2a: Quaquaval\n|-resisted|p2a: Quaquaval\n|-damage|p2a: Quaquaval|0 fnt\n|faint|p2a: Quaquaval\n|\n|upkeep\n|\n|t:|1733846408\n|switch|p2a: Cresselia|Cresselia, L80, F|323/323\n|turn|5\n|\n|t:|1733846415\n|-terastallize|p2a: Cresselia|Electric\n|move|p2a: Cresselia|Thunderbolt|p1a: Basculegion\n|-supereffective|p1a: Basculegion\n|-damage|p1a: Basculegion|117/327\n|move|p1a: Basculegion|Shadow Ball|p2a: Cresselia\n|-damage|p2a: Cresselia|249/323\n|\n|-heal|p2a: Cresselia|269/323|[from] item: Leftovers\n|upkeep\n|turn|6\n|\n|t:|1733846430\n|switch|p1a: Gliscor|Gliscor, L76, F|239/239\n|move|p2a: Cresselia|Thunderbolt|p1a: Gliscor\n|-immune|p1a: Gliscor\n|\n|-heal|p2a: Cresselia|289/323|[from] item: Leftovers\n|-status|p1a: Gliscor|tox|[from] item: Toxic Orb\n|upkeep\n|turn|7\n|\n|t:|1733846440\n|move|p1a: Gliscor|Toxic|p2a: Cresselia|[miss]\n|-miss|p1a: Gliscor|p2a: Cresselia\n|move|p2a: Cresselia|Calm Mind|p2a: Cresselia\n|-boost|p2a: Cresselia|spa|1\n|-boost|p2a: Cresselia|spd|1\n|\n|-heal|p2a: Cresselia|309/323|[from] item: Leftovers\n|upkeep\n|turn|8\n|\n|t:|1733846448\n|move|p1a: Gliscor|Toxic|p2a: Cresselia\n|-status|p2a: Cresselia|tox\n|move|p2a: Cresselia|Psyshock|p1a: Gliscor\n|-damage|p1a: Gliscor|151/239 tox\n|\n|-heal|p2a: Cresselia|323/323 tox|[from] item: Leftovers\n|-heal|p1a: Gliscor|180/239 tox|[from] ability: Poison Heal\n|-damage|p2a: Cresselia|303/323 tox|[from] psn\n|upkeep\n|turn|9\n|\n|t:|1733846459\n|move|p1a: Gliscor|Knock Off|p2a: Cresselia\n|-damage|p2a: Cresselia|254/323 tox\n|-enditem|p2a: Cresselia|Leftovers|[from] move: Knock Off|[of] p1a: Gliscor\n|move|p2a: Cresselia|Calm Mind|p2a: Cresselia\n|-boost|p2a: Cresselia|spa|1\n|-boost|p2a: Cresselia|spd|1\n|\n|-heal|p1a: Gliscor|209/239 tox|[from] ability: Poison Heal\n|-damage|p2a: Cresselia|214/323 tox|[from] psn\n|upkeep\n|turn|10\n|\n|t:|1733846470\n|switch|p1a: Basculegion|Basculegion, L81, M|117/327\n|move|p2a: Cresselia|Psyshock|p1a: Basculegion\n|-damage|p1a: Basculegion|0 fnt\n|faint|p1a: Basculegion\n|\n|-damage|p2a: Cresselia|154/323 tox|[from] psn\n|upkeep\n|\n|t:|1733846481\n|switch|p1a: Pecharunt|Pecharunt, L77|262/262\n|turn|11\n|\n|t:|1733846500\n|-terastallize|p1a: Pecharunt|Dark\n|move|p2a: Cresselia|Psyshock|p1a: Pecharunt\n|-immune|p1a: Pecharunt\n|move|p1a: Pecharunt|Malignant Chain|p2a: Cresselia\n|-damage|p2a: Cresselia|120/323 tox\n|\n|-damage|p2a: Cresselia|40/323 tox|[from] psn\n|upkeep\n|turn|12\n|\n|t:|1733846510\n|switch|p1a: Gliscor|Gliscor, L76, F|209/239 tox\n|move|p2a: Cresselia|Thunderbolt|p1a: Gliscor\n|-immune|p1a: Gliscor\n|\n|-heal|p1a: Gliscor|238/239 tox|[from] ability: Poison Heal\n|-damage|p2a: Cresselia|0 fnt|[from] psn\n|faint|p2a: Cresselia\n|upkeep\n|\n|t:|1733846521\n|switch|p2a: Minior|Minior-Violet, L79|224/224\n|-formechange|p2a: Minior|Minior-Meteor||[from] ability: Shields Down\n|turn|13\n|\n|t:|1733846530\n|move|p1a: Gliscor|Knock Off|p2a: Minior\n|-damage|p2a: Minior|174/224\n|-enditem|p2a: Minior|White Herb|[from] move: Knock Off|[of] p1a: Gliscor\n|move|p2a: Minior|Shell Smash|p2a: Minior\n|-unboost|p2a: Minior|def|1\n|-unboost|p2a: Minior|spd|1\n|-boost|p2a: Minior|atk|2\n|-boost|p2a: Minior|spa|2\n|-boost|p2a: Minior|spe|2\n|\n|-heal|p1a: Gliscor|239/239 tox|[from] ability: Poison Heal\n|upkeep\n|turn|14\n|\n|t:|1733846541\n|move|p2a: Minior|Power Gem|p1a: Gliscor\n|-damage|p1a: Gliscor|116/239 tox\n|move|p1a: Gliscor|Toxic|p2a: Minior\n|-immune|p2a: Minior|[from] ability: Shields Down\n|\n|-heal|p1a: Gliscor|145/239 tox|[from] ability: Poison Heal\n|upkeep\n|turn|15\n|\n|t:|1733846550\n|move|p1a: Gliscor|Protect|p1a: Gliscor\n|-singleturn|p1a: Gliscor|Protect\n|move|p2a: Minior|Power Gem|p1a: Gliscor\n|-activate|p1a: Gliscor|move: Protect\n|\n|-heal|p1a: Gliscor|174/239 tox|[from] ability: Poison Heal\n|upkeep\n|turn|16\n|\n|t:|1733846559\n|switch|p1a: Metagross|Metagross, L79|256/256\n|move|p2a: Minior|Shell Smash|p2a: Minior\n|-unboost|p2a: Minior|def|1\n|-unboost|p2a: Minior|spd|1\n|-boost|p2a: Minior|atk|2\n|-boost|p2a: Minior|spa|2\n|-boost|p2a: Minior|spe|2\n|\n|upkeep\n|turn|17\n|\n|t:|1733846570\n|move|p2a: Minior|Earthquake|p1a: Metagross\n|-supereffective|p1a: Metagross\n|-damage|p1a: Metagross|60/256\n|-enditem|p1a: Metagross|Weakness Policy\n|-boost|p1a: Metagross|atk|2|[from] item: Weakness Policy\n|-boost|p1a: Metagross|spa|2|[from] item: Weakness Policy\n|move|p1a: Metagross|Heavy Slam|p2a: Minior\n|-supereffective|p2a: Minior\n|-damage|p2a: Minior|0 fnt\n|faint|p2a: Minior\n|\n|upkeep\n|\n|t:|1733846580\n|switch|p2a: Chi-Yu|Chi-Yu, L77|211/211\n|-ability|p2a: Chi-Yu|Beads of Ruin\n|turn|18\n|\n|t:|1733846589\n|move|p2a: Chi-Yu|Dark Pulse|p1a: Metagross\n|-supereffective|p1a: Metagross\n|-damage|p1a: Metagross|0 fnt\n|faint|p1a: Metagross\n|\n|upkeep\n|\n|t:|1733846595\n|switch|p1a: Gliscor|Gliscor, L76, F|174/239 tox\n|turn|19\n|\n|t:|1733846613\n|move|p2a: Chi-Yu|Dark Pulse|p1a: Gliscor\n|-damage|p1a: Gliscor|29/239 tox\n|cant|p1a: Gliscor|flinch\n|\n|-heal|p1a: Gliscor|58/239 tox|[from] ability: Poison Heal\n|upkeep\n|turn|20\n|\n|t:|1733846625\n|move|p1a: Gliscor|Protect|p1a: Gliscor\n|-singleturn|p1a: Gliscor|Protect\n|move|p2a: Chi-Yu|Dark Pulse|p1a: Gliscor\n|-activate|p1a: Gliscor|move: Protect\n|\n|-heal|p1a: Gliscor|87/239 tox|[from] ability: Poison Heal\n|upkeep\n|turn|21\n|\n|t:|1733846638\n|move|p2a: Chi-Yu|Dark Pulse|p1a: Gliscor\n|-damage|p1a: Gliscor|0 fnt\n|faint|p1a: Gliscor\n|\n|upkeep\n|\n|t:|1733846648\n|switch|p1a: Pecharunt|Pecharunt, L77, tera:Dark|262/262\n|turn|22\n|\n|t:|1733846656\n|move|p2a: Chi-Yu|Nasty Plot|p2a: Chi-Yu\n|-boost|p2a: Chi-Yu|spa|2\n|move|p1a: Pecharunt|Parting Shot|p2a: Chi-Yu\n|-unboost|p2a: Chi-Yu|atk|1\n|-unboost|p2a: Chi-Yu|spa|1\n|\n|t:|1733846662\n|switch|p1a: Eelektross|Eelektross, L87, F|290/290|[from] Parting Shot\n|\n|upkeep\n|turn|23\n|\n|t:|1733846668\n|move|p2a: Chi-Yu|Dark Pulse|p1a: Eelektross\n|-crit|p1a: Eelektross\n|-damage|p1a: Eelektross|0 fnt\n|faint|p1a: Eelektross\n|\n|upkeep\n|l|\u2606Ironsnail\n|inactive|Ironsnail disconnected and has a minute to reconnect!\n|player|p1|\n|c|\u2606Yan's Thighs Crush|bro that's just sad\n|inactive|Ironsnail has 30 seconds to reconnect!\n|inactive|Ironsnail has 20 seconds to reconnect!\n|inactive|Ironsnail has 15 seconds to reconnect!\n|inactive|Ironsnail has 10 seconds to reconnect!\n|inactive|Ironsnail has 5 seconds to reconnect!\n|-message|Ironsnail lost due to inactivity.\n|\n|win|Yan's Thighs Crush\n|raw|Ironsnail's rating: 1327 &rarr; <strong>1307</strong><br />(-20 for losing)\n|raw|Yan&apos;s Thighs Crush's rating: 1320 &rarr; <strong>1340</strong><br />(+20 for winning)\n", "inputlog": ">version bfd83cad13791eb5a5a409923076391caf6fb4d4\n>start {\"formatid\":\"gen9randombattle\",\"seed\":[60850,12901,1230,29401],\"rated\":\"Rated battle\"}\n>player p1 {\"name\":\"Ironsnail\",\"avatar\":\"101\",\"rating\":1327,\"seed\":[27005,60333,48081,5976]}\n>player p2 {\"name\":\"Yan's Thighs Crush\",\"avatar\":\"acetrainerf\",\"rating\":1320,\"seed\":[32923,39222,32033,30427]}\n>p1 move wavecrash\n>p2 switch 5\n>p1 move shadowball\n>p2 move aquastep\n>p1 move shadowball\n>p2 move tripleaxel\n>p1 move aquajet\n>p2 move tripleaxel\n>p2 switch 2\n>p1 move shadowball\n>p2 move thunderbolt terastallize\n>p1 switch 6\n>p2 move thunderbolt\n>p1 move toxic\n>p2 move calmmind\n>p1 move toxic\n>p2 move psyshock\n>p1 move knockoff\n>p2 move calmmind\n>p1 switch 6\n>p2 move psyshock\n>p1 switch 2\n>p1 move malignantchain terastallize\n>p2 move psyshock\n>p1 switch 6\n>p2 move thunderbolt\n>p2 switch 5\n>p1 move knockoff\n>p2 move shellsmash\n>p1 move toxic\n>p2 move powergem\n>p1 move protect\n>p2 move powergem\n>p1 switch 3\n>p2 move shellsmash\n>p1 move heavyslam\n>p2 move earthquake\n>p2 switch 4\n>p1 move earthquake\n>p2 move darkpulse\n>p1 switch 3\n>p1 move toxic\n>p2 move darkpulse\n>p1 move protect\n>p2 move darkpulse\n>p1 move toxic\n>p2 move darkpulse\n>p1 switch 6\n>p1 move partingshot\n>p2 move nastyplot\n>p1 switch 5\n>p1 move drainpunch\n>p2 move darkpulse\n>chat \u2606Yan's Thighs Crush|bro that's just sad\n>forcelose p1", "uploadtime": 1733846744, "views": 3, "formatid": "gen9randombattle", "rating": 1307, "private": 0, "password": null}