{"id": "gen9randombattle-2260891636", "format": "[Gen 9] Random Battle", "players": ["liet32120", "superbcookiez"], "log": "|j|\u2606liet32120\n|j|\u2606superbcookiez\n|t:|1733911914\n|gametype|singles\n|player|p1|liet32120|265|2074\n|player|p2|superbcookiez|101|2179\n|teamsize|p1|6\n|teamsize|p2|6\n|gen|9\n|tier|[Gen 9] Random Battle\n|rated|\n|rule|Species Clause: Limit one of each Pok\u00e9mon\n|rule|HP Percentage Mod: HP is shown in percentages\n|rule|Sleep Clause Mod: Limit one foe put to sleep\n|rule|Illusion Level Mod: Illusion disguises the Pok\u00e9mon's true level\n|\n|t:|1733911914\n|start\n|switch|p1a: Bellossom|Bellossom, L84, M|263/263\n|switch|p2a: Groudon|Groudon, L72|263/263\n|-weather|SunnyDay|[from] ability: Drought|[of] p2a: Groudon\n|turn|1\n|inactive|Battle timer is ON: inactive players will automatically lose when time's up. (requested by superbcookiez)\n|j| Kubxplaylolll\n|inactive|superbcookiez has 120 seconds left.\n|\n|t:|1733911945\n|switch|p2a: Illumise|Illumise, L91, F|266/266\n|move|p1a: Bellossom|Quiver Dance|p1a: Bellossom\n|-boost|p1a: Bellossom|spa|1\n|-boost|p1a: Bellossom|spd|1\n|-boost|p1a: Bellossom|spe|1\n|\n|-weather|SunnyDay|[upkeep]\n|upkeep\n|turn|2\n|\n|t:|1733911955\n|switch|p1a: Gholdengo|Gholdengo, L77|261/261\n|move|p2a: Illumise|Encore|p1a: Gholdengo\n|-immune|p1a: Gholdengo|[from] ability: Good as Gold\n|\n|-weather|SunnyDay|[upkeep]\n|upkeep\n|turn|3\n|inactive|superbcookiez has 120 seconds left.\n|\n|t:|1733911995\n|switch|p2a: Groudon|Groudon, L72|263/263\n|move|p1a: Gholdengo|Shadow Ball|p2a: Groudon\n|-damage|p2a: Groudon|160/263\n|\n|-weather|SunnyDay|[upkeep]\n|-heal|p2a: Groudon|176/263|[from] item: Leftovers\n|upkeep\n|turn|4\n|\n|t:|1733912006\n|switch|p1a: Tauros|Tauros-Paldea-Aqua, L81, M|254/254\n|-ability|p1a: Tauros|Intimidate|boost\n|-unboost|p2a: Groudon|atk|1\n|move|p2a: Groudon|Heat Crash|p1a: Tauros\n|-resisted|p1a: Tauros\n|-damage|p1a: Tauros|213/254\n|\n|-weather|SunnyDay|[upkeep]\n|-heal|p2a: Groudon|192/263|[from] item: Leftovers\n|upkeep\n|turn|5\n|\n|t:|1733912025\n|switch|p2a: Gogoat|Gogoat, L88, M|360/360\n|move|p1a: Tauros|Bulk Up|p1a: Tauros\n|-boost|p1a: Tauros|atk|1\n|-boost|p1a: Tauros|def|1\n|\n|-weather|none\n|upkeep\n|turn|6\n|inactive|superbcookiez has 120 seconds left.\n|\n|t:|1733912038\n|switch|p1a: Heracross|Heracross, L80, M|259/259\n|move|p2a: Gogoat|Bulk Up|p2a: Gogoat\n|-boost|p2a: Gogoat|atk|1\n|-boost|p2a: Gogoat|def|1\n|\n|-status|p1a: Heracross|brn|[from] item: Flame Orb\n|upkeep\n|turn|7\n|inactive|superbcookiez has 120 seconds left.\n|\n|t:|1733912054\n|move|p1a: Heracross|Knock Off|p2a: Gogoat\n|-damage|p2a: Gogoat|271/360\n|-enditem|p2a: Gogoat|Leftovers|[from] move: Knock Off|[of] p1a: Heracross\n|move|p2a: Gogoat|Bulk Up|p2a: Gogoat\n|-boost|p2a: Gogoat|atk|1\n|-boost|p2a: Gogoat|def|1\n|\n|-damage|p1a: Heracross|243/259 brn|[from] brn\n|upkeep\n|turn|8\n|inactive|superbcookiez has 120 seconds left.\n|\n|t:|1733912074\n|switch|p1a: Empoleon|Empoleon, L84, M|278/278\n|move|p2a: Gogoat|Horn Leech|p1a: Empoleon\n|-damage|p1a: Empoleon|89/278\n|-heal|p2a: Gogoat|360/360|[from] drain|[of] p1a: Empoleon\n|\n|-heal|p1a: Empoleon|106/278|[from] item: Leftovers\n|upkeep\n|turn|9\n|\n|t:|1733912083\n|-terastallize|p1a: Empoleon|Flying\n|move|p2a: Gogoat|Horn Leech|p1a: Empoleon\n|-resisted|p1a: Empoleon\n|-damage|p1a: Empoleon|10/278\n|move|p1a: Empoleon|Yawn|p2a: Gogoat\n|-start|p2a: Gogoat|move: Yawn|[of] p1a: Empoleon\n|\n|-heal|p1a: Empoleon|27/278|[from] item: Leftovers\n|upkeep\n|turn|10\n|\n|t:|1733912096\n|move|p2a: Gogoat|Horn Leech|p1a: Empoleon\n|-resisted|p1a: Empoleon\n|-damage|p1a: Empoleon|0 fnt\n|faint|p1a: Empoleon\n|\n|-end|p2a: Gogoat|move: Yawn|[silent]\n|-status|p2a: Gogoat|slp\n|upkeep\n|\n|t:|1733912109\n|switch|p1a: Gholdengo|Gholdengo, L77|261/261\n|turn|11\n|\n|t:|1733912122\n|switch|p2a: Golem|Golem-Alola, L93, M|300/300\n|move|p1a: Gholdengo|Nasty Plot|p1a: Gholdengo\n|-boost|p1a: Gholdengo|spa|2\n|\n|upkeep\n|turn|12\n|c| Kubxplaylolll|zZz\n|inactive|liet32120 has 120 seconds left.\n|\n|t:|1733912148\n|switch|p1a: Bellossom|Bellossom, L84, M|263/263\n|move|p2a: Golem|Explosion|p1a: Bellossom\n|-resisted|p1a: Bellossom\n|-damage|p1a: Bellossom|0 fnt\n|faint|p2a: Golem\n|faint|p1a: Bellossom\n|\n|upkeep\n|inactive|liet32120 has 120 seconds left.\n|\n|t:|1733912159\n|switch|p2a: Deoxys|Deoxys-Speed, L82|216/216\n|switch|p1a: Heracross|Heracross, L80, M|243/259 brn\n|-ability|p2a: Deoxys|Pressure\n|turn|13\n|inactive|liet32120 has 120 seconds left.\n|\n|t:|1733912180\n|switch|p1a: Electrode|Electrode, L92|260/260\n|move|p2a: Deoxys|Psycho Boost|p1a: Electrode\n|-damage|p1a: Electrode|92/260\n|-unboost|p2a: Deoxys|spa|2\n|-damage|p2a: Deoxys|195/216|[from] item: Life Orb\n|\n|upkeep\n|turn|14\n|\n|t:|1733912197\n|switch|p2a: Illumise|Illumise, L91, F|266/266\n|move|p1a: Electrode|Foul Play|p2a: Illumise\n|-damage|p2a: Illumise|234/266\n|\n|upkeep\n|turn|15\n|\n|t:|1733912208\n|switch|p2a: Groudon|Groudon, L72|192/263\n|-weather|SunnyDay|[from] ability: Drought|[of] p2a: Groudon\n|move|p1a: Electrode|Volt Switch|p2a: Groudon\n|-immune|p2a: Groudon\n|\n|-weather|SunnyDay|[upkeep]\n|-heal|p2a: Groudon|208/263|[from] item: Leftovers\n|upkeep\n|turn|16\n|\n|t:|1733912223\n|switch|p1a: Tauros|Tauros-Paldea-Aqua, L81, M|213/254\n|-ability|p1a: Tauros|Intimidate|boost\n|-unboost|p2a: Groudon|atk|1\n|move|p2a: Groudon|Precipice Blades|p1a: Tauros\n|-damage|p1a: Tauros|128/254\n|\n|-weather|SunnyDay|[upkeep]\n|-heal|p2a: Groudon|224/263|[from] item: Leftovers\n|upkeep\n|turn|17\n|inactive|liet32120 has 120 seconds left.\n|l| Kubxplaylolll\n|\n|t:|1733912237\n|switch|p1a: Gholdengo|Gholdengo, L77|261/261\n|switch|p2a: Latios|Latios, L78, M|253/253\n|\n|-weather|SunnyDay|[upkeep]\n|upkeep\n|turn|18\n|inactive|liet32120 has 120 seconds left.\n|\n|t:|1733912250\n|switch|p2a: Groudon|Groudon, L72|224/263\n|move|p1a: Gholdengo|Nasty Plot|p1a: Gholdengo\n|-boost|p1a: Gholdengo|spa|2\n|\n|-weather|SunnyDay|[upkeep]\n|-heal|p2a: Groudon|240/263|[from] item: Leftovers\n|upkeep\n|turn|19\n|\n|t:|1733912257\n|move|p1a: Gholdengo|Make It Rain|p2a: Groudon\n|-damage|p2a: Groudon|0 fnt\n|-unboost|p1a: Gholdengo|spa|1\n|faint|p2a: Groudon\n|\n|-weather|none\n|upkeep\n|inactive|superbcookiez has 120 seconds left.\n|\n|t:|1733912287\n|switch|p2a: Latios|Latios, L78, M|253/253\n|turn|20\n|\n|t:|1733912301\n|-terastallize|p2a: Latios|Steel\n|move|p2a: Latios|Calm Mind|p2a: Latios\n|-boost|p2a: Latios|spa|1\n|-boost|p2a: Latios|spd|1\n|move|p1a: Gholdengo|Recover||[still]\n|-fail|p1a: Gholdengo|heal\n|\n|upkeep\n|turn|21\n|\n|t:|1733912313\n|switch|p1a: Electrode|Electrode, L92|92/260\n|move|p2a: Latios|Calm Mind|p2a: Latios\n|-boost|p2a: Latios|spa|1\n|-boost|p2a: Latios|spd|1\n|\n|upkeep\n|turn|22\n|\n|t:|1733912328\n|switch|p2a: Gogoat|Gogoat, L88, M|360/360 slp\n|move|p1a: Electrode|Taunt|p2a: Gogoat\n|-start|p2a: Gogoat|move: Taunt\n|\n|upkeep\n|turn|23\n|\n|t:|1733912333\n|switch|p1a: Gholdengo|Gholdengo, L77|261/261\n|cant|p2a: Gogoat|slp\n|\n|upkeep\n|turn|24\n|\n|t:|1733912341\n|move|p1a: Gholdengo|Nasty Plot|p1a: Gholdengo\n|-boost|p1a: Gholdengo|spa|2\n|cant|p2a: Gogoat|slp\n|\n|-end|p2a: Gogoat|move: Taunt\n|upkeep\n|turn|25\n|\n|t:|1733912348\n|move|p1a: Gholdengo|Nasty Plot|p1a: Gholdengo\n|-boost|p1a: Gholdengo|spa|2\n|cant|p2a: Gogoat|slp\n|\n|upkeep\n|turn|26\n|\n|t:|1733912354\n|move|p1a: Gholdengo|Make It Rain|p2a: Gogoat\n|-damage|p2a: Gogoat|0 fnt\n|-unboost|p1a: Gholdengo|spa|1\n|faint|p2a: Gogoat\n|\n|upkeep\n|\n|t:|1733912363\n|switch|p2a: Latios|Latios, L78, M, tera:Steel|253/253\n|turn|27\n|\n|t:|1733912367\n|move|p2a: Latios|Calm Mind|p2a: Latios\n|-boost|p2a: Latios|spa|1\n|-boost|p2a: Latios|spd|1\n|move|p1a: Gholdengo|Shadow Ball|p2a: Latios\n|-damage|p2a: Latios|112/253\n|\n|upkeep\n|turn|28\n|\n|t:|1733912379\n|move|p2a: Latios|Calm Mind|p2a: Latios\n|-boost|p2a: Latios|spa|1\n|-boost|p2a: Latios|spd|1\n|move|p1a: Gholdengo|Shadow Ball|p2a: Latios\n|-damage|p2a: Latios|7/253\n|\n|upkeep\n|turn|29\n|\n|t:|1733912391\n|move|p2a: Latios|Recover|p2a: Latios\n|-heal|p2a: Latios|134/253\n|move|p1a: Gholdengo|Nasty Plot|p1a: Gholdengo\n|-boost|p1a: Gholdengo|spa|2\n|\n|upkeep\n|turn|30\n|\n|t:|1733912403\n|move|p2a: Latios|Calm Mind|p2a: Latios\n|-boost|p2a: Latios|spa|1\n|-boost|p2a: Latios|spd|1\n|move|p1a: Gholdengo|Shadow Ball|p2a: Latios\n|-damage|p2a: Latios|19/253\n|\n|upkeep\n|turn|31\n|\n|t:|1733912410\n|move|p2a: Latios|Recover|p2a: Latios\n|-heal|p2a: Latios|146/253\n|move|p1a: Gholdengo|Shadow Ball|p2a: Latios\n|-damage|p2a: Latios|31/253\n|-unboost|p2a: Latios|spd|1\n|\n|upkeep\n|turn|32\n|\n|t:|1733912415\n|move|p2a: Latios|Draco Meteor|p1a: Gholdengo\n|-resisted|p1a: Gholdengo\n|-damage|p1a: Gholdengo|25/261\n|-unboost|p2a: Latios|spa|2\n|move|p1a: Gholdengo|Shadow Ball|p2a: Latios\n|-damage|p2a: Latios|0 fnt\n|faint|p2a: Latios\n|\n|-heal|p1a: Gholdengo|41/261|[from] item: Leftovers\n|upkeep\n|\n|t:|1733912419\n|switch|p2a: Deoxys|Deoxys-Speed, L82|195/216\n|-ability|p2a: Deoxys|Pressure\n|turn|33\n|\n|t:|1733912425\n|switch|p1a: Tauros|Tauros-Paldea-Aqua, L81, M|128/254\n|-ability|p1a: Tauros|Intimidate|boost\n|-unboost|p2a: Deoxys|atk|1\n|move|p2a: Deoxys|Dark Pulse|p1a: Tauros\n|-resisted|p1a: Tauros\n|-damage|p1a: Tauros|89/254\n|-damage|p2a: Deoxys|174/216|[from] item: Life Orb\n|\n|upkeep\n|turn|34\n|\n|t:|1733912432\n|move|p2a: Deoxys|Focus Blast|p1a: Tauros\n|-damage|p1a: Tauros|0 fnt\n|faint|p1a: Tauros\n|-damage|p2a: Deoxys|153/216|[from] item: Life Orb\n|\n|upkeep\n|\n|t:|1733912439\n|switch|p1a: Heracross|Heracross, L80, M|243/259 brn\n|turn|35\n|\n|t:|1733912450\n|switch|p1a: Electrode|Electrode, L92|92/260\n|move|p2a: Deoxys|Psycho Boost|p1a: Electrode\n|-damage|p1a: Electrode|0 fnt\n|-unboost|p2a: Deoxys|spa|2\n|faint|p1a: Electrode\n|-damage|p2a: Deoxys|132/216|[from] item: Life Orb\n|\n|upkeep\n|\n|t:|1733912454\n|switch|p1a: Heracross|Heracross, L80, M|243/259 brn\n|turn|36\n|\n|t:|1733912463\n|switch|p2a: Illumise|Illumise, L91, F|234/266\n|switch|p1a: Gholdengo|Gholdengo, L77|41/261\n|\n|-heal|p1a: Gholdengo|57/261|[from] item: Leftovers\n|upkeep\n|turn|37\n|\n|t:|1733912471\n|switch|p2a: Deoxys|Deoxys-Speed, L82|132/216\n|-ability|p2a: Deoxys|Pressure\n|move|p1a: Gholdengo|Recover|p1a: Gholdengo\n|-heal|p1a: Gholdengo|188/261\n|\n|-heal|p1a: Gholdengo|204/261|[from] item: Leftovers\n|upkeep\n|turn|38\n|\n|t:|1733912476\n|move|p2a: Deoxys|Dark Pulse|p1a: Gholdengo\n|-supereffective|p1a: Gholdengo\n|-damage|p1a: Gholdengo|53/261\n|-damage|p2a: Deoxys|111/216|[from] item: Life Orb\n|move|p1a: Gholdengo|Shadow Ball|p2a: Deoxys\n|-supereffective|p2a: Deoxys\n|-damage|p2a: Deoxys|0 fnt\n|faint|p2a: Deoxys\n|\n|-heal|p1a: Gholdengo|69/261|[from] item: Leftovers\n|upkeep\n|\n|t:|1733912480\n|switch|p2a: Illumise|Illumise, L91, F|234/266\n|turn|39\n|-message|superbcookiez forfeited.\n|\n|win|liet32120\n|raw|liet32120's rating: 2074 &rarr; <strong>2100</strong><br />(+26 for winning)\n|raw|superbcookiez's rating: 2179 &rarr; <strong>2153</strong><br />(-26 for losing)\n|l|\u2606superbcookiez\n|player|p2|\n", "inputlog": ">version bfd83cad13791eb5a5a409923076391caf6fb4d4\n>start {\"formatid\":\"gen9randombattle\",\"seed\":[20330,55559,27913,6192],\"rated\":\"Rated battle\"}\n>player p1 {\"name\":\"liet32120\",\"avatar\":\"265\",\"rating\":2074,\"seed\":[39142,56815,25037,22985]}\n>player p2 {\"name\":\"superbcookiez\",\"avatar\":\"101\",\"rating\":2179,\"seed\":[6670,53384,1526,20436]}\n>p1 move quiverdance\n>p2 switch 5\n>p1 switch 3\n>p2 move encore\n>p1 move shadowball\n>p2 switch 5\n>p1 switch 6\n>p2 move heatcrash\n>p1 move bulkup\n>p2 switch 2\n>p1 switch 5\n>p2 move bulkup\n>p1 move knockoff\n>p2 move bulkup\n>p1 switch 4\n>p2 move hornleech\n>p1 move yawn terastallize\n>p2 move hornleech\n>p1 move stealthrock\n>p2 move hornleech\n>p1 switch 6\n>p1 move nastyplot\n>p2 switch 6\n>chat  Kubxplaylolll|zZz\n>p1 switch 3\n>p2 move explosion\n>p1 switch 4\n>p2 switch 3\n>p1 switch 2\n>p2 move psychoboost\n>p1 move foulplay\n>p2 switch 5\n>p1 move voltswitch\n>p2 switch 2\n>p1 switch 5\n>p2 move precipiceblades\n>p1 switch 3\n>p2 switch 4\n>p1 move nastyplot\n>p2 switch 4\n>p1 move makeitrain\n>p2 move heatcrash\n>p2 switch 4\n>p1 move recover\n>p2 move calmmind terastallize\n>p1 switch 5\n>p2 move calmmind\n>p1 move taunt\n>p2 switch 6\n>p1 switch 5\n>p2 move earthquake\n>p1 move nastyplot\n>p2 move earthquake\n>p1 move nastyplot\n>p2 move earthquake\n>p1 move makeitrain\n>p2 move earthquake\n>p2 switch 6\n>p1 move shadowball\n>p2 move calmmind\n>p1 move shadowball\n>p2 move calmmind\n>p1 move nastyplot\n>p2 move recover\n>p1 move shadowball\n>p2 move calmmind\n>p1 move shadowball\n>p2 move recover\n>p1 move shadowball\n>p2 move dracometeor\n>p2 switch 5\n>p1 switch 3\n>p2 move darkpulse\n>p1 move liquidation\n>p2 move focusblast\n>p1 switch 2\n>p1 switch 5\n>p2 move psychoboost\n>p1 switch 5\n>p1 switch 3\n>p2 switch 2\n>p1 move recover\n>p2 switch 2\n>p1 move shadowball\n>p2 move darkpulse\n>p2 switch 2\n>forcelose p2", "uploadtime": 1733912488, "views": 1, "formatid": "gen9randombattle", "rating": 2100, "private": 0, "password": null}