{"id": "gen9randombattle-2260463248", "format": "[Gen 9] Random Battle", "players": ["dejdejdjede", "georgethebruh"], "log": "|j|\u2606dejdejdjede\n|j|\u2606georgethebruh\n|t:|1733854056\n|gametype|singles\n|player|p1|dejdejdjede|2|1148\n|player|p2|georgethebruh|170|1136\n|teamsize|p1|6\n|teamsize|p2|6\n|gen|9\n|tier|[Gen 9] Random Battle\n|rated|\n|rule|Species Clause: Limit one of each Pok\u00e9mon\n|rule|HP Percentage Mod: HP is shown in percentages\n|rule|Sleep Clause Mod: Limit one foe put to sleep\n|rule|Illusion Level Mod: Illusion disguises the Pok\u00e9mon's true level\n|\n|t:|1733854056\n|start\n|switch|p1a: Camerupt|Camerupt, L91, F|275/275\n|switch|p2a: Staraptor|Staraptor, L79, F|263/263\n|turn|1\n|\n|t:|1733854090\n|move|p2a: Staraptor|Brave Bird|p1a: Camerupt\n|-damage|p1a: Camerupt|22/275\n|-damage|p2a: Staraptor|180/263|[from] Recoil\n|move|p1a: Camerupt|Will-O-Wisp|p2a: Staraptor\n|-status|p2a: Staraptor|brn\n|\n|-heal|p1a: Camerupt|39/275|[from] item: Leftovers\n|-damage|p2a: Staraptor|164/263 brn|[from] brn\n|upkeep\n|turn|2\n|\n|t:|1733854116\n|switch|p1a: Iron Thorns|Iron Thorns, L83|302/302\n|-item|p1a: Iron Thorns|Air Balloon\n|move|p2a: Staraptor|Brave Bird|p1a: Iron Thorns\n|-resisted|p1a: Iron Thorns\n|-damage|p1a: Iron Thorns|279/302\n|-enditem|p1a: Iron Thorns|Air Balloon\n|-damage|p2a: Staraptor|156/263 brn|[from] Recoil\n|\n|-damage|p2a: Staraptor|140/263 brn|[from] brn\n|upkeep\n|turn|3\n|\n|t:|1733854141\n|switch|p2a: Rhydon|Rhydon, L85, M|317/317\n|move|p1a: Iron Thorns|Spikes|p2a: Rhydon\n|-sidestart|p2: georgethebruh|Spikes\n|\n|upkeep\n|turn|4\n|\n|t:|1733854157\n|-end|p1a: Iron Thorns|Quark Drive|[silent]\n|switch|p1a: Cryogonal|Cryogonal, L89|287/287\n|move|p2a: Rhydon|Swords Dance|p2a: Rhydon\n|-boost|p2a: Rhydon|atk|2\n|\n|upkeep\n|turn|5\n|\n|t:|1733854164\n|move|p1a: Cryogonal|Ice Beam|p2a: Rhydon\n|-supereffective|p2a: Rhydon\n|-damage|p2a: Rhydon|113/317\n|move|p2a: Rhydon|Stone Edge|p1a: Cryogonal\n|-supereffective|p1a: Cryogonal\n|-damage|p1a: Cryogonal|0 fnt\n|faint|p1a: Cryogonal\n|\n|upkeep\n|\n|t:|1733854169\n|switch|p1a: Camerupt|Camerupt, L91, F|39/275\n|turn|6\n|\n|t:|1733854188\n|move|p1a: Camerupt|Stealth Rock|p2a: Rhydon\n|-sidestart|p2: georgethebruh|move: Stealth Rock\n|move|p2a: Rhydon|Earthquake|p1a: Camerupt\n|-supereffective|p1a: Camerupt\n|-crit|p1a: Camerupt\n|-damage|p1a: Camerupt|0 fnt\n|faint|p1a: Camerupt\n|\n|upkeep\n|\n|t:|1733854197\n|switch|p1a: Empoleon|Empoleon, L84, M|278/278\n|turn|7\n|\n|t:|1733854249\n|move|p1a: Empoleon|Surf|p2a: Rhydon\n|-supereffective|p2a: Rhydon\n|-damage|p2a: Rhydon|0 fnt\n|faint|p2a: Rhydon\n|\n|upkeep\n|\n|t:|1733854254\n|switch|p2a: Victreebel|Victreebel, L90, M|290/290\n|-damage|p2a: Victreebel|254/290|[from] Spikes\n|-damage|p2a: Victreebel|218/290|[from] Stealth Rock\n|turn|8\n|inactive|Battle timer is ON: inactive players will automatically lose when time's up. (requested by dejdejdjede)\n|\n|t:|1733854268\n|move|p2a: Victreebel|Power Whip|p1a: Empoleon\n|-damage|p1a: Empoleon|87/278\n|-damage|p2a: Victreebel|189/290|[from] item: Life Orb\n|move|p1a: Empoleon|Yawn|p2a: Victreebel\n|-start|p2a: Victreebel|move: Yawn|[of] p1a: Empoleon\n|\n|-heal|p1a: Empoleon|104/278|[from] item: Leftovers\n|upkeep\n|turn|9\n|\n|t:|1733854275\n|move|p2a: Victreebel|Power Whip|p1a: Empoleon|[miss]\n|-miss|p2a: Victreebel|p1a: Empoleon\n|move|p1a: Empoleon|Roost|p1a: Empoleon\n|-heal|p1a: Empoleon|243/278\n|-singleturn|p1a: Empoleon|move: Roost\n|\n|-heal|p1a: Empoleon|260/278|[from] item: Leftovers\n|-end|p2a: Victreebel|move: Yawn|[silent]\n|-status|p2a: Victreebel|slp\n|upkeep\n|turn|10\n|\n|t:|1733854293\n|switch|p2a: Staraptor|Staraptor, L79, F|140/263 brn\n|-damage|p2a: Staraptor|75/263 brn|[from] Stealth Rock\n|switch|p1a: Dodrio|Dodrio, L86, M|243/243\n|\n|-damage|p2a: Staraptor|59/263 brn|[from] brn\n|upkeep\n|turn|11\n|\n|t:|1733854310\n|switch|p1a: Iron Thorns|Iron Thorns, L83|279/302\n|move|p2a: Staraptor|Quick Attack|p1a: Iron Thorns\n|-resisted|p1a: Iron Thorns\n|-damage|p1a: Iron Thorns|266/302\n|\n|-damage|p2a: Staraptor|43/263 brn|[from] brn\n|upkeep\n|turn|12\n|\n|t:|1733854329\n|switch|p2a: Baxcalibur|Baxcalibur, L75, F|295/295\n|-damage|p2a: Baxcalibur|259/295|[from] Spikes\n|-damage|p2a: Baxcalibur|186/295|[from] Stealth Rock\n|move|p1a: Iron Thorns|Spikes|p2a: Baxcalibur\n|-sidestart|p2: georgethebruh|Spikes\n|\n|upkeep\n|turn|13\n|\n|t:|1733854340\n|-end|p1a: Iron Thorns|Quark Drive|[silent]\n|switch|p1a: Empoleon|Empoleon, L84, M|260/278\n|move|p2a: Baxcalibur|Earthquake|p1a: Empoleon\n|-supereffective|p1a: Empoleon\n|-damage|p1a: Empoleon|108/278\n|\n|-heal|p1a: Empoleon|125/278|[from] item: Leftovers\n|upkeep\n|turn|14\n|\n|t:|1733854355\n|move|p2a: Baxcalibur|Earthquake|p1a: Empoleon\n|-supereffective|p1a: Empoleon\n|-damage|p1a: Empoleon|0 fnt\n|faint|p1a: Empoleon\n|\n|upkeep\n|\n|t:|1733854362\n|switch|p1a: Donphan|Donphan, L84, F|288/288\n|turn|15\n|\n|t:|1733854372\n|move|p2a: Baxcalibur|Icicle Spear|p1a: Donphan\n|-supereffective|p1a: Donphan\n|-damage|p1a: Donphan|240/288\n|-supereffective|p1a: Donphan\n|-damage|p1a: Donphan|190/288\n|-supereffective|p1a: Donphan\n|-crit|p1a: Donphan\n|-damage|p1a: Donphan|116/288\n|-supereffective|p1a: Donphan\n|-crit|p1a: Donphan\n|-damage|p1a: Donphan|42/288\n|-supereffective|p1a: Donphan\n|-damage|p1a: Donphan|0 fnt\n|faint|p1a: Donphan\n|-hitcount|p1: Donphan|5\n|\n|upkeep\n|\n|t:|1733854375\n|switch|p1a: Dodrio|Dodrio, L86, M|243/243\n|turn|16\n|\n|t:|1733854387\n|-terastallize|p1a: Dodrio|Flying\n|move|p1a: Dodrio|Brave Bird|p2a: Baxcalibur\n|-damage|p2a: Baxcalibur|0 fnt\n|faint|p2a: Baxcalibur\n|-damage|p1a: Dodrio|182/243|[from] Recoil\n|\n|upkeep\n|\n|t:|1733854397\n|switch|p2a: Oranguru|Oranguru, L92, M|315/315\n|-damage|p2a: Oranguru|263/315|[from] Spikes\n|-damage|p2a: Oranguru|224/315|[from] Stealth Rock\n|turn|17\n|\n|t:|1733854404\n|switch|p1a: Iron Thorns|Iron Thorns, L83|266/302\n|move|p2a: Oranguru|Thunderbolt|p1a: Iron Thorns\n|-resisted|p1a: Iron Thorns\n|-damage|p1a: Iron Thorns|210/302\n|\n|upkeep\n|turn|18\n|\n|t:|1733854429\n|switch|p2a: Staraptor|Staraptor, L79, F|43/263 brn\n|-damage|p2a: Staraptor|0 fnt|[from] Stealth Rock\n|faint|p2a: Staraptor\n|move|p1a: Iron Thorns|Spikes|p2: Staraptor\n|-sidestart|p2: georgethebruh|Spikes\n|\n|upkeep\n|\n|t:|1733854440\n|switch|p2a: Victreebel|Victreebel, L90, M|189/290 slp\n|-damage|p2a: Victreebel|117/290 slp|[from] Spikes\n|-damage|p2a: Victreebel|81/290 slp|[from] Stealth Rock\n|turn|19\n|\n|t:|1733854451\n|cant|p2a: Victreebel|slp\n|move|p1a: Iron Thorns|Earthquake|p2a: Victreebel\n|-damage|p2a: Victreebel|0 fnt\n|faint|p2a: Victreebel\n|\n|upkeep\n|inactive|georgethebruh has 120 seconds left.\n|\n|t:|1733854472\n|switch|p2a: Mesprit|Mesprit, L85|275/275\n|-damage|p2a: Mesprit|241/275|[from] Stealth Rock\n|turn|20\n|\n|t:|1733854481\n|move|p2a: Mesprit|Encore|p1a: Iron Thorns\n|-start|p1a: Iron Thorns|Encore\n|move|p1a: Iron Thorns|Earthquake|p2a: Mesprit\n|-immune|p2a: Mesprit|[from] ability: Levitate\n|\n|-heal|p2a: Mesprit|258/275|[from] item: Leftovers\n|upkeep\n|turn|21\n|inactive|georgethebruh has 120 seconds left.\n|\n|t:|1733854492\n|move|p2a: Mesprit|Thunder Wave|p1a: Iron Thorns\n|-immune|p1a: Iron Thorns\n|move|p1a: Iron Thorns|Earthquake|p2a: Mesprit\n|-immune|p2a: Mesprit|[from] ability: Levitate\n|\n|-heal|p2a: Mesprit|275/275|[from] item: Leftovers\n|upkeep\n|turn|22\n|inactive|georgethebruh has 120 seconds left.\n|\n|t:|1733854503\n|-end|p1a: Iron Thorns|Quark Drive|[silent]\n|switch|p1a: Dodrio|Dodrio, L86, M, tera:Flying|182/243\n|move|p2a: Mesprit|Psychic Noise|p1a: Dodrio\n|-damage|p1a: Dodrio|73/243\n|-start|p1a: Dodrio|move: Heal Block\n|\n|upkeep\n|turn|23\n|inactive|georgethebruh has 120 seconds left.\n|\n|t:|1733854519\n|move|p1a: Dodrio|Brave Bird|p2a: Mesprit\n|-damage|p2a: Mesprit|103/275\n|-damage|p1a: Dodrio|16/243|[from] Recoil\n|move|p2a: Mesprit|Psychic Noise|p1a: Dodrio\n|-damage|p1a: Dodrio|0 fnt\n|faint|p1a: Dodrio\n|\n|-heal|p2a: Mesprit|120/275|[from] item: Leftovers\n|upkeep\n|\n|t:|1733854521\n|switch|p1a: Iron Thorns|Iron Thorns, L83|210/302\n|turn|24\n|inactive|georgethebruh has 120 seconds left.\n|\n|t:|1733854541\n|move|p2a: Mesprit|Psychic Noise|p1a: Iron Thorns\n|-damage|p1a: Iron Thorns|122/302\n|-start|p1a: Iron Thorns|move: Heal Block\n|move|p1a: Iron Thorns|Stone Edge|p2a: Mesprit\n|-damage|p2a: Mesprit|0 fnt\n|faint|p2a: Mesprit\n|\n|upkeep\n|\n|t:|1733854551\n|switch|p2a: Oranguru|Oranguru, L92, M|224/315\n|-damage|p2a: Oranguru|146/315|[from] Spikes\n|-damage|p2a: Oranguru|107/315|[from] Stealth Rock\n|turn|25\n|\n|t:|1733854571\n|-terastallize|p2a: Oranguru|Electric\n|move|p1a: Iron Thorns|Wild Charge|p2a: Oranguru\n|-resisted|p2a: Oranguru\n|-damage|p2a: Oranguru|51/315\n|-damage|p1a: Iron Thorns|108/302|[from] Recoil\n|move|p2a: Oranguru|Focus Blast|p1a: Iron Thorns|[miss]\n|-miss|p2a: Oranguru|p1a: Iron Thorns\n|\n|-end|p1a: Iron Thorns|move: Heal Block\n|upkeep\n|turn|26\n|\n|t:|1733854583\n|move|p1a: Iron Thorns|Earthquake|p2a: Oranguru\n|-supereffective|p2a: Oranguru\n|-damage|p2a: Oranguru|0 fnt\n|faint|p2a: Oranguru\n|\n|win|dejdejdjede\n|raw|dejdejdjede's rating: 1174 &rarr; <strong>1196</strong><br />(+22 for winning)\n|raw|georgethebruh's rating: 1136 &rarr; <strong>1114</strong><br />(-22 for losing)\n|l|\u2606georgethebruh\n|player|p2|\n", "inputlog": ">version bfd83cad13791eb5a5a409923076391caf6fb4d4\n>start {\"formatid\":\"gen9randombattle\",\"seed\":[43252,38132,23573,7291],\"rated\":\"Rated battle\"}\n>player p1 {\"name\":\"dejdejdjede\",\"avatar\":\"2\",\"rating\":1148,\"seed\":[8669,58430,30610,52540]}\n>player p2 {\"name\":\"georgethebruh\",\"avatar\":\"170\",\"rating\":1136,\"seed\":[35861,32166,51961,57056]}\n>p1 move willowisp\n>p2 move bravebird\n>p1 switch 4\n>p2 move bravebird\n>p1 move spikes\n>p2 switch 5\n>p1 switch 5\n>p2 move swordsdance\n>p1 move icebeam\n>p2 move stoneedge\n>p1 switch 4\n>p1 move stealthrock\n>p2 move earthquake\n>p1 switch 6\n>p1 move surf\n>p2 move earthquake\n>p2 switch 3\n>p1 move yawn\n>p2 move powerwhip\n>p1 move roost\n>p2 move powerwhip\n>p1 switch 2\n>p2 switch 5\n>p1 switch 5\n>p2 move quickattack\n>p1 move spikes\n>p2 switch 6\n>p1 switch 2\n>p2 move earthquake\n>p1 move yawn\n>p2 move earthquake\n>p1 switch 3\n>p1 move rapidspin\n>p2 move iciclespear\n>p1 switch 5\n>p1 move bravebird terastallize\n>p2 move iciclespear\n>p2 switch 4\n>p1 switch 2\n>p2 move thunderbolt\n>p1 move spikes\n>p2 switch 6\n>p2 switch 5\n>p1 move earthquake\n>p2 move powerwhip\n>p2 switch 2\n>p1 move wildcharge\n>p2 move encore\n>p1 move earthquake\n>p2 move thunderwave\n>p1 switch 2\n>p2 move psychicnoise\n>p1 move bravebird\n>p2 move psychicnoise\n>p1 switch 2\n>p1 move stoneedge\n>p2 move psychicnoise\n>p2 switch 6\n>p1 move wildcharge\n>p2 move focusblast terastallize\n>p1 move earthquake\n>p2 move focusblast", "uploadtime": 1733854591, "views": 1, "formatid": "gen9randombattle", "rating": 1114, "private": 0, "password": null}