{"id": "gen9randombattle-2260512195", "format": "[Gen 9] Random Battle", "players": ["Vennage23", "Swankentora"], "log": "|j|\u2606Vennage23\n|j|\u2606Swankentora\n|t:|1733858763\n|gametype|singles\n|player|p1|Vennage23|drayden|1645\n|player|p2|Swankentora|veteran|1700\n|teamsize|p1|6\n|teamsize|p2|6\n|gen|9\n|tier|[Gen 9] Random Battle\n|rated|\n|rule|Species Clause: Limit one of each Pok\u00e9mon\n|rule|HP Percentage Mod: HP is shown in percentages\n|rule|Sleep Clause Mod: Limit one foe put to sleep\n|rule|Illusion Level Mod: Illusion disguises the Pok\u00e9mon's true level\n|\n|t:|1733858763\n|start\n|switch|p1a: Iron Bundle|Iron Bundle, L77|213/213\n|switch|p2a: Lanturn|Lanturn, L89, F|367/367\n|turn|1\n|inactive|Battle timer is ON: inactive players will automatically lose when time's up. (requested by Vennage23)\n|\n|t:|1733858773\n|move|p1a: Iron Bundle|Substitute|p1a: Iron Bundle\n|-start|p1a: Iron Bundle|Substitute\n|-damage|p1a: Iron Bundle|160/213\n|move|p2a: Lanturn|Thunderbolt|p1a: Iron Bundle\n|-supereffective|p1a: Iron Bundle\n|-end|p1a: Iron Bundle|Substitute\n|\n|-heal|p1a: Iron Bundle|173/213|[from] item: Leftovers\n|upkeep\n|turn|2\n|\n|t:|1733858783\n|-end|p1a: Iron Bundle|Quark Drive|[silent]\n|switch|p1a: Raichu|Raichu-Alola, L87, M|246/246\n|move|p2a: Lanturn|Thunderbolt|p1a: Raichu\n|-resisted|p1a: Raichu\n|-damage|p1a: Raichu|186/246\n|\n|upkeep\n|turn|3\n|\n|t:|1733858792\n|switch|p2a: Mabosstiff|Mabosstiff, L86, M|278/278\n|move|p1a: Raichu|Psyshock|p2a: Mabosstiff\n|-immune|p2a: Mabosstiff\n|\n|upkeep\n|turn|4\n|\n|t:|1733858797\n|switch|p1a: Dachsbun|Dachsbun, L92, F|254/254\n|move|p2a: Mabosstiff|Crunch|p1a: Dachsbun\n|-resisted|p1a: Dachsbun\n|-damage|p1a: Dachsbun|136/254\n|\n|-heal|p1a: Dachsbun|151/254|[from] item: Leftovers\n|upkeep\n|turn|5\n|\n|t:|1733858811\n|switch|p2a: Sudowoodo|Sudowoodo, L94, F|284/284\n|move|p1a: Dachsbun|Play Rough|p2a: Sudowoodo\n|-damage|p2a: Sudowoodo|212/284\n|\n|-heal|p1a: Dachsbun|166/254|[from] item: Leftovers\n|-heal|p2a: Sudowoodo|229/284|[from] item: Leftovers\n|upkeep\n|turn|6\n|\n|t:|1733858821\n|move|p1a: Dachsbun|Body Press|p2a: Sudowoodo\n|-supereffective|p2a: Sudowoodo\n|-damage|p2a: Sudowoodo|117/284\n|move|p2a: Sudowoodo|Stealth Rock|p1a: Dachsbun\n|-sidestart|p1: Vennage23|move: Stealth Rock\n|\n|-heal|p1a: Dachsbun|181/254|[from] item: Leftovers\n|-heal|p2a: Sudowoodo|134/284|[from] item: Leftovers\n|upkeep\n|turn|7\n|\n|t:|1733858831\n|move|p1a: Dachsbun|Body Press|p2a: Sudowoodo\n|-supereffective|p2a: Sudowoodo\n|-damage|p2a: Sudowoodo|28/284\n|move|p2a: Sudowoodo|Head Smash|p1a: Dachsbun|[miss]\n|-miss|p2a: Sudowoodo|p1a: Dachsbun\n|\n|-heal|p1a: Dachsbun|196/254|[from] item: Leftovers\n|-heal|p2a: Sudowoodo|45/284|[from] item: Leftovers\n|upkeep\n|turn|8\n|\n|t:|1733858837\n|move|p1a: Dachsbun|Body Press|p2a: Sudowoodo\n|-supereffective|p2a: Sudowoodo\n|-damage|p2a: Sudowoodo|0 fnt\n|faint|p2a: Sudowoodo\n|\n|-heal|p1a: Dachsbun|211/254|[from] item: Leftovers\n|upkeep\n|\n|t:|1733858846\n|switch|p2a: Lanturn|Lanturn, L89, F|367/367\n|turn|9\n|\n|t:|1733858849\n|move|p1a: Dachsbun|Play Rough|p2a: Lanturn\n|-damage|p2a: Lanturn|249/367\n|move|p2a: Lanturn|Thunderbolt|p1a: Dachsbun\n|-damage|p1a: Dachsbun|82/254\n|\n|-heal|p1a: Dachsbun|97/254|[from] item: Leftovers\n|upkeep\n|turn|10\n|\n|t:|1733858852\n|move|p1a: Dachsbun|Play Rough|p2a: Lanturn\n|-damage|p2a: Lanturn|128/367\n|move|p2a: Lanturn|Thunderbolt|p1a: Dachsbun\n|-damage|p1a: Dachsbun|0 fnt\n|faint|p1a: Dachsbun\n|\n|upkeep\n|\n|t:|1733858857\n|switch|p1a: Arboliva|Arboliva, L91, M|288/288\n|-damage|p1a: Arboliva|252/288|[from] Stealth Rock\n|turn|11\n|\n|t:|1733858868\n|switch|p2a: Toucannon|Toucannon, L88, F|284/284\n|move|p1a: Arboliva|Leech Seed|p2a: Toucannon\n|-start|p2a: Toucannon|move: Leech Seed\n|\n|-damage|p2a: Toucannon|249/284|[from] Leech Seed|[of] p1a: Arboliva\n|-heal|p1a: Arboliva|287/288|[silent]\n|upkeep\n|turn|12\n|\n|t:|1733858877\n|-singleturn|p2a: Toucannon|move: Beak Blast\n|move|p1a: Arboliva|Protect|p1a: Arboliva\n|-singleturn|p1a: Arboliva|Protect\n|move|p2a: Toucannon|Beak Blast|p1a: Arboliva\n|-activate|p1a: Arboliva|move: Protect\n|\n|-damage|p2a: Toucannon|214/284|[from] Leech Seed|[of] p1a: Arboliva\n|-heal|p1a: Arboliva|288/288|[silent]\n|upkeep\n|turn|13\n|\n|t:|1733858890\n|move|p2a: Toucannon|Knock Off|p1a: Arboliva\n|-damage|p1a: Arboliva|201/288\n|-enditem|p1a: Arboliva|Sitrus Berry|[from] move: Knock Off|[of] p2a: Toucannon\n|move|p1a: Arboliva|Hyper Voice|p2a: Toucannon\n|-damage|p2a: Toucannon|63/284\n|\n|-damage|p2a: Toucannon|28/284|[from] Leech Seed|[of] p1a: Arboliva\n|-heal|p1a: Arboliva|236/288|[silent]\n|upkeep\n|turn|14\n|\n|t:|1733858898\n|move|p1a: Arboliva|Protect|p1a: Arboliva\n|-singleturn|p1a: Arboliva|Protect\n|move|p2a: Toucannon|Roost|p2a: Toucannon\n|-heal|p2a: Toucannon|170/284\n|-singleturn|p2a: Toucannon|move: Roost\n|\n|-damage|p2a: Toucannon|135/284|[from] Leech Seed|[of] p1a: Arboliva\n|-heal|p1a: Arboliva|271/288|[silent]\n|upkeep\n|turn|15\n|\n|t:|1733858904\n|move|p2a: Toucannon|Roost|p2a: Toucannon\n|-heal|p2a: Toucannon|277/284\n|-singleturn|p2a: Toucannon|move: Roost\n|move|p1a: Arboliva|Substitute|p1a: Arboliva\n|-start|p1a: Arboliva|Substitute\n|-damage|p1a: Arboliva|199/288\n|\n|-damage|p2a: Toucannon|242/284|[from] Leech Seed|[of] p1a: Arboliva\n|-heal|p1a: Arboliva|234/288|[silent]\n|upkeep\n|turn|16\n|\n|t:|1733858911\n|-singleturn|p2a: Toucannon|move: Beak Blast\n|move|p1a: Arboliva|Protect|p1a: Arboliva\n|-singleturn|p1a: Arboliva|Protect\n|move|p2a: Toucannon|Beak Blast|p1a: Arboliva\n|-activate|p1a: Arboliva|move: Protect\n|\n|-damage|p2a: Toucannon|207/284|[from] Leech Seed|[of] p1a: Arboliva\n|-heal|p1a: Arboliva|269/288|[silent]\n|upkeep\n|turn|17\n|\n|t:|1733858919\n|-singleturn|p2a: Toucannon|move: Beak Blast\n|move|p1a: Arboliva|Hyper Voice|p2a: Toucannon\n|-damage|p2a: Toucannon|59/284\n|move|p2a: Toucannon|Beak Blast|p1a: Arboliva\n|-supereffective|p1a: Arboliva\n|-end|p1a: Arboliva|Substitute\n|\n|-damage|p2a: Toucannon|24/284|[from] Leech Seed|[of] p1a: Arboliva\n|-heal|p1a: Arboliva|288/288|[silent]\n|upkeep\n|turn|18\n|\n|t:|1733858931\n|move|p2a: Toucannon|Knock Off|p1a: Arboliva\n|-damage|p1a: Arboliva|234/288\n|move|p1a: Arboliva|Hyper Voice|p2a: Toucannon\n|-damage|p2a: Toucannon|0 fnt\n|faint|p2a: Toucannon\n|\n|upkeep\n|\n|t:|1733858937\n|switch|p2a: Typhlosion|Typhlosion, L84, F|267/267\n|turn|19\n|\n|t:|1733858941\n|move|p1a: Arboliva|Protect|p1a: Arboliva\n|-singleturn|p1a: Arboliva|Protect\n|move|p2a: Typhlosion|Eruption|p1a: Arboliva\n|-activate|p1a: Arboliva|move: Protect\n|\n|upkeep\n|turn|20\n|\n|t:|1733858948\n|switch|p1a: Floatzel|Floatzel, L85, F|283/283\n|-damage|p1a: Floatzel|248/283|[from] Stealth Rock\n|move|p2a: Typhlosion|Eruption|p1a: Floatzel\n|-resisted|p1a: Floatzel\n|-damage|p1a: Floatzel|127/283\n|\n|-heal|p1a: Floatzel|144/283|[from] item: Leftovers\n|upkeep\n|turn|21\n|\n|t:|1733858966\n|-terastallize|p2a: Typhlosion|Fire\n|move|p2a: Typhlosion|Eruption|p1a: Floatzel\n|-resisted|p1a: Floatzel\n|-damage|p1a: Floatzel|0 fnt\n|faint|p1a: Floatzel\n|\n|upkeep\n|\n|t:|1733858975\n|switch|p1a: Iron Bundle|Iron Bundle, L77|173/213\n|-damage|p1a: Iron Bundle|120/213|[from] Stealth Rock\n|turn|22\n|\n|t:|1733858983\n|move|p2a: Typhlosion|Eruption|p1a: Iron Bundle\n|-damage|p1a: Iron Bundle|0 fnt\n|faint|p1a: Iron Bundle\n|-end|p1a: Iron Bundle|Quark Drive|[silent]\n|\n|upkeep\n|\n|t:|1733858991\n|switch|p1a: Arboliva|Arboliva, L91, M|234/288\n|-damage|p1a: Arboliva|198/288|[from] Stealth Rock\n|turn|23\n|\n|t:|1733858993\n|-terastallize|p1a: Arboliva|Poison\n|move|p2a: Typhlosion|Eruption|p1a: Arboliva\n|-crit|p1a: Arboliva\n|-damage|p1a: Arboliva|0 fnt\n|faint|p1a: Arboliva\n|\n|upkeep\n|\n|t:|1733859001\n|switch|p1a: Raichu|Raichu-Alola, L87, M|186/246\n|-damage|p1a: Raichu|156/246|[from] Stealth Rock\n|turn|24\n|\n|t:|1733859008\n|move|p2a: Typhlosion|Eruption|p1a: Raichu\n|-damage|p1a: Raichu|0 fnt\n|faint|p1a: Raichu\n|\n|upkeep\n|\n|t:|1733859010\n|switch|p1a: Glastrier|Glastrier, L86|312/312\n|turn|25\n|\n|t:|1733859015\n|move|p2a: Typhlosion|Eruption|p1a: Glastrier\n|-supereffective|p1a: Glastrier\n|-damage|p1a: Glastrier|0 fnt\n|faint|p1a: Glastrier\n|\n|win|Swankentora\n|raw|Vennage23's rating: 1645 &rarr; <strong>1628</strong><br />(-17 for losing)\n|raw|Swankentora's rating: 1700 &rarr; <strong>1717</strong><br />(+17 for winning)\n|l|\u2606Vennage23\n|player|p1|\n", "inputlog": ">version bfd83cad13791eb5a5a409923076391caf6fb4d4\n>start {\"formatid\":\"gen9randombattle\",\"seed\":[9575,57854,56296,58773],\"rated\":\"Rated battle\"}\n>player p1 {\"name\":\"Vennage23\",\"avatar\":\"drayden\",\"rating\":1645,\"seed\":[50563,4619,28576,14307]}\n>player p2 {\"name\":\"Swankentora\",\"avatar\":\"veteran\",\"rating\":1700,\"seed\":[39736,64878,56670,39972]}\n>p1 move substitute\n>p2 move thunderbolt\n>p1 switch 6\n>p2 move thunderbolt\n>p1 move psyshock\n>p2 switch 4\n>p1 switch 4\n>p2 move crunch\n>p1 move playrough\n>p2 switch 5\n>p1 move bodypress\n>p2 move stealthrock\n>p1 move bodypress\n>p2 move headsmash\n>p1 move bodypress\n>p2 move headsmash\n>p2 switch 4\n>p1 move playrough\n>p2 move thunderbolt\n>p1 move playrough\n>p2 move thunderbolt\n>p1 switch 2\n>p1 move leechseed\n>p2 switch 6\n>p1 move protect\n>p2 move beakblast\n>p1 move hypervoice\n>p2 move knockoff\n>p1 move protect\n>p2 move roost\n>p1 move substitute\n>p2 move roost\n>p1 move protect\n>p2 move beakblast\n>p1 move hypervoice\n>p2 move beakblast\n>p1 move hypervoice\n>p2 move knockoff\n>p2 switch 3\n>p1 move protect\n>p2 move eruption\n>p1 switch 5\n>p2 move eruption\n>p1 move bulkup\n>p2 move eruption terastallize\n>p1 switch 6\n>p1 move hydropump\n>p2 move eruption\n>p1 switch 5\n>p1 move leechseed terastallize\n>p2 move eruption\n>p1 switch 4\n>p1 move psyshock\n>p2 move eruption\n>p1 switch 3\n>p1 move closecombat\n>p2 move eruption", "uploadtime": 1733859023, "views": 18, "formatid": "gen9randombattle", "rating": 1628, "private": 0, "password": null}