{"id": "gen9randombattle-2260600124", "format": "[Gen 9] Random Battle", "players": ["KurekDziad", "Rivers100"], "log": "|j|\u2606KurekDziad\n|j|\u2606Rivers100\n|t:|1733867848\n|gametype|singles\n|player|p1|KurekDziad|169|\n|player|p2|Rivers100|169|\n|teamsize|p1|6\n|teamsize|p2|6\n|gen|9\n|tier|[Gen 9] Random Battle\n|rule|Species Clause: Limit one of each Pok\u00e9mon\n|rule|HP Percentage Mod: HP is shown in percentages\n|rule|Sleep Clause Mod: Limit one foe put to sleep\n|rule|Illusion Level Mod: Illusion disguises the Pok\u00e9mon's true level\n|\n|t:|1733867848\n|start\n|switch|p1a: Ceruledge|Ceruledge, L78, M|245/245\n|switch|p2a: Houndstone|Houndstone, L86, M|264/264\n|turn|1\n|c|\u2606Rivers100|ready to die\n|c|\u2606Rivers100|you little bitch!?!?\n|\n|t:|1733867901\n|move|p1a: Ceruledge|Poltergeist|p2a: Houndstone|[miss]\n|-miss|p1a: Ceruledge|p2a: Houndstone\n|move|p2a: Houndstone|Body Press|p1a: Ceruledge\n|-immune|p1a: Ceruledge\n|\n|upkeep\n|turn|2\n|\n|t:|1733867932\n|move|p1a: Ceruledge|Poltergeist|p2a: Houndstone\n|-activate|p2a: Houndstone|move: Poltergeist|Leftovers\n|-supereffective|p2a: Houndstone\n|-damage|p2a: Houndstone|34/264\n|move|p2a: Houndstone|Body Press|p1a: Ceruledge\n|-immune|p1a: Ceruledge\n|\n|-heal|p2a: Houndstone|50/264|[from] item: Leftovers\n|upkeep\n|turn|3\n|\n|t:|1733867955\n|move|p1a: Ceruledge|Bitter Blade|p2a: Houndstone\n|-damage|p2a: Houndstone|0 fnt\n|faint|p2a: Houndstone\n|\n|upkeep\n|c|\u2606Rivers100|eh\n|c|\u2606Rivers100|houndstone was a jackass\n|c|\u2606Rivers100|you aren't ready for my next\n|\n|t:|1733867980\n|switch|p2a: Iron Bundle|Iron Bundle, L77|213/213\n|turn|4\n|\n|t:|1733868002\n|-terastallize|p1a: Ceruledge|Fighting\n|move|p2a: Iron Bundle|Hydro Pump|p1a: Ceruledge\n|-damage|p1a: Ceruledge|131/245\n|move|p1a: Ceruledge|Close Combat|p2a: Iron Bundle\n|-supereffective|p2a: Iron Bundle\n|-damage|p2a: Iron Bundle|0 fnt\n|-unboost|p1a: Ceruledge|def|1\n|-unboost|p1a: Ceruledge|spd|1\n|faint|p2a: Iron Bundle\n|-end|p2a: Iron Bundle|Quark Drive|[silent]\n|\n|upkeep\n|c|\u2606Rivers100|whatever\n|c|\u2606Rivers100|i found iron bundle in a trash can\n|\n|t:|1733868034\n|switch|p2a: Duraludon|Duraludon, L82, F|249/249\n|turn|5\n|\n|t:|1733868051\n|move|p2a: Duraludon|Flash Cannon|p1a: Ceruledge\n|-damage|p1a: Ceruledge|4/245\n|move|p1a: Ceruledge|Bitter Blade|p2a: Duraludon\n|-damage|p2a: Duraludon|191/249\n|-heal|p1a: Ceruledge|33/245|[from] drain|[of] p2a: Duraludon\n|\n|upkeep\n|turn|6\n|c|\u2606Rivers100|weak ass pokemon\n|c|\u2606KurekDziad|Hhh\n|c|\u2606Rivers100|ceruledge\n|\n|t:|1733868093\n|switch|p1a: Sceptile|Sceptile, L87, M|264/264\n|move|p2a: Duraludon|Flash Cannon|p1a: Sceptile\n|-damage|p1a: Sceptile|171/264\n|\n|upkeep\n|turn|7\n|c|\u2606Rivers100|more like pile of poo\n|\n|t:|1733868108\n|move|p1a: Sceptile|Leaf Blade|p2a: Duraludon\n|-resisted|p2a: Duraludon\n|-damage|p2a: Duraludon|175/249\n|-damage|p1a: Sceptile|145/264|[from] item: Life Orb\n|move|p2a: Duraludon|Iron Defense|p2a: Duraludon\n|-boost|p2a: Duraludon|def|2\n|\n|upkeep\n|turn|8\n|\n|t:|1733868131\n|move|p1a: Sceptile|Earthquake|p2a: Duraludon\n|-supereffective|p2a: Duraludon\n|-damage|p2a: Duraludon|123/249\n|-damage|p1a: Sceptile|119/264|[from] item: Life Orb\n|move|p2a: Duraludon|Flash Cannon|p1a: Sceptile\n|-damage|p1a: Sceptile|20/264\n|\n|upkeep\n|turn|9\n|c|\u2606Rivers100|god you are so fucked\n|\n|t:|1733868158\n|switch|p1a: Honchkrow|Honchkrow, L86, F|312/312\n|move|p2a: Duraludon|Flash Cannon|p1a: Honchkrow\n|-damage|p1a: Honchkrow|171/312\n|\n|upkeep\n|turn|10\n|\n|t:|1733868180\n|move|p2a: Duraludon|Flash Cannon|p1a: Honchkrow\n|-damage|p1a: Honchkrow|26/312\n|move|p1a: Honchkrow|Heat Wave|p2a: Duraludon\n|-damage|p2a: Duraludon|46/249\n|\n|upkeep\n|turn|11\n|\n|t:|1733868190\n|move|p1a: Honchkrow|Sucker Punch|p2a: Duraludon\n|-damage|p2a: Duraludon|19/249\n|move|p2a: Duraludon|Flash Cannon|p1a: Honchkrow\n|-damage|p1a: Honchkrow|0 fnt\n|faint|p1a: Honchkrow\n|\n|upkeep\n|\n|t:|1733868207\n|switch|p1a: Sceptile|Sceptile, L87, M|20/264\n|turn|12\n|\n|t:|1733868220\n|move|p1a: Sceptile|Rock Slide|p2a: Duraludon\n|-resisted|p2a: Duraludon\n|-damage|p2a: Duraludon|9/249\n|-damage|p1a: Sceptile|0 fnt|[from] item: Life Orb\n|faint|p1a: Sceptile\n|move|p2a: Duraludon|Flash Cannon|p1: Sceptile|[notarget]\n|-fail|p2a: Duraludon\n|\n|upkeep\n|c|\u2606Rivers100|hahaha\n|\n|t:|1733868230\n|switch|p1a: Braviary|Braviary, L85, M|309/309\n|turn|13\n|c|\u2606Rivers100|after i beat u\n|c|\u2606Rivers100|ur pokemon shall be mine\n|\n|t:|1733868244\n|move|p2a: Duraludon|Flash Cannon|p1a: Braviary\n|-damage|p1a: Braviary|198/309\n|move|p1a: Braviary|Brave Bird|p2a: Duraludon\n|-resisted|p2a: Duraludon\n|-damage|p2a: Duraludon|0 fnt\n|faint|p2a: Duraludon\n|-damage|p1a: Braviary|195/309|[from] Recoil\n|\n|upkeep\n|\n|t:|1733868264\n|switch|p2a: Skeledirge|Skeledirge, L79, M|294/294\n|turn|14\n|c|\u2606KurekDziad|Hhhhh\n|\n|t:|1733868283\n|move|p1a: Braviary|Roost|p1a: Braviary\n|-heal|p1a: Braviary|309/309\n|-singleturn|p1a: Braviary|move: Roost\n|move|p2a: Skeledirge|Flame Charge|p1a: Braviary\n|-damage|p1a: Braviary|269/309\n|-boost|p2a: Skeledirge|spe|1\n|\n|upkeep\n|turn|15\n|\n|t:|1733868315\n|move|p2a: Skeledirge|Torch Song|p1a: Braviary\n|-damage|p1a: Braviary|172/309\n|-boost|p2a: Skeledirge|spa|1\n|move|p1a: Braviary|Bulk Up|p1a: Braviary\n|-boost|p1a: Braviary|atk|1\n|-boost|p1a: Braviary|def|1\n|\n|upkeep\n|turn|16\n|\n|t:|1733868330\n|move|p2a: Skeledirge|Shadow Ball|p1a: Braviary\n|-immune|p1a: Braviary\n|move|p1a: Braviary|Brave Bird|p2a: Skeledirge\n|-damage|p2a: Skeledirge|138/294\n|-damage|p1a: Braviary|121/309|[from] Recoil\n|\n|upkeep\n|turn|17\n|c|\u2606Rivers100|whats a special attack?\n|\n|t:|1733868345\n|move|p2a: Skeledirge|Slack Off|p2a: Skeledirge\n|-heal|p2a: Skeledirge|285/294\n|move|p1a: Braviary|Brave Bird|p2a: Skeledirge\n|-damage|p2a: Skeledirge|132/294\n|-damage|p1a: Braviary|71/309|[from] Recoil\n|\n|upkeep\n|turn|18\n|\n|t:|1733868360\n|move|p2a: Skeledirge|Slack Off|p2a: Skeledirge\n|-heal|p2a: Skeledirge|279/294\n|move|p1a: Braviary|Roost|p1a: Braviary\n|-heal|p1a: Braviary|226/309\n|-singleturn|p1a: Braviary|move: Roost\n|\n|upkeep\n|turn|19\n|\n|t:|1733868370\n|move|p2a: Skeledirge|Flame Charge|p1a: Braviary\n|-damage|p1a: Braviary|181/309\n|-boost|p2a: Skeledirge|spe|1\n|move|p1a: Braviary|Bulk Up|p1a: Braviary\n|-boost|p1a: Braviary|atk|1\n|-boost|p1a: Braviary|def|1\n|\n|upkeep\n|turn|20\n|\n|t:|1733868384\n|move|p2a: Skeledirge|Flame Charge|p1a: Braviary\n|-damage|p1a: Braviary|136/309\n|-boost|p2a: Skeledirge|spe|1\n|move|p1a: Braviary|Brave Bird|p2a: Skeledirge\n|-damage|p2a: Skeledirge|113/294\n|-damage|p1a: Braviary|81/309|[from] Recoil\n|\n|upkeep\n|turn|21\n|\n|t:|1733868393\n|move|p2a: Skeledirge|Slack Off|p2a: Skeledirge\n|-heal|p2a: Skeledirge|260/294\n|move|p1a: Braviary|Roost|p1a: Braviary\n|-heal|p1a: Braviary|236/309\n|-singleturn|p1a: Braviary|move: Roost\n|\n|upkeep\n|turn|22\n|\n|t:|1733868410\n|switch|p1a: Azumarill|Azumarill, L82, M|298/298\n|move|p2a: Skeledirge|Flame Charge|p1a: Azumarill\n|-resisted|p1a: Azumarill\n|-damage|p1a: Azumarill|276/298\n|-boost|p2a: Skeledirge|spe|1\n|\n|upkeep\n|turn|23\n|\n|t:|1733868425\n|switch|p2a: Virizion|Virizion, L82|283/283\n|move|p1a: Azumarill|Liquidation|p2a: Virizion\n|-resisted|p2a: Virizion\n|-damage|p2a: Virizion|193/283\n|\n|upkeep\n|turn|24\n|\n|t:|1733868437\n|switch|p1a: Braviary|Braviary, L85, M|236/309\n|move|p2a: Virizion|Swords Dance|p2a: Virizion\n|-boost|p2a: Virizion|atk|2\n|\n|upkeep\n|turn|25\n|\n|t:|1733868454\n|move|p2a: Virizion|Close Combat|p1a: Braviary\n|-crit|p1a: Braviary\n|-damage|p1a: Braviary|0 fnt\n|-unboost|p2a: Virizion|def|1\n|-unboost|p2a: Virizion|spd|1\n|faint|p1a: Braviary\n|-damage|p2a: Virizion|165/283|[from] item: Life Orb\n|\n|upkeep\n|c|\u2606Rivers100|i remembered\n|c|\u2606Rivers100|that normal are weak to fighting\n|\n|t:|1733868469\n|switch|p1a: Ceruledge|Ceruledge, L78, M, tera:Fighting|33/245\n|turn|26\n|\n|t:|1733868478\n|move|p2a: Virizion|Close Combat|p1a: Ceruledge\n|-damage|p1a: Ceruledge|0 fnt\n|-unboost|p2a: Virizion|def|1\n|-unboost|p2a: Virizion|spd|1\n|faint|p1a: Ceruledge\n|-damage|p2a: Virizion|137/283|[from] item: Life Orb\n|\n|upkeep\n|c|\u2606Rivers100|the net is tightening\n|\n|t:|1733868491\n|switch|p1a: Pincurchin|Pincurchin, F|258/258\n|-fieldstart|move: Electric Terrain|[from] ability: Electric Surge|[of] p1a: Pincurchin\n|turn|27\n|c|\u2606KurekDziad|Hhh\n|\n|t:|1733868525\n|move|p2a: Virizion|Close Combat|p1a: Pincurchin\n|-damage|p1a: Pincurchin|27/258\n|-unboost|p2a: Virizion|def|1\n|-unboost|p2a: Virizion|spd|1\n|-damage|p2a: Virizion|109/283|[from] item: Life Orb\n|move|p1a: Pincurchin|Scald|p2a: Virizion\n|-resisted|p2a: Virizion\n|-damage|p2a: Virizion|33/283\n|-status|p2a: Virizion|brn\n|\n|-heal|p1a: Pincurchin|43/258|[from] item: Leftovers\n|-damage|p2a: Virizion|16/283 brn|[from] brn\n|upkeep\n|turn|28\n|\n|t:|1733868549\n|switch|p1a: Azumarill|Azumarill, L82, M|276/298\n|move|p2a: Virizion|Close Combat|p1a: Azumarill\n|-resisted|p1a: Azumarill\n|-damage|p1a: Azumarill|193/298\n|-unboost|p2a: Virizion|def|1\n|-unboost|p2a: Virizion|spd|1\n|-damage|p2a: Virizion|0 fnt|[from] item: Life Orb\n|faint|p2a: Virizion\n|\n|upkeep\n|c|\u2606Rivers100|smart...\n|c|\u2606Rivers100|shit\n|c|\u2606Rivers100|fuck\n|\n|t:|1733868574\n|switch|p2a: Reshiram|Reshiram, L76|277/277\n|-ability|p2a: Reshiram|Turboblaze\n|turn|29\n|\n|t:|1733868592\n|move|p2a: Reshiram|Earth Power|p1a: Azumarill\n|-damage|p1a: Azumarill|115/298\n|move|p1a: Azumarill|Play Rough|p2a: Reshiram\n|-damage|p2a: Reshiram|115/277\n|\n|upkeep\n|turn|30\n|\n|t:|1733868600\n|move|p2a: Reshiram|Draco Meteor|p1a: Azumarill\n|-immune|p1a: Azumarill\n|move|p1a: Azumarill|Play Rough|p2a: Reshiram\n|-crit|p2a: Reshiram\n|-damage|p2a: Reshiram|0 fnt\n|faint|p2a: Reshiram\n|\n|upkeep\n|c|\u2606Rivers100|fuck'\n|c|\u2606Rivers100|sadasv\n|c|\u2606Rivers100|daf\n|c|\u2606Rivers100|adsvfsv\n|\n|t:|1733868610\n|switch|p2a: Skeledirge|Skeledirge, L79, M|260/294\n|turn|31\n|c|\u2606KurekDziad|Fairy is immune to dragon dummy\n|\n|t:|1733868623\n|move|p2a: Skeledirge|Shadow Ball|p1a: Azumarill\n|-damage|p1a: Azumarill|22/298\n|move|p1a: Azumarill|Play Rough|p2a: Skeledirge\n|-resisted|p2a: Skeledirge\n|-damage|p2a: Skeledirge|184/294\n|\n|-fieldend|move: Electric Terrain\n|upkeep\n|turn|32\n|c|\u2606Rivers100|obivously\n|\n|t:|1733868635\n|move|p2a: Skeledirge|Shadow Ball|p1a: Azumarill\n|-damage|p1a: Azumarill|0 fnt\n|faint|p1a: Azumarill\n|\n|upkeep\n|\n|t:|1733868642\n|switch|p1a: Pincurchin|Pincurchin, F|43/258\n|-fieldstart|move: Electric Terrain|[from] ability: Electric Surge|[of] p1a: Pincurchin\n|turn|33\n|c|\u2606KurekDziad|It's joever\n|\n|t:|1733868661\n|move|p2a: Skeledirge|Flame Charge|p1a: Pincurchin\n|-damage|p1a: Pincurchin|10/258\n|-boost|p2a: Skeledirge|spe|1\n|move|p1a: Pincurchin|Recover|p1a: Pincurchin\n|-heal|p1a: Pincurchin|139/258\n|\n|-heal|p1a: Pincurchin|155/258|[from] item: Leftovers\n|upkeep\n|turn|34\n|c|\u2606Rivers100|fuck\n|\n|t:|1733868671\n|move|p2a: Skeledirge|Slack Off|p2a: Skeledirge\n|-heal|p2a: Skeledirge|294/294\n|move|p1a: Pincurchin|Recover|p1a: Pincurchin\n|-heal|p1a: Pincurchin|258/258\n|\n|upkeep\n|turn|35\n|\n|t:|1733868685\n|move|p2a: Skeledirge|Flame Charge|p1a: Pincurchin\n|-damage|p1a: Pincurchin|227/258\n|-boost|p2a: Skeledirge|spe|1\n|move|p1a: Pincurchin|Scald|p2a: Skeledirge\n|-supereffective|p2a: Skeledirge\n|-damage|p2a: Skeledirge|112/294\n|\n|-heal|p1a: Pincurchin|243/258|[from] item: Leftovers\n|upkeep\n|turn|36\n|c|\u2606Rivers100|this doesnt lookk good\n|c|\u2606Rivers100|huh\n|c|\u2606Rivers100|so close\n|c|\u2606Rivers100|and yet so far\n|\n|t:|1733868698\n|move|p2a: Skeledirge|Slack Off|p2a: Skeledirge\n|-heal|p2a: Skeledirge|259/294\n|move|p1a: Pincurchin|Scald|p2a: Skeledirge\n|-supereffective|p2a: Skeledirge\n|-damage|p2a: Skeledirge|89/294\n|\n|-heal|p1a: Pincurchin|258/258|[from] item: Leftovers\n|upkeep\n|turn|37\n|c|\u2606Rivers100|err\n|\n|t:|1733868713\n|-terastallize|p2a: Skeledirge|Water\n|move|p2a: Skeledirge|Flame Charge|p1a: Pincurchin\n|-damage|p1a: Pincurchin|230/258\n|-boost|p2a: Skeledirge|spe|1\n|move|p1a: Pincurchin|Scald|p2a: Skeledirge\n|-resisted|p2a: Skeledirge\n|-damage|p2a: Skeledirge|47/294\n|\n|-heal|p1a: Pincurchin|246/258|[from] item: Leftovers\n|-fieldend|move: Electric Terrain\n|upkeep\n|turn|38\n|\n|t:|1733868727\n|move|p2a: Skeledirge|Slack Off|p2a: Skeledirge\n|-heal|p2a: Skeledirge|194/294\n|move|p1a: Pincurchin|Thunderbolt|p2a: Skeledirge\n|-supereffective|p2a: Skeledirge\n|-damage|p2a: Skeledirge|0 fnt\n|faint|p2a: Skeledirge\n|\n|win|KurekDziad\n|c|\u2606Rivers100|omg\n|c|\u2606Rivers100|oh\n|c|\u2606Rivers100|nvm\n|c|\u2606KurekDziad|Gottem\n|c|\u2606Rivers100|i thought i saved it\n", "inputlog": ">version bfd83cad13791eb5a5a409923076391caf6fb4d4\n>start {\"formatid\":\"gen9randombattle\",\"seed\":[59495,58913,21461,6105]}\n>player p1 {\"name\":\"KurekDziad\",\"avatar\":\"169\",\"rating\":0,\"seed\":[40252,50448,56948,49853]}\n>player p2 {\"name\":\"Rivers100\",\"avatar\":\"169\",\"rating\":0,\"seed\":[34912,59715,10828,13108]}\n>chat \u2606Rivers100|ready to die\n>chat \u2606Rivers100|you little bitch!?!?\n>p1 move poltergeist\n>p2 move bodypress\n>p1 move poltergeist\n>p2 move bodypress\n>p1 move bitterblade\n>p2 move rest\n>chat \u2606Rivers100|eh\n>chat \u2606Rivers100|houndstone was a jackass\n>chat \u2606Rivers100|you aren't ready for my next\n>p2 switch 4\n>p1 move closecombat terastallize\n>p2 move hydropump\n>chat \u2606Rivers100|whatever\n>chat \u2606Rivers100|i found iron bundle in a trash can\n>p2 switch 3\n>p1 move bitterblade\n>p2 move flashcannon\n>chat \u2606Rivers100|weak ass pokemon\n>chat \u2606KurekDziad|Hhh\n>chat \u2606Rivers100|ceruledge\n>p1 switch 5\n>p2 move flashcannon\n>chat \u2606Rivers100|more like pile of poo\n>p1 move leafblade\n>p2 move irondefense\n>p1 move earthquake\n>p2 move flashcannon\n>chat \u2606Rivers100|god you are so fucked\n>p1 switch 3\n>p2 move flashcannon\n>p1 move heatwave\n>p2 move flashcannon\n>p1 move suckerpunch\n>p2 move flashcannon\n>p1 switch 3\n>p1 move rockslide\n>p2 move flashcannon\n>chat \u2606Rivers100|hahaha\n>p1 switch 2\n>chat \u2606Rivers100|after i beat u\n>chat \u2606Rivers100|ur pokemon shall be mine\n>p1 move bravebird\n>p2 move flashcannon\n>p2 switch 2\n>chat \u2606KurekDziad|Hhhhh\n>p1 move roost\n>p2 move flamecharge\n>p1 move bulkup\n>p2 move torchsong\n>p1 move bravebird\n>p2 move shadowball\n>chat \u2606Rivers100|whats a special attack?\n>p1 move bravebird\n>p2 move slackoff\n>p1 move roost\n>p2 move slackoff\n>p1 move bulkup\n>p2 move flamecharge\n>p1 move bravebird\n>p2 move flamecharge\n>p1 move roost\n>p2 move slackoff\n>p1 switch 4\n>p2 move flamecharge\n>p1 move liquidation\n>p2 switch 5\n>p1 switch 4\n>p2 move swordsdance\n>p1 move bravebird\n>p2 move closecombat\n>chat \u2606Rivers100|i remembered\n>chat \u2606Rivers100|that normal are weak to fighting\n>p1 switch 5\n>p1 move bitterblade\n>p2 move closecombat\n>chat \u2606Rivers100|the net is tightening\n>p1 switch 6\n>chat \u2606KurekDziad|Hhh\n>p1 move scald\n>p2 move closecombat\n>p1 switch 4\n>p2 move closecombat\n>chat \u2606Rivers100|smart...\n>chat \u2606Rivers100|shit\n>chat \u2606Rivers100|fuck\n>p2 switch 6\n>p1 move playrough\n>p2 move earthpower\n>p1 move playrough\n>p2 move dracometeor\n>chat \u2606Rivers100|fuck'\n>chat \u2606Rivers100|sadasv\n>chat \u2606Rivers100|daf\n>chat \u2606Rivers100|adsvfsv\n>p2 switch 5\n>chat \u2606KurekDziad|Fairy is immune to dragon dummy\n>p1 move playrough\n>p2 move shadowball\n>chat \u2606Rivers100|obivously\n>p1 move playrough\n>p2 move shadowball\n>p1 switch 4\n>chat \u2606KurekDziad|It's joever\n>p1 move recover\n>p2 move flamecharge\n>chat \u2606Rivers100|fuck\n>p1 move recover\n>p2 move slackoff\n>p1 move scald\n>p2 move flamecharge\n>chat \u2606Rivers100|this doesnt lookk good\n>chat \u2606Rivers100|huh\n>chat \u2606Rivers100|so close\n>chat \u2606Rivers100|and yet so far\n>p1 move scald\n>p2 move slackoff\n>chat \u2606Rivers100|err\n>p1 move scald\n>p2 move flamecharge terastallize\n>p1 move thunderbolt\n>p2 move slackoff", "uploadtime": 1733868743, "views": 4, "formatid": "gen9randombattle", "rating": null, "private": 0, "password": null}