{"id": "gen9randombattle-2208985381", "format": "[Gen 9] Random Battle", "players": ["velvestrade", "20 Million GXE"], "log": "|badge|p2|bronze|gen9randombattle|100-2\n|uhtml|medal-msg|<div class=\"broadcast-blue\">Curious what those medals under the avatar are? PS now has Ladder Seasons! For more information, check out the <a href=\"https://www.smogon.com/forums/threads/3740067/\">thread on Smogon.</a></div>\n|j|\u2606velvestrade\n|j|\u260620 Million GXE\n|t:|1727220116\n|gametype|singles\n|player|p1|velvestrade|miku-ground|2235\n|player|p2|20 Million GXE|turo-ai|2251\n|teamsize|p1|6\n|teamsize|p2|6\n|gen|9\n|tier|[Gen 9] Random Battle\n|rated|\n|rule|Species Clause: Limit one of each Pok\u00e9mon\n|rule|HP Percentage Mod: HP is shown in percentages\n|rule|Sleep Clause Mod: Limit one foe put to sleep\n|rule|Illusion Level Mod: Illusion disguises the Pok\u00e9mon's true level\n|\n|t:|1727220116\n|start\n|switch|p1a: Granbull|Granbull, L88, M|302/302\n|switch|p2a: Fezandipiti|Fezandipiti, L82, M|278/278\n|-ability|p1a: Granbull|Intimidate|boost\n|-unboost|p2a: Fezandipiti|atk|1\n|turn|1\n|inactive|Battle timer is ON: inactive players will automatically lose when time's up. (requested by 20 Million GXE)\n|inactive|velvestrade also wants the timer to be on.\n|j| voy por todos\n|\n|t:|1727220141\n|move|p2a: Fezandipiti|Gunk Shot|p1a: Granbull\n|-supereffective|p1a: Granbull\n|-damage|p1a: Granbull|128/302\n|move|p1a: Granbull|Thunder Wave|p2a: Fezandipiti\n|-status|p2a: Fezandipiti|par\n|\n|-heal|p1a: Granbull|146/302|[from] item: Leftovers\n|upkeep\n|turn|2\n|\n|t:|1727220151\n|switch|p1a: Iron Crown|Iron Crown, L79|272/272\n|cant|p2a: Fezandipiti|par\n|\n|upkeep\n|turn|3\n|\n|t:|1727220159\n|switch|p2a: Raikou|Raikou, L81|278/278\n|-ability|p2a: Raikou|Pressure\n|move|p1a: Iron Crown|Tachyon Cutter|p2a: Raikou\n|-resisted|p2a: Raikou\n|-damage|p2a: Raikou|251/278\n|-resisted|p2a: Raikou\n|-damage|p2a: Raikou|224/278\n|-hitcount|p2a: Raikou|2\n|\n|-heal|p2a: Raikou|241/278|[from] item: Leftovers\n|upkeep\n|turn|4\n|\n|t:|1727220171\n|-end|p1a: Iron Crown|Quark Drive|[silent]\n|switch|p1a: Dragalge|Dragalge, L88, F|258/258\n|move|p2a: Raikou|Calm Mind|p2a: Raikou\n|-boost|p2a: Raikou|spa|1\n|-boost|p2a: Raikou|spd|1\n|\n|-heal|p2a: Raikou|258/278|[from] item: Leftovers\n|upkeep\n|turn|5\n|\n|t:|1727220181\n|switch|p2a: Kricketune|Kricketune, L99, F|312/312\n|move|p1a: Dragalge|Dragon Tail|p2a: Kricketune\n|-damage|p2a: Kricketune|214/312\n|drag|p2a: Kyogre|Kyogre, L71|259/259\n|-weather|RainDance|[from] ability: Drizzle|[of] p2a: Kyogre\n|\n|-weather|RainDance|[upkeep]\n|upkeep\n|turn|6\n|\n|t:|1727220191\n|move|p2a: Kyogre|Ice Beam|p1a: Dragalge\n|-supereffective|p1a: Dragalge\n|-damage|p1a: Dragalge|192/258\n|move|p1a: Dragalge|Sludge Wave|p2a: Kyogre\n|-damage|p2a: Kyogre|143/259\n|\n|-weather|RainDance|[upkeep]\n|-heal|p2a: Kyogre|159/259|[from] item: Leftovers\n|upkeep\n|turn|7\n|\n|t:|1727220199\n|switch|p2a: Kricketune|Kricketune, L99, F|214/312\n|move|p1a: Dragalge|Draco Meteor|p2a: Kricketune\n|-damage|p2a: Kricketune|0 fnt\n|-unboost|p1a: Dragalge|spa|2\n|faint|p2a: Kricketune\n|\n|-weather|RainDance|[upkeep]\n|upkeep\n|\n|t:|1727220209\n|switch|p2a: Fezandipiti|Fezandipiti, L82, M|278/278 par\n|turn|8\n|\n|t:|1727220215\n|switch|p1a: Iron Crown|Iron Crown, L79|272/272\n|move|p2a: Fezandipiti|Play Rough|p1a: Iron Crown\n|-resisted|p1a: Iron Crown\n|-damage|p1a: Iron Crown|233/272\n|\n|-weather|RainDance|[upkeep]\n|-heal|p1a: Iron Crown|250/272|[from] item: Leftovers\n|upkeep\n|turn|9\n|\n|t:|1727220222\n|move|p1a: Iron Crown|Psyshock|p2a: Fezandipiti\n|-supereffective|p2a: Fezandipiti\n|-damage|p2a: Fezandipiti|80/278 par\n|move|p2a: Fezandipiti|Beat Up|p1a: Iron Crown\n|-supereffective|p1a: Iron Crown\n|-damage|p1a: Iron Crown|230/272\n|-supereffective|p1a: Iron Crown\n|-damage|p1a: Iron Crown|210/272\n|-supereffective|p1a: Iron Crown\n|-damage|p1a: Iron Crown|192/272\n|-supereffective|p1a: Iron Crown\n|-damage|p1a: Iron Crown|172/272\n|-supereffective|p1a: Iron Crown\n|-damage|p1a: Iron Crown|150/272\n|-hitcount|p1a: Iron Crown|5\n|\n|-weather|none\n|-heal|p1a: Iron Crown|167/272|[from] item: Leftovers\n|-heal|p2a: Fezandipiti|97/278 par|[from] item: Leftovers\n|upkeep\n|turn|10\n|\n|t:|1727220239\n|move|p1a: Iron Crown|Psyshock|p2a: Fezandipiti\n|-supereffective|p2a: Fezandipiti\n|-damage|p2a: Fezandipiti|0 fnt\n|faint|p2a: Fezandipiti\n|\n|-heal|p1a: Iron Crown|184/272|[from] item: Leftovers\n|upkeep\n|\n|t:|1727220253\n|switch|p2a: Palkia|Palkia-Origin, L72|249/249\n|-ability|p2a: Palkia|Pressure\n|turn|11\n|l| voy por todos\n|\n|t:|1727220276\n|-end|p1a: Iron Crown|Quark Drive|[silent]\n|switch|p1a: Tropius|Tropius, L91, F|328/328\n|move|p2a: Palkia|Fire Blast|p1a: Tropius\n|-supereffective|p1a: Tropius\n|-damage|p1a: Tropius|188/328\n|\n|upkeep\n|turn|12\n|\n|t:|1727220288\n|move|p2a: Palkia|Spacial Rend|p1a: Tropius\n|-damage|p1a: Tropius|59/328\n|-enditem|p1a: Tropius|Sitrus Berry|[eat]\n|-heal|p1a: Tropius|141/328|[from] item: Sitrus Berry\n|move|p1a: Tropius|Synthesis|p1a: Tropius\n|-heal|p1a: Tropius|305/328\n|\n|-item|p1a: Tropius|Sitrus Berry|[from] ability: Harvest\n|upkeep\n|turn|13\n|\n|t:|1727220307\n|move|p2a: Palkia|Thunder Wave|p1a: Tropius\n|-status|p1a: Tropius|par\n|move|p1a: Tropius|Dragon Dance|p1a: Tropius\n|-boost|p1a: Tropius|atk|1\n|-boost|p1a: Tropius|spe|1\n|\n|upkeep\n|turn|14\n|\n|t:|1727220313\n|move|p2a: Palkia|Fire Blast|p1a: Tropius\n|-supereffective|p1a: Tropius\n|-damage|p1a: Tropius|155/328 par\n|-enditem|p1a: Tropius|Sitrus Berry|[eat]\n|-heal|p1a: Tropius|237/328 par|[from] item: Sitrus Berry\n|move|p1a: Tropius|Dragon Dance|p1a: Tropius\n|-boost|p1a: Tropius|atk|1\n|-boost|p1a: Tropius|spe|1\n|\n|-item|p1a: Tropius|Sitrus Berry|[from] ability: Harvest\n|upkeep\n|turn|15\n|\n|t:|1727220323\n|move|p2a: Palkia|Fire Blast|p1a: Tropius\n|-supereffective|p1a: Tropius\n|-damage|p1a: Tropius|83/328 par\n|-enditem|p1a: Tropius|Sitrus Berry|[eat]\n|-heal|p1a: Tropius|165/328 par|[from] item: Sitrus Berry\n|move|p1a: Tropius|Synthesis|p1a: Tropius\n|-heal|p1a: Tropius|328/328 par\n|\n|-item|p1a: Tropius|Sitrus Berry|[from] ability: Harvest\n|upkeep\n|turn|16\n|\n|t:|1727220330\n|move|p2a: Palkia|Fire Blast|p1a: Tropius\n|-supereffective|p1a: Tropius\n|-damage|p1a: Tropius|178/328 par\n|move|p1a: Tropius|Dragon Dance|p1a: Tropius\n|-boost|p1a: Tropius|atk|1\n|-boost|p1a: Tropius|spe|1\n|\n|upkeep\n|turn|17\n|\n|t:|1727220337\n|-terastallize|p2a: Palkia|Dragon\n|move|p2a: Palkia|Spacial Rend|p1a: Tropius\n|-crit|p1a: Tropius\n|-damage|p1a: Tropius|0 fnt\n|faint|p1a: Tropius\n|\n|upkeep\n|c|\u2606velvestrade|booooooo\n|inactive|velvestrade has 120 seconds left.\n|\n|t:|1727220368\n|switch|p1a: Farigiraf|Farigiraf, L91, F|366/366\n|turn|18\n|\n|t:|1727220375\n|move|p2a: Palkia|Spacial Rend|p1a: Farigiraf\n|-damage|p1a: Farigiraf|182/366\n|move|p1a: Farigiraf|Body Slam|p2a: Palkia\n|-damage|p2a: Palkia|152/249\n|\n|-heal|p1a: Farigiraf|204/366|[from] item: Leftovers\n|upkeep\n|turn|19\n|\n|t:|1727220385\n|move|p1a: Farigiraf|Protect|p1a: Farigiraf\n|-singleturn|p1a: Farigiraf|Protect\n|move|p2a: Palkia|Spacial Rend|p1a: Farigiraf\n|-activate|p1a: Farigiraf|move: Protect\n|\n|-heal|p1a: Farigiraf|226/366|[from] item: Leftovers\n|upkeep\n|turn|20\n|\n|t:|1727220391\n|move|p2a: Palkia|Spacial Rend|p1a: Farigiraf\n|-damage|p1a: Farigiraf|20/366\n|move|p1a: Farigiraf|Body Slam|p2a: Palkia\n|-damage|p2a: Palkia|50/249\n|\n|-heal|p1a: Farigiraf|42/366|[from] item: Leftovers\n|upkeep\n|turn|21\n|\n|t:|1727220399\n|move|p2a: Palkia|Fire Blast|p1a: Farigiraf\n|-damage|p1a: Farigiraf|0 fnt\n|faint|p1a: Farigiraf\n|\n|upkeep\n|inactive|velvestrade has 120 seconds left.\n|\n|t:|1727220419\n|switch|p1a: Iron Crown|Iron Crown, L79|184/272\n|turn|22\n|\n|t:|1727220426\n|move|p2a: Palkia|Fire Blast|p1a: Iron Crown\n|-supereffective|p1a: Iron Crown\n|-damage|p1a: Iron Crown|34/272\n|move|p1a: Iron Crown|Tachyon Cutter|p2a: Palkia\n|-damage|p2a: Palkia|0 fnt\n|faint|p2a: Palkia\n|-hitcount|p2: Palkia|1\n|\n|-heal|p1a: Iron Crown|51/272|[from] item: Leftovers\n|upkeep\n|\n|t:|1727220431\n|switch|p2a: Raikou|Raikou, L81|258/278\n|-ability|p2a: Raikou|Pressure\n|turn|23\n|\n|t:|1727220438\n|switch|p2a: Grimmsnarl|Grimmsnarl, L83, M|293/293\n|-end|p1a: Iron Crown|Quark Drive|[silent]\n|switch|p1a: Dragalge|Dragalge, L88, F|192/258\n|\n|upkeep\n|turn|24\n|\n|t:|1727220444\n|switch|p1a: Granbull|Granbull, L88, M|146/302\n|-ability|p1a: Granbull|Intimidate|boost\n|-unboost|p2a: Grimmsnarl|atk|1\n|move|p2a: Grimmsnarl|Spirit Break|p1a: Granbull\n|-damage|p1a: Granbull|80/302\n|-unboost|p1a: Granbull|spa|1\n|\n|-heal|p1a: Granbull|98/302|[from] item: Leftovers\n|upkeep\n|turn|25\n|\n|t:|1727220451\n|move|p2a: Grimmsnarl|Parting Shot|p1a: Granbull\n|-unboost|p1a: Granbull|atk|1\n|-unboost|p1a: Granbull|spa|1\n|\n|t:|1727220453\n|switch|p2a: Kyogre|Kyogre, L71|159/259|[from] Parting Shot\n|-weather|RainDance|[from] ability: Drizzle|[of] p2a: Kyogre\n|move|p1a: Granbull|Play Rough|p2a: Kyogre\n|-damage|p2a: Kyogre|62/259\n|\n|-weather|RainDance|[upkeep]\n|-heal|p2a: Kyogre|78/259|[from] item: Leftovers\n|-heal|p1a: Granbull|116/302|[from] item: Leftovers\n|upkeep\n|turn|26\n|\n|t:|1727220468\n|switch|p2a: Grimmsnarl|Grimmsnarl, L83, M|293/293\n|move|p1a: Granbull|Thunder Wave|p2a: Grimmsnarl\n|-status|p2a: Grimmsnarl|par\n|\n|-weather|RainDance|[upkeep]\n|-heal|p1a: Granbull|134/302|[from] item: Leftovers\n|upkeep\n|turn|27\n|\n|t:|1727220475\n|move|p2a: Grimmsnarl|Parting Shot|p1a: Granbull\n|-unboost|p1a: Granbull|atk|1\n|-unboost|p1a: Granbull|spa|1\n|\n|t:|1727220477\n|switch|p2a: Kyogre|Kyogre, L71|78/259|[from] Parting Shot\n|move|p1a: Granbull|Roar|p2a: Kyogre\n|drag|p2a: Grimmsnarl|Grimmsnarl, L83, M|293/293 par\n|\n|-weather|RainDance|[upkeep]\n|-heal|p1a: Granbull|152/302|[from] item: Leftovers\n|upkeep\n|turn|28\n|\n|t:|1727220485\n|switch|p1a: Carbink|Carbink, L90|236/236\n|cant|p2a: Grimmsnarl|par\n|\n|-weather|RainDance|[upkeep]\n|upkeep\n|turn|29\n|\n|t:|1727220492\n|cant|p2a: Grimmsnarl|par\n|move|p1a: Carbink|Rock Polish|p1a: Carbink\n|-boost|p1a: Carbink|spe|2\n|\n|-weather|none\n|upkeep\n|turn|30\n|\n|t:|1727220498\n|move|p2a: Grimmsnarl|Thunder Wave|p1a: Carbink\n|-status|p1a: Carbink|par\n|move|p1a: Carbink|Iron Defense|p1a: Carbink\n|-boost|p1a: Carbink|def|2\n|\n|upkeep\n|turn|31\n|\n|t:|1727220503\n|move|p2a: Grimmsnarl|Parting Shot|p1a: Carbink\n|-fail|p1a: Carbink|unboost|[from] ability: Clear Body|[of] p1a: Carbink\n|move|p1a: Carbink|Rock Polish|p1a: Carbink\n|-boost|p1a: Carbink|spe|2\n|\n|upkeep\n|turn|32\n|\n|t:|1727220513\n|switch|p2a: Kyogre|Kyogre, L71|78/259\n|-weather|RainDance|[from] ability: Drizzle|[of] p2a: Kyogre\n|move|p1a: Carbink|Moonblast|p2a: Kyogre\n|-damage|p2a: Kyogre|17/259\n|\n|-weather|RainDance|[upkeep]\n|-heal|p2a: Kyogre|33/259|[from] item: Leftovers\n|upkeep\n|turn|33\n|\n|t:|1727220523\n|-terastallize|p1a: Carbink|Fighting\n|move|p1a: Carbink|Body Press|p2a: Kyogre\n|-damage|p2a: Kyogre|0 fnt\n|faint|p2a: Kyogre\n|\n|-weather|RainDance|[upkeep]\n|upkeep\n|\n|t:|1727220526\n|switch|p2a: Grimmsnarl|Grimmsnarl, L83, M|293/293 par\n|turn|34\n|\n|t:|1727220530\n|move|p1a: Carbink|Body Press|p2a: Grimmsnarl\n|-damage|p2a: Grimmsnarl|0 fnt\n|faint|p2a: Grimmsnarl\n|\n|-weather|RainDance|[upkeep]\n|upkeep\n|\n|t:|1727220533\n|switch|p2a: Raikou|Raikou, L81|258/278\n|-ability|p2a: Raikou|Pressure\n|turn|35\n|\n|t:|1727220538\n|move|p2a: Raikou|Substitute|p2a: Raikou\n|-start|p2a: Raikou|Substitute\n|-damage|p2a: Raikou|189/278\n|move|p1a: Carbink|Body Press|p2a: Raikou\n|-end|p2a: Raikou|Substitute\n|\n|-weather|RainDance|[upkeep]\n|-heal|p2a: Raikou|206/278|[from] item: Leftovers\n|upkeep\n|turn|36\n|\n|t:|1727220545\n|move|p2a: Raikou|Substitute|p2a: Raikou\n|-start|p2a: Raikou|Substitute\n|-damage|p2a: Raikou|137/278\n|cant|p1a: Carbink|par\n|\n|-weather|none\n|-heal|p2a: Raikou|154/278|[from] item: Leftovers\n|upkeep\n|turn|37\n|\n|t:|1727220552\n|move|p2a: Raikou|Calm Mind|p2a: Raikou\n|-boost|p2a: Raikou|spa|1\n|-boost|p2a: Raikou|spd|1\n|move|p1a: Carbink|Rock Polish|p1a: Carbink\n|-boost|p1a: Carbink|spe|2\n|\n|-heal|p2a: Raikou|171/278|[from] item: Leftovers\n|upkeep\n|turn|38\n|\n|t:|1727220567\n|move|p1a: Carbink|Body Press|p2a: Raikou\n|-end|p2a: Raikou|Substitute\n|move|p2a: Raikou|Calm Mind|p2a: Raikou\n|-boost|p2a: Raikou|spa|1\n|-boost|p2a: Raikou|spd|1\n|\n|-heal|p2a: Raikou|188/278|[from] item: Leftovers\n|upkeep\n|turn|39\n|\n|t:|1727220572\n|move|p1a: Carbink|Body Press|p2a: Raikou\n|-damage|p2a: Raikou|0 fnt\n|faint|p2a: Raikou\n|\n|win|velvestrade\n|raw|velvestrade's rating: 2235 &rarr; <strong>2256</strong><br />(+21 for winning)\n|raw|20 Million GXE's rating: 2251 &rarr; <strong>2230</strong><br />(-21 for losing)\n|c|\u2606velvestrade|gg\n", "inputlog": ">version d155b4937d18dfffda2dee3f1f762535b4a408ed\n>start {\"formatid\":\"gen9randombattle\",\"seed\":[36780,7403,44708,18222],\"rated\":\"Rated battle\"}\n>player p1 {\"name\":\"velvestrade\",\"avatar\":\"miku-ground\",\"rating\":2235,\"seed\":[28744,27137,14126,45813]}\n>player p2 {\"name\":\"20 Million GXE\",\"avatar\":\"turo-ai\",\"rating\":2251,\"seed\":[16084,39202,46546,31480]}\n>p1 move thunderwave\n>p2 move gunkshot\n>p1 switch 3\n>p2 move gunkshot\n>p1 move tachyoncutter\n>p2 switch 6\n>p1 switch 2\n>p2 move calmmind\n>p1 move dragontail\n>p2 switch 3\n>p1 move sludgewave\n>p2 move icebeam\n>p1 move dracometeor\n>p2 switch 2\n>p2 switch 6\n>p1 switch 2\n>p2 move playrough\n>p1 move psyshock\n>p2 move beatup\n>p1 move psyshock\n>p2 move beatup\n>p2 switch 4\n>p1 switch 6\n>p2 move fireblast\n>p1 move synthesis\n>p2 move spacialrend\n>p1 move dragondance\n>p2 move thunderwave\n>p1 move dragondance\n>p2 move fireblast\n>p1 move synthesis\n>p2 move fireblast\n>p1 move dragondance\n>p2 move fireblast\n>p1 move synthesis\n>p2 move spacialrend terastallize\n>chat \u2606velvestrade|booooooo\n>p1 switch 4\n>p1 move bodyslam\n>p2 move spacialrend\n>p1 move protect\n>p2 move spacialrend\n>p1 move bodyslam\n>p2 move spacialrend\n>p1 move bodyslam\n>p2 move fireblast\n>p1 switch 6\n>p1 move tachyoncutter\n>p2 move fireblast\n>p2 switch 3\n>p1 switch 2\n>p2 switch 5\n>p1 switch 3\n>p2 move spiritbreak\n>p1 move playrough\n>p2 move partingshot\n>p2 switch 2\n>p1 move thunderwave\n>p2 switch 2\n>p1 move roar\n>p2 move partingshot\n>p2 switch 2\n>p1 switch 5\n>p2 move partingshot\n>p1 move rockpolish\n>p2 move partingshot\n>p1 move irondefense\n>p2 move thunderwave\n>p1 move rockpolish\n>p2 move partingshot\n>p1 move moonblast\n>p2 switch 2\n>p1 move bodypress terastallize\n>p2 move originpulse\n>p2 switch 2\n>p1 move bodypress\n>p2 move spiritbreak\n>p2 switch 5\n>p1 move bodypress\n>p2 move substitute\n>p1 move rockpolish\n>p2 move substitute\n>p1 move rockpolish\n>p2 move calmmind\n>p1 move bodypress\n>p2 move calmmind\n>p1 move bodypress\n>p2 move thunderbolt", "uploadtime": 1727220584, "views": 88, "formatid": "gen9randombattle", "rating": 2230, "private": 0, "password": null}