{"id": "gen9randombattle-2260761878", "format": "[Gen 9] Random Battle", "players": ["Deathler", "Ehnarchy"], "log": "|j|\u2606Deathler\n|j|\u2606Ehnarchy\n|t:|1733888281\n|gametype|singles\n|player|p1|Deathler|cyrus|2110\n|player|p2|Ehnarchy|guitarist|2145\n|teamsize|p1|6\n|teamsize|p2|6\n|gen|9\n|tier|[Gen 9] Random Battle\n|rated|\n|rule|Species Clause: Limit one of each Pok\u00e9mon\n|rule|HP Percentage Mod: HP is shown in percentages\n|rule|Sleep Clause Mod: Limit one foe put to sleep\n|rule|Illusion Level Mod: Illusion disguises the Pok\u00e9mon's true level\n|\n|t:|1733888281\n|start\n|switch|p1a: Revavroom|Revavroom, L79, F|256/256\n|switch|p2a: Orthworm|Orthworm, L88, F|266/266\n|turn|1\n|\n|t:|1733888295\n|switch|p1a: Bronzong|Bronzong, L88|261/261\n|move|p2a: Orthworm|Coil|p2a: Orthworm\n|-boost|p2a: Orthworm|atk|1\n|-boost|p2a: Orthworm|def|1\n|-boost|p2a: Orthworm|accuracy|1\n|\n|upkeep\n|turn|2\n|\n|t:|1733888299\n|move|p2a: Orthworm|Coil|p2a: Orthworm\n|-boost|p2a: Orthworm|atk|1\n|-boost|p2a: Orthworm|def|1\n|-boost|p2a: Orthworm|accuracy|1\n|move|p1a: Bronzong|Stealth Rock|p2a: Orthworm\n|-sidestart|p2: Ehnarchy|move: Stealth Rock\n|\n|upkeep\n|turn|3\n|\n|t:|1733888302\n|move|p2a: Orthworm|Coil|p2a: Orthworm\n|-boost|p2a: Orthworm|atk|1\n|-boost|p2a: Orthworm|def|1\n|-boost|p2a: Orthworm|accuracy|1\n|move|p1a: Bronzong|Hypnosis|p2a: Orthworm|[miss]\n|-miss|p1a: Bronzong|p2a: Orthworm\n|\n|upkeep\n|turn|4\n|\n|t:|1733888304\n|move|p2a: Orthworm|Body Press|p1a: Bronzong\n|-damage|p1a: Bronzong|93/261\n|move|p1a: Bronzong|Hypnosis|p2a: Orthworm|[miss]\n|-miss|p1a: Bronzong|p2a: Orthworm\n|\n|-heal|p1a: Bronzong|109/261|[from] item: Leftovers\n|upkeep\n|turn|5\n|\n|t:|1733888314\n|move|p2a: Orthworm|Body Press|p1a: Bronzong\n|-damage|p1a: Bronzong|0 fnt\n|faint|p1a: Bronzong\n|\n|upkeep\n|\n|t:|1733888318\n|switch|p1a: Alcremie|Alcremie-Rainbow-Swirl, L90, F|263/263\n|turn|6\n|\n|t:|1733888327\n|switch|p1a: Tatsugiri|Tatsugiri, L87, F|260/260\n|move|p2a: Orthworm|Iron Tail|p1a: Tatsugiri\n|-resisted|p1a: Tatsugiri\n|-damage|p1a: Tatsugiri|99/260\n|\n|upkeep\n|turn|7\n|\n|t:|1733888332\n|move|p1a: Tatsugiri|Hydro Pump|p2a: Orthworm\n|-damage|p2a: Orthworm|79/266\n|move|p2a: Orthworm|Iron Tail|p1a: Tatsugiri\n|-resisted|p1a: Tatsugiri\n|-damage|p1a: Tatsugiri|0 fnt\n|faint|p1a: Tatsugiri\n|\n|upkeep\n|\n|t:|1733888336\n|switch|p1a: Dudunsparce|Dudunsparce, L83, F|343/343\n|turn|8\n|\n|t:|1733888341\n|-terastallize|p1a: Dudunsparce|Ghost\n|move|p2a: Orthworm|Rest|p2a: Orthworm\n|-status|p2a: Orthworm|slp|[from] move: Rest\n|-heal|p2a: Orthworm|266/266 slp|[silent]\n|-enditem|p2a: Orthworm|Chesto Berry|[eat]\n|-curestatus|p2a: Orthworm|slp|[msg]\n|move|p1a: Dudunsparce|Shadow Ball|p2a: Orthworm\n|-damage|p2a: Orthworm|158/266\n|\n|upkeep\n|turn|9\n|\n|t:|1733888349\n|move|p2a: Orthworm|Iron Tail|p1a: Dudunsparce\n|-damage|p1a: Dudunsparce|37/343\n|move|p1a: Dudunsparce|Shadow Ball|p2a: Orthworm\n|-damage|p2a: Orthworm|47/266\n|\n|-heal|p1a: Dudunsparce|58/343|[from] item: Leftovers\n|upkeep\n|turn|10\n|\n|t:|1733888355\n|switch|p1a: Zekrom|Zekrom, L71|259/259\n|-ability|p1a: Zekrom|Teravolt\n|move|p2a: Orthworm|Iron Tail|p1a: Zekrom\n|-resisted|p1a: Zekrom\n|-damage|p1a: Zekrom|130/259\n|-unboost|p1a: Zekrom|def|1\n|\n|-heal|p1a: Zekrom|146/259|[from] item: Leftovers\n|upkeep\n|turn|11\n|\n|t:|1733888359\n|move|p1a: Zekrom|Bolt Strike|p2a: Orthworm\n|-damage|p2a: Orthworm|8/266\n|-status|p2a: Orthworm|par\n|move|p2a: Orthworm|Rest|p2a: Orthworm\n|-status|p2a: Orthworm|slp|[from] move: Rest\n|-heal|p2a: Orthworm|266/266 slp|[silent]\n|\n|-heal|p1a: Zekrom|162/259|[from] item: Leftovers\n|upkeep\n|turn|12\n|\n|t:|1733888368\n|switch|p1a: Dudunsparce|Dudunsparce, L83, F, tera:Ghost|58/343\n|cant|p2a: Orthworm|slp\n|\n|-heal|p1a: Dudunsparce|79/343|[from] item: Leftovers\n|upkeep\n|turn|13\n|\n|t:|1733888374\n|cant|p2a: Orthworm|slp\n|move|p1a: Dudunsparce|Shadow Ball|p2a: Orthworm\n|-damage|p2a: Orthworm|173/266 slp\n|-unboost|p2a: Orthworm|spd|1\n|\n|-heal|p1a: Dudunsparce|100/343|[from] item: Leftovers\n|upkeep\n|turn|14\n|\n|t:|1733888386\n|switch|p1a: Revavroom|Revavroom, L79, F|256/256\n|-curestatus|p2a: Orthworm|slp|[msg]\n|move|p2a: Orthworm|Iron Tail|p1a: Revavroom\n|-resisted|p1a: Revavroom\n|-damage|p1a: Revavroom|108/256\n|\n|upkeep\n|turn|15\n|c|\u2606Ehnarchy|i'm sorry\n|inactive|Battle timer is ON: inactive players will automatically lose when time's up. (requested by Deathler)\n|l|\u2606Deathler\n|inactive|Deathler disconnected and has a minute to reconnect!\n|player|p1|\n|j|\u2606Deathler\n|inactive|Deathler reconnected and has 140 seconds left.\n|player|p1|Deathler|cyrus|\n|\n|t:|1733888413\n|move|p1a: Revavroom|Iron Head|p2a: Orthworm\n|-resisted|p2a: Orthworm\n|-damage|p2a: Orthworm|156/266\n|-damage|p1a: Revavroom|83/256|[from] item: Life Orb\n|move|p2a: Orthworm|Iron Tail|p1a: Revavroom\n|-resisted|p1a: Revavroom\n|-damage|p1a: Revavroom|0 fnt\n|faint|p1a: Revavroom\n|\n|upkeep\n|\n|t:|1733888418\n|switch|p1a: Zekrom|Zekrom, L71|162/259\n|-ability|p1a: Zekrom|Teravolt\n|turn|16\n|\n|t:|1733888420\n|move|p1a: Zekrom|Bolt Strike|p2a: Orthworm\n|-damage|p2a: Orthworm|122/266\n|move|p2a: Orthworm|Body Press|p1a: Zekrom\n|-damage|p1a: Zekrom|0 fnt\n|faint|p1a: Zekrom\n|\n|upkeep\n|\n|t:|1733888426\n|switch|p1a: Alcremie|Alcremie-Rainbow-Swirl, L90, F|263/263\n|turn|17\n|\n|t:|1733888429\n|move|p1a: Alcremie|Tera Blast|p2a: Orthworm\n|-resisted|p2a: Orthworm\n|-damage|p2a: Orthworm|55/266\n|move|p2a: Orthworm|Iron Tail|p1a: Alcremie\n|-supereffective|p1a: Alcremie\n|-damage|p1a: Alcremie|0 fnt\n|faint|p1a: Alcremie\n|\n|upkeep\n|-message|Deathler forfeited.\n|\n|win|Ehnarchy\n|raw|Deathler's rating: 2110 &rarr; <strong>2092</strong><br />(-18 for losing)\n|raw|Ehnarchy's rating: 2145 &rarr; <strong>2163</strong><br />(+18 for winning)\n|l|\u2606Deathler\n|player|p1|\n", "inputlog": ">version bfd83cad13791eb5a5a409923076391caf6fb4d4\n>start {\"formatid\":\"gen9randombattle\",\"seed\":[3896,1515,56731,44890],\"rated\":\"Rated battle\"}\n>player p1 {\"name\":\"Deathler\",\"avatar\":\"cyrus\",\"rating\":2110,\"seed\":[53939,17243,40807,8709]}\n>player p2 {\"name\":\"Ehnarchy\",\"avatar\":\"guitarist\",\"rating\":2145,\"seed\":[41808,9722,30903,30601]}\n>p1 switch 3\n>p2 move coil\n>p1 move stealthrock\n>p2 move coil\n>p1 move hypnosis\n>p2 move coil\n>p1 move hypnosis\n>p2 move bodypress\n>p1 move hypnosis\n>p2 move bodypress\n>p1 switch 6\n>p1 switch 5\n>p2 move irontail\n>p1 move hydropump\n>p2 move irontail\n>p1 switch 4\n>p1 move shadowball terastallize\n>p2 move rest\n>p1 move shadowball\n>p2 move irontail\n>p1 switch 2\n>p2 move irontail\n>p1 move boltstrike\n>p2 move rest\n>p1 switch 2\n>p2 move bodypress\n>p1 move shadowball\n>p2 move irontail\n>p1 switch 3\n>p2 move irontail\n>chat \u2606Ehnarchy|i'm sorry\n>p1 move ironhead\n>p2 move irontail\n>p1 switch 2\n>p1 move boltstrike\n>p2 move bodypress\n>p1 switch 5\n>p1 move terablast\n>p2 move irontail\n>forcelose p1", "uploadtime": 1733888441, "views": 8, "formatid": "gen9randombattle", "rating": 2092, "private": 0, "password": null}