{"id": "gen9randombattle-2260546928", "format": "[Gen 9] Random Battle", "players": ["Xcinderace OG", "Nero The Poke Hero"], "log": "|j|\u2606Xcinderace OG\n|j|\u2606Nero The Poke Hero\n|t:|1733862245\n|gametype|singles\n|player|p1|Xcinderace OG|psychic-gen4|\n|player|p2|Nero The Poke Hero|266|\n|teamsize|p1|6\n|teamsize|p2|6\n|gen|9\n|tier|[Gen 9] Random Battle\n|rule|Species Clause: Limit one of each Pok\u00e9mon\n|rule|HP Percentage Mod: HP is shown in percentages\n|rule|Sleep Clause Mod: Limit one foe put to sleep\n|rule|Illusion Level Mod: Illusion disguises the Pok\u00e9mon's true level\n|\n|t:|1733862245\n|start\n|switch|p1a: Ampharos|Ampharos, L88, M|302/302\n|switch|p2a: Indeedee|Indeedee-F, L90, F|272/272\n|-fieldstart|move: Psychic Terrain|[from] ability: Psychic Surge|[of] p2a: Indeedee\n|turn|1\n|\n|t:|1733862258\n|move|p2a: Indeedee|Psychic|p1a: Ampharos\n|-damage|p1a: Ampharos|95/302\n|-unboost|p1a: Ampharos|spd|1\n|move|p1a: Ampharos|Focus Blast|p2a: Indeedee\n|-damage|p2a: Indeedee|150/272\n|\n|upkeep\n|turn|2\n|\n|t:|1733862267\n|switch|p1a: Decidueye|Decidueye, L88, M|281/281\n|move|p2a: Indeedee|Psychic|p1a: Decidueye\n|-damage|p1a: Decidueye|161/281\n|\n|upkeep\n|turn|3\n|\n|t:|1733862276\n|-terastallize|p2a: Indeedee|Psychic\n|move|p2a: Indeedee|Psychic|p1a: Decidueye\n|-damage|p1a: Decidueye|0 fnt\n|faint|p1a: Decidueye\n|\n|upkeep\n|\n|t:|1733862284\n|switch|p1a: Persian|Persian, L92, F|269/269\n|turn|4\n|\n|t:|1733862288\n|move|p1a: Persian|Knock Off|p2a: Indeedee\n|-supereffective|p2a: Indeedee\n|-damage|p2a: Indeedee|0 fnt\n|-enditem|p2a: Indeedee|Choice Specs|[from] move: Knock Off|[of] p1a: Persian\n|faint|p2a: Indeedee\n|\n|upkeep\n|\n|t:|1733862297\n|switch|p2a: Lurantis|Lurantis, L87, M|264/264\n|turn|5\n|\n|t:|1733862318\n|switch|p1a: Ludicolo|Ludicolo, L90, M|290/290\n|move|p2a: Lurantis|Superpower|p1a: Ludicolo\n|-damage|p1a: Ludicolo|178/290\n|-boost|p2a: Lurantis|atk|1\n|-boost|p2a: Lurantis|def|1\n|\n|-fieldend|move: Psychic Terrain\n|upkeep\n|turn|6\n|\n|t:|1733862332\n|move|p1a: Ludicolo|Ice Beam|p2a: Lurantis\n|-supereffective|p2a: Lurantis\n|-damage|p2a: Lurantis|76/264\n|move|p2a: Lurantis|Defog|p1a: Ludicolo\n|-unboost|p1a: Ludicolo|evasion|1\n|\n|-heal|p2a: Lurantis|92/264|[from] item: Leftovers\n|upkeep\n|turn|7\n|\n|t:|1733862344\n|switch|p2a: Dragonite|Dragonite, L74, F|257/257\n|move|p1a: Ludicolo|Ice Beam|p2a: Dragonite\n|-supereffective|p2a: Dragonite\n|-damage|p2a: Dragonite|25/257\n|\n|upkeep\n|turn|8\n|\n|t:|1733862353\n|move|p1a: Ludicolo|Ice Beam|p2a: Dragonite\n|-supereffective|p2a: Dragonite\n|-damage|p2a: Dragonite|0 fnt\n|faint|p2a: Dragonite\n|\n|upkeep\n|\n|t:|1733862366\n|switch|p2a: Yanmega|Yanmega, L82, F|275/275\n|turn|9\n|\n|t:|1733862388\n|move|p2a: Yanmega|Bug Buzz|p1a: Ludicolo\n|-supereffective|p1a: Ludicolo\n|-damage|p1a: Ludicolo|10/290\n|move|p1a: Ludicolo|Ice Beam|p2a: Yanmega\n|-supereffective|p2a: Yanmega\n|-damage|p2a: Yanmega|0 fnt\n|faint|p2a: Yanmega\n|\n|upkeep\n|\n|t:|1733862401\n|switch|p2a: Dusknoir|Dusknoir, L89, F|225/225\n|-item|p1a: Ludicolo|Choice Specs|[from] ability: Frisk|[of] p2a: Dusknoir\n|turn|10\n|\n|t:|1733862409\n|move|p2a: Dusknoir|Shadow Sneak|p1a: Ludicolo\n|-damage|p1a: Ludicolo|0 fnt\n|faint|p1a: Ludicolo\n|\n|upkeep\n|\n|t:|1733862419\n|switch|p1a: Klefki|Klefki, L84, F|233/233\n|turn|11\n|\n|t:|1733862424\n|switch|p2a: Lurantis|Lurantis, L87, M|92/264\n|move|p1a: Klefki|Foul Play|p2a: Lurantis\n|-damage|p2a: Lurantis|25/264\n|\n|-heal|p2a: Lurantis|41/264|[from] item: Leftovers\n|upkeep\n|turn|12\n|\n|t:|1733862433\n|move|p1a: Klefki|Foul Play|p2a: Lurantis\n|-damage|p2a: Lurantis|0 fnt\n|faint|p2a: Lurantis\n|\n|upkeep\n|\n|t:|1733862438\n|switch|p2a: Pikachu|Pikachu, L93, F|216/216\n|turn|13\n|\n|t:|1733862446\n|move|p2a: Pikachu|Play Rough|p1a: Klefki\n|-resisted|p1a: Klefki\n|-damage|p1a: Klefki|185/233\n|move|p1a: Klefki|Foul Play|p2a: Pikachu\n|-damage|p2a: Pikachu|133/216\n|\n|-heal|p1a: Klefki|199/233|[from] item: Leftovers\n|upkeep\n|turn|14\n|\n|t:|1733862458\n|move|p2a: Pikachu|Fake Out||[still]\n|-hint|Fake Out only works on your first turn out.\n|-fail|p2a: Pikachu\n|move|p1a: Klefki|Foul Play|p2a: Pikachu\n|-damage|p2a: Pikachu|60/216\n|\n|-heal|p1a: Klefki|213/233|[from] item: Leftovers\n|upkeep\n|turn|15\n|\n|t:|1733862472\n|move|p2a: Pikachu|Surf|p1a: Klefki\n|-damage|p1a: Klefki|113/233\n|move|p1a: Klefki|Foul Play|p2a: Pikachu\n|-damage|p2a: Pikachu|0 fnt\n|faint|p2a: Pikachu\n|\n|-heal|p1a: Klefki|127/233|[from] item: Leftovers\n|upkeep\n|\n|t:|1733862482\n|switch|p2a: Dusknoir|Dusknoir, L89, F|225/225\n|-item|p1a: Klefki|Leftovers|[from] ability: Frisk|[of] p2a: Dusknoir\n|turn|16\n|\n|t:|1733862487\n|move|p1a: Klefki|Foul Play|p2a: Dusknoir\n|-supereffective|p2a: Dusknoir\n|-damage|p2a: Dusknoir|135/225\n|move|p2a: Dusknoir|Leech Life|p1a: Klefki\n|-resisted|p1a: Klefki\n|-damage|p1a: Klefki|103/233\n|-heal|p2a: Dusknoir|147/225|[from] drain|[of] p1a: Klefki\n|\n|-heal|p1a: Klefki|117/233|[from] item: Leftovers\n|upkeep\n|turn|17\n|c|\u2606Xcinderace OG|key sweep\n|\n|t:|1733862501\n|move|p1a: Klefki|Foul Play|p2a: Dusknoir\n|-supereffective|p2a: Dusknoir\n|-crit|p2a: Dusknoir\n|-damage|p2a: Dusknoir|0 fnt\n|faint|p2a: Dusknoir\n|\n|win|Xcinderace OG\n|c|\u2606Xcinderace OG|ggs\n|l|\u2606Nero The Poke Hero\n|player|p2|\n|j|\u2606Nero The Poke Hero\n|player|p2|Nero The Poke Hero|266|\n|l|\u2606Nero The Poke Hero\n|player|p2|\n|j|\u2606Nero The Poke Hero\n|player|p2|Nero The Poke Hero|266|\n|l|\u2606Nero The Poke Hero\n|player|p2|\n|j|\u2606Nero The Poke Hero\n|player|p2|Nero The Poke Hero|266|\n", "inputlog": ">version bfd83cad13791eb5a5a409923076391caf6fb4d4\n>start {\"formatid\":\"gen9randombattle\",\"seed\":[64289,639,47363,42604]}\n>player p1 {\"name\":\"Xcinderace OG\",\"avatar\":\"psychic-gen4\",\"rating\":0,\"seed\":[20572,33308,18368,39823]}\n>player p2 {\"name\":\"Nero The Poke Hero\",\"avatar\":\"266\",\"rating\":0,\"seed\":[44579,11619,60119,21918]}\n>p1 move focusblast\n>p2 move psychic\n>p1 switch 5\n>p2 move psychic\n>p1 move spiritshackle\n>p2 move psychic terastallize\n>p1 switch 6\n>p1 move knockoff\n>p2 move psychic\n>p2 switch 3\n>p1 switch 2\n>p2 move superpower\n>p1 move icebeam\n>p2 move defog\n>p1 move icebeam\n>p2 switch 5\n>p1 move icebeam\n>p2 move earthquake\n>p2 switch 4\n>p1 move icebeam\n>p2 move bugbuzz\n>p2 switch 6\n>p1 move icebeam\n>p2 move shadowsneak\n>p1 switch 4\n>p1 move foulplay\n>p2 switch 5\n>p1 move foulplay\n>p2 move synthesis\n>p2 switch 2\n>p1 move foulplay\n>p2 move playrough\n>p1 move foulplay\n>p2 move fakeout\n>p1 move foulplay\n>p2 move surf\n>p2 switch 5\n>p1 move foulplay\n>p2 move leechlife\n>chat \u2606Xcinderace OG|key sweep\n>p1 move foulplay\n>p2 move leechlife", "uploadtime": 1733862706, "views": 1, "formatid": "gen9randombattle", "rating": null, "private": 0, "password": null}