{"id": "gen9randombattle-2260448280", "format": "[Gen 9] Random Battle", "players": ["cc126", "drimi"], "log": "|j|\u203dcc126\n|j|\u2606drimi\n|t:|1733852597\n|gametype|singles\n|player|p1|cc126|acetrainer-gen4|1755\n|player|p2|drimi|miku-ground|1778\n|teamsize|p1|6\n|teamsize|p2|6\n|gen|9\n|tier|[Gen 9] Random Battle\n|rated|\n|rule|Species Clause: Limit one of each Pok\u00e9mon\n|rule|HP Percentage Mod: HP is shown in percentages\n|rule|Sleep Clause Mod: Limit one foe put to sleep\n|rule|Illusion Level Mod: Illusion disguises the Pok\u00e9mon's true level\n|\n|t:|1733852597\n|start\n|switch|p1a: Raikou|Raikou, L81|278/278\n|switch|p2a: Meowstic|Meowstic-F, L89, F|277/277\n|-ability|p1a: Raikou|Pressure\n|turn|1\n|inactive|Battle timer is ON: inactive players will automatically lose when time's up. (requested by cc126)\n|\n|t:|1733852603\n|move|p2a: Meowstic|Nasty Plot|p2a: Meowstic\n|-boost|p2a: Meowstic|spa|2\n|move|p1a: Raikou|Substitute|p1a: Raikou\n|-start|p1a: Raikou|Substitute\n|-damage|p1a: Raikou|209/278\n|\n|-heal|p1a: Raikou|226/278|[from] item: Leftovers\n|upkeep\n|turn|2\n|\n|t:|1733852610\n|move|p2a: Meowstic|Alluring Voice|p1a: Raikou\n|-damage|p1a: Raikou|82/278\n|-damage|p2a: Meowstic|250/277|[from] item: Life Orb\n|move|p1a: Raikou|Thunderbolt|p2a: Meowstic\n|-damage|p2a: Meowstic|148/277\n|-status|p2a: Meowstic|par\n|\n|-heal|p1a: Raikou|99/278|[from] item: Leftovers\n|upkeep\n|turn|3\n|\n|t:|1733852614\n|move|p1a: Raikou|Calm Mind|p1a: Raikou\n|-boost|p1a: Raikou|spa|1\n|-boost|p1a: Raikou|spd|1\n|cant|p2a: Meowstic|par\n|\n|-heal|p1a: Raikou|116/278|[from] item: Leftovers\n|upkeep\n|turn|4\n|\n|t:|1733852620\n|move|p1a: Raikou|Calm Mind|p1a: Raikou\n|-boost|p1a: Raikou|spa|1\n|-boost|p1a: Raikou|spd|1\n|cant|p2a: Meowstic|par\n|\n|-heal|p1a: Raikou|133/278|[from] item: Leftovers\n|upkeep\n|turn|5\n|\n|t:|1733852624\n|move|p1a: Raikou|Calm Mind|p1a: Raikou\n|-boost|p1a: Raikou|spa|1\n|-boost|p1a: Raikou|spd|1\n|move|p2a: Meowstic|Alluring Voice|p1a: Raikou\n|-damage|p1a: Raikou|80/278\n|-start|p1a: Raikou|confusion\n|-damage|p2a: Meowstic|121/277 par|[from] item: Life Orb\n|\n|-heal|p1a: Raikou|97/278|[from] item: Leftovers\n|upkeep\n|turn|6\n|\n|t:|1733852633\n|-activate|p1a: Raikou|confusion\n|move|p1a: Raikou|Thunderbolt|p2a: Meowstic\n|-crit|p2a: Meowstic\n|-damage|p2a: Meowstic|0 fnt\n|faint|p2a: Meowstic\n|\n|-heal|p1a: Raikou|114/278|[from] item: Leftovers\n|upkeep\n|\n|t:|1733852637\n|switch|p2a: Blissey|Blissey, L84, F|566/566\n|turn|7\n|\n|t:|1733852644\n|-end|p1a: Raikou|confusion\n|move|p1a: Raikou|Calm Mind|p1a: Raikou\n|-boost|p1a: Raikou|spa|1\n|-boost|p1a: Raikou|spd|1\n|move|p2a: Blissey|Seismic Toss|p1a: Raikou\n|-end|p1a: Raikou|Substitute\n|\n|-heal|p1a: Raikou|131/278|[from] item: Leftovers\n|upkeep\n|turn|8\n|\n|t:|1733852651\n|move|p1a: Raikou|Thunderbolt|p2a: Blissey\n|-damage|p2a: Blissey|343/566\n|move|p2a: Blissey|Seismic Toss|p1a: Raikou\n|-damage|p1a: Raikou|47/278\n|\n|-heal|p1a: Raikou|64/278|[from] item: Leftovers\n|-heal|p2a: Blissey|378/566|[from] item: Leftovers\n|upkeep\n|turn|9\n|\n|t:|1733852661\n|move|p1a: Raikou|Thunderbolt|p2a: Blissey\n|-damage|p2a: Blissey|174/566\n|move|p2a: Blissey|Seismic Toss|p1a: Raikou\n|-damage|p1a: Raikou|0 fnt\n|faint|p1a: Raikou\n|\n|-heal|p2a: Blissey|209/566|[from] item: Leftovers\n|upkeep\n|\n|t:|1733852667\n|switch|p1a: Scizor|Scizor, L79, F|240/240\n|turn|10\n|\n|t:|1733852677\n|switch|p2a: Brambleghast|Brambleghast, L88, F|240/240\n|move|p1a: Scizor|U-turn|p2a: Brambleghast\n|-damage|p2a: Brambleghast|99/240\n|\n|t:|1733852682\n|switch|p1a: Lokix|Lokix, L82, F|251/251|[from] U-turn\n|\n|-heal|p2a: Brambleghast|114/240|[from] item: Leftovers\n|upkeep\n|turn|11\n|\n|t:|1733852688\n|-terastallize|p2a: Brambleghast|Fairy\n|move|p1a: Lokix|First Impression|p2a: Brambleghast\n|-resisted|p2a: Brambleghast\n|-damage|p2a: Brambleghast|0 fnt\n|faint|p2a: Brambleghast\n|\n|upkeep\n|\n|t:|1733852694\n|switch|p2a: Ursaluna|Ursaluna, L79, M|335/335\n|turn|12\n|\n|t:|1733852706\n|move|p1a: Lokix|Knock Off|p2a: Ursaluna\n|-damage|p2a: Ursaluna|233/335\n|-enditem|p2a: Ursaluna|Flame Orb|[from] move: Knock Off|[of] p1a: Lokix\n|move|p2a: Ursaluna|Trailblaze|p1a: Lokix\n|-resisted|p1a: Lokix\n|-damage|p1a: Lokix|228/251\n|-boost|p2a: Ursaluna|spe|1\n|\n|upkeep\n|turn|13\n|\n|t:|1733852712\n|move|p1a: Lokix|U-turn|p2a: Ursaluna\n|-damage|p2a: Ursaluna|149/335\n|-message|drimi forfeited.\n|\n|win|cc126\n|raw|cc126's rating: 1755 &rarr; <strong>1776</strong><br />(+21 for winning)\n|raw|drimi's rating: 1778 &rarr; <strong>1757</strong><br />(-21 for losing)\n|l|\u2606drimi\n|player|p2|\n", "inputlog": ">version bfd83cad13791eb5a5a409923076391caf6fb4d4\n>start {\"formatid\":\"gen9randombattle\",\"seed\":[55677,28966,45775,20255],\"rated\":\"Rated battle\"}\n>player p1 {\"name\":\"cc126\",\"avatar\":\"acetrainer-gen4\",\"rating\":1755,\"seed\":[20987,24927,33531,16491]}\n>player p2 {\"name\":\"drimi\",\"avatar\":\"miku-ground\",\"rating\":1778,\"seed\":[38644,10463,44414,52127]}\n>p1 move substitute\n>p2 move nastyplot\n>p1 move thunderbolt\n>p2 move alluringvoice\n>p1 move calmmind\n>p2 move alluringvoice\n>p1 move calmmind\n>p2 move alluringvoice\n>p1 move calmmind\n>p2 move alluringvoice\n>p1 move thunderbolt\n>p2 move psychic\n>p2 switch 2\n>p1 move calmmind\n>p2 move seismictoss\n>p1 move thunderbolt\n>p2 move seismictoss\n>p1 move thunderbolt\n>p2 move seismictoss\n>p1 switch 5\n>p1 move uturn\n>p2 switch 3\n>p1 switch 4\n>p1 move firstimpression\n>p2 move leechseed terastallize\n>p2 switch 6\n>p1 move knockoff\n>p2 move trailblaze\n>p1 move uturn\n>p2 move headlongrush\n>forcelose p2", "uploadtime": 1733852715, "views": 1, "formatid": "gen9randombattle", "rating": 1757, "private": 0, "password": null}