{"id": "gen9randombattle-2053303115", "format": "[Gen 9] Random Battle", "players": ["scyther225", "Iceman8911"], "log": "|j|\u2606scyther225\n|j|\u2606Iceman8911\n|t:|1707249682\n|gametype|singles\n|player|p1|scyther225|acetrainer-gen4dp|2240\n|player|p2|Iceman8911|lysandre-masters|2324\n|teamsize|p1|6\n|teamsize|p2|6\n|gen|9\n|tier|[Gen 9] Random Battle\n|rated|\n|rule|Species Clause: Limit one of each Pok\u00e9mon\n|rule|HP Percentage Mod: HP is shown in percentages\n|rule|Sleep Clause Mod: Limit one foe put to sleep\n|rule|Illusion Level Mod: Illusion disguises the Pok\u00e9mon's true level\n|\n|t:|1707249682\n|start\n|switch|p1a: Corviknight|Corviknight, L80, M|288/288\n|switch|p2a: Cetitan|Cetitan, L82, M|412/412\n|turn|1\n|inactive|Battle timer is ON: inactive players will automatically lose when time's up. (requested by Iceman8911)\n|inactive|Iceman8911 has 120 seconds left.\n|\n|t:|1707249722\n|move|p2a: Cetitan|Belly Drum|p2a: Cetitan\n|-damage|p2a: Cetitan|206/412\n|-setboost|p2a: Cetitan|atk|6|[from] move: Belly Drum\n|-enditem|p2a: Cetitan|Sitrus Berry|[eat]\n|-heal|p2a: Cetitan|309/412|[from] item: Sitrus Berry\n|move|p1a: Corviknight|Body Press|p2a: Cetitan\n|-supereffective|p2a: Cetitan\n|-damage|p2a: Cetitan|163/412\n|\n|upkeep\n|turn|2\n|\n|t:|1707249731\n|move|p2a: Cetitan|Ice Spinner|p1a: Corviknight\n|-damage|p1a: Corviknight|0 fnt\n|faint|p1a: Corviknight\n|\n|upkeep\n|\n|t:|1707249742\n|switch|p1a: Slaking|Slaking, L84, M|389/389\n|turn|3\n|inactive|Iceman8911 has 120 seconds left.\n|\n|t:|1707249776\n|move|p2a: Cetitan|Ice Shard|p1a: Slaking\n|-damage|p1a: Slaking|229/389\n|move|p1a: Slaking|Double-Edge|p2a: Cetitan\n|-damage|p2a: Cetitan|0 fnt\n|faint|p2a: Cetitan\n|-damage|p1a: Slaking|175/389|[from] Recoil\n|\n|upkeep\n|inactive|Iceman8911 has 120 seconds left.\n|inactive|Iceman8911 has 90 seconds left.\n|\n|t:|1707249834\n|switch|p2a: Malamar|Malamar, L82, F|275/275\n|turn|4\n|\n|t:|1707249840\n|switch|p1a: Shaymin|Shaymin-Sky, L73|266/266\n|move|p2a: Malamar|Superpower|p1a: Shaymin\n|-resisted|p1a: Shaymin\n|-damage|p1a: Shaymin|217/266\n|-boost|p2a: Malamar|atk|1\n|-boost|p2a: Malamar|def|1\n|\n|upkeep\n|turn|5\n|\n|t:|1707249857\n|move|p1a: Shaymin|Air Slash|p2a: Malamar\n|-damage|p2a: Malamar|157/275\n|move|p2a: Malamar|Knock Off|p1a: Shaymin\n|-damage|p1a: Shaymin|34/266\n|-enditem|p1a: Shaymin|Choice Specs|[from] move: Knock Off|[of] p2a: Malamar\n|\n|upkeep\n|turn|6\n|\n|t:|1707249868\n|switch|p2a: Raikou|Raikou, L81|278/278\n|-ability|p2a: Raikou|Pressure\n|move|p1a: Shaymin|Air Slash|p2a: Raikou\n|-resisted|p2a: Raikou\n|-damage|p2a: Raikou|243/278\n|\n|-heal|p2a: Raikou|260/278|[from] item: Leftovers\n|upkeep\n|turn|7\n|\n|t:|1707249884\n|switch|p1a: Cinccino|Cinccino, L83, M|260/260\n|move|p2a: Raikou|Scald|p1a: Cinccino\n|-damage|p1a: Cinccino|178/260\n|\n|-heal|p2a: Raikou|277/278|[from] item: Leftovers\n|upkeep\n|turn|8\n|inactive|Iceman8911 has 60 seconds left.\n|\n|t:|1707249916\n|move|p1a: Cinccino|Tidy Up|p1a: Cinccino\n|-boost|p1a: Cinccino|atk|1\n|-boost|p1a: Cinccino|spe|1\n|move|p2a: Raikou|Scald|p1a: Cinccino\n|-damage|p1a: Cinccino|102/260\n|\n|-heal|p2a: Raikou|278/278|[from] item: Leftovers\n|upkeep\n|turn|9\n|inactive|Iceman8911 has 60 seconds left.\n|inactive|Iceman8911 has 30 seconds left.\n|inactive|Iceman8911 has 20 seconds left.\n|inactive|Iceman8911 has 15 seconds left.\n|inactive|Iceman8911 has 10 seconds left.\n|\n|t:|1707249975\n|switch|p2a: Malamar|Malamar, L82, F|157/275\n|move|p1a: Cinccino|Tail Slap|p2a: Malamar|[miss]\n|-miss|p1a: Cinccino|p2a: Malamar\n|\n|upkeep\n|turn|10\n|inactive|Iceman8911 has 20 seconds left this turn.\n|inactive|Iceman8911 has 15 seconds left.\n|\n|t:|1707249992\n|move|p1a: Cinccino|Bullet Seed|p2a: Malamar\n|-damage|p2a: Malamar|118/275\n|-damage|p2a: Malamar|79/275\n|-damage|p2a: Malamar|41/275\n|-damage|p2a: Malamar|3/275\n|-damage|p2a: Malamar|0 fnt\n|faint|p2a: Malamar\n|-hitcount|p2: Malamar|5\n|\n|upkeep\n|inactive|Iceman8911 has 20 seconds left this turn.\n|inactive|Iceman8911 has 15 seconds left.\n|\n|t:|1707249997\n|switch|p2a: Noctowl|Noctowl, L95, M|344/344\n|turn|11\n|inactive|Iceman8911 has 25 seconds left this turn.\n|inactive|Iceman8911 has 20 seconds left.\n|inactive|Iceman8911 has 15 seconds left.\n|\n|t:|1707250008\n|-terastallize|p2a: Noctowl|Steel\n|move|p1a: Cinccino|Triple Axel|p2a: Noctowl\n|-resisted|p2a: Noctowl\n|-damage|p2a: Noctowl|323/344\n|-resisted|p2a: Noctowl\n|-damage|p2a: Noctowl|286/344\n|-resisted|p2a: Noctowl\n|-damage|p2a: Noctowl|229/344\n|-hitcount|p2a: Noctowl|3\n|move|p2a: Noctowl|Hyper Voice|p1a: Cinccino\n|-damage|p1a: Cinccino|0 fnt\n|faint|p1a: Cinccino\n|\n|upkeep\n|inactive|Iceman8911 has 20 seconds left this turn.\n|\n|t:|1707250028\n|switch|p1a: Shaymin|Shaymin-Sky, L73|34/266\n|turn|12\n|inactive|Iceman8911 has 30 seconds left this turn.\n|\n|t:|1707250038\n|move|p1a: Shaymin|Earth Power|p2a: Noctowl\n|-supereffective|p2a: Noctowl\n|-damage|p2a: Noctowl|135/344\n|move|p2a: Noctowl|Hyper Voice|p1a: Shaymin\n|-damage|p1a: Shaymin|0 fnt\n|faint|p1a: Shaymin\n|\n|upkeep\n|inactive|Iceman8911 has 30 seconds left this turn.\n|\n|t:|1707250050\n|switch|p1a: Kingdra|Kingdra, L84, M|263/263\n|turn|13\n|\n|t:|1707250056\n|move|p1a: Kingdra|Rain Dance|p1a: Kingdra\n|-weather|RainDance\n|move|p2a: Noctowl|Roost|p2a: Noctowl\n|-heal|p2a: Noctowl|307/344\n|\n|-weather|RainDance|[upkeep]\n|upkeep\n|turn|14\n|inactive|Iceman8911 has 30 seconds left.\n|\n|t:|1707250078\n|switch|p2a: Hydreigon|Hydreigon, L79, F|275/275\n|-terastallize|p1a: Kingdra|Water\n|move|p1a: Kingdra|Wave Crash|p2a: Hydreigon\n|-resisted|p2a: Hydreigon\n|-damage|p2a: Hydreigon|100/275\n|-damage|p1a: Kingdra|205/263|[from] Recoil\n|-damage|p1a: Kingdra|179/263|[from] item: Life Orb\n|\n|-weather|RainDance|[upkeep]\n|upkeep\n|turn|15\n|inactive|Iceman8911 has 30 seconds left.\n|inactive|scyther225 has 120 seconds left.\n|\n|t:|1707250105\n|move|p1a: Kingdra|Wave Crash|p2a: Hydreigon\n|-resisted|p2a: Hydreigon\n|-damage|p2a: Hydreigon|0 fnt\n|faint|p2a: Hydreigon\n|-damage|p1a: Kingdra|146/263|[from] Recoil\n|-damage|p1a: Kingdra|120/263|[from] item: Life Orb\n|\n|-weather|RainDance|[upkeep]\n|upkeep\n|inactive|Iceman8911 has 30 seconds left.\n|\n|t:|1707250113\n|switch|p2a: Raikou|Raikou, L81|278/278\n|-ability|p2a: Raikou|Pressure\n|turn|16\n|\n|t:|1707250119\n|switch|p2a: Noctowl|Noctowl, L95, M, tera:Steel|307/344\n|move|p1a: Kingdra|Wave Crash|p2a: Noctowl\n|-damage|p2a: Noctowl|0 fnt\n|faint|p2a: Noctowl\n|-damage|p1a: Kingdra|19/263|[from] Recoil\n|-damage|p1a: Kingdra|0 fnt|[from] item: Life Orb\n|faint|p1a: Kingdra\n|\n|-weather|RainDance|[upkeep]\n|upkeep\n|\n|t:|1707250130\n|switch|p1a: Hariyama|Hariyama, L87, M|392/392\n|switch|p2a: Indeedee|Indeedee, L86, M|243/243\n|-fieldstart|move: Psychic Terrain|[from] ability: Psychic Surge|[of] p2a: Indeedee\n|turn|17\n|\n|t:|1707250138\n|switch|p1a: Slaking|Slaking, L84, M|175/389\n|move|p2a: Indeedee|Expanding Force|p1a: Slaking\n|-damage|p1a: Slaking|0 fnt\n|faint|p1a: Slaking\n|\n|-weather|none\n|upkeep\n|\n|t:|1707250140\n|switch|p1a: Hariyama|Hariyama, L87, M|392/392\n|turn|18\n|-message|scyther225 forfeited.\n|\n|win|Iceman8911\n|raw|scyther225's rating: 2233 &rarr; <strong>2218</strong><br />(-15 for losing)\n|raw|Iceman8911's rating: 2324 &rarr; <strong>2339</strong><br />(+15 for winning)\n|l|\u2606scyther225\n|player|p1|\n", "inputlog": ">version f7febc1e180278a4fad948cfe1d20c95eaa9a53c\n>start {\"formatid\":\"gen9randombattle\",\"seed\":[9891,6695,36192,14934],\"rated\":\"Rated battle\"}\n>player p1 {\"name\":\"scyther225\",\"avatar\":\"acetrainer-gen4dp\",\"rating\":2240,\"seed\":[59906,42047,12778,37664]}\n>player p2 {\"name\":\"Iceman8911\",\"avatar\":\"lysandre-masters\",\"rating\":2324,\"seed\":[29667,37926,30553,62300]}\n>p1 move bodypress\n>p2 move bellydrum\n>p1 move bodypress\n>p2 move icespinner\n>p1 switch 3\n>p1 move doubleedge\n>p2 move iceshard\n>p2 switch 3\n>p1 switch 5\n>p2 move superpower\n>p1 move airslash\n>p2 move knockoff\n>p1 move airslash\n>p2 switch 4\n>p1 switch 4\n>p2 move scald\n>p1 move tidyup\n>p2 move scald\n>p1 move tailslap\n>p2 switch 4\n>p1 move bulletseed\n>p2 move superpower\n>p2 switch 6\n>p1 move tripleaxel\n>p2 move hypervoice terastallize\n>p1 switch 4\n>p1 move earthpower\n>p2 move hypervoice\n>p1 switch 2\n>p1 move raindance\n>p2 move roost\n>p1 move wavecrash terastallize\n>p2 switch 2\n>p1 move wavecrash\n>p2 move darkpulse\n>p2 switch 4\n>p1 move wavecrash\n>p2 switch 2\n>p1 switch 6\n>p2 switch 5\n>p1 switch 5\n>p2 move expandingforce\n>p1 switch 5\n>forcelose p1", "uploadtime": 1707250156, "views": 303, "formatid": "gen9randombattle", "rating": 2218, "private": 0, "password": null}