{"id": "gen9randombattle-2260470731", "format": "[Gen 9] Random Battle", "players": ["Greasebot", "Somsnosa"], "log": "|j|\u2606Greasebot\n|j|\u2606Somsnosa\n|t:|1733854785\n|gametype|singles\n|player|p1|Greasebot|brock|1522\n|player|p2|Somsnosa|erika|1551\n|teamsize|p1|6\n|teamsize|p2|6\n|gen|9\n|tier|[Gen 9] Random Battle\n|rated|\n|rule|Species Clause: Limit one of each Pok\u00e9mon\n|rule|HP Percentage Mod: HP is shown in percentages\n|rule|Sleep Clause Mod: Limit one foe put to sleep\n|rule|Illusion Level Mod: Illusion disguises the Pok\u00e9mon's true level\n|\n|t:|1733854785\n|start\n|switch|p1a: Hitmonlee|Hitmonlee, L85, M|224/224\n|switch|p2a: Diancie|Diancie, L82|216/216\n|turn|1\n|inactive|Battle timer is ON: inactive players will automatically lose when time's up. (requested by Somsnosa)\n|inactive|Greasebot also wants the timer to be on.\n|\n|t:|1733854803\n|switch|p1a: Clodsire|Clodsire, L81, M|343/343\n|move|p2a: Diancie|Calm Mind|p2a: Diancie\n|-boost|p2a: Diancie|spa|1\n|-boost|p2a: Diancie|spd|1\n|\n|upkeep\n|turn|2\n|\n|t:|1733854827\n|move|p2a: Diancie|Earth Power|p1a: Clodsire\n|-supereffective|p1a: Clodsire\n|-damage|p1a: Clodsire|175/343\n|move|p1a: Clodsire|Gunk Shot|p2a: Diancie\n|-damage|p2a: Diancie|146/216\n|\n|-heal|p2a: Diancie|159/216|[from] item: Leftovers\n|-heal|p1a: Clodsire|196/343|[from] item: Leftovers\n|upkeep\n|turn|3\n|\n|t:|1733854838\n|move|p2a: Diancie|Earth Power|p1a: Clodsire\n|-supereffective|p1a: Clodsire\n|-damage|p1a: Clodsire|10/343\n|move|p1a: Clodsire|Recover|p1a: Clodsire\n|-heal|p1a: Clodsire|182/343\n|\n|-heal|p2a: Diancie|172/216|[from] item: Leftovers\n|-heal|p1a: Clodsire|203/343|[from] item: Leftovers\n|upkeep\n|turn|4\n|\n|t:|1733854843\n|move|p2a: Diancie|Earth Power|p1a: Clodsire\n|-supereffective|p1a: Clodsire\n|-damage|p1a: Clodsire|15/343\n|-unboost|p1a: Clodsire|spd|1\n|move|p1a: Clodsire|Recover|p1a: Clodsire\n|-heal|p1a: Clodsire|187/343\n|\n|-heal|p2a: Diancie|185/216|[from] item: Leftovers\n|-heal|p1a: Clodsire|208/343|[from] item: Leftovers\n|upkeep\n|turn|5\n|\n|t:|1733854848\n|-terastallize|p1a: Clodsire|Flying\n|move|p2a: Diancie|Earth Power|p1a: Clodsire\n|-immune|p1a: Clodsire\n|move|p1a: Clodsire|Earthquake|p2a: Diancie\n|-supereffective|p2a: Diancie\n|-damage|p2a: Diancie|77/216\n|\n|-heal|p2a: Diancie|90/216|[from] item: Leftovers\n|-heal|p1a: Clodsire|229/343|[from] item: Leftovers\n|upkeep\n|turn|6\n|\n|t:|1733854876\n|switch|p1a: Hitmonlee|Hitmonlee, L85, M|224/224\n|move|p2a: Diancie|Diamond Storm|p1a: Hitmonlee\n|-resisted|p1a: Hitmonlee\n|-damage|p1a: Hitmonlee|147/224\n|-boost|p2a: Diancie|def|2\n|\n|-heal|p2a: Diancie|103/216|[from] item: Leftovers\n|upkeep\n|turn|7\n|\n|t:|1733854882\n|move|p1a: Hitmonlee|Poison Jab|p2a: Diancie\n|-damage|p2a: Diancie|80/216\n|move|p2a: Diancie|Draining Kiss|p1a: Hitmonlee\n|-supereffective|p1a: Hitmonlee\n|-damage|p1a: Hitmonlee|13/224\n|-heal|p2a: Diancie|181/216|[from] drain|[of] p1a: Hitmonlee\n|\n|-heal|p2a: Diancie|194/216|[from] item: Leftovers\n|upkeep\n|turn|8\n|\n|t:|1733854890\n|move|p1a: Hitmonlee|Close Combat|p2a: Diancie\n|-damage|p2a: Diancie|136/216\n|-unboost|p1a: Hitmonlee|def|1\n|-unboost|p1a: Hitmonlee|spd|1\n|-enditem|p1a: Hitmonlee|White Herb\n|-clearnegativeboost|p1a: Hitmonlee|[silent]\n|move|p2a: Diancie|Draining Kiss|p1a: Hitmonlee\n|-supereffective|p1a: Hitmonlee\n|-damage|p1a: Hitmonlee|0 fnt\n|-heal|p2a: Diancie|146/216|[from] drain|[of] p1a: Hitmonlee\n|faint|p1a: Hitmonlee\n|\n|-heal|p2a: Diancie|159/216|[from] item: Leftovers\n|upkeep\n|\n|t:|1733854902\n|switch|p1a: Ariados|Ariados, L95, F|287/287\n|turn|9\n|\n|t:|1733854914\n|move|p1a: Ariados|Poison Jab|p2a: Diancie\n|-crit|p2a: Diancie\n|-damage|p2a: Diancie|51/216\n|move|p2a: Diancie|Diamond Storm|p1a: Ariados\n|-supereffective|p1a: Ariados\n|-damage|p1a: Ariados|57/287\n|-boost|p2a: Diancie|def|2\n|\n|-heal|p2a: Diancie|64/216|[from] item: Leftovers\n|upkeep\n|turn|10\n|\n|t:|1733854922\n|move|p1a: Ariados|Sticky Web|p2a: Diancie\n|-sidestart|p2: Somsnosa|move: Sticky Web\n|move|p2a: Diancie|Draining Kiss|p1a: Ariados\n|-resisted|p1a: Ariados\n|-damage|p1a: Ariados|17/287\n|-heal|p2a: Diancie|94/216|[from] drain|[of] p1a: Ariados\n|\n|-heal|p2a: Diancie|107/216|[from] item: Leftovers\n|upkeep\n|turn|11\n|\n|t:|1733854925\n|move|p1a: Ariados|Poison Jab|p2a: Diancie\n|-damage|p2a: Diancie|85/216\n|move|p2a: Diancie|Draining Kiss|p1a: Ariados\n|-resisted|p1a: Ariados\n|-damage|p1a: Ariados|0 fnt\n|-heal|p2a: Diancie|98/216|[from] drain|[of] p1a: Ariados\n|faint|p1a: Ariados\n|\n|-heal|p2a: Diancie|111/216|[from] item: Leftovers\n|upkeep\n|\n|t:|1733854930\n|switch|p1a: Duraludon|Duraludon, L82, M|249/249\n|turn|12\n|\n|t:|1733854940\n|-terastallize|p2a: Diancie|Water\n|move|p1a: Duraludon|Flash Cannon|p2a: Diancie\n|-resisted|p2a: Diancie\n|-damage|p2a: Diancie|88/216\n|move|p2a: Diancie|Draining Kiss|p1a: Duraludon\n|-damage|p1a: Duraludon|167/249\n|-heal|p2a: Diancie|150/216|[from] drain|[of] p1a: Duraludon\n|\n|-heal|p2a: Diancie|163/216|[from] item: Leftovers\n|upkeep\n|turn|13\n|\n|t:|1733854947\n|move|p2a: Diancie|Earth Power|p1a: Duraludon\n|-supereffective|p1a: Duraludon\n|-damage|p1a: Duraludon|0 fnt\n|faint|p1a: Duraludon\n|\n|-heal|p2a: Diancie|176/216|[from] item: Leftovers\n|upkeep\n|\n|t:|1733854970\n|switch|p1a: Clawitzer|Clawitzer, L87, F|265/265\n|turn|14\n|\n|t:|1733854978\n|move|p1a: Clawitzer|Dragon Pulse|p2a: Diancie\n|-damage|p2a: Diancie|95/216\n|move|p2a: Diancie|Draining Kiss|p1a: Clawitzer\n|-damage|p1a: Clawitzer|189/265\n|-heal|p2a: Diancie|152/216|[from] drain|[of] p1a: Clawitzer\n|\n|-heal|p2a: Diancie|165/216|[from] item: Leftovers\n|upkeep\n|turn|15\n|\n|t:|1733854984\n|move|p1a: Clawitzer|Dragon Pulse|p2a: Diancie\n|-damage|p2a: Diancie|86/216\n|move|p2a: Diancie|Draining Kiss|p1a: Clawitzer\n|-damage|p1a: Clawitzer|111/265\n|-heal|p2a: Diancie|145/216|[from] drain|[of] p1a: Clawitzer\n|\n|-heal|p2a: Diancie|158/216|[from] item: Leftovers\n|upkeep\n|turn|16\n|\n|t:|1733854989\n|move|p1a: Clawitzer|Dragon Pulse|p2a: Diancie\n|-damage|p2a: Diancie|85/216\n|move|p2a: Diancie|Draining Kiss|p1a: Clawitzer\n|-crit|p1a: Clawitzer\n|-damage|p1a: Clawitzer|0 fnt\n|-heal|p2a: Diancie|168/216|[from] drain|[of] p1a: Clawitzer\n|faint|p1a: Clawitzer\n|\n|-heal|p2a: Diancie|181/216|[from] item: Leftovers\n|upkeep\n|\n|t:|1733854994\n|switch|p1a: Clodsire|Clodsire, L81, M, tera:Flying|229/343\n|turn|17\n|\n|t:|1733854998\n|move|p2a: Diancie|Diamond Storm|p1a: Clodsire\n|-supereffective|p1a: Clodsire\n|-damage|p1a: Clodsire|0 fnt\n|-boost|p2a: Diancie|def|2\n|faint|p1a: Clodsire\n|\n|-heal|p2a: Diancie|194/216|[from] item: Leftovers\n|upkeep\n|\n|t:|1733855002\n|switch|p1a: Mimikyu|Mimikyu, L79, M|216/216\n|turn|18\n|\n|t:|1733855006\n|move|p1a: Mimikyu|Play Rough|p2a: Diancie\n|-damage|p2a: Diancie|177/216\n|-damage|p1a: Mimikyu|195/216|[from] item: Life Orb\n|move|p2a: Diancie|Draining Kiss|p1a: Mimikyu\n|-activate|p1a: Mimikyu|ability: Disguise\n|-damage|p1a: Mimikyu|195/216\n|detailschange|p1a: Mimikyu|Mimikyu-Busted, L79, M\n|-damage|p1a: Mimikyu|168/216|[from] pokemon: Mimikyu-Busted\n|\n|-heal|p2a: Diancie|190/216|[from] item: Leftovers\n|upkeep\n|turn|19\n|\n|t:|1733855009\n|move|p1a: Mimikyu|Play Rough|p2a: Diancie\n|-damage|p2a: Diancie|171/216\n|-damage|p1a: Mimikyu|147/216|[from] item: Life Orb\n|move|p2a: Diancie|Earth Power|p1a: Mimikyu\n|-damage|p1a: Mimikyu|66/216\n|\n|-heal|p2a: Diancie|184/216|[from] item: Leftovers\n|upkeep\n|turn|20\n|\n|t:|1733855016\n|move|p1a: Mimikyu|Play Rough|p2a: Diancie\n|-damage|p2a: Diancie|163/216\n|-damage|p1a: Mimikyu|45/216|[from] item: Life Orb\n|move|p2a: Diancie|Earth Power|p1a: Mimikyu\n|-damage|p1a: Mimikyu|0 fnt\n|faint|p1a: Mimikyu\n|\n|win|Somsnosa\n|raw|Greasebot's rating: 1522 &rarr; <strong>1504</strong><br />(-18 for losing)\n|raw|Somsnosa's rating: 1551 &rarr; <strong>1569</strong><br />(+18 for winning)\n|l|\u2606Greasebot\n|player|p1|\n", "inputlog": ">version bfd83cad13791eb5a5a409923076391caf6fb4d4\n>start {\"formatid\":\"gen9randombattle\",\"seed\":[16348,26487,16794,57326],\"rated\":\"Rated battle\"}\n>player p1 {\"name\":\"Greasebot\",\"avatar\":\"brock\",\"rating\":1522,\"seed\":[9103,14475,54050,37046]}\n>player p2 {\"name\":\"Somsnosa\",\"avatar\":\"erika\",\"rating\":1551,\"seed\":[39385,59145,29003,59832]}\n>p1 switch 5\n>p2 move calmmind\n>p1 move gunkshot\n>p2 move earthpower\n>p1 move recover\n>p2 move earthpower\n>p1 move recover\n>p2 move earthpower\n>p1 move earthquake terastallize\n>p2 move earthpower\n>p1 switch 5\n>p2 move diamondstorm\n>p1 move poisonjab\n>p2 move drainingkiss\n>p1 move closecombat\n>p2 move drainingkiss\n>p1 switch 4\n>p1 move poisonjab\n>p2 move diamondstorm\n>p1 move stickyweb\n>p2 move drainingkiss\n>p1 move poisonjab\n>p2 move drainingkiss\n>p1 switch 3\n>p1 move flashcannon\n>p2 move drainingkiss terastallize\n>p1 move dragontail\n>p2 move earthpower\n>p1 switch 2\n>p1 move dragonpulse\n>p2 move drainingkiss\n>p1 move dragonpulse\n>p2 move drainingkiss\n>p1 move dragonpulse\n>p2 move drainingkiss\n>p1 switch 5\n>p1 move gunkshot\n>p2 move diamondstorm\n>p1 switch 6\n>p1 move playrough\n>p2 move drainingkiss\n>p1 move playrough\n>p2 move earthpower\n>p1 move playrough\n>p2 move earthpower", "uploadtime": 1733856657, "views": 3, "formatid": "gen9randombattle", "rating": 1504, "private": 0, "password": null}