{"id": "gen9randombattle-2112206530", "format": "[Gen 9] Random Battle", "players": ["LT_Alt1", "Aqua"], "log": "|badge|p1|silver|gen9randombattle|30-1\n|uhtml|medal-msg|<div class=\"broadcast-blue\">Curious what those medals under the avatar are? PS now has Ladder Seasons! For more information, check out the <a href=\"https://www.smogon.com/forums/threads/3740067/\">thread on Smogon.</a></div>\n|badge|p2|gold|gen9randombattle|3-1\n|uhtml|medal-msg|<div class=\"broadcast-blue\">Curious what those medals under the avatar are? PS now has Ladder Seasons! For more information, check out the <a href=\"https://www.smogon.com/forums/threads/3740067/\">thread on Smogon.</a></div>\n|j|\u203dLT_Alt1\n|j|\u2606Aqua\n|t:|1714155879\n|gametype|singles\n|player|p1|LT_Alt1|102|2488\n|player|p2|Aqua|#rbtt6teamlatiasf|2545\n|teamsize|p1|6\n|teamsize|p2|6\n|gen|9\n|tier|[Gen 9] Random Battle\n|rated|\n|rule|Species Clause: Limit one of each Pok\u00e9mon\n|rule|HP Percentage Mod: HP is shown in percentages\n|rule|Sleep Clause Mod: Limit one foe put to sleep\n|rule|Illusion Level Mod: Illusion disguises the Pok\u00e9mon's true level\n|\n|t:|1714155879\n|start\n|switch|p1a: Cramorant|Cramorant, L86, M|261/261\n|switch|p2a: Latias|Latias, L79, F|256/256\n|turn|1\n|\n|t:|1714155919\n|switch|p2a: Gothitelle|Gothitelle, L90, M|272/272\n|switch|p1a: Chandelure|Chandelure, L83, F|235/235\n|\n|upkeep\n|turn|2\n|\n|t:|1714155932\n|switch|p2a: Mabosstiff|Mabosstiff, L85, F|275/275\n|move|p1a: Chandelure|Shadow Ball|p2a: Mabosstiff\n|-resisted|p2a: Mabosstiff\n|-damage|p2a: Mabosstiff|202/275\n|-unboost|p2a: Mabosstiff|spd|1\n|\n|upkeep\n|turn|3\n|\n|t:|1714155940\n|switch|p1a: Passimian|Passimian, L83, F|302/302\n|move|p2a: Mabosstiff|Crunch|p1a: Passimian\n|-resisted|p1a: Passimian\n|-damage|p1a: Passimian|208/302\n|\n|upkeep\n|turn|4\n|\n|t:|1714155947\n|switch|p2a: Houndstone|Houndstone, L86, M|264/264\n|move|p1a: Passimian|Knock Off|p2a: Houndstone\n|-supereffective|p2a: Houndstone\n|-damage|p2a: Houndstone|152/264\n|-enditem|p2a: Houndstone|Leftovers|[from] move: Knock Off|[of] p1a: Passimian\n|\n|upkeep\n|turn|5\n|\n|t:|1714155958\n|switch|p1a: Cramorant|Cramorant, L86, M|261/261\n|move|p2a: Houndstone|Poltergeist|p1a: Cramorant\n|-activate|p1a: Cramorant|move: Poltergeist|Heavy-Duty Boots\n|-damage|p1a: Cramorant|89/261\n|\n|upkeep\n|turn|6\n|\n|t:|1714155971\n|move|p1a: Cramorant|Surf|p2a: Houndstone\n|-formechange|p1a: Cramorant|Cramorant-Gorging|\n|-damage|p2a: Houndstone|71/264\n|move|p2a: Houndstone|Rest|p2a: Houndstone\n|-status|p2a: Houndstone|slp|[from] move: Rest\n|-heal|p2a: Houndstone|264/264 slp|[silent]\n|\n|upkeep\n|turn|7\n|\n|t:|1714155977\n|switch|p2a: Gothitelle|Gothitelle, L90, M|272/272\n|move|p1a: Cramorant|Roost|p1a: Cramorant\n|-heal|p1a: Cramorant|220/261\n|-singleturn|p1a: Cramorant|move: Roost\n|\n|upkeep\n|turn|8\n|\n|t:|1714155983\n|move|p1a: Cramorant|Surf|p2a: Gothitelle\n|-damage|p2a: Gothitelle|202/272\n|move|p2a: Gothitelle|Thunderbolt|p1a: Cramorant\n|-supereffective|p1a: Cramorant\n|-damage|p1a: Cramorant|0 fnt\n|-damage|p2a: Gothitelle|134/272|[from] ability: Gulp Missile|[of] p1a: Cramorant\n|-status|p2a: Gothitelle|par\n|-formechange|p1a: Cramorant|Cramorant|\n|faint|p1a: Cramorant\n|\n|-heal|p2a: Gothitelle|151/272 par|[from] item: Leftovers\n|upkeep\n|\n|t:|1714155991\n|switch|p1a: Chandelure|Chandelure, L83, F|235/235\n|turn|9\n|\n|t:|1714156003\n|move|p1a: Chandelure|Shadow Ball|p2a: Gothitelle\n|-supereffective|p2a: Gothitelle\n|-damage|p2a: Gothitelle|0 fnt\n|faint|p2a: Gothitelle\n|\n|upkeep\n|\n|t:|1714156006\n|switch|p2a: Mabosstiff|Mabosstiff, L85, F|202/275\n|turn|10\n|\n|t:|1714156016\n|switch|p1a: Probopass|Probopass, L92, F|260/260\n|-item|p1a: Probopass|Air Balloon\n|move|p2a: Mabosstiff|Crunch|p1a: Probopass\n|-damage|p1a: Probopass|134/260\n|-enditem|p1a: Probopass|Air Balloon\n|\n|upkeep\n|turn|11\n|\n|t:|1714156023\n|switch|p2a: Skarmory|Skarmory, L80, M|235/235\n|move|p1a: Probopass|Stealth Rock|p2a: Skarmory\n|-sidestart|p2: Aqua|move: Stealth Rock\n|\n|upkeep\n|turn|12\n|\n|t:|1714156029\n|switch|p1a: Chandelure|Chandelure, L83, F|235/235\n|move|p2a: Skarmory|Stealth Rock|p1a: Chandelure\n|-sidestart|p1: LT_Alt1|move: Stealth Rock\n|\n|upkeep\n|turn|13\n|\n|t:|1714156051\n|switch|p2a: Latias|Latias, L79, F|256/256\n|-damage|p2a: Latias|224/256|[from] Stealth Rock\n|move|p1a: Chandelure|Shadow Ball|p2a: Latias\n|-supereffective|p2a: Latias\n|-damage|p2a: Latias|56/256\n|\n|upkeep\n|turn|14\n|\n|t:|1714156057\n|switch|p2a: Mabosstiff|Mabosstiff, L85, F|202/275\n|-damage|p2a: Mabosstiff|168/275|[from] Stealth Rock\n|move|p1a: Chandelure|Shadow Ball|p2a: Mabosstiff\n|-resisted|p2a: Mabosstiff\n|-damage|p2a: Mabosstiff|105/275\n|\n|upkeep\n|turn|15\n|\n|t:|1714156068\n|switch|p1a: Passimian|Passimian, L83, F|208/302\n|-damage|p1a: Passimian|190/302|[from] Stealth Rock\n|move|p2a: Mabosstiff|Crunch|p1a: Passimian\n|-resisted|p1a: Passimian\n|-damage|p1a: Passimian|91/302\n|\n|upkeep\n|turn|16\n|\n|t:|1714156083\n|switch|p2a: Houndstone|Houndstone, L86, M|264/264 slp\n|-damage|p2a: Houndstone|231/264 slp|[from] Stealth Rock\n|move|p1a: Passimian|Knock Off|p2a: Houndstone\n|-supereffective|p2a: Houndstone\n|-damage|p2a: Houndstone|161/264 slp\n|\n|upkeep\n|turn|17\n|\n|t:|1714156094\n|move|p1a: Passimian|Knock Off|p2a: Houndstone\n|-supereffective|p2a: Houndstone\n|-damage|p2a: Houndstone|87/264 slp\n|cant|p2a: Houndstone|slp\n|move|p2a: Houndstone|Sleep Talk|p2a: Houndstone\n|move|p2a: Houndstone|Rest||[from]move: Sleep Talk|[still]\n|-fail|p2a: Houndstone\n|\n|upkeep\n|turn|18\n|\n|t:|1714156099\n|move|p1a: Passimian|Knock Off|p2a: Houndstone\n|-supereffective|p2a: Houndstone\n|-damage|p2a: Houndstone|20/264 slp\n|cant|p2a: Houndstone|slp\n|move|p2a: Houndstone|Sleep Talk|p2a: Houndstone\n|move|p2a: Houndstone|Poltergeist|p1a: Passimian|[from]move: Sleep Talk\n|-activate|p1a: Passimian|move: Poltergeist|Choice Band\n|-damage|p1a: Passimian|0 fnt\n|faint|p1a: Passimian\n|\n|upkeep\n|\n|t:|1714156105\n|switch|p1a: Floatzel|Floatzel, L85, M|283/283\n|-damage|p1a: Floatzel|248/283|[from] Stealth Rock\n|turn|19\n|\n|t:|1714156120\n|move|p1a: Floatzel|Wave Crash|p2a: Houndstone\n|-damage|p2a: Houndstone|0 fnt\n|faint|p2a: Houndstone\n|-damage|p1a: Floatzel|241/283|[from] Recoil\n|\n|-heal|p1a: Floatzel|258/283|[from] item: Leftovers\n|upkeep\n|\n|t:|1714156136\n|switch|p2a: Crabominable|Crabominable, L90, F|321/321\n|-damage|p2a: Crabominable|281/321|[from] Stealth Rock\n|turn|20\n|\n|t:|1714156147\n|switch|p1a: Probopass|Probopass, L92, F|134/260\n|-damage|p1a: Probopass|118/260|[from] Stealth Rock\n|move|p2a: Crabominable|Close Combat|p1a: Probopass\n|-supereffective|p1a: Probopass\n|-damage|p1a: Probopass|0 fnt\n|-unboost|p2a: Crabominable|def|1\n|-unboost|p2a: Crabominable|spd|1\n|faint|p1a: Probopass\n|\n|upkeep\n|\n|t:|1714156151\n|switch|p1a: Chandelure|Chandelure, L83, F|235/235\n|-damage|p1a: Chandelure|177/235|[from] Stealth Rock\n|turn|21\n|\n|t:|1714156159\n|switch|p2a: Latias|Latias, L79, F|56/256\n|-damage|p2a: Latias|24/256|[from] Stealth Rock\n|move|p1a: Chandelure|Shadow Ball|p2a: Latias\n|-supereffective|p2a: Latias\n|-damage|p2a: Latias|0 fnt\n|faint|p2a: Latias\n|\n|upkeep\n|\n|t:|1714156161\n|switch|p2a: Mabosstiff|Mabosstiff, L85, F|105/275\n|-damage|p2a: Mabosstiff|71/275|[from] Stealth Rock\n|turn|22\n|\n|t:|1714156175\n|move|p2a: Mabosstiff|Crunch|p1a: Chandelure\n|-supereffective|p1a: Chandelure\n|-damage|p1a: Chandelure|0 fnt\n|faint|p1a: Chandelure\n|\n|upkeep\n|\n|t:|1714156177\n|switch|p1a: Floatzel|Floatzel, L85, M|258/283\n|-damage|p1a: Floatzel|223/283|[from] Stealth Rock\n|turn|23\n|\n|t:|1714156187\n|switch|p2a: Skarmory|Skarmory, L80, M|235/235\n|-damage|p2a: Skarmory|206/235|[from] Stealth Rock\n|move|p1a: Floatzel|Wave Crash|p2a: Skarmory\n|-damage|p2a: Skarmory|107/235\n|-damage|p1a: Floatzel|190/283|[from] Recoil\n|\n|-heal|p1a: Floatzel|207/283|[from] item: Leftovers\n|-heal|p2a: Skarmory|121/235|[from] item: Leftovers\n|upkeep\n|turn|24\n|\n|t:|1714156196\n|move|p1a: Floatzel|Bulk Up|p1a: Floatzel\n|-boost|p1a: Floatzel|atk|1\n|-boost|p1a: Floatzel|def|1\n|move|p2a: Skarmory|Roost|p2a: Skarmory\n|-heal|p2a: Skarmory|235/235\n|-singleturn|p2a: Skarmory|move: Roost\n|\n|-heal|p1a: Floatzel|224/283|[from] item: Leftovers\n|upkeep\n|turn|25\n|\n|t:|1714156199\n|move|p1a: Floatzel|Wave Crash|p2a: Skarmory\n|-damage|p2a: Skarmory|81/235\n|-damage|p1a: Floatzel|173/283|[from] Recoil\n|move|p2a: Skarmory|Brave Bird|p1a: Floatzel\n|-damage|p1a: Floatzel|74/283\n|-damage|p2a: Skarmory|48/235|[from] Recoil\n|\n|-heal|p1a: Floatzel|91/283|[from] item: Leftovers\n|-heal|p2a: Skarmory|62/235|[from] item: Leftovers\n|upkeep\n|turn|26\n|\n|t:|1714156203\n|move|p1a: Floatzel|Wave Crash|p2a: Skarmory\n|-damage|p2a: Skarmory|0 fnt\n|faint|p2a: Skarmory\n|-damage|p1a: Floatzel|71/283|[from] Recoil\n|\n|-heal|p1a: Floatzel|88/283|[from] item: Leftovers\n|upkeep\n|j| Referrals\n|\n|t:|1714156226\n|switch|p2a: Mabosstiff|Mabosstiff, L85, F|71/275\n|-damage|p2a: Mabosstiff|37/275|[from] Stealth Rock\n|turn|27\n|\n|t:|1714156230\n|move|p2a: Mabosstiff|Crunch|p1a: Floatzel\n|-damage|p1a: Floatzel|0 fnt\n|faint|p1a: Floatzel\n|\n|upkeep\n|\n|t:|1714156233\n|switch|p1a: Latios|Latios, L78, M|253/253\n|-damage|p1a: Latios|222/253|[from] Stealth Rock\n|turn|28\n|\n|t:|1714156255\n|-terastallize|p1a: Latios|Steel\n|move|p2a: Mabosstiff|Crunch|p1a: Latios\n|-damage|p1a: Latios|99/253\n|-unboost|p1a: Latios|def|1\n|move|p1a: Latios|Draco Meteor|p2a: Mabosstiff\n|-damage|p2a: Mabosstiff|0 fnt\n|-unboost|p1a: Latios|spa|2\n|faint|p2a: Mabosstiff\n|\n|upkeep\n|\n|t:|1714156260\n|switch|p2a: Crabominable|Crabominable, L90, F|281/321\n|-damage|p2a: Crabominable|241/321|[from] Stealth Rock\n|turn|29\n|\n|t:|1714156264\n|move|p1a: Latios|Draco Meteor|p2a: Crabominable\n|-damage|p2a: Crabominable|121/321\n|-unboost|p1a: Latios|spa|2\n|move|p2a: Crabominable|Close Combat|p1a: Latios\n|-supereffective|p1a: Latios\n|-damage|p1a: Latios|0 fnt\n|-unboost|p2a: Crabominable|def|1\n|-unboost|p2a: Crabominable|spd|1\n|faint|p1a: Latios\n|\n|win|Aqua\n|raw|LT_Alt1's rating: 2488 &rarr; <strong>2471</strong><br />(-17 for losing)\n|raw|Aqua's rating: 2545 &rarr; <strong>2562</strong><br />(+17 for winning)\n", "inputlog": ">version 56c3b69fcd3b113ffc796eb8c36c032ea017d75b\n>start {\"formatid\":\"gen9randombattle\",\"seed\":[47504,34024,11884,60097],\"rated\":\"Rated battle\"}\n>player p1 {\"name\":\"LT_Alt1\",\"avatar\":\"102\",\"rating\":2488,\"seed\":[25607,5467,25182,36140]}\n>player p2 {\"name\":\"Aqua\",\"avatar\":\"#rbtt6teamlatiasf\",\"rating\":2545,\"seed\":[5543,51953,36186,6075]}\n>p1 switch 3\n>p2 switch 3\n>p1 move shadowball\n>p2 switch 2\n>p1 switch 4\n>p2 move crunch\n>p1 move knockoff\n>p2 switch 4\n>p1 switch 3\n>p2 move poltergeist\n>p1 move surf\n>p2 move rest\n>p1 move roost\n>p2 switch 2\n>p1 move surf\n>p2 move thunderbolt\n>p1 switch 4\n>p1 move shadowball\n>p2 move darkpulse\n>p2 switch 4\n>p1 switch 6\n>p2 move crunch\n>p1 move stealthrock\n>p2 switch 6\n>p1 switch 6\n>p2 move stealthrock\n>p1 move shadowball\n>p2 switch 3\n>p1 move shadowball\n>p2 switch 6\n>p1 switch 3\n>p2 move crunch\n>p1 move knockoff\n>p2 switch 2\n>p1 move knockoff\n>p2 move sleeptalk\n>p1 move knockoff\n>p2 move sleeptalk\n>p1 switch 2\n>p1 move wavecrash\n>p2 move poltergeist\n>p2 switch 5\n>p1 switch 6\n>p2 move closecombat\n>p1 switch 3\n>p1 move shadowball\n>p2 switch 6\n>p2 switch 2\n>p1 move shadowball\n>p2 move crunch\n>p1 switch 6\n>p1 move wavecrash\n>p2 switch 3\n>p1 move bulkup\n>p2 move roost\n>p1 move wavecrash\n>p2 move bravebird\n>p1 move wavecrash\n>p2 move bravebird\n>p2 switch 3\n>p1 move wavecrash\n>p2 move crunch\n>p1 switch 5\n>p1 move dracometeor terastallize\n>p2 move crunch\n>p2 switch 6\n>p1 move dracometeor\n>p2 move closecombat", "uploadtime": 1714156277, "views": 264, "formatid": "gen9randombattle", "rating": 2471, "private": 0, "password": null}