{"id": "gen9randombattle-2260537341", "format": "[Gen 9] Random Battle", "players": ["BennusPhallus", "YoshiDumbass"], "log": "|j|\u2606BennusPhallus\n|j|\u2606YoshiDumbass\n|t:|1733861260\n|gametype|singles\n|player|p1|BennusPhallus|1|1679\n|player|p2|YoshiDumbass|265|1650\n|teamsize|p1|6\n|teamsize|p2|6\n|gen|9\n|tier|[Gen 9] Random Battle\n|rated|\n|rule|Species Clause: Limit one of each Pok\u00e9mon\n|rule|HP Percentage Mod: HP is shown in percentages\n|rule|Sleep Clause Mod: Limit one foe put to sleep\n|rule|Illusion Level Mod: Illusion disguises the Pok\u00e9mon's true level\n|\n|t:|1733861260\n|start\n|switch|p1a: Ribombee|Ribombee, L82, F|233/233\n|switch|p2a: Mightyena|Mightyena, L95, M|287/287\n|-ability|p2a: Mightyena|Intimidate|boost\n|-unboost|p1a: Ribombee|atk|1\n|turn|1\n|inactive|Battle timer is ON: inactive players will automatically lose when time's up. (requested by BennusPhallus)\n|\n|t:|1733861272\n|switch|p2a: Volbeat|Volbeat, L90, M|263/263\n|move|p1a: Ribombee|Stun Spore|p2a: Volbeat\n|-status|p2a: Volbeat|par\n|\n|upkeep\n|turn|2\n|\n|t:|1733861297\n|switch|p1a: Toxapex|Toxapex, L82, M|216/216\n|move|p2a: Volbeat|Thunder Wave|p1a: Toxapex\n|-status|p1a: Toxapex|par\n|\n|upkeep\n|turn|3\n|\n|t:|1733861306\n|cant|p2a: Volbeat|par\n|move|p1a: Toxapex|Liquidation|p2a: Volbeat\n|-crit|p2a: Volbeat\n|-damage|p2a: Volbeat|166/263 par\n|\n|upkeep\n|turn|4\n|\n|t:|1733861314\n|switch|p2a: Rotom|Rotom-Frost, L87|229/229\n|move|p1a: Toxapex|Liquidation|p2a: Rotom\n|-crit|p2a: Rotom\n|-damage|p2a: Rotom|156/229\n|\n|upkeep\n|turn|5\n|\n|t:|1733861324\n|move|p2a: Rotom|Thunderbolt|p1a: Toxapex\n|-supereffective|p1a: Toxapex\n|-damage|p1a: Toxapex|64/216 par\n|cant|p1a: Toxapex|par\n|\n|-heal|p1a: Toxapex|77/216 par|[from] item: Leftovers\n|upkeep\n|turn|6\n|\n|t:|1733861341\n|move|p2a: Rotom|Thunderbolt|p1a: Toxapex\n|-supereffective|p1a: Toxapex\n|-damage|p1a: Toxapex|0 fnt\n|faint|p1a: Toxapex\n|\n|upkeep\n|\n|t:|1733861347\n|switch|p1a: Ribombee|Ribombee, L82, F|233/233\n|turn|7\n|inactive|BennusPhallus has 120 seconds left.\n|\n|t:|1733861368\n|move|p1a: Ribombee|Moonblast|p2a: Rotom\n|-crit|p2a: Rotom\n|-damage|p2a: Rotom|47/229\n|-unboost|p2a: Rotom|spa|1\n|move|p2a: Rotom|Nasty Plot|p2a: Rotom\n|-boost|p2a: Rotom|spa|2\n|\n|upkeep\n|turn|8\n|\n|t:|1733861377\n|switch|p2a: Volbeat|Volbeat, L90, M|166/263 par\n|move|p1a: Ribombee|Moonblast|p2a: Volbeat\n|-damage|p2a: Volbeat|75/263 par\n|\n|upkeep\n|turn|9\n|\n|t:|1733861385\n|cant|p2a: Volbeat|par\n|move|p1a: Ribombee|Moonblast|p2a: Volbeat\n|-damage|p2a: Volbeat|0 fnt\n|faint|p2a: Volbeat\n|\n|upkeep\n|\n|t:|1733861390\n|switch|p2a: Mightyena|Mightyena, L95, M|287/287\n|-ability|p2a: Mightyena|Intimidate|boost\n|-unboost|p1a: Ribombee|atk|1\n|turn|10\n|c|\u2606BennusPhallus|Fuck that stupid bug\n|\n|t:|1733861402\n|switch|p1a: Dusknoir|Dusknoir, L89, F|225/225\n|-item|p2a: Mightyena|Choice Band|[from] ability: Frisk|[of] p1a: Dusknoir\n|-terastallize|p2a: Mightyena|Poison\n|move|p2a: Mightyena|Poison Fang|p1a: Dusknoir\n|-resisted|p1a: Dusknoir\n|-damage|p1a: Dusknoir|186/225\n|-status|p1a: Dusknoir|tox\n|\n|-heal|p1a: Dusknoir|200/225 tox|[from] item: Leftovers\n|-damage|p1a: Dusknoir|186/225 tox|[from] psn\n|upkeep\n|turn|11\n|\n|t:|1733861424\n|switch|p2a: Ting-Lu|Ting-Lu, L78|370/370\n|-ability|p2a: Ting-Lu|Vessel of Ruin\n|move|p1a: Dusknoir|Poltergeist|p2a: Ting-Lu\n|-activate|p2a: Ting-Lu|move: Poltergeist|Assault Vest\n|-resisted|p2a: Ting-Lu\n|-damage|p2a: Ting-Lu|315/370\n|\n|-heal|p1a: Dusknoir|200/225 tox|[from] item: Leftovers\n|-damage|p1a: Dusknoir|172/225 tox|[from] psn\n|upkeep\n|turn|12\n|\n|t:|1733861433\n|move|p1a: Dusknoir|Substitute|p1a: Dusknoir\n|-start|p1a: Dusknoir|Substitute\n|-damage|p1a: Dusknoir|116/225 tox\n|move|p2a: Ting-Lu|Ruination|p1a: Dusknoir\n|-end|p1a: Dusknoir|Substitute\n|\n|-heal|p1a: Dusknoir|130/225 tox|[from] item: Leftovers\n|-damage|p1a: Dusknoir|88/225 tox|[from] psn\n|upkeep\n|turn|13\n|\n|t:|1733861442\n|switch|p1a: Ribombee|Ribombee, L82, F|233/233\n|move|p2a: Ting-Lu|Payback|p1a: Ribombee\n|-resisted|p1a: Ribombee\n|-damage|p1a: Ribombee|198/233\n|\n|upkeep\n|turn|14\n|\n|t:|1733861458\n|move|p1a: Ribombee|Stun Spore|p2a: Ting-Lu\n|-status|p2a: Ting-Lu|par\n|move|p2a: Ting-Lu|Heavy Slam|p1a: Ribombee\n|-supereffective|p1a: Ribombee\n|-damage|p1a: Ribombee|0 fnt\n|faint|p1a: Ribombee\n|\n|upkeep\n|\n|t:|1733861467\n|switch|p1a: Bellossom|Bellossom, L84, F|263/263\n|turn|15\n|\n|t:|1733861490\n|switch|p2a: Rotom|Rotom-Frost, L87|47/229\n|move|p1a: Bellossom|Quiver Dance|p1a: Bellossom\n|-boost|p1a: Bellossom|spa|1\n|-boost|p1a: Bellossom|spd|1\n|-boost|p1a: Bellossom|spe|1\n|\n|upkeep\n|turn|16\n|inactive|BennusPhallus has 120 seconds left.\n|\n|t:|1733861534\n|-terastallize|p1a: Bellossom|Water\n|move|p2a: Rotom|Blizzard|p1a: Bellossom|[miss]\n|-miss|p2a: Rotom|p1a: Bellossom\n|move|p1a: Bellossom|Strength Sap|p2a: Rotom\n|-unboost|p2a: Rotom|atk|1\n|\n|upkeep\n|turn|17\n|\n|t:|1733861548\n|move|p2a: Rotom|Thunderbolt|p1a: Bellossom\n|-supereffective|p1a: Bellossom\n|-damage|p1a: Bellossom|135/263\n|move|p1a: Bellossom|Quiver Dance|p1a: Bellossom\n|-boost|p1a: Bellossom|spa|1\n|-boost|p1a: Bellossom|spd|1\n|-boost|p1a: Bellossom|spe|1\n|\n|-heal|p1a: Bellossom|151/263|[from] item: Leftovers\n|upkeep\n|turn|18\n|\n|t:|1733861555\n|move|p1a: Bellossom|Giga Drain|p2a: Rotom\n|-damage|p2a: Rotom|0 fnt\n|-heal|p1a: Bellossom|175/263|[from] drain|[of] p2a: Rotom\n|faint|p2a: Rotom\n|\n|-heal|p1a: Bellossom|191/263|[from] item: Leftovers\n|upkeep\n|\n|t:|1733861565\n|switch|p2a: Exeggutor|Exeggutor-Alola, L89, F|314/314\n|-item|p1a: Bellossom|Leftovers|[from] ability: Frisk|[of] p2a: Exeggutor\n|turn|19\n|inactive|BennusPhallus has 120 seconds left.\n|\n|t:|1733861575\n|switch|p1a: Dusknoir|Dusknoir, L89, F|88/225 tox\n|-item|p2a: Exeggutor|Choice Specs|[from] ability: Frisk|[of] p1a: Dusknoir\n|move|p2a: Exeggutor|Leaf Storm|p1a: Dusknoir\n|-damage|p1a: Dusknoir|0 fnt\n|-unboost|p2a: Exeggutor|spa|2\n|faint|p1a: Dusknoir\n|\n|upkeep\n|inactive|BennusPhallus has 120 seconds left.\n|\n|t:|1733861582\n|switch|p1a: Chandelure|Chandelure, L83, F|235/235\n|turn|20\n|\n|t:|1733861591\n|switch|p2a: Ting-Lu|Ting-Lu, L78|315/370 par\n|-ability|p2a: Ting-Lu|Vessel of Ruin\n|move|p1a: Chandelure|Fire Blast|p2a: Ting-Lu\n|-damage|p2a: Ting-Lu|224/370 par\n|\n|upkeep\n|turn|21\n|\n|t:|1733861601\n|switch|p1a: Scream Tail|Scream Tail, L84|330/330\n|move|p2a: Ting-Lu|Ruination|p1a: Scream Tail\n|-damage|p1a: Scream Tail|165/330\n|\n|-heal|p1a: Scream Tail|185/330|[from] item: Leftovers\n|upkeep\n|turn|22\n|\n|t:|1733861612\n|move|p1a: Scream Tail|Dazzling Gleam|p2a: Ting-Lu\n|-supereffective|p2a: Ting-Lu\n|-crit|p2a: Ting-Lu\n|-damage|p2a: Ting-Lu|122/370 par\n|cant|p2a: Ting-Lu|par\n|\n|-heal|p1a: Scream Tail|205/330|[from] item: Leftovers\n|upkeep\n|turn|23\n|\n|t:|1733861619\n|move|p1a: Scream Tail|Dazzling Gleam|p2a: Ting-Lu\n|-supereffective|p2a: Ting-Lu\n|-damage|p2a: Ting-Lu|48/370 par\n|move|p2a: Ting-Lu|Heavy Slam|p1a: Scream Tail\n|-supereffective|p1a: Scream Tail\n|-damage|p1a: Scream Tail|61/330\n|\n|-heal|p1a: Scream Tail|81/330|[from] item: Leftovers\n|upkeep\n|turn|24\n|\n|t:|1733861628\n|move|p1a: Scream Tail|Protect|p1a: Scream Tail\n|-singleturn|p1a: Scream Tail|Protect\n|cant|p2a: Ting-Lu|par\n|\n|-heal|p1a: Scream Tail|101/330|[from] item: Leftovers\n|upkeep\n|turn|25\n|\n|t:|1733861634\n|move|p1a: Scream Tail|Dazzling Gleam|p2a: Ting-Lu\n|-supereffective|p2a: Ting-Lu\n|-damage|p2a: Ting-Lu|0 fnt\n|faint|p2a: Ting-Lu\n|\n|-heal|p1a: Scream Tail|121/330|[from] item: Leftovers\n|upkeep\n|\n|t:|1733861640\n|switch|p2a: Mightyena|Mightyena, L95, M, tera:Poison|287/287\n|-ability|p2a: Mightyena|Intimidate|boost\n|-unboost|p1a: Scream Tail|atk|1\n|turn|26\n|\n|t:|1733861651\n|-end|p1a: Scream Tail|Protosynthesis|[silent]\n|switch|p1a: Chandelure|Chandelure, L83, F|235/235\n|move|p2a: Mightyena|Poison Fang|p1a: Chandelure\n|-resisted|p1a: Chandelure\n|-damage|p1a: Chandelure|179/235\n|-status|p1a: Chandelure|tox\n|\n|-damage|p1a: Chandelure|165/235 tox|[from] psn\n|upkeep\n|turn|27\n|inactive|BennusPhallus has 120 seconds left.\n|\n|t:|1733861687\n|switch|p2a: Cramorant|Cramorant, L86, F|261/261\n|move|p1a: Chandelure|Fire Blast|p2a: Cramorant\n|-resisted|p2a: Cramorant\n|-damage|p2a: Cramorant|192/261\n|\n|-damage|p1a: Chandelure|137/235 tox|[from] psn\n|upkeep\n|turn|28\n|inactive|BennusPhallus has 120 seconds left.\n|\n|t:|1733861693\n|switch|p1a: Bellossom|Bellossom, L84, F, tera:Water|191/263\n|move|p2a: Cramorant|Surf|p1a: Bellossom\n|-formechange|p2a: Cramorant|Cramorant-Gulping|\n|-resisted|p1a: Bellossom\n|-damage|p1a: Bellossom|149/263\n|\n|-heal|p1a: Bellossom|165/263|[from] item: Leftovers\n|upkeep\n|turn|29\n|\n|t:|1733861707\n|move|p2a: Cramorant|Brave Bird|p1a: Bellossom\n|-damage|p1a: Bellossom|48/263\n|-damage|p2a: Cramorant|153/261|[from] Recoil\n|move|p1a: Bellossom|Sleep Powder|p2a: Cramorant|[miss]\n|-miss|p1a: Bellossom|p2a: Cramorant\n|\n|-heal|p1a: Bellossom|64/263|[from] item: Leftovers\n|upkeep\n|turn|30\n|\n|t:|1733861717\n|move|p2a: Cramorant|Brave Bird|p1a: Bellossom\n|-damage|p1a: Bellossom|0 fnt\n|faint|p1a: Bellossom\n|-damage|p2a: Cramorant|132/261|[from] Recoil\n|\n|upkeep\n|inactive|BennusPhallus has 120 seconds left.\n|\n|t:|1733861737\n|switch|p1a: Chandelure|Chandelure, L83, F|137/235 tox\n|turn|31\n|\n|t:|1733861740\n|move|p1a: Chandelure|Shadow Ball|p2a: Cramorant\n|-damage|p2a: Cramorant|20/261\n|-damage|p1a: Chandelure|79/235 tox|[from] ability: Gulp Missile|[of] p2a: Cramorant\n|-unboost|p1a: Chandelure|def|1\n|-formechange|p2a: Cramorant|Cramorant|\n|move|p2a: Cramorant|Surf|p1a: Chandelure\n|-formechange|p2a: Cramorant|Cramorant-Gorging|\n|-supereffective|p1a: Chandelure\n|-damage|p1a: Chandelure|0 fnt\n|faint|p1a: Chandelure\n|\n|upkeep\n|\n|t:|1733861750\n|switch|p1a: Scream Tail|Scream Tail, L84|121/330\n|turn|32\n|\n|t:|1733861766\n|move|p1a: Scream Tail|Dazzling Gleam|p2a: Cramorant\n|-damage|p2a: Cramorant|0 fnt\n|-damage|p1a: Scream Tail|39/330|[from] ability: Gulp Missile|[of] p2a: Cramorant\n|-status|p1a: Scream Tail|par\n|-formechange|p2a: Cramorant|Cramorant|\n|faint|p2a: Cramorant\n|\n|-heal|p1a: Scream Tail|59/330 par|[from] item: Leftovers\n|upkeep\n|\n|t:|1733861771\n|switch|p2a: Mightyena|Mightyena, L95, M, tera:Poison|287/287\n|-ability|p2a: Mightyena|Intimidate|boost\n|-unboost|p1a: Scream Tail|atk|1\n|turn|33\n|l|\u2606BennusPhallus\n|inactive|BennusPhallus disconnected and has a minute to reconnect!\n|player|p1|\n|inactive|BennusPhallus has 30 seconds to reconnect!\n|j|\u2606BennusPhallus\n|inactive|BennusPhallus reconnected and has 100 seconds left.\n|player|p1|BennusPhallus|1|\n|inactive|BennusPhallus has 90 seconds left.\n|\n|t:|1733861833\n|move|p2a: Mightyena|Poison Fang|p1a: Scream Tail\n|-supereffective|p1a: Scream Tail\n|-damage|p1a: Scream Tail|0 fnt\n|faint|p1a: Scream Tail\n|-end|p1a: Scream Tail|Protosynthesis|[silent]\n|\n|win|YoshiDumbass\n", "inputlog": ">version bfd83cad13791eb5a5a409923076391caf6fb4d4\n>start {\"formatid\":\"gen9randombattle\",\"seed\":[19580,57375,40397,36823],\"rated\":\"Rated battle\"}\n>player p1 {\"name\":\"BennusPhallus\",\"avatar\":\"1\",\"rating\":1679,\"seed\":[4221,8312,45086,57045]}\n>player p2 {\"name\":\"YoshiDumbass\",\"avatar\":\"265\",\"rating\":1650,\"seed\":[58840,22600,13341,62776]}\n>p1 move stunspore\n>p2 switch 6\n>p1 switch 3\n>p2 move thunderwave\n>p1 move liquidation\n>p2 move lunge\n>p1 move liquidation\n>p2 switch 5\n>p1 move toxic\n>p2 move thunderbolt\n>p1 move toxic\n>p2 move thunderbolt\n>p1 switch 3\n>p1 move moonblast\n>p2 move nastyplot\n>p1 move moonblast\n>p2 switch 5\n>p1 move moonblast\n>p2 move thunderwave\n>p2 switch 6\n>chat \u2606BennusPhallus|Fuck that stupid bug \n>p1 switch 4\n>p2 move poisonfang terastallize\n>p1 move poltergeist\n>p2 switch 4\n>p1 move substitute\n>p2 move ruination\n>p1 switch 4\n>p2 move payback\n>p1 move stunspore\n>p2 move heavyslam\n>p1 switch 6\n>p1 move quiverdance\n>p2 switch 5\n>p1 move strengthsap terastallize\n>p2 move blizzard\n>p1 move quiverdance\n>p2 move thunderbolt\n>p1 move gigadrain\n>p2 move thunderbolt\n>p2 switch 3\n>p1 switch 4\n>p2 move leafstorm\n>p1 switch 5\n>p1 move fireblast\n>p2 switch 5\n>p1 switch 2\n>p2 move ruination\n>p1 move dazzlinggleam\n>p2 move heavyslam\n>p1 move dazzlinggleam\n>p2 move heavyslam\n>p1 move protect\n>p2 move ruination\n>p1 move dazzlinggleam\n>p2 move ruination\n>p2 switch 4\n>p1 switch 2\n>p2 move poisonfang\n>p1 move fireblast\n>p2 switch 2\n>p1 switch 4\n>p2 move surf\n>p1 move sleeppowder\n>p2 move bravebird\n>p1 move quiverdance\n>p2 move bravebird\n>p1 switch 4\n>p1 move shadowball\n>p2 move surf\n>p1 switch 2\n>p1 move dazzlinggleam\n>p2 move surf\n>p2 switch 2\n>p1 move dazzlinggleam\n>p2 move poisonfang", "uploadtime": 1733861396, "views": 1, "formatid": "gen9randombattle", "rating": null, "private": 0, "password": null}