{"id": "gen9randombattle-2260578792", "format": "[Gen 9] Random Battle", "players": ["completos2000", "barrrrrrrrrrra"], "log": "|j|\u2606completos2000\n|j|\u2606barrrrrrrrrrra\n|t:|1733865542\n|gametype|singles\n|player|p1|completos2000|1|\n|player|p2|barrrrrrrrrrra|1|\n|teamsize|p1|6\n|teamsize|p2|6\n|gen|9\n|tier|[Gen 9] Random Battle\n|rule|Species Clause: Limit one of each Pok\u00e9mon\n|rule|HP Percentage Mod: HP is shown in percentages\n|rule|Sleep Clause Mod: Limit one foe put to sleep\n|rule|Illusion Level Mod: Illusion disguises the Pok\u00e9mon's true level\n|\n|t:|1733865542\n|start\n|switch|p1a: Florges|Florges-Orange, L85, F|271/271\n|switch|p2a: Charizard|Charizard, L85, M|271/271\n|turn|1\n|\n|t:|1733865587\n|move|p2a: Charizard|Dragon Dance|p2a: Charizard\n|-boost|p2a: Charizard|atk|1\n|-boost|p2a: Charizard|spe|1\n|move|p1a: Florges|Calm Mind|p1a: Florges\n|-boost|p1a: Florges|spa|1\n|-boost|p1a: Florges|spd|1\n|\n|upkeep\n|turn|2\n|\n|t:|1733865603\n|move|p2a: Charizard|Dragon Dance|p2a: Charizard\n|-boost|p2a: Charizard|atk|1\n|-boost|p2a: Charizard|spe|1\n|move|p1a: Florges|Moonblast|p2a: Charizard\n|-resisted|p2a: Charizard\n|-damage|p2a: Charizard|177/271\n|\n|upkeep\n|turn|3\n|\n|t:|1733865630\n|-terastallize|p1a: Florges|Ground\n|move|p2a: Charizard|Flare Blitz|p1a: Florges\n|-damage|p1a: Florges|0 fnt\n|faint|p1a: Florges\n|-damage|p2a: Charizard|88/271|[from] Recoil\n|\n|upkeep\n|\n|t:|1733865642\n|switch|p1a: Dragapult|Dragapult, L77, F, shiny|262/262\n|turn|4\n|\n|t:|1733865653\n|move|p2a: Charizard|Outrage|p1a: Dragapult\n|-supereffective|p1a: Dragapult\n|-damage|p1a: Dragapult|0 fnt\n|faint|p1a: Dragapult\n|\n|upkeep\n|\n|t:|1733865670\n|switch|p1a: Mightyena|Mightyena, L95, M|287/287\n|-ability|p1a: Mightyena|Intimidate|boost\n|-unboost|p2a: Charizard|atk|1\n|turn|5\n|\n|t:|1733865675\n|move|p1a: Mightyena|Sucker Punch|p2a: Charizard\n|-damage|p2a: Charizard|0 fnt\n|faint|p2a: Charizard\n|\n|upkeep\n|\n|t:|1733865696\n|switch|p2a: Iron Hands|Iron Hands, L79|373/373\n|turn|6\n|\n|t:|1733865730\n|move|p1a: Mightyena|Poison Fang|p2a: Iron Hands\n|-damage|p2a: Iron Hands|331/373\n|move|p2a: Iron Hands|Drain Punch|p1a: Mightyena\n|-supereffective|p1a: Mightyena\n|-damage|p1a: Mightyena|105/287\n|-heal|p2a: Iron Hands|373/373|[from] drain|[of] p1a: Mightyena\n|\n|-heal|p1a: Mightyena|122/287|[from] item: Leftovers\n|upkeep\n|turn|7\n|\n|t:|1733865739\n|move|p1a: Mightyena|Poison Fang|p2a: Iron Hands\n|-damage|p2a: Iron Hands|334/373\n|move|p2a: Iron Hands|Swords Dance|p2a: Iron Hands\n|-boost|p2a: Iron Hands|atk|2\n|\n|-heal|p1a: Mightyena|139/287|[from] item: Leftovers\n|-heal|p2a: Iron Hands|357/373|[from] item: Leftovers\n|upkeep\n|turn|8\n|\n|t:|1733865745\n|move|p1a: Mightyena|Poison Fang|p2a: Iron Hands\n|-damage|p2a: Iron Hands|316/373\n|-status|p2a: Iron Hands|tox\n|move|p2a: Iron Hands|Drain Punch|p1a: Mightyena\n|-supereffective|p1a: Mightyena\n|-damage|p1a: Mightyena|0 fnt\n|-heal|p2a: Iron Hands|373/373 tox|[from] drain|[of] p1a: Mightyena\n|faint|p1a: Mightyena\n|\n|-damage|p2a: Iron Hands|350/373 tox|[from] psn\n|upkeep\n|\n|t:|1733865768\n|switch|p1a: Kricketune|Kricketune, L99, M|312/312\n|turn|9\n|\n|t:|1733865791\n|move|p1a: Kricketune|Knock Off|p2a: Iron Hands\n|-resisted|p2a: Iron Hands\n|-damage|p2a: Iron Hands|312/373 tox\n|-enditem|p2a: Iron Hands|Leftovers|[from] move: Knock Off|[of] p1a: Kricketune\n|move|p2a: Iron Hands|Drain Punch|p1a: Kricketune\n|-resisted|p1a: Kricketune\n|-damage|p1a: Kricketune|194/312\n|-heal|p2a: Iron Hands|371/373 tox|[from] drain|[of] p1a: Kricketune\n|\n|-damage|p2a: Iron Hands|325/373 tox|[from] psn\n|upkeep\n|turn|10\n|\n|t:|1733865808\n|move|p1a: Kricketune|Pounce|p2a: Iron Hands\n|-resisted|p2a: Iron Hands\n|-damage|p2a: Iron Hands|277/373 tox\n|-unboost|p2a: Iron Hands|spe|1\n|move|p2a: Iron Hands|Swords Dance|p2a: Iron Hands\n|-boost|p2a: Iron Hands|atk|2\n|\n|-damage|p2a: Iron Hands|208/373 tox|[from] psn\n|upkeep\n|turn|11\n|\n|t:|1733865822\n|move|p1a: Kricketune|Sticky Web|p2a: Iron Hands\n|-sidestart|p2: barrrrrrrrrrra|move: Sticky Web\n|move|p2a: Iron Hands|Drain Punch|p1a: Kricketune\n|-resisted|p1a: Kricketune\n|-damage|p1a: Kricketune|4/312\n|-heal|p2a: Iron Hands|303/373 tox|[from] drain|[of] p1a: Kricketune\n|\n|-damage|p2a: Iron Hands|211/373 tox|[from] psn\n|upkeep\n|turn|12\n|\n|t:|1733865830\n|move|p1a: Kricketune|Pounce|p2a: Iron Hands\n|-resisted|p2a: Iron Hands\n|-damage|p2a: Iron Hands|169/373 tox\n|-unboost|p2a: Iron Hands|spe|1\n|move|p2a: Iron Hands|Drain Punch|p1a: Kricketune\n|-resisted|p1a: Kricketune\n|-damage|p1a: Kricketune|0 fnt\n|-heal|p2a: Iron Hands|171/373 tox|[from] drain|[of] p1a: Kricketune\n|faint|p1a: Kricketune\n|\n|-damage|p2a: Iron Hands|56/373 tox|[from] psn\n|upkeep\n|\n|t:|1733865833\n|switch|p1a: Serperior|Serperior, L79, F|248/248\n|turn|13\n|\n|t:|1733865847\n|move|p1a: Serperior|Substitute|p1a: Serperior\n|-start|p1a: Serperior|Substitute\n|-damage|p1a: Serperior|186/248\n|move|p2a: Iron Hands|Thunder Punch|p1a: Serperior\n|-resisted|p1a: Serperior\n|-end|p1a: Serperior|Substitute\n|\n|-heal|p1a: Serperior|201/248|[from] item: Leftovers\n|-damage|p2a: Iron Hands|0 fnt|[from] psn\n|faint|p2a: Iron Hands\n|-end|p2a: Iron Hands|Quark Drive|[silent]\n|upkeep\n|\n|t:|1733865880\n|switch|p2a: Furret|Furret, L94, F|312/312\n|-activate|p2a: Furret|move: Sticky Web\n|-unboost|p2a: Furret|spe|1\n|-item|p1a: Serperior|Leftovers|[from] ability: Frisk|[of] p2a: Furret\n|turn|14\n|\n|t:|1733865896\n|move|p1a: Serperior|Leech Seed|p2a: Furret\n|-start|p2a: Furret|move: Leech Seed\n|move|p2a: Furret|U-turn|p1a: Serperior\n|-supereffective|p1a: Serperior\n|-damage|p1a: Serperior|61/248\n|\n|t:|1733865906\n|switch|p2a: Ditto|Ditto, L87|225/225|[from] U-turn\n|-activate|p2a: Ditto|move: Sticky Web\n|-unboost|p2a: Ditto|spe|1\n|-transform|p2a: Ditto|p1a: Serperior|[from] ability: Imposter\n|\n|-heal|p1a: Serperior|76/248|[from] item: Leftovers\n|upkeep\n|turn|15\n|\n|t:|1733865914\n|switch|p1a: Archaludon|Archaludon, L78, M|268/268\n|move|p2a: Ditto|Substitute|p2a: Ditto\n|-start|p2a: Ditto|Substitute\n|-damage|p2a: Ditto|169/225\n|\n|upkeep\n|turn|16\n|\n|t:|1733865924\n|move|p2a: Ditto|Substitute|p2a: Ditto\n|-fail|p2a: Ditto|move: Substitute\n|move|p1a: Archaludon|Dragon Tail|p2a: Ditto\n|-end|p2a: Ditto|Substitute\n|\n|upkeep\n|turn|17\n|\n|t:|1733865941\n|move|p2a: Ditto|Substitute|p2a: Ditto\n|-start|p2a: Ditto|Substitute\n|-damage|p2a: Ditto|113/225\n|move|p1a: Archaludon|Dragon Tail|p2a: Ditto\n|-end|p2a: Ditto|Substitute\n|\n|upkeep\n|turn|18\n|\n|t:|1733865945\n|move|p2a: Ditto|Substitute|p2a: Ditto\n|-start|p2a: Ditto|Substitute\n|-damage|p2a: Ditto|57/225\n|move|p1a: Archaludon|Dragon Tail|p2a: Ditto\n|-end|p2a: Ditto|Substitute\n|\n|upkeep\n|turn|19\n|\n|t:|1733865949\n|move|p2a: Ditto|Substitute|p2a: Ditto\n|-start|p2a: Ditto|Substitute\n|-damage|p2a: Ditto|1/225\n|move|p1a: Archaludon|Dragon Tail|p2a: Ditto|[miss]\n|-miss|p1a: Archaludon|p2a: Ditto\n|\n|upkeep\n|turn|20\n|\n|t:|1733865952\n|-activate|p2a: Ditto|move: Struggle\n|move|p2a: Ditto|Struggle|p1a: Archaludon\n|-damage|p1a: Archaludon|250/268\n|-ability|p1a: Archaludon|Stamina|boost\n|-boost|p1a: Archaludon|def|1\n|-damage|p2a: Ditto|0 fnt|[from] recoil\n|faint|p2a: Ditto\n|move|p1a: Archaludon|Dragon Tail|p2: Ditto|[notarget]\n|-fail|p1a: Archaludon\n|\n|upkeep\n|\n|t:|1733865981\n|switch|p2a: Tsareena|Tsareena, L87, F|267/267\n|-activate|p2a: Tsareena|move: Sticky Web\n|-unboost|p2a: Tsareena|spe|1\n|turn|21\n|\n|t:|1733866157\n|move|p1a: Archaludon|Body Press|p2a: Tsareena\n|-damage|p2a: Tsareena|181/267\n|move|p2a: Tsareena|Triple Axel|p1a: Archaludon\n|-damage|p1a: Archaludon|234/268\n|-ability|p1a: Archaludon|Stamina|boost\n|-boost|p1a: Archaludon|def|1\n|-damage|p1a: Archaludon|213/268\n|-ability|p1a: Archaludon|Stamina|boost\n|-boost|p1a: Archaludon|def|1\n|-damage|p1a: Archaludon|185/268\n|-ability|p1a: Archaludon|Stamina|boost\n|-boost|p1a: Archaludon|def|1\n|-hitcount|p1a: Archaludon|3\n|\n|upkeep\n|turn|22\n|\n|t:|1733866174\n|move|p1a: Archaludon|Body Press|p2a: Tsareena\n|-damage|p2a: Tsareena|23/267\n|move|p2a: Tsareena|Triple Axel|p1a: Archaludon\n|-damage|p1a: Archaludon|177/268\n|-ability|p1a: Archaludon|Stamina|boost\n|-boost|p1a: Archaludon|def|1\n|-damage|p1a: Archaludon|164/268\n|-ability|p1a: Archaludon|Stamina|boost\n|-boost|p1a: Archaludon|def|1\n|-damage|p1a: Archaludon|148/268\n|-hitcount|p1a: Archaludon|3\n|\n|upkeep\n|turn|23\n|\n|t:|1733866203\n|move|p1a: Archaludon|Body Press|p2a: Tsareena\n|-damage|p2a: Tsareena|0 fnt\n|faint|p2a: Tsareena\n|\n|upkeep\n|\n|t:|1733866208\n|switch|p2a: Furret|Furret, L94, F|312/312\n|-activate|p2a: Furret|move: Sticky Web\n|-unboost|p2a: Furret|spe|1\n|-item|p1a: Archaludon|Assault Vest|[from] ability: Frisk|[of] p2a: Furret\n|turn|24\n|\n|t:|1733866214\n|move|p1a: Archaludon|Body Press|p2a: Furret\n|-supereffective|p2a: Furret\n|-damage|p2a: Furret|0 fnt\n|faint|p2a: Furret\n|\n|upkeep\n|-message|barrrrrrrrrrra forfeited.\n|\n|win|completos2000\n|l|\u2606barrrrrrrrrrra\n|player|p2|\n", "inputlog": ">version bfd83cad13791eb5a5a409923076391caf6fb4d4\n>start {\"formatid\":\"gen9randombattle\",\"seed\":[25443,23394,9469,8798]}\n>player p1 {\"name\":\"completos2000\",\"avatar\":\"1\",\"rating\":0,\"seed\":[37681,25118,5545,61112]}\n>player p2 {\"name\":\"barrrrrrrrrrra\",\"avatar\":\"1\",\"rating\":0,\"seed\":[1835,58186,14888,64186]}\n>p1 move calmmind\n>p2 move dragondance\n>p1 move moonblast\n>p2 move dragondance\n>p1 move moonblast terastallize\n>p2 move flareblitz\n>p1 switch 4\n>p1 move thunderbolt\n>p2 move outrage\n>p1 switch 2\n>p1 move suckerpunch\n>p2 move outrage\n>p2 switch 2\n>p1 move poisonfang\n>p2 move drainpunch\n>p1 move poisonfang\n>p2 move swordsdance\n>p1 move poisonfang\n>p2 move drainpunch\n>p1 switch 6\n>p1 move knockoff\n>p2 move drainpunch\n>p1 move pounce\n>p2 move swordsdance\n>p1 move stickyweb\n>p2 move drainpunch\n>p1 move pounce\n>p2 move drainpunch\n>p1 switch 5\n>p1 move substitute\n>p2 move thunderpunch\n>p2 switch 3\n>p1 move leechseed\n>p2 move uturn\n>p2 switch 4\n>p1 switch 3\n>p2 move substitute\n>p1 move dragontail\n>p2 move substitute\n>p1 move dragontail\n>p2 move substitute\n>p1 move dragontail\n>p2 move substitute\n>p1 move dragontail\n>p2 move substitute\n>p1 move dragontail\n>p2 move struggle\n>p2 switch 5\n>p1 move bodypress\n>p2 move tripleaxel\n>p1 move bodypress\n>p2 move tripleaxel\n>p1 move bodypress\n>p2 move tripleaxel\n>p2 switch 4\n>p1 move bodypress\n>p2 move uturn\n>forcelose p2", "uploadtime": 1733866224, "views": 1, "formatid": "gen9randombattle", "rating": null, "private": 0, "password": null}