{"id": "gen9randombattle-2260693372", "format": "[Gen 9] Random Battle", "players": ["Have but.", "djhdjffgf"], "log": "|j|\u2606Have but.\n|j|\u2606djhdjffgf\n|t:|1733879264\n|gametype|singles\n|player|p1|Have but.|1|1000\n|player|p2|djhdjffgf|101|1000\n|teamsize|p1|6\n|teamsize|p2|6\n|gen|9\n|tier|[Gen 9] Random Battle\n|rated|\n|rule|Species Clause: Limit one of each Pok\u00e9mon\n|rule|HP Percentage Mod: HP is shown in percentages\n|rule|Sleep Clause Mod: Limit one foe put to sleep\n|rule|Illusion Level Mod: Illusion disguises the Pok\u00e9mon's true level\n|\n|t:|1733879264\n|start\n|switch|p1a: Torterra|Torterra, L78, F|276/276\n|switch|p2a: Ursaring|Ursaring, L84, F|288/288\n|turn|1\n|inactive|Battle timer is ON: inactive players will automatically lose when time's up. (requested by Have but.)\n|\n|t:|1733879278\n|move|p2a: Ursaring|Facade|p1a: Torterra\n|-damage|p1a: Torterra|192/276\n|move|p1a: Torterra|Shell Smash|p1a: Torterra\n|-unboost|p1a: Torterra|def|1\n|-unboost|p1a: Torterra|spd|1\n|-boost|p1a: Torterra|atk|2\n|-boost|p1a: Torterra|spa|2\n|-boost|p1a: Torterra|spe|2\n|\n|-status|p2a: Ursaring|tox|[from] item: Toxic Orb\n|upkeep\n|turn|2\n|\n|t:|1733879293\n|move|p1a: Torterra|Bullet Seed|p2a: Ursaring\n|-damage|p2a: Ursaring|230/288 tox\n|-damage|p2a: Ursaring|170/288 tox\n|-damage|p2a: Ursaring|110/288 tox\n|-damage|p2a: Ursaring|52/288 tox\n|-hitcount|p2a: Ursaring|4\n|move|p2a: Ursaring|Facade|p1a: Torterra\n|-damage|p1a: Torterra|0 fnt\n|faint|p1a: Torterra\n|\n|-damage|p2a: Ursaring|34/288 tox|[from] psn\n|upkeep\n|\n|t:|1733879316\n|switch|p1a: Piloswine|Piloswine, L85, F|309/309\n|turn|3\n|\n|t:|1733879319\n|switch|p2a: Gastrodon|Gastrodon-East, L86, F|331/331\n|move|p1a: Piloswine|Ice Shard|p2a: Gastrodon\n|-damage|p2a: Gastrodon|280/331\n|\n|-heal|p2a: Gastrodon|300/331|[from] item: Leftovers\n|upkeep\n|turn|4\n|\n|t:|1733879331\n|switch|p1a: Delibird|Delibird, F|252/252\n|move|p2a: Gastrodon|Surf|p1a: Delibird\n|-damage|p1a: Delibird|132/252\n|\n|-heal|p2a: Gastrodon|320/331|[from] item: Leftovers\n|upkeep\n|turn|5\n|\n|t:|1733879340\n|switch|p2a: Iron Treads|Iron Treads, L77|265/265\n|move|p1a: Delibird|Freeze-Dry|p2a: Iron Treads\n|-damage|p2a: Iron Treads|172/265\n|\n|-heal|p2a: Iron Treads|188/265|[from] item: Leftovers\n|upkeep\n|turn|6\n|\n|t:|1733879361\n|switch|p1a: Azelf|Azelf, L82|257/257\n|move|p2a: Iron Treads|Iron Head|p1a: Azelf\n|-damage|p1a: Azelf|169/257\n|\n|-heal|p2a: Iron Treads|204/265|[from] item: Leftovers\n|upkeep\n|turn|7\n|\n|t:|1733879380\n|-end|p2a: Iron Treads|Quark Drive|[silent]\n|switch|p2a: Gastrodon|Gastrodon-East, L86, F|320/331\n|move|p1a: Azelf|Knock Off|p2a: Gastrodon\n|-damage|p2a: Gastrodon|190/331\n|-enditem|p2a: Gastrodon|Leftovers|[from] move: Knock Off|[of] p1a: Azelf\n|-damage|p1a: Azelf|144/257|[from] item: Life Orb\n|\n|upkeep\n|turn|8\n|\n|t:|1733879389\n|move|p1a: Azelf|Psychic|p2a: Gastrodon\n|-crit|p2a: Gastrodon\n|-damage|p2a: Gastrodon|0 fnt\n|faint|p2a: Gastrodon\n|-damage|p1a: Azelf|119/257|[from] item: Life Orb\n|\n|upkeep\n|\n|t:|1733879406\n|switch|p2a: Bastiodon|Bastiodon, L89, M|252/252\n|turn|9\n|\n|t:|1733879412\n|move|p1a: Azelf|Knock Off|p2a: Bastiodon\n|-damage|p2a: Bastiodon|196/252\n|-enditem|p2a: Bastiodon|Chesto Berry|[from] move: Knock Off|[of] p1a: Azelf\n|-damage|p1a: Azelf|94/257|[from] item: Life Orb\n|move|p2a: Bastiodon|Iron Defense|p2a: Bastiodon\n|-boost|p2a: Bastiodon|def|2\n|\n|upkeep\n|turn|10\n|\n|t:|1733879420\n|move|p1a: Azelf|Encore|p2a: Bastiodon\n|-start|p2a: Bastiodon|Encore\n|move|p2a: Bastiodon|Iron Defense|p2a: Bastiodon\n|-boost|p2a: Bastiodon|def|2\n|\n|upkeep\n|turn|11\n|\n|t:|1733879426\n|switch|p2a: Iron Treads|Iron Treads, L77|204/265\n|move|p1a: Azelf|Psychic|p2a: Iron Treads\n|-resisted|p2a: Iron Treads\n|-damage|p2a: Iron Treads|120/265\n|-damage|p1a: Azelf|69/257|[from] item: Life Orb\n|\n|-heal|p2a: Iron Treads|136/265|[from] item: Leftovers\n|upkeep\n|turn|12\n|\n|t:|1733879435\n|move|p1a: Azelf|Explosion|p2a: Iron Treads\n|-resisted|p2a: Iron Treads\n|-damage|p2a: Iron Treads|16/265\n|faint|p1a: Azelf\n|move|p2a: Iron Treads|Iron Head|p1: Azelf|[notarget]\n|-fail|p2a: Iron Treads\n|\n|-heal|p2a: Iron Treads|32/265|[from] item: Leftovers\n|upkeep\n|\n|t:|1733879451\n|switch|p1a: Piloswine|Piloswine, L85, F|309/309\n|turn|13\n|\n|t:|1733879459\n|move|p1a: Piloswine|Ice Shard|p2a: Iron Treads\n|-damage|p2a: Iron Treads|0 fnt\n|faint|p2a: Iron Treads\n|-end|p2a: Iron Treads|Quark Drive|[silent]\n|\n|upkeep\n|\n|t:|1733879466\n|switch|p2a: Bastiodon|Bastiodon, L89, M|196/252\n|turn|14\n|\n|t:|1733879473\n|-terastallize|p2a: Bastiodon|Fighting\n|move|p1a: Piloswine|Earthquake|p2a: Bastiodon\n|-damage|p2a: Bastiodon|135/252\n|move|p2a: Bastiodon|Iron Defense|p2a: Bastiodon\n|-boost|p2a: Bastiodon|def|2\n|\n|upkeep\n|turn|15\n|\n|t:|1733879481\n|move|p2a: Bastiodon|Body Press|p1a: Piloswine\n|-supereffective|p1a: Piloswine\n|-damage|p1a: Piloswine|0 fnt\n|faint|p1a: Piloswine\n|\n|upkeep\n|\n|t:|1733879488\n|switch|p1a: Kilowattrel|Kilowattrel, L83, M|252/252\n|turn|16\n|\n|t:|1733879494\n|move|p1a: Kilowattrel|Hurricane|p2a: Bastiodon\n|-supereffective|p2a: Bastiodon\n|-damage|p2a: Bastiodon|0 fnt\n|faint|p2a: Bastiodon\n|\n|upkeep\n|\n|t:|1733879495\n|switch|p2a: Dragalge|Dragalge, L88, F|258/258\n|turn|17\n|\n|t:|1733879505\n|move|p1a: Kilowattrel|Thunder Wave|p2a: Dragalge\n|-status|p2a: Dragalge|par\n|cant|p2a: Dragalge|par\n|\n|upkeep\n|turn|18\n|\n|t:|1733879511\n|move|p1a: Kilowattrel|Thunderbolt|p2a: Dragalge\n|-resisted|p2a: Dragalge\n|-damage|p2a: Dragalge|225/258 par\n|move|p2a: Dragalge|Draco Meteor|p1a: Kilowattrel\n|-damage|p1a: Kilowattrel|4/252\n|-unboost|p2a: Dragalge|spa|2\n|\n|-heal|p2a: Dragalge|241/258 par|[from] item: Leftovers\n|upkeep\n|turn|19\n|\n|t:|1733879521\n|move|p1a: Kilowattrel|Hurricane|p2a: Dragalge\n|-damage|p2a: Dragalge|156/258 par\n|move|p2a: Dragalge|Sludge Wave|p1a: Kilowattrel\n|-damage|p1a: Kilowattrel|0 fnt\n|faint|p1a: Kilowattrel\n|\n|-heal|p2a: Dragalge|172/258 par|[from] item: Leftovers\n|upkeep\n|\n|t:|1733879534\n|switch|p1a: Delibird|Delibird, F|132/252\n|turn|20\n|\n|t:|1733879540\n|move|p1a: Delibird|Freeze-Dry|p2a: Dragalge\n|-supereffective|p2a: Dragalge\n|-crit|p2a: Dragalge\n|-damage|p2a: Dragalge|0 fnt\n|faint|p2a: Dragalge\n|\n|upkeep\n|\n|t:|1733879542\n|switch|p2a: Arceus|Arceus-Flying, L69|279/279\n|turn|21\n|n|\u2606djhdjffgf|djhdjffgf\n|c|\u2606djhdjffgf|Lucky fucking mentally impaired shit stain\n|l|\u2606djhdjffgf\n|inactive|djhdjffgf disconnected and has a minute to reconnect!\n|player|p2|\n|inactive|djhdjffgf has 30 seconds to reconnect!\n|inactive|djhdjffgf has 20 seconds to reconnect!\n|inactive|djhdjffgf has 15 seconds to reconnect!\n|inactive|djhdjffgf has 10 seconds to reconnect!\n|inactive|djhdjffgf has 5 seconds to reconnect!\n|-message|djhdjffgf lost due to inactivity.\n|\n|win|Have but.\n", "inputlog": ">version bfd83cad13791eb5a5a409923076391caf6fb4d4\n>start {\"formatid\":\"gen9randombattle\",\"seed\":[44349,39910,11571,22004],\"rated\":\"Rated battle\"}\n>player p1 {\"name\":\"Have but.\",\"avatar\":\"1\",\"rating\":1000,\"seed\":[18692,35718,29283,4060]}\n>player p2 {\"name\":\"djhdjffgf\",\"avatar\":\"101\",\"rating\":1000,\"seed\":[37685,23999,46259,55995]}\n>p1 move shellsmash\n>p2 move facade\n>p1 move bulletseed\n>p2 move facade\n>p1 switch 4\n>p1 move iceshard\n>p2 switch 3\n>p1 switch 5\n>p2 move surf\n>p1 move freezedry\n>p2 switch 4\n>p1 switch 3\n>p2 move ironhead\n>p1 move knockoff\n>p2 switch 4\n>p1 move psychic\n>p2 move surf\n>p2 switch 2\n>p1 move knockoff\n>p2 move irondefense\n>p1 move encore\n>p2 move foulplay\n>p1 move psychic\n>p2 switch 4\n>p1 move explosion\n>p2 move ironhead\n>p1 switch 5\n>p1 move iceshard\n>p2 move ironhead\n>p2 switch 4\n>p1 move earthquake\n>p2 move irondefense terastallize\n>p1 move roar\n>p2 move bodypress\n>p1 switch 6\n>p1 move hurricane\n>p2 move bodypress\n>p2 switch 5\n>p1 move thunderwave\n>p2 move sludgewave\n>p1 move thunderbolt\n>p2 move dracometeor\n>p1 move hurricane\n>p2 move sludgewave\n>p1 switch 3\n>p1 move freezedry\n>p2 move sludgewave\n>p2 switch 6\n>chat \u2606djhdjffgf|Lucky fucking mentally impaired shit stain\n>forcelose p2", "uploadtime": 1733879562, "views": 1, "formatid": "gen9randombattle", "rating": null, "private": 0, "password": null}