{"id": "gen9randombattle-2216924362", "format": "[Gen 9] Random Battle", "players": ["RL4T Pig", "RL4T JustOut"], "log": "|badge|p2|bronze|gen9randombattle|100-3\n|uhtml|medal-msg|<div class=\"broadcast-blue\">Curious what those medals under the avatar are? PS now has Ladder Seasons! For more information, check out the <a href=\"https://www.smogon.com/forums/threads/3740067/\">thread on Smogon.</a></div>\n|raw|<div class=\"broadcast-blue\"><strong>This battle is required to be public due to a player having a name starting with 'rl4t'.</div>\n|j|\u2606RL4T Pig\n|j|\u2606RL4T JustOut\n|t:|1728191393\n|gametype|singles\n|player|p1|RL4T Pig|lucas|2277\n|player|p2|RL4T JustOut|#rbtt7teamogerponf|2304\n|teamsize|p1|6\n|teamsize|p2|6\n|gen|9\n|tier|[Gen 9] Random Battle\n|rated|\n|rule|Species Clause: Limit one of each Pok\u00e9mon\n|rule|HP Percentage Mod: HP is shown in percentages\n|rule|Sleep Clause Mod: Limit one foe put to sleep\n|rule|Illusion Level Mod: Illusion disguises the Pok\u00e9mon's true level\n|\n|t:|1728191393\n|start\n|switch|p1a: Pyroar|Pyroar, L88, F|295/295\n|switch|p2a: Mismagius|Mismagius, L86, M|243/243\n|-ability|p1a: Pyroar|Unnerve\n|turn|1\n|inactive|Battle timer is ON: inactive players will automatically lose when time's up. (requested by RL4T JustOut)\n|\n|t:|1728191409\n|switch|p2a: Dragalge|Dragalge, L88, F|258/258\n|move|p1a: Pyroar|Dark Pulse|p2a: Dragalge\n|-damage|p2a: Dragalge|204/258\n|\n|-heal|p2a: Dragalge|220/258|[from] item: Leftovers\n|upkeep\n|turn|2\n|j| Ghostilex\n|\n|t:|1728191427\n|switch|p1a: Sandslash|Sandslash, L88, M|275/275\n|move|p2a: Dragalge|Toxic|p1a: Sandslash\n|-status|p1a: Sandslash|tox\n|\n|-heal|p2a: Dragalge|236/258|[from] item: Leftovers\n|-damage|p1a: Sandslash|258/275 tox|[from] psn\n|upkeep\n|turn|3\n|\n|t:|1728191438\n|switch|p2a: Mudsdale|Mudsdale, L84, F|305/305\n|move|p1a: Sandslash|Knock Off|p2a: Mudsdale\n|-damage|p2a: Mudsdale|232/305\n|-ability|p2a: Mudsdale|Stamina|boost\n|-boost|p2a: Mudsdale|def|1\n|-enditem|p2a: Mudsdale|Leftovers|[from] move: Knock Off|[of] p1a: Sandslash\n|\n|-damage|p1a: Sandslash|224/275 tox|[from] psn\n|upkeep\n|turn|4\n|\n|t:|1728191453\n|switch|p1a: Gogoat|Gogoat, L88, F|360/360\n|move|p2a: Mudsdale|Stealth Rock|p1a: Gogoat\n|-sidestart|p1: RL4T Pig|move: Stealth Rock\n|\n|upkeep\n|turn|5\n|\n|t:|1728191467\n|switch|p2a: Umbreon|Umbreon, L84, M|297/297\n|move|p1a: Gogoat|Bulk Up|p1a: Gogoat\n|-boost|p1a: Gogoat|atk|1\n|-boost|p1a: Gogoat|def|1\n|\n|upkeep\n|turn|6\n|\n|t:|1728191472\n|switch|p1a: Eternatus|Eternatus, L69|308/308\n|-damage|p1a: Eternatus|270/308|[from] Stealth Rock\n|-ability|p1a: Eternatus|Pressure\n|move|p2a: Umbreon|Toxic|p1a: Eternatus\n|-immune|p1a: Eternatus\n|\n|-heal|p1a: Eternatus|289/308|[from] item: Leftovers\n|upkeep\n|turn|7\n|\n|t:|1728191483\n|move|p2a: Umbreon|Protect|p2a: Umbreon\n|-singleturn|p2a: Umbreon|Protect\n|move|p1a: Eternatus|Toxic Spikes|p2a: Umbreon\n|-sidestart|p2: RL4T JustOut|move: Toxic Spikes\n|\n|-heal|p1a: Eternatus|308/308|[from] item: Leftovers\n|upkeep\n|turn|8\n|\n|t:|1728191492\n|move|p1a: Eternatus|Dynamax Cannon|p2a: Umbreon\n|-damage|p2a: Umbreon|222/297\n|move|p2a: Umbreon|Wish|p2a: Umbreon\n|\n|-heal|p2a: Umbreon|240/297|[from] item: Leftovers\n|upkeep\n|turn|9\n|\n|t:|1728191505\n|switch|p2a: Dragalge|Dragalge, L88, F|236/258\n|-sideend|p2: RL4T JustOut|move: Toxic Spikes|[of] p2a: Dragalge\n|move|p1a: Eternatus|Dynamax Cannon|p2a: Dragalge\n|-supereffective|p2a: Dragalge\n|-damage|p2a: Dragalge|98/258\n|\n|-heal|p2a: Dragalge|246/258|[from] move: Wish|[wisher] Umbreon\n|-heal|p2a: Dragalge|258/258|[from] item: Leftovers\n|upkeep\n|turn|10\n|j| rl4t paysa\n|inactive|RL4T Pig has 120 seconds left.\n|\n|t:|1728191535\n|switch|p1a: Sandslash|Sandslash, L88, M|224/275 tox\n|-damage|p1a: Sandslash|207/275 tox|[from] Stealth Rock\n|move|p2a: Dragalge|Draco Meteor|p1a: Sandslash\n|-damage|p1a: Sandslash|23/275 tox\n|-unboost|p2a: Dragalge|spa|2\n|\n|-damage|p1a: Sandslash|6/275 tox|[from] psn\n|upkeep\n|turn|11\n|\n|t:|1728191546\n|switch|p2a: Mudsdale|Mudsdale, L84, F|232/305\n|move|p1a: Sandslash|Rapid Spin|p2a: Mudsdale\n|-damage|p2a: Mudsdale|196/305\n|-boost|p1a: Sandslash|spe|1\n|-ability|p2a: Mudsdale|Stamina|boost\n|-boost|p2a: Mudsdale|def|1\n|-sideend|p1: RL4T Pig|Stealth Rock|[from] move: Rapid Spin|[of] p1a: Sandslash\n|\n|-damage|p1a: Sandslash|0 fnt|[from] psn\n|faint|p1a: Sandslash\n|upkeep\n|inactive|RL4T Pig has 120 seconds left.\n|\n|t:|1728191565\n|switch|p1a: Venomoth|Venomoth, L84, M|255/255\n|turn|12\n|\n|t:|1728191578\n|move|p1a: Venomoth|Sleep Powder|p2a: Mudsdale\n|-status|p2a: Mudsdale|slp|[from] move: Sleep Powder\n|cant|p2a: Mudsdale|slp\n|\n|upkeep\n|turn|13\n|\n|t:|1728191590\n|switch|p2a: Scizor|Scizor, L79, M|240/240\n|move|p1a: Venomoth|Quiver Dance|p1a: Venomoth\n|-boost|p1a: Venomoth|spa|1\n|-boost|p1a: Venomoth|spd|1\n|-boost|p1a: Venomoth|spe|1\n|\n|upkeep\n|turn|14\n|l| rl4t paysa\n|\n|t:|1728191601\n|move|p2a: Scizor|Bullet Punch|p1a: Venomoth\n|-crit|p1a: Venomoth\n|-damage|p1a: Venomoth|41/255\n|move|p1a: Venomoth|Bug Buzz|p2a: Scizor\n|-resisted|p2a: Scizor\n|-damage|p2a: Scizor|86/240\n|\n|upkeep\n|turn|15\n|\n|t:|1728191621\n|switch|p1a: Eternatus|Eternatus, L69|308/308\n|-ability|p1a: Eternatus|Pressure\n|move|p2a: Scizor|Bullet Punch|p1a: Eternatus\n|-damage|p1a: Eternatus|179/308\n|\n|-heal|p1a: Eternatus|198/308|[from] item: Leftovers\n|upkeep\n|turn|16\n|\n|t:|1728191635\n|switch|p2a: Umbreon|Umbreon, L84, M|240/297\n|move|p1a: Eternatus|Toxic Spikes|p2a: Umbreon\n|-sidestart|p2: RL4T JustOut|move: Toxic Spikes\n|\n|-heal|p1a: Eternatus|217/308|[from] item: Leftovers\n|-heal|p2a: Umbreon|258/297|[from] item: Leftovers\n|upkeep\n|turn|17\n|\n|t:|1728191650\n|switch|p1a: Falinks|Falinks, L85|249/249\n|move|p2a: Umbreon|Wish|p2a: Umbreon\n|\n|-heal|p2a: Umbreon|276/297|[from] item: Leftovers\n|upkeep\n|turn|18\n|\n|t:|1728191669\n|-terastallize|p1a: Falinks|Steel\n|-terastallize|p2a: Umbreon|Poison\n|move|p1a: Falinks|No Retreat|p1a: Falinks\n|-boost|p1a: Falinks|atk|1\n|-boost|p1a: Falinks|def|1\n|-boost|p1a: Falinks|spa|1\n|-boost|p1a: Falinks|spd|1\n|-boost|p1a: Falinks|spe|1\n|-start|p1a: Falinks|move: No Retreat\n|move|p2a: Umbreon|Toxic|p1a: Falinks\n|-immune|p1a: Falinks\n|\n|-heal|p2a: Umbreon|297/297|[from] move: Wish|[wisher] Umbreon\n|upkeep\n|turn|19\n|\n|t:|1728191682\n|move|p1a: Falinks|Knock Off|p2a: Umbreon\n|-damage|p2a: Umbreon|187/297\n|-enditem|p2a: Umbreon|Leftovers|[from] move: Knock Off|[of] p1a: Falinks\n|-damage|p1a: Falinks|225/249|[from] item: Life Orb\n|move|p2a: Umbreon|Wish|p2a: Umbreon\n|\n|upkeep\n|turn|20\n|\n|t:|1728191690\n|move|p1a: Falinks|Iron Head|p2a: Umbreon\n|-damage|p2a: Umbreon|41/297\n|-damage|p1a: Falinks|201/249|[from] item: Life Orb\n|move|p2a: Umbreon|Foul Play|p1a: Falinks\n|-damage|p1a: Falinks|104/249\n|\n|-heal|p2a: Umbreon|189/297|[from] move: Wish|[wisher] Umbreon\n|upkeep\n|turn|21\n|inactive|RL4T JustOut has 120 seconds left.\n|\n|t:|1728191723\n|switch|p2a: Swalot|Swalot, L90, F|326/326\n|-sideend|p2: RL4T JustOut|move: Toxic Spikes|[of] p2a: Swalot\n|move|p1a: Falinks|Iron Head|p2a: Swalot\n|-damage|p2a: Swalot|161/326\n|-damage|p1a: Falinks|80/249|[from] item: Life Orb\n|\n|-heal|p2a: Swalot|181/326|[from] item: Leftovers\n|upkeep\n|turn|22\n|\n|t:|1728191733\n|move|p1a: Falinks|Iron Head|p2a: Swalot\n|-damage|p2a: Swalot|20/326\n|-damage|p1a: Falinks|56/249|[from] item: Life Orb\n|move|p2a: Swalot|Knock Off|p1a: Falinks\n|-damage|p1a: Falinks|20/249\n|-enditem|p1a: Falinks|Life Orb|[from] move: Knock Off|[of] p2a: Swalot\n|\n|-heal|p2a: Swalot|40/326|[from] item: Leftovers\n|upkeep\n|turn|23\n|l| Ghostilex\n|\n|t:|1728191738\n|move|p1a: Falinks|Iron Head|p2a: Swalot\n|-damage|p2a: Swalot|0 fnt\n|faint|p2a: Swalot\n|\n|upkeep\n|\n|t:|1728191740\n|switch|p2a: Scizor|Scizor, L79, M|86/240\n|turn|24\n|\n|t:|1728191744\n|move|p2a: Scizor|Bullet Punch|p1a: Falinks\n|-resisted|p1a: Falinks\n|-damage|p1a: Falinks|0 fnt\n|faint|p1a: Falinks\n|\n|upkeep\n|\n|t:|1728191763\n|switch|p1a: Gogoat|Gogoat, L88, F|360/360\n|turn|25\n|inactive|RL4T JustOut has 120 seconds left.\n|inactive|RL4T JustOut has 90 seconds left.\n|\n|t:|1728191824\n|switch|p2a: Dragalge|Dragalge, L88, F|258/258\n|move|p1a: Gogoat|Earthquake|p2a: Dragalge\n|-supereffective|p2a: Dragalge\n|-damage|p2a: Dragalge|114/258\n|\n|-heal|p2a: Dragalge|130/258|[from] item: Leftovers\n|upkeep\n|turn|26\n|inactive|RL4T JustOut has 90 seconds left.\n|\n|t:|1728191839\n|switch|p1a: Venomoth|Venomoth, L84, M|41/255\n|move|p2a: Dragalge|Toxic|p1a: Venomoth\n|-immune|p1a: Venomoth\n|\n|-heal|p2a: Dragalge|146/258|[from] item: Leftovers\n|upkeep\n|turn|27\n|inactive|RL4T JustOut has 90 seconds left.\n|\n|t:|1728191853\n|move|p1a: Venomoth|Bug Buzz|p2a: Dragalge\n|-resisted|p2a: Dragalge\n|-crit|p2a: Dragalge\n|-damage|p2a: Dragalge|52/258\n|move|p2a: Dragalge|Sludge Wave|p1a: Venomoth\n|-resisted|p1a: Venomoth\n|-damage|p1a: Venomoth|0 fnt\n|faint|p1a: Venomoth\n|\n|-heal|p2a: Dragalge|68/258|[from] item: Leftovers\n|upkeep\n|\n|t:|1728191863\n|switch|p1a: Eternatus|Eternatus, L69|217/308\n|-ability|p1a: Eternatus|Pressure\n|turn|28\n|\n|t:|1728191877\n|switch|p2a: Scizor|Scizor, L79, M|86/240\n|move|p1a: Eternatus|Dynamax Cannon|p2a: Scizor\n|-resisted|p2a: Scizor\n|-damage|p2a: Scizor|27/240\n|\n|-heal|p1a: Eternatus|236/308|[from] item: Leftovers\n|upkeep\n|turn|29\n|\n|t:|1728191883\n|move|p2a: Scizor|Bullet Punch|p1a: Eternatus\n|-damage|p1a: Eternatus|118/308\n|move|p1a: Eternatus|Flamethrower|p2a: Scizor\n|-supereffective|p2a: Scizor\n|-damage|p2a: Scizor|0 fnt\n|faint|p2a: Scizor\n|\n|-heal|p1a: Eternatus|137/308|[from] item: Leftovers\n|upkeep\n|inactive|RL4T JustOut has 90 seconds left.\n|\n|t:|1728191901\n|switch|p2a: Mismagius|Mismagius, L86, M|243/243\n|turn|30\n|\n|t:|1728191916\n|move|p2a: Mismagius|Nasty Plot|p2a: Mismagius\n|-boost|p2a: Mismagius|spa|2\n|move|p1a: Eternatus|Dynamax Cannon|p2a: Mismagius\n|-damage|p2a: Mismagius|162/243\n|\n|-heal|p2a: Mismagius|177/243|[from] item: Leftovers\n|-heal|p1a: Eternatus|156/308|[from] item: Leftovers\n|upkeep\n|turn|31\n|\n|t:|1728191925\n|switch|p1a: Pyroar|Pyroar, L88, F|295/295\n|-ability|p1a: Pyroar|Unnerve\n|move|p2a: Mismagius|Shadow Ball|p1a: Pyroar\n|-immune|p1a: Pyroar\n|\n|-heal|p2a: Mismagius|192/243|[from] item: Leftovers\n|upkeep\n|turn|32\n|inactive|RL4T JustOut has 90 seconds left.\n|\n|t:|1728191956\n|switch|p2a: Mudsdale|Mudsdale, L84, F|196/305 slp\n|move|p1a: Pyroar|Fire Blast|p2a: Mudsdale\n|-damage|p2a: Mudsdale|51/305 slp\n|-ability|p2a: Mudsdale|Stamina|boost\n|-boost|p2a: Mudsdale|def|1\n|\n|upkeep\n|turn|33\n|\n|t:|1728191963\n|switch|p1a: Gogoat|Gogoat, L88, F|360/360\n|cant|p2a: Mudsdale|slp\n|\n|upkeep\n|turn|34\n|inactive|RL4T JustOut has 90 seconds left.\n|\n|t:|1728191990\n|switch|p2a: Umbreon|Umbreon, L84, M, tera:Poison|189/297\n|move|p1a: Gogoat|Bulk Up|p1a: Gogoat\n|-boost|p1a: Gogoat|atk|1\n|-boost|p1a: Gogoat|def|1\n|\n|upkeep\n|turn|35\n|\n|t:|1728191994\n|move|p1a: Gogoat|Earthquake|p2a: Umbreon\n|-supereffective|p2a: Umbreon\n|-damage|p2a: Umbreon|0 fnt\n|faint|p2a: Umbreon\n|\n|upkeep\n|inactive|RL4T JustOut has 90 seconds left.\n|-message|RL4T JustOut forfeited.\n|\n|win|RL4T Pig\n|raw|RL4T Pig's rating: 2277 &rarr; <strong>2299</strong><br />(+22 for winning)\n|raw|RL4T JustOut's rating: 2304 &rarr; <strong>2282</strong><br />(-22 for losing)\n|l|\u2606RL4T JustOut\n|player|p2|\n", "inputlog": ">version 86ae7daf8e420bb3f6c82a6a988ddcc1b1aa7e58\n>start {\"formatid\":\"gen9randombattle\",\"seed\":[52290,25025,9302,39792],\"rated\":\"Rated battle\"}\n>player p1 {\"name\":\"RL4T Pig\",\"avatar\":\"lucas\",\"rating\":2277,\"seed\":[2713,31279,12647,55410]}\n>player p2 {\"name\":\"RL4T JustOut\",\"avatar\":\"#rbtt7teamogerponf\",\"rating\":2304,\"seed\":[20161,59236,57666,9865]}\n>p1 move darkpulse\n>p2 switch 2\n>p1 switch 3\n>p2 move toxic\n>p1 move knockoff\n>p2 switch 6\n>p1 switch 2\n>p2 move stealthrock\n>p1 move bulkup\n>p2 switch 3\n>p1 switch 4\n>p2 move toxic\n>p1 move toxicspikes\n>p2 move protect\n>p1 move dynamaxcannon\n>p2 move wish\n>p1 move dynamaxcannon\n>p2 switch 6\n>p1 switch 2\n>p2 move dracometeor\n>p1 move rapidspin\n>p2 switch 3\n>p1 switch 5\n>p1 move sleeppowder\n>p2 move earthquake\n>p1 move quiverdance\n>p2 switch 5\n>p1 move bugbuzz\n>p2 move bulletpunch\n>p1 switch 2\n>p2 move bulletpunch\n>p1 move toxicspikes\n>p2 switch 6\n>p1 switch 6\n>p2 move wish\n>p1 move noretreat terastallize\n>p2 move toxic terastallize\n>p1 move knockoff\n>p2 move wish\n>p1 move ironhead\n>p2 move foulplay\n>p1 move ironhead\n>p2 switch 4\n>p1 move ironhead\n>p2 move knockoff\n>p1 move ironhead\n>p2 move knockoff\n>p2 switch 6\n>p1 move ironhead\n>p2 move bulletpunch\n>p1 switch 4\n>p1 move earthquake\n>p2 switch 3\n>p1 switch 2\n>p2 move toxic\n>p1 move bugbuzz\n>p2 move sludgewave\n>p1 switch 6\n>p1 move dynamaxcannon\n>p2 switch 3\n>p1 move flamethrower\n>p2 move bulletpunch\n>p2 switch 2\n>p1 move dynamaxcannon\n>p2 move nastyplot\n>p1 switch 3\n>p2 move shadowball\n>p1 move fireblast\n>p2 switch 5\n>p1 switch 2\n>p2 move bodypress\n>p1 move bulkup\n>p2 switch 4\n>p1 move earthquake\n>p2 move toxic\n>forcelose p2", "uploadtime": 1728192526, "views": 69, "formatid": "gen9randombattle", "rating": 2282, "private": 0, "password": null}