{"id": "gen9randombattle-2260866331", "format": "[Gen 9] Random Battle", "players": ["hebden", "ibamakoto"], "log": "|j|\u2606hebden\n|j|\u2606ibamakoto\n|t:|1733907127\n|gametype|singles\n|player|p1|hebden|blaine|1411\n|player|p2|ibamakoto|erika|1340\n|teamsize|p1|6\n|teamsize|p2|6\n|gen|9\n|tier|[Gen 9] Random Battle\n|rated|\n|rule|Species Clause: Limit one of each Pok\u00e9mon\n|rule|HP Percentage Mod: HP is shown in percentages\n|rule|Sleep Clause Mod: Limit one foe put to sleep\n|rule|Illusion Level Mod: Illusion disguises the Pok\u00e9mon's true level\n|\n|t:|1733907127\n|start\n|switch|p1a: Pikachu|Pikachu-Partner, L93, M|216/216\n|switch|p2a: Toxtricity|Toxtricity, L82, F|257/257\n|turn|1\n|inactive|Battle timer is ON: inactive players will automatically lose when time's up. (requested by hebden)\n|\n|t:|1733907139\n|move|p2a: Toxtricity|Boomburst|p1a: Pikachu\n|-damage|p1a: Pikachu|46/216\n|move|p1a: Pikachu|Knock Off|p2a: Toxtricity\n|-damage|p2a: Toxtricity|119/257\n|-enditem|p2a: Toxtricity|Choice Scarf|[from] move: Knock Off|[of] p1a: Pikachu\n|\n|upkeep\n|turn|2\n|\n|t:|1733907155\n|switch|p1a: Reuniclus|Reuniclus, L88, F|337/337\n|move|p2a: Toxtricity|Boomburst|p1a: Reuniclus\n|-damage|p1a: Reuniclus|194/337\n|\n|upkeep\n|turn|3\n|\n|t:|1733907163\n|move|p2a: Toxtricity|Sludge Wave|p1a: Reuniclus\n|-damage|p1a: Reuniclus|97/337\n|move|p1a: Reuniclus|Psyshock|p2a: Toxtricity\n|-supereffective|p2a: Toxtricity\n|-damage|p2a: Toxtricity|0 fnt\n|faint|p2a: Toxtricity\n|\n|upkeep\n|\n|t:|1733907174\n|switch|p2a: Rillaboom|Rillaboom, L79, F|288/288\n|-fieldstart|move: Grassy Terrain|[from] ability: Grassy Surge|[of] p2a: Rillaboom\n|turn|4\n|\n|t:|1733907180\n|switch|p1a: Shaymin|Shaymin, L82|298/298\n|move|p2a: Rillaboom|U-turn|p1a: Shaymin\n|-supereffective|p1a: Shaymin\n|-damage|p1a: Shaymin|154/298\n|inactive|ibamakoto has 120 seconds left.\n|\n|t:|1733907213\n|switch|p2a: Entei|Entei, L78|307/307|[from] U-turn\n|\n|-heal|p1a: Shaymin|172/298|[from] Grassy Terrain\n|-heal|p1a: Shaymin|190/298|[from] item: Leftovers\n|upkeep\n|turn|5\n|inactive|ibamakoto has 120 seconds left.\n|\n|t:|1733907229\n|switch|p1a: Dragalge|Dragalge, L88, M|258/258\n|move|p2a: Entei|Sacred Fire|p1a: Dragalge\n|-resisted|p1a: Dragalge\n|-damage|p1a: Dragalge|183/258\n|\n|-heal|p1a: Dragalge|199/258|[from] Grassy Terrain\n|upkeep\n|turn|6\n|inactive|ibamakoto has 120 seconds left.\n|inactive|ibamakoto has 90 seconds left.\n|\n|t:|1733907265\n|switch|p2a: Haxorus|Haxorus, L77, M|244/244\n|-ability|p2a: Haxorus|Mold Breaker\n|move|p1a: Dragalge|Flip Turn|p2a: Haxorus\n|-resisted|p2a: Haxorus\n|-damage|p2a: Haxorus|223/244\n|\n|t:|1733907281\n|switch|p1a: Pikachu|Pikachu-Partner, L93, M|46/216|[from] Flip Turn\n|\n|-heal|p1a: Pikachu|59/216|[from] Grassy Terrain\n|-heal|p2a: Haxorus|238/244|[from] Grassy Terrain\n|upkeep\n|turn|7\n|inactive|ibamakoto has 90 seconds left.\n|\n|t:|1733907308\n|move|p1a: Pikachu|Play Rough|p2a: Haxorus\n|-supereffective|p2a: Haxorus\n|-crit|p2a: Haxorus\n|-damage|p2a: Haxorus|0 fnt\n|faint|p2a: Haxorus\n|\n|-heal|p1a: Pikachu|72/216|[from] Grassy Terrain\n|upkeep\n|inactive|ibamakoto has 60 seconds left.\n|\n|t:|1733907340\n|switch|p2a: Entei|Entei, L78|307/307\n|turn|8\n|\n|t:|1733907346\n|move|p2a: Entei|Extreme Speed|p1a: Pikachu\n|-damage|p1a: Pikachu|0 fnt\n|faint|p1a: Pikachu\n|\n|-fieldend|move: Grassy Terrain\n|upkeep\n|\n|t:|1733907358\n|switch|p1a: Dragalge|Dragalge, L88, M|199/258\n|turn|9\n|\n|t:|1733907362\n|move|p2a: Entei|Extreme Speed|p1a: Dragalge\n|-damage|p1a: Dragalge|119/258\n|move|p1a: Dragalge|Sludge Wave|p2a: Entei\n|-damage|p2a: Entei|39/307\n|\n|upkeep\n|turn|10\n|\n|t:|1733907368\n|move|p2a: Entei|Extreme Speed|p1a: Dragalge\n|-damage|p1a: Dragalge|33/258\n|move|p1a: Dragalge|Sludge Wave|p2a: Entei\n|-damage|p2a: Entei|0 fnt\n|faint|p2a: Entei\n|\n|upkeep\n|inactive|ibamakoto has 60 seconds left.\n|\n|t:|1733907403\n|switch|p2a: Rillaboom|Rillaboom, L79, F|288/288\n|-fieldstart|move: Grassy Terrain|[from] ability: Grassy Surge|[of] p2a: Rillaboom\n|turn|11\n|\n|t:|1733907411\n|move|p2a: Rillaboom|Knock Off|p1a: Dragalge\n|-damage|p1a: Dragalge|0 fnt\n|-enditem|p1a: Dragalge|Choice Specs|[from] move: Knock Off|[of] p2a: Rillaboom\n|faint|p1a: Dragalge\n|\n|upkeep\n|\n|t:|1733907416\n|switch|p1a: Shaymin|Shaymin, L82|190/298\n|turn|12\n|\n|t:|1733907420\n|switch|p2a: Raikou|Raikou, L81|278/278\n|-ability|p2a: Raikou|Pressure\n|-terastallize|p1a: Shaymin|Steel\n|move|p1a: Shaymin|Substitute|p1a: Shaymin\n|-start|p1a: Shaymin|Substitute\n|-damage|p1a: Shaymin|116/298\n|\n|-heal|p1a: Shaymin|134/298|[from] Grassy Terrain\n|-heal|p1a: Shaymin|152/298|[from] item: Leftovers\n|upkeep\n|turn|13\n|\n|t:|1733907438\n|move|p2a: Raikou|Thunderbolt|p1a: Shaymin\n|-end|p1a: Shaymin|Substitute\n|move|p1a: Shaymin|Seed Flare|p2a: Raikou\n|-crit|p2a: Raikou\n|-damage|p2a: Raikou|44/278\n|\n|-heal|p2a: Raikou|61/278|[from] Grassy Terrain\n|-heal|p1a: Shaymin|170/298|[from] Grassy Terrain\n|-heal|p1a: Shaymin|188/298|[from] item: Leftovers\n|upkeep\n|turn|14\n|\n|t:|1733907455\n|move|p2a: Raikou|Thunderbolt|p1a: Shaymin\n|-damage|p1a: Shaymin|47/298\n|move|p1a: Shaymin|Seed Flare|p2a: Raikou\n|-damage|p2a: Raikou|0 fnt\n|faint|p2a: Raikou\n|\n|-heal|p1a: Shaymin|65/298|[from] Grassy Terrain\n|-heal|p1a: Shaymin|83/298|[from] item: Leftovers\n|upkeep\n|\n|t:|1733907469\n|switch|p2a: Ogerpon|Ogerpon-Wellspring, L76, F|247/247\n|turn|15\n|\n|t:|1733907478\n|move|p1a: Shaymin|Air Slash|p2a: Ogerpon\n|-supereffective|p2a: Ogerpon\n|-damage|p2a: Ogerpon|135/247\n|cant|p2a: Ogerpon|flinch\n|\n|-heal|p2a: Ogerpon|150/247|[from] Grassy Terrain\n|-heal|p1a: Shaymin|101/298|[from] Grassy Terrain\n|-heal|p1a: Shaymin|119/298|[from] item: Leftovers\n|-fieldend|move: Grassy Terrain\n|upkeep\n|turn|16\n|\n|t:|1733907483\n|move|p2a: Ogerpon|Ivy Cudgel|p1a: Shaymin|[anim] Ivy Cudgel Water\n|-damage|p1a: Shaymin|0 fnt\n|faint|p1a: Shaymin\n|\n|upkeep\n|\n|t:|1733907488\n|switch|p1a: Whiscash|Whiscash, L88, F|337/337\n|turn|17\n|\n|t:|1733907502\n|move|p2a: Ogerpon|Wood Hammer|p1a: Whiscash\n|-supereffective|p1a: Whiscash\n|-damage|p1a: Whiscash|0 fnt\n|faint|p1a: Whiscash\n|-damage|p2a: Ogerpon|39/247|[from] Recoil\n|\n|upkeep\n|\n|t:|1733907505\n|switch|p1a: Ogerpon|Ogerpon-Cornerstone, L76, F|247/247\n|turn|18\n|\n|t:|1733907516\n|move|p2a: Ogerpon|Wood Hammer|p1a: Ogerpon\n|-damage|p1a: Ogerpon|82/247\n|-damage|p2a: Ogerpon|0 fnt|[from] Recoil\n|faint|p2a: Ogerpon\n|move|p1a: Ogerpon|Ivy Cudgel|p2: Ogerpon|[notarget]\n|-fail|p1a: Ogerpon\n|\n|upkeep\n|\n|t:|1733907522\n|switch|p2a: Rillaboom|Rillaboom, L79, F|288/288\n|-fieldstart|move: Grassy Terrain|[from] ability: Grassy Surge|[of] p2a: Rillaboom\n|turn|19\n|\n|t:|1733907541\n|-terastallize|p2a: Rillaboom|Grass\n|move|p2a: Rillaboom|Grassy Glide|p1a: Ogerpon\n|-damage|p1a: Ogerpon|0 fnt\n|faint|p1a: Ogerpon\n|\n|upkeep\n|\n|t:|1733907545\n|switch|p1a: Reuniclus|Reuniclus, L88, F|97/337\n|turn|20\n|\n|t:|1733907547\n|move|p2a: Rillaboom|Grassy Glide|p1a: Reuniclus\n|-damage|p1a: Reuniclus|0 fnt\n|faint|p1a: Reuniclus\n|\n|win|ibamakoto\n|raw|hebden's rating: 1411 &rarr; <strong>1387</strong><br />(-24 for losing)\n|raw|ibamakoto's rating: 1340 &rarr; <strong>1364</strong><br />(+24 for winning)\n|l|\u2606hebden\n|player|p1|\n", "inputlog": ">version bfd83cad13791eb5a5a409923076391caf6fb4d4\n>start {\"formatid\":\"gen9randombattle\",\"seed\":[18831,31418,29785,33348],\"rated\":\"Rated battle\"}\n>player p1 {\"name\":\"hebden\",\"avatar\":\"blaine\",\"rating\":1411,\"seed\":[40443,32480,63417,55591]}\n>player p2 {\"name\":\"ibamakoto\",\"avatar\":\"erika\",\"rating\":1340,\"seed\":[6108,47739,18633,29243]}\n>p1 move knockoff\n>p2 move boomburst\n>p1 switch 2\n>p2 move boomburst\n>p1 move psyshock\n>p2 move sludgewave\n>p2 switch 2\n>p1 switch 3\n>p2 move uturn\n>p2 switch 6\n>p1 switch 4\n>p2 move sacredfire\n>p1 move flipturn\n>p2 switch 5\n>p1 switch 2\n>p1 move playrough\n>p2 move dragondance\n>p2 switch 5\n>p1 move surf\n>p2 move extremespeed\n>p1 switch 2\n>p1 move sludgewave\n>p2 move extremespeed\n>p1 move sludgewave\n>p2 move extremespeed\n>p2 switch 6\n>p1 move sludgewave\n>p2 move knockoff\n>p1 switch 4\n>p1 move substitute terastallize\n>p2 switch 4\n>p1 move seedflare\n>p2 move thunderbolt\n>p1 move seedflare\n>p2 move thunderbolt\n>p2 switch 3\n>p1 move airslash\n>p2 move ivycudgel\n>p1 move airslash\n>p2 move ivycudgel\n>p1 switch 6\n>p1 move earthquake\n>p2 move woodhammer\n>p1 switch 5\n>p1 move ivycudgel\n>p2 move woodhammer\n>p2 switch 4\n>p1 move superpower\n>p2 move grassyglide terastallize\n>p1 switch 3\n>p1 move psyshock\n>p2 move grassyglide", "uploadtime": 1733907550, "views": 1, "formatid": "gen9randombattle", "rating": 1364, "private": 0, "password": null}