{"id": "gen9randombattle-2260732331", "format": "[Gen 9] Random Battle", "players": ["LowkJackson", "fairybred"], "log": "|j|\u2606LowkJackson\n|j|\u2606fairybred\n|t:|1733884288\n|gametype|singles\n|player|p1|LowkJackson|swimmer-gen4dp|\n|player|p2|fairybred|brycen|\n|teamsize|p1|6\n|teamsize|p2|6\n|gen|9\n|tier|[Gen 9] Random Battle\n|rule|Species Clause: Limit one of each Pok\u00e9mon\n|rule|HP Percentage Mod: HP is shown in percentages\n|rule|Sleep Clause Mod: Limit one foe put to sleep\n|rule|Illusion Level Mod: Illusion disguises the Pok\u00e9mon's true level\n|\n|t:|1733884288\n|start\n|switch|p1a: Dudunsparce|Dudunsparce, L83, F|343/343\n|switch|p2a: Chien-Pao|Chien-Pao, L72|234/234\n|-ability|p2a: Chien-Pao|Sword of Ruin\n|turn|1\n|\n|t:|1733884310\n|move|p2a: Chien-Pao|Sacred Sword|p1a: Dudunsparce\n|-supereffective|p1a: Dudunsparce\n|-damage|p1a: Dudunsparce|109/343\n|move|p1a: Dudunsparce|Boomburst|p2a: Chien-Pao\n|-damage|p2a: Chien-Pao|36/234\n|\n|-heal|p1a: Dudunsparce|130/343|[from] item: Leftovers\n|upkeep\n|turn|2\n|\n|t:|1733884356\n|switch|p1a: Reuniclus|Reuniclus, L88, F|337/337\n|move|p2a: Chien-Pao|Sacred Sword|p1a: Reuniclus\n|-resisted|p1a: Reuniclus\n|-damage|p1a: Reuniclus|282/337\n|\n|upkeep\n|turn|3\n|\n|t:|1733884369\n|switch|p2a: Mightyena|Mightyena, L95, M|287/287\n|-ability|p2a: Mightyena|Intimidate|boost\n|-unboost|p1a: Reuniclus|atk|1\n|move|p1a: Reuniclus|Calm Mind|p1a: Reuniclus\n|-boost|p1a: Reuniclus|spa|1\n|-boost|p1a: Reuniclus|spd|1\n|\n|upkeep\n|turn|4\n|\n|t:|1733884390\n|-terastallize|p1a: Reuniclus|Fighting\n|move|p2a: Mightyena|Crunch|p1a: Reuniclus\n|-resisted|p1a: Reuniclus\n|-damage|p1a: Reuniclus|231/337\n|-unboost|p1a: Reuniclus|def|1\n|move|p1a: Reuniclus|Focus Blast|p2a: Mightyena\n|-supereffective|p2a: Mightyena\n|-damage|p2a: Mightyena|0 fnt\n|faint|p2a: Mightyena\n|\n|upkeep\n|\n|t:|1733884406\n|switch|p2a: Duraludon|Duraludon, L82, M|249/249\n|turn|5\n|\n|t:|1733884418\n|move|p2a: Duraludon|Body Press|p1a: Reuniclus\n|-damage|p1a: Reuniclus|140/337\n|move|p1a: Reuniclus|Calm Mind|p1a: Reuniclus\n|-boost|p1a: Reuniclus|spa|1\n|-boost|p1a: Reuniclus|spd|1\n|\n|upkeep\n|turn|6\n|\n|t:|1733884429\n|move|p2a: Duraludon|Draco Meteor|p1a: Reuniclus\n|-damage|p1a: Reuniclus|59/337\n|-unboost|p2a: Duraludon|spa|2\n|move|p1a: Reuniclus|Recover|p1a: Reuniclus\n|-heal|p1a: Reuniclus|228/337\n|\n|upkeep\n|turn|7\n|\n|t:|1733884447\n|switch|p2a: Iron Valiant|Iron Valiant, L78|244/244\n|move|p1a: Reuniclus|Calm Mind|p1a: Reuniclus\n|-boost|p1a: Reuniclus|spa|1\n|-boost|p1a: Reuniclus|spd|1\n|\n|upkeep\n|turn|8\n|\n|t:|1733884469\n|move|p2a: Iron Valiant|Moonblast|p1a: Reuniclus\n|-supereffective|p1a: Reuniclus\n|-damage|p1a: Reuniclus|124/337\n|-damage|p2a: Iron Valiant|220/244|[from] item: Life Orb\n|move|p1a: Reuniclus|Psychic|p2a: Iron Valiant\n|-supereffective|p2a: Iron Valiant\n|-damage|p2a: Iron Valiant|0 fnt\n|faint|p2a: Iron Valiant\n|-end|p2a: Iron Valiant|Quark Drive|[silent]\n|\n|upkeep\n|\n|t:|1733884479\n|switch|p2a: Metagross|Metagross, L79|256/256\n|turn|9\n|\n|t:|1733884501\n|move|p2a: Metagross|Psychic Fangs|p1a: Reuniclus\n|-supereffective|p1a: Reuniclus\n|-damage|p1a: Reuniclus|0 fnt\n|faint|p1a: Reuniclus\n|\n|upkeep\n|\n|t:|1733884511\n|switch|p1a: Iron Moth|Iron Moth, L78|253/253\n|turn|10\n|\n|t:|1733884520\n|-terastallize|p2a: Metagross|Ground\n|move|p1a: Iron Moth|Fiery Dance|p2a: Metagross\n|-damage|p2a: Metagross|111/256\n|-boost|p1a: Iron Moth|spa|1\n|move|p2a: Metagross|Earthquake|p1a: Iron Moth\n|-supereffective|p1a: Iron Moth\n|-damage|p1a: Iron Moth|0 fnt\n|faint|p1a: Iron Moth\n|-end|p1a: Iron Moth|Quark Drive|[silent]\n|\n|upkeep\n|\n|t:|1733884530\n|switch|p1a: Dondozo|Dondozo, L78, F|362/362\n|turn|11\n|\n|t:|1733884556\n|move|p2a: Metagross|Heavy Slam|p1a: Dondozo\n|-resisted|p1a: Dondozo\n|-damage|p1a: Dondozo|332/362\n|move|p1a: Dondozo|Wave Crash|p2a: Metagross\n|-supereffective|p2a: Metagross\n|-damage|p2a: Metagross|0 fnt\n|faint|p2a: Metagross\n|-damage|p1a: Dondozo|295/362|[from] Recoil\n|\n|-heal|p1a: Dondozo|317/362|[from] item: Leftovers\n|upkeep\n|\n|t:|1733884569\n|switch|p2a: Duraludon|Duraludon, L82, M|249/249\n|turn|12\n|\n|t:|1733884581\n|move|p2a: Duraludon|Draco Meteor|p1a: Dondozo|[miss]\n|-miss|p2a: Duraludon|p1a: Dondozo\n|move|p1a: Dondozo|Curse|p1a: Dondozo\n|-unboost|p1a: Dondozo|spe|1\n|-boost|p1a: Dondozo|atk|1\n|-boost|p1a: Dondozo|def|1\n|\n|-heal|p1a: Dondozo|339/362|[from] item: Leftovers\n|upkeep\n|turn|13\n|\n|t:|1733884590\n|move|p2a: Duraludon|Draco Meteor|p1a: Dondozo|[miss]\n|-miss|p2a: Duraludon|p1a: Dondozo\n|move|p1a: Dondozo|Curse|p1a: Dondozo\n|-unboost|p1a: Dondozo|spe|1\n|-boost|p1a: Dondozo|atk|1\n|-boost|p1a: Dondozo|def|1\n|\n|-heal|p1a: Dondozo|361/362|[from] item: Leftovers\n|upkeep\n|turn|14\n|\n|t:|1733884598\n|move|p2a: Duraludon|Draco Meteor|p1a: Dondozo\n|-damage|p1a: Dondozo|169/362\n|-unboost|p2a: Duraludon|spa|2\n|move|p1a: Dondozo|Curse|p1a: Dondozo\n|-unboost|p1a: Dondozo|spe|1\n|-boost|p1a: Dondozo|atk|1\n|-boost|p1a: Dondozo|def|1\n|\n|-heal|p1a: Dondozo|191/362|[from] item: Leftovers\n|upkeep\n|turn|15\n|\n|t:|1733884609\n|move|p2a: Duraludon|Flash Cannon|p1a: Dondozo\n|-resisted|p1a: Dondozo\n|-damage|p1a: Dondozo|122/362\n|move|p1a: Dondozo|Rest|p1a: Dondozo\n|-status|p1a: Dondozo|slp|[from] move: Rest\n|-heal|p1a: Dondozo|362/362 slp|[silent]\n|\n|upkeep\n|turn|16\n|\n|t:|1733884617\n|move|p2a: Duraludon|Body Press|p1a: Dondozo\n|-damage|p1a: Dondozo|342/362 slp\n|cant|p1a: Dondozo|slp\n|move|p1a: Dondozo|Sleep Talk|p1a: Dondozo\n|move|p1a: Dondozo|Curse|p1a: Dondozo|[from]move: Sleep Talk\n|-unboost|p1a: Dondozo|spe|1\n|-boost|p1a: Dondozo|atk|1\n|-boost|p1a: Dondozo|def|1\n|\n|-heal|p1a: Dondozo|362/362 slp|[from] item: Leftovers\n|upkeep\n|turn|17\n|\n|t:|1733884628\n|move|p2a: Duraludon|Draco Meteor|p1a: Dondozo|[miss]\n|-miss|p2a: Duraludon|p1a: Dondozo\n|cant|p1a: Dondozo|slp\n|move|p1a: Dondozo|Sleep Talk|p1a: Dondozo\n|move|p1a: Dondozo|Rest||[from]move: Sleep Talk|[still]\n|-fail|p1a: Dondozo\n|\n|upkeep\n|turn|18\n|\n|t:|1733884638\n|move|p2a: Duraludon|Draco Meteor|p1a: Dondozo\n|-damage|p1a: Dondozo|146/362 slp\n|-unboost|p2a: Duraludon|spa|2\n|-curestatus|p1a: Dondozo|slp|[msg]\n|move|p1a: Dondozo|Sleep Talk||[still]\n|-fail|p1a: Dondozo\n|\n|-heal|p1a: Dondozo|168/362|[from] item: Leftovers\n|upkeep\n|turn|19\n|\n|t:|1733884647\n|move|p2a: Duraludon|Draco Meteor|p1a: Dondozo\n|-damage|p1a: Dondozo|0 fnt\n|-unboost|p2a: Duraludon|spa|2\n|faint|p1a: Dondozo\n|\n|upkeep\n|\n|t:|1733884654\n|switch|p1a: Diancie|Diancie, L82|216/216\n|turn|20\n|\n|t:|1733884667\n|move|p2a: Duraludon|Body Press|p1a: Diancie\n|-damage|p1a: Diancie|174/216\n|move|p1a: Diancie|Diamond Storm|p2a: Duraludon\n|-resisted|p2a: Duraludon\n|-damage|p2a: Duraludon|221/249\n|-boost|p1a: Diancie|def|2\n|\n|-heal|p1a: Diancie|187/216|[from] item: Leftovers\n|upkeep\n|turn|21\n|\n|t:|1733884681\n|move|p2a: Duraludon|Flash Cannon|p1a: Diancie\n|-supereffective|p1a: Diancie\n|-damage|p1a: Diancie|115/216\n|move|p1a: Diancie|Diamond Storm|p2a: Duraludon\n|-resisted|p2a: Duraludon\n|-damage|p2a: Duraludon|195/249\n|\n|-heal|p1a: Diancie|128/216|[from] item: Leftovers\n|upkeep\n|turn|22\n|\n|t:|1733884692\n|move|p2a: Duraludon|Flash Cannon|p1a: Diancie\n|-supereffective|p1a: Diancie\n|-damage|p1a: Diancie|56/216\n|move|p1a: Diancie|Body Press|p2a: Duraludon\n|-supereffective|p2a: Duraludon\n|-damage|p2a: Duraludon|21/249\n|\n|-heal|p1a: Diancie|69/216|[from] item: Leftovers\n|upkeep\n|turn|23\n|\n|t:|1733884701\n|move|p2a: Duraludon|Flash Cannon|p1a: Diancie\n|-supereffective|p1a: Diancie\n|-damage|p1a: Diancie|5/216\n|move|p1a: Diancie|Body Press|p2a: Duraludon\n|-supereffective|p2a: Duraludon\n|-damage|p2a: Duraludon|0 fnt\n|faint|p2a: Duraludon\n|\n|-heal|p1a: Diancie|18/216|[from] item: Leftovers\n|upkeep\n|\n|t:|1733884713\n|switch|p2a: Chien-Pao|Chien-Pao, L72|36/234\n|-ability|p2a: Chien-Pao|Sword of Ruin\n|turn|24\n|\n|t:|1733884722\n|move|p2a: Chien-Pao|Ice Shard|p1a: Diancie\n|-damage|p1a: Diancie|0 fnt\n|faint|p1a: Diancie\n|\n|upkeep\n|\n|t:|1733884730\n|switch|p1a: Raikou|Raikou, L81|278/278\n|-ability|p1a: Raikou|Pressure\n|turn|25\n|\n|t:|1733884738\n|move|p2a: Chien-Pao|Ice Shard|p1a: Raikou\n|-damage|p1a: Raikou|187/278\n|move|p1a: Raikou|Thunderbolt|p2a: Chien-Pao\n|-damage|p2a: Chien-Pao|0 fnt\n|faint|p2a: Chien-Pao\n|\n|-heal|p1a: Raikou|204/278|[from] item: Leftovers\n|upkeep\n|\n|t:|1733884748\n|switch|p2a: Groudon|Groudon, L72|263/263\n|-weather|SunnyDay|[from] ability: Drought|[of] p2a: Groudon\n|turn|26\n|\n|t:|1733884755\n|move|p1a: Raikou|Scald|p2a: Groudon\n|-supereffective|p2a: Groudon\n|-damage|p2a: Groudon|191/263\n|move|p2a: Groudon|Precipice Blades|p1a: Raikou\n|-supereffective|p1a: Raikou\n|-damage|p1a: Raikou|0 fnt\n|faint|p1a: Raikou\n|\n|-weather|SunnyDay|[upkeep]\n|-heal|p2a: Groudon|207/263|[from] item: Leftovers\n|upkeep\n|\n|t:|1733884760\n|switch|p1a: Dudunsparce|Dudunsparce, L83, F|130/343\n|turn|27\n|\n|t:|1733884773\n|move|p2a: Groudon|Precipice Blades|p1a: Dudunsparce\n|-damage|p1a: Dudunsparce|0 fnt\n|faint|p1a: Dudunsparce\n|\n|win|fairybred\n|l|\u2606LowkJackson\n|player|p1|\n", "inputlog": ">version bfd83cad13791eb5a5a409923076391caf6fb4d4\n>start {\"formatid\":\"gen9randombattle\",\"seed\":[13897,60009,51632,36480]}\n>player p1 {\"name\":\"LowkJackson\",\"avatar\":\"swimmer-gen4dp\",\"rating\":0,\"seed\":[22079,56229,54643,25428]}\n>player p2 {\"name\":\"fairybred\",\"avatar\":\"brycen\",\"rating\":0,\"seed\":[65184,183,61458,4571]}\n>p1 move boomburst\n>p2 move sacredsword\n>p1 switch 4\n>p2 move sacredsword\n>p1 move calmmind\n>p2 switch 6\n>p1 move focusblast terastallize\n>p2 move crunch\n>p2 switch 2\n>p1 move calmmind\n>p2 move bodypress\n>p1 move recover\n>p2 move dracometeor\n>p1 move calmmind\n>p2 switch 3\n>p1 move psychic\n>p2 move moonblast\n>p2 switch 5\n>p1 move recover\n>p2 move psychicfangs\n>p1 switch 5\n>p1 move fierydance\n>p2 move earthquake terastallize\n>p1 switch 3\n>p1 move wavecrash\n>p2 move heavyslam\n>p2 switch 3\n>p1 move curse\n>p2 move dracometeor\n>p1 move curse\n>p2 move dracometeor\n>p1 move curse\n>p2 move dracometeor\n>p1 move rest\n>p2 move flashcannon\n>p1 move sleeptalk\n>p2 move bodypress\n>p1 move sleeptalk\n>p2 move dracometeor\n>p1 move sleeptalk\n>p2 move dracometeor\n>p1 move wavecrash\n>p2 move dracometeor\n>p1 switch 6\n>p1 move diamondstorm\n>p2 move bodypress\n>p1 move diamondstorm\n>p2 move flashcannon\n>p1 move bodypress\n>p2 move flashcannon\n>p1 move bodypress\n>p2 move flashcannon\n>p2 switch 6\n>p1 move bodypress\n>p2 move iceshard\n>p1 switch 2\n>p1 move thunderbolt\n>p2 move iceshard\n>p2 switch 4\n>p1 move scald\n>p2 move precipiceblades\n>p1 switch 4\n>p1 move earthpower\n>p2 move precipiceblades", "uploadtime": 1733884785, "views": 4, "formatid": "gen9randombattle", "rating": null, "private": 0, "password": null}