{"id": "gen9randombattle-2120985384", "format": "[Gen 9] Random Battle", "players": ["alucs", "ingmajor"], "log": "|j|\u2606alucs\n|j|\u2606ingmajor\n|t:|1715235437\n|gametype|singles\n|player|p1|alucs|acetrainerf-gen3rs|2262\n|player|p2|ingmajor|265|2207\n|teamsize|p1|6\n|teamsize|p2|6\n|gen|9\n|tier|[Gen 9] Random Battle\n|rated|\n|rule|Species Clause: Limit one of each Pok\u00e9mon\n|rule|HP Percentage Mod: HP is shown in percentages\n|rule|Sleep Clause Mod: Limit one foe put to sleep\n|rule|Illusion Level Mod: Illusion disguises the Pok\u00e9mon's true level\n|\n|t:|1715235437\n|start\n|switch|p1a: Lunala|Lunala, L70|308/308\n|switch|p2a: Klawf|Klawf, L90, F|272/272\n|turn|1\n|inactive|Battle timer is ON: inactive players will automatically lose when time's up. (requested by alucs)\n|\n|t:|1715235448\n|switch|p1a: Heracross|Heracross, L80, F|259/259\n|move|p2a: Klawf|Swords Dance|p2a: Klawf\n|-boost|p2a: Klawf|atk|2\n|\n|upkeep\n|turn|2\n|\n|t:|1715235454\n|move|p1a: Heracross|Close Combat|p2a: Klawf\n|-supereffective|p2a: Klawf\n|-damage|p2a: Klawf|62/272\n|-unboost|p1a: Heracross|def|1\n|-unboost|p1a: Heracross|spd|1\n|-ability|p2a: Klawf|Anger Shell|boost\n|-boost|p2a: Klawf|atk|1\n|-boost|p2a: Klawf|spa|1\n|-boost|p2a: Klawf|spe|1\n|-unboost|p2a: Klawf|def|1\n|-unboost|p2a: Klawf|spd|1\n|move|p2a: Klawf|Stone Edge|p1a: Heracross\n|-crit|p1a: Heracross\n|-damage|p1a: Heracross|0 fnt\n|faint|p1a: Heracross\n|\n|upkeep\n|\n|t:|1715235474\n|switch|p1a: Lunala|Lunala, L70|308/308\n|turn|3\n|\n|t:|1715235478\n|-terastallize|p1a: Lunala|Dark\n|move|p2a: Klawf|Knock Off|p1a: Lunala\n|-resisted|p1a: Lunala\n|-crit|p1a: Lunala\n|-damage|p1a: Lunala|214/308\n|-enditem|p1a: Lunala|Leftovers|[from] move: Knock Off|[of] p2a: Klawf\n|move|p1a: Lunala|Moongeist Beam|p2a: Klawf\n|-damage|p2a: Klawf|0 fnt\n|faint|p2a: Klawf\n|\n|upkeep\n|\n|t:|1715235485\n|switch|p2a: Heracross|Heracross, L80, M|259/259\n|turn|4\n|\n|t:|1715235493\n|switch|p1a: Dragalge|Dragalge, L88, M|258/258\n|move|p2a: Heracross|Close Combat|p1a: Dragalge\n|-resisted|p1a: Dragalge\n|-damage|p1a: Dragalge|149/258\n|-unboost|p2a: Heracross|def|1\n|-unboost|p2a: Heracross|spd|1\n|\n|-heal|p1a: Dragalge|165/258|[from] item: Leftovers\n|upkeep\n|turn|5\n|\n|t:|1715235500\n|switch|p2a: Venusaur|Venusaur, L84, M|272/272\n|move|p1a: Dragalge|Draco Meteor|p2a: Venusaur\n|-damage|p2a: Venusaur|86/272\n|-unboost|p1a: Dragalge|spa|2\n|\n|-heal|p2a: Venusaur|103/272|[from] item: Leftovers\n|-heal|p1a: Dragalge|181/258|[from] item: Leftovers\n|upkeep\n|turn|6\n|\n|t:|1715235521\n|switch|p2a: Heracross|Heracross, L80, M|259/259\n|switch|p1a: Pyroar|Pyroar, L88, F|295/295\n|-ability|p1a: Pyroar|Unnerve\n|\n|upkeep\n|turn|7\n|\n|t:|1715235526\n|-terastallize|p2a: Heracross|Fighting\n|move|p1a: Pyroar|Fire Blast|p2a: Heracross|[miss]\n|-miss|p1a: Pyroar|p2a: Heracross\n|move|p2a: Heracross|Close Combat|p1a: Pyroar\n|-supereffective|p1a: Pyroar\n|-damage|p1a: Pyroar|0 fnt\n|-unboost|p2a: Heracross|def|1\n|-unboost|p2a: Heracross|spd|1\n|faint|p1a: Pyroar\n|-ability|p2a: Heracross|Moxie|boost\n|-boost|p2a: Heracross|atk|1\n|\n|upkeep\n|\n|t:|1715235533\n|switch|p1a: Dragalge|Dragalge, L88, M|181/258\n|turn|8\n|\n|t:|1715235535\n|move|p2a: Heracross|Close Combat|p1a: Dragalge\n|-resisted|p1a: Dragalge\n|-damage|p1a: Dragalge|0 fnt\n|-unboost|p2a: Heracross|def|1\n|-unboost|p2a: Heracross|spd|1\n|faint|p1a: Dragalge\n|-ability|p2a: Heracross|Moxie|boost\n|-boost|p2a: Heracross|atk|1\n|\n|upkeep\n|\n|t:|1715235538\n|switch|p1a: Iron Crown|Iron Crown, L79|272/272\n|turn|9\n|\n|t:|1715235547\n|switch|p2a: Glalie|Glalie, L96, M|309/309\n|move|p1a: Iron Crown|Psyshock|p2a: Glalie\n|-damage|p2a: Glalie|230/309\n|\n|upkeep\n|turn|10\n|\n|t:|1715235550\n|move|p2a: Glalie|Earthquake|p1a: Iron Crown\n|-supereffective|p1a: Iron Crown\n|-damage|p1a: Iron Crown|122/272\n|move|p1a: Iron Crown|Tachyon Cutter|p2a: Glalie\n|-supereffective|p2a: Glalie\n|-damage|p2a: Glalie|116/309\n|-supereffective|p2a: Glalie\n|-damage|p2a: Glalie|6/309\n|-hitcount|p2a: Glalie|2\n|\n|upkeep\n|turn|11\n|\n|t:|1715235552\n|move|p2a: Glalie|Earthquake|p1a: Iron Crown\n|-supereffective|p1a: Iron Crown\n|-damage|p1a: Iron Crown|0 fnt\n|faint|p1a: Iron Crown\n|-end|p1a: Iron Crown|Quark Drive|[silent]\n|\n|upkeep\n|\n|t:|1715235554\n|switch|p1a: Lunala|Lunala, L70, tera:Dark|214/308\n|turn|12\n|\n|t:|1715235558\n|move|p2a: Glalie|Spikes|p1a: Lunala\n|-sidestart|p1: alucs|Spikes\n|move|p1a: Lunala|Moonlight|p1a: Lunala\n|-heal|p1a: Lunala|308/308\n|\n|upkeep\n|turn|13\n|\n|t:|1715235561\n|move|p2a: Glalie|Disable|p1a: Lunala\n|-start|p1a: Lunala|Disable|Moonlight\n|move|p1a: Lunala|Calm Mind|p1a: Lunala\n|-boost|p1a: Lunala|spa|1\n|-boost|p1a: Lunala|spd|1\n|\n|upkeep\n|turn|14\n|\n|t:|1715235564\n|move|p2a: Glalie|Earthquake|p1a: Lunala\n|-damage|p1a: Lunala|265/308\n|move|p1a: Lunala|Psyshock|p2a: Glalie\n|-damage|p2a: Glalie|0 fnt\n|faint|p2a: Glalie\n|\n|upkeep\n|\n|t:|1715235567\n|switch|p2a: Heracross|Heracross, L80, M, tera:Fighting|259/259\n|turn|15\n|\n|t:|1715235569\n|move|p2a: Heracross|Close Combat|p1a: Lunala\n|-supereffective|p1a: Lunala\n|-damage|p1a: Lunala|0 fnt\n|-unboost|p2a: Heracross|def|1\n|-unboost|p2a: Heracross|spd|1\n|faint|p1a: Lunala\n|-ability|p2a: Heracross|Moxie|boost\n|-boost|p2a: Heracross|atk|1\n|\n|upkeep\n|-message|alucs forfeited.\n|\n|win|ingmajor\n|raw|alucs's rating: 2262 &rarr; <strong>2239</strong><br />(-23 for losing)\n|raw|ingmajor's rating: 2207 &rarr; <strong>2230</strong><br />(+23 for winning)\n|l|\u2606alucs\n|player|p1|\n", "inputlog": ">version d87f45fad9b955c6072adc425367687e8a017379\n>start {\"formatid\":\"gen9randombattle\",\"seed\":[31008,24275,3366,30491],\"rated\":\"Rated battle\"}\n>player p1 {\"name\":\"alucs\",\"avatar\":\"acetrainerf-gen3rs\",\"rating\":2262,\"seed\":[1778,55478,18137,45526]}\n>player p2 {\"name\":\"ingmajor\",\"avatar\":\"265\",\"rating\":2207,\"seed\":[17180,26579,408,57668]}\n>p1 switch 6\n>p2 move swordsdance\n>p1 move closecombat\n>p2 move stoneedge\n>p1 switch 6\n>p1 move moongeistbeam terastallize\n>p2 move knockoff\n>p2 switch 5\n>p1 switch 4\n>p2 move closecombat\n>p1 move dracometeor\n>p2 switch 2\n>p1 switch 2\n>p2 switch 2\n>p1 move fireblast\n>p2 move closecombat terastallize\n>p1 switch 2\n>p1 move sludgewave\n>p2 move closecombat\n>p1 switch 3\n>p1 move psyshock\n>p2 switch 4\n>p1 move tachyoncutter\n>p2 move earthquake\n>p1 move voltswitch\n>p2 move earthquake\n>p1 switch 4\n>p1 move moonlight\n>p2 move spikes\n>p1 move calmmind\n>p2 move disable\n>p1 move psyshock\n>p2 move earthquake\n>p2 switch 4\n>p1 move psyshock\n>p2 move closecombat\n>forcelose p1", "uploadtime": 1715235576, "views": 223, "formatid": "gen9randombattle", "rating": 2230, "private": 0, "password": null}