{"id": "gen9randombattle-2260577306", "format": "[Gen 9] Random Battle", "players": ["cvntypunk", "farskan"], "log": "|j|\u2606cvntypunk\n|j|\u2606farskan\n|t:|1733865390\n|gametype|singles\n|player|p1|cvntypunk|266|1080\n|player|p2|farskan|101|1078\n|teamsize|p1|6\n|teamsize|p2|6\n|gen|9\n|tier|[Gen 9] Random Battle\n|rated|\n|rule|Species Clause: Limit one of each Pok\u00e9mon\n|rule|HP Percentage Mod: HP is shown in percentages\n|rule|Sleep Clause Mod: Limit one foe put to sleep\n|rule|Illusion Level Mod: Illusion disguises the Pok\u00e9mon's true level\n|\n|t:|1733865390\n|start\n|switch|p1a: Weavile|Weavile, L79, M|240/240\n|switch|p2a: Articuno|Articuno, L86|295/295\n|-ability|p2a: Articuno|Pressure\n|turn|1\n|\n|t:|1733865408\n|move|p1a: Weavile|Swords Dance|p1a: Weavile\n|-boost|p1a: Weavile|atk|2\n|move|p2a: Articuno|Brave Bird|p1a: Weavile\n|-damage|p1a: Weavile|72/240\n|-damage|p2a: Articuno|240/295|[from] Recoil\n|\n|upkeep\n|turn|2\n|\n|t:|1733865420\n|move|p1a: Weavile|Triple Axel|p2a: Articuno|[miss]\n|-miss|p1a: Weavile|p2a: Articuno\n|move|p2a: Articuno|Roost|p2a: Articuno\n|-heal|p2a: Articuno|295/295\n|-singleturn|p2a: Articuno|move: Roost\n|\n|upkeep\n|turn|3\n|\n|t:|1733865430\n|move|p1a: Weavile|Knock Off|p2a: Articuno\n|-damage|p2a: Articuno|109/295\n|-enditem|p2a: Articuno|Heavy-Duty Boots|[from] move: Knock Off|[of] p1a: Weavile\n|move|p2a: Articuno|Brave Bird|p1a: Weavile\n|-damage|p1a: Weavile|0 fnt\n|faint|p1a: Weavile\n|-damage|p2a: Articuno|85/295|[from] Recoil\n|\n|upkeep\n|\n|t:|1733865440\n|switch|p1a: Volcanion|Volcanion, L79|256/256\n|turn|4\n|\n|t:|1733865452\n|switch|p2a: Dugtrio|Dugtrio, L84, M|196/196\n|move|p1a: Volcanion|Flamethrower|p2a: Dugtrio\n|-damage|p2a: Dugtrio|81/196\n|\n|upkeep\n|turn|5\n|\n|t:|1733865470\n|move|p2a: Dugtrio|Earthquake|p1a: Volcanion\n|-supereffective|p1a: Volcanion\n|-damage|p1a: Volcanion|0 fnt\n|faint|p1a: Volcanion\n|\n|upkeep\n|\n|t:|1733865485\n|switch|p1a: Walking Wake|Walking Wake, L79|286/286\n|turn|6\n|\n|t:|1733865493\n|move|p2a: Dugtrio|Earthquake|p1a: Walking Wake\n|-damage|p1a: Walking Wake|126/286\n|move|p1a: Walking Wake|Hydro Pump|p2a: Dugtrio|[miss]\n|-miss|p1a: Walking Wake|p2a: Dugtrio\n|\n|upkeep\n|turn|7\n|\n|t:|1733865498\n|move|p2a: Dugtrio|Earthquake|p1a: Walking Wake\n|-damage|p1a: Walking Wake|0 fnt\n|faint|p1a: Walking Wake\n|-end|p1a: Walking Wake|Protosynthesis|[silent]\n|\n|upkeep\n|\n|t:|1733865505\n|switch|p1a: Articuno|Articuno, L86|295/295\n|-ability|p1a: Articuno|Pressure\n|turn|8\n|\n|t:|1733865520\n|switch|p2a: Wyrdeer|Wyrdeer, L87, M|321/321\n|-ability|p2a: Wyrdeer|Intimidate|boost\n|-unboost|p1a: Articuno|atk|1\n|move|p1a: Articuno|Brave Bird|p2a: Wyrdeer\n|-damage|p2a: Wyrdeer|231/321\n|-damage|p1a: Articuno|265/295|[from] Recoil\n|\n|-heal|p2a: Wyrdeer|251/321|[from] item: Leftovers\n|upkeep\n|turn|9\n|\n|t:|1733865543\n|move|p1a: Articuno|Freeze-Dry|p2a: Wyrdeer\n|-damage|p2a: Wyrdeer|167/321\n|move|p2a: Wyrdeer|Thunder Wave|p1a: Articuno\n|-status|p1a: Articuno|par\n|\n|-heal|p2a: Wyrdeer|187/321|[from] item: Leftovers\n|upkeep\n|turn|10\n|inactive|Battle timer is ON: inactive players will automatically lose when time's up. (requested by farskan)\n|\n|t:|1733865556\n|move|p2a: Wyrdeer|Megahorn|p1a: Articuno\n|-resisted|p1a: Articuno\n|-damage|p1a: Articuno|222/295 par\n|move|p1a: Articuno|Freeze-Dry|p2a: Wyrdeer\n|-damage|p2a: Wyrdeer|106/321\n|\n|-heal|p2a: Wyrdeer|126/321|[from] item: Leftovers\n|upkeep\n|turn|11\n|\n|t:|1733865569\n|move|p2a: Wyrdeer|Earthquake|p1a: Articuno\n|-immune|p1a: Articuno\n|cant|p1a: Articuno|par\n|\n|-heal|p2a: Wyrdeer|146/321|[from] item: Leftovers\n|upkeep\n|turn|12\n|\n|t:|1733865576\n|move|p2a: Wyrdeer|Psychic Noise|p1a: Articuno\n|-damage|p1a: Articuno|150/295 par\n|-start|p1a: Articuno|move: Heal Block\n|move|p1a: Articuno|Brave Bird|p2a: Wyrdeer\n|-damage|p2a: Wyrdeer|52/321\n|-damage|p1a: Articuno|119/295 par|[from] Recoil\n|\n|-heal|p2a: Wyrdeer|72/321|[from] item: Leftovers\n|upkeep\n|turn|13\n|\n|t:|1733865588\n|switch|p2a: Arbok|Arbok, L87, M|246/246\n|-ability|p2a: Arbok|Intimidate|boost\n|-unboost|p1a: Articuno|atk|1\n|cant|p1a: Articuno|par\n|\n|-end|p1a: Articuno|move: Heal Block\n|upkeep\n|turn|14\n|\n|t:|1733865602\n|move|p2a: Arbok|Gunk Shot|p1a: Articuno|[miss]\n|-miss|p2a: Arbok|p1a: Articuno\n|move|p1a: Articuno|Roost|p1a: Articuno\n|-heal|p1a: Articuno|267/295 par\n|-singleturn|p1a: Articuno|move: Roost\n|\n|upkeep\n|turn|15\n|\n|t:|1733865612\n|move|p2a: Arbok|Gunk Shot|p1a: Articuno\n|-damage|p1a: Articuno|152/295 par\n|cant|p1a: Articuno|par\n|\n|upkeep\n|turn|16\n|\n|t:|1733865617\n|-terastallize|p1a: Articuno|Steel\n|move|p2a: Arbok|Gunk Shot|p1a: Articuno\n|-immune|p1a: Articuno\n|move|p1a: Articuno|Roost|p1a: Articuno\n|-heal|p1a: Articuno|295/295 par\n|\n|upkeep\n|turn|17\n|\n|t:|1733865624\n|move|p2a: Arbok|Earthquake|p1a: Articuno\n|-supereffective|p1a: Articuno\n|-damage|p1a: Articuno|163/295 par\n|move|p1a: Articuno|Freeze-Dry|p2a: Arbok\n|-damage|p2a: Arbok|164/246\n|\n|-heal|p2a: Arbok|179/246|[from] item: Leftovers\n|upkeep\n|turn|18\n|\n|t:|1733865631\n|move|p2a: Arbok|Earthquake|p1a: Articuno\n|-supereffective|p1a: Articuno\n|-damage|p1a: Articuno|27/295 par\n|move|p1a: Articuno|Roost|p1a: Articuno\n|-heal|p1a: Articuno|175/295 par\n|\n|-heal|p2a: Arbok|194/246|[from] item: Leftovers\n|upkeep\n|turn|19\n|\n|t:|1733865640\n|move|p2a: Arbok|Earthquake|p1a: Articuno\n|-supereffective|p1a: Articuno\n|-damage|p1a: Articuno|35/295 par\n|move|p1a: Articuno|Roost|p1a: Articuno\n|-heal|p1a: Articuno|183/295 par\n|\n|-heal|p2a: Arbok|209/246|[from] item: Leftovers\n|upkeep\n|turn|20\n|\n|t:|1733865649\n|move|p2a: Arbok|Earthquake|p1a: Articuno\n|-supereffective|p1a: Articuno\n|-damage|p1a: Articuno|41/295 par\n|move|p1a: Articuno|Roost|p1a: Articuno\n|-heal|p1a: Articuno|189/295 par\n|\n|-heal|p2a: Arbok|224/246|[from] item: Leftovers\n|upkeep\n|turn|21\n|c|\u2606farskan|bro\n|\n|t:|1733865657\n|move|p2a: Arbok|Earthquake|p1a: Articuno\n|-supereffective|p1a: Articuno\n|-damage|p1a: Articuno|57/295 par\n|cant|p1a: Articuno|par\n|\n|-heal|p2a: Arbok|239/246|[from] item: Leftovers\n|upkeep\n|turn|22\n|\n|t:|1733865664\n|switch|p1a: Terapagos|Terapagos, L76, F|262/262\n|-activate|p1a: Terapagos|ability: Tera Shift\n|detailschange|p1a: Terapagos|Terapagos-Terastal, L76, F\n|-heal|p1a: Terapagos|269/269|[silent]\n|move|p2a: Arbok|Earthquake|p1a: Terapagos\n|-activate|p1a: Terapagos|ability: Tera Shell\n|-resisted|p1a: Terapagos\n|-damage|p1a: Terapagos|235/269\n|\n|-heal|p2a: Arbok|246/246|[from] item: Leftovers\n|upkeep\n|turn|23\n|\n|t:|1733865677\n|move|p2a: Arbok|Gunk Shot|p1a: Terapagos\n|-damage|p1a: Terapagos|106/269\n|move|p1a: Terapagos|Calm Mind|p1a: Terapagos\n|-boost|p1a: Terapagos|spa|1\n|-boost|p1a: Terapagos|spd|1\n|\n|upkeep\n|turn|24\n|\n|t:|1733865684\n|move|p2a: Arbok|Gunk Shot|p1a: Terapagos\n|-damage|p1a: Terapagos|0 fnt\n|faint|p1a: Terapagos\n|\n|upkeep\n|\n|t:|1733865687\n|switch|p1a: Gengar|Gengar, L81, F|230/230\n|turn|25\n|\n|t:|1733865698\n|move|p1a: Gengar|Shadow Ball|p2a: Arbok\n|-damage|p2a: Arbok|121/246\n|-unboost|p2a: Arbok|spd|1\n|-damage|p1a: Gengar|207/230|[from] item: Life Orb\n|move|p2a: Arbok|Trailblaze|p1a: Gengar\n|-resisted|p1a: Gengar\n|-damage|p1a: Gengar|183/230\n|-boost|p2a: Arbok|spe|1\n|\n|-heal|p2a: Arbok|136/246|[from] item: Leftovers\n|upkeep\n|turn|26\n|\n|t:|1733865710\n|move|p2a: Arbok|Earthquake|p1a: Gengar\n|-supereffective|p1a: Gengar\n|-damage|p1a: Gengar|0 fnt\n|faint|p1a: Gengar\n|\n|-heal|p2a: Arbok|151/246|[from] item: Leftovers\n|upkeep\n|\n|t:|1733865713\n|switch|p1a: Articuno|Articuno, L86, tera:Steel|57/295 par\n|-ability|p1a: Articuno|Pressure\n|turn|27\n|\n|t:|1733865722\n|move|p2a: Arbok|Earthquake|p1a: Articuno\n|-supereffective|p1a: Articuno\n|-damage|p1a: Articuno|0 fnt\n|faint|p1a: Articuno\n|\n|win|farskan\n|raw|cvntypunk's rating: 1080 &rarr; <strong>1058</strong><br />(-22 for losing)\n|raw|farskan's rating: 1078 &rarr; <strong>1106</strong><br />(+28 for winning)\n|l|\u2606cvntypunk\n|player|p1|\n", "inputlog": ">version bfd83cad13791eb5a5a409923076391caf6fb4d4\n>start {\"formatid\":\"gen9randombattle\",\"seed\":[17541,57658,52705,25701],\"rated\":\"Rated battle\"}\n>player p1 {\"name\":\"cvntypunk\",\"avatar\":\"266\",\"rating\":1080,\"seed\":[30497,59290,59235,38743]}\n>player p2 {\"name\":\"farskan\",\"avatar\":\"101\",\"rating\":1078,\"seed\":[18305,58432,64133,61898]}\n>p1 move swordsdance\n>p2 move bravebird\n>p1 move tripleaxel\n>p2 move roost\n>p1 move knockoff\n>p2 move bravebird\n>p1 switch 4\n>p1 move flamethrower\n>p2 switch 3\n>p1 move steameruption\n>p2 move earthquake\n>p1 switch 2\n>p1 move hydropump\n>p2 move earthquake\n>p1 move hydropump\n>p2 move earthquake\n>p1 switch 6\n>p1 move bravebird\n>p2 switch 2\n>p1 move freezedry\n>p2 move thunderwave\n>p1 move freezedry\n>p2 move megahorn\n>p1 move bravebird\n>p2 move earthquake\n>p1 move bravebird\n>p2 move psychicnoise\n>p1 move freezedry\n>p2 switch 6\n>p1 move roost\n>p2 move gunkshot\n>p1 move bravebird\n>p2 move gunkshot\n>p1 move roost terastallize\n>p2 move gunkshot\n>p1 move freezedry\n>p2 move earthquake\n>p1 move roost\n>p2 move earthquake\n>p1 move roost\n>p2 move earthquake\n>p1 move roost\n>p2 move earthquake\n>chat \u2606farskan|bro\n>p1 move roost\n>p2 move earthquake\n>p1 switch 5\n>p2 move earthquake\n>p1 move calmmind\n>p2 move gunkshot\n>p1 move darkpulse\n>p2 move gunkshot\n>p1 switch 3\n>p1 move shadowball\n>p2 move trailblaze\n>p1 move shadowball\n>p2 move earthquake\n>p1 switch 5\n>p1 move bravebird\n>p2 move earthquake", "uploadtime": 1733865729, "views": 2, "formatid": "gen9randombattle", "rating": 1058, "private": 0, "password": null}