{"id": "gen9randombattle-2019253843", "format": "[Gen 9] Random Battle", "players": ["Aqua", "MichaelderBeste2"], "log": "|j|\u2606Aqua\n|j|\u2606MichaelderBeste2\n|t:|1703458427\n|gametype|singles\n|player|p1|Aqua|#rbtt6teamlatiasf|2184\n|player|p2|MichaelderBeste2|#wcop2023germany|2348\n|teamsize|p1|6\n|teamsize|p2|6\n|gen|9\n|tier|[Gen 9] Random Battle\n|rated|\n|rule|Species Clause: Limit one of each Pok\u00e9mon\n|rule|HP Percentage Mod: HP is shown in percentages\n|rule|Sleep Clause Mod: Limit one foe put to sleep\n|rule|Illusion Level Mod: Illusion disguises the Pok\u00e9mon's true level\n|\n|t:|1703458427\n|start\n|switch|p1a: Gastrodon|Gastrodon, L85, F|327/327\n|switch|p2a: Spectrier|Spectrier, L75|274/274\n|turn|1\n|j| godofchairing\n|j| newb432\n|j| latias9 9s\n|inactive|Battle timer is ON: inactive players will automatically lose when time's up. (requested by MichaelderBeste2)\n|\n|t:|1703458457\n|move|p2a: Spectrier|Will-O-Wisp|p1a: Gastrodon\n|-status|p1a: Gastrodon|brn\n|move|p1a: Gastrodon|Stealth Rock|p2a: Spectrier\n|-sidestart|p2: MichaelderBeste2|move: Stealth Rock\n|\n|-damage|p1a: Gastrodon|307/327 brn|[from] brn\n|upkeep\n|turn|2\n|\n|t:|1703458477\n|switch|p2a: Mightyena|Mightyena, L95, F|287/287\n|-damage|p2a: Mightyena|252/287|[from] Stealth Rock\n|-ability|p2a: Mightyena|Intimidate|boost\n|-unboost|p1a: Gastrodon|atk|1\n|move|p1a: Gastrodon|Surf|p2a: Mightyena\n|-damage|p2a: Mightyena|131/287\n|\n|-heal|p1a: Gastrodon|327/327 brn|[from] item: Leftovers\n|-damage|p1a: Gastrodon|307/327 brn|[from] brn\n|upkeep\n|turn|3\n|\n|t:|1703458493\n|switch|p1a: Cobalion|Cobalion, L82|283/283\n|move|p2a: Mightyena|Throat Chop|p1a: Cobalion\n|-resisted|p1a: Cobalion\n|-damage|p1a: Cobalion|220/283\n|-start|p1a: Cobalion|Throat Chop|[silent]\n|-ability|p1a: Cobalion|Justified|boost\n|-boost|p1a: Cobalion|atk|1\n|\n|-heal|p1a: Cobalion|237/283|[from] item: Leftovers\n|upkeep\n|turn|4\n|\n|t:|1703458503\n|switch|p2a: Tentacruel|Tentacruel, L85, F|275/275\n|-damage|p2a: Tentacruel|241/275|[from] Stealth Rock\n|move|p1a: Cobalion|Thunder Wave|p2a: Tentacruel\n|-status|p2a: Tentacruel|par\n|\n|-heal|p1a: Cobalion|254/283|[from] item: Leftovers\n|-heal|p2a: Tentacruel|258/275 par|[from] item: Leftovers\n|-end|p1a: Cobalion|Throat Chop|[silent]\n|upkeep\n|turn|5\n|\n|t:|1703458516\n|move|p1a: Cobalion|Stone Edge|p2a: Tentacruel\n|-crit|p2a: Tentacruel\n|-damage|p2a: Tentacruel|98/275 par\n|cant|p2a: Tentacruel|par\n|\n|-heal|p1a: Cobalion|271/283|[from] item: Leftovers\n|-heal|p2a: Tentacruel|115/275 par|[from] item: Leftovers\n|upkeep\n|turn|6\n|\n|t:|1703458529\n|move|p1a: Cobalion|Stone Edge|p2a: Tentacruel\n|-crit|p2a: Tentacruel\n|-damage|p2a: Tentacruel|0 fnt\n|faint|p2a: Tentacruel\n|\n|-heal|p1a: Cobalion|283/283|[from] item: Leftovers\n|upkeep\n|\n|t:|1703458539\n|switch|p2a: Donphan|Donphan, L84, F|288/288\n|-damage|p2a: Donphan|270/288|[from] Stealth Rock\n|turn|7\n|\n|t:|1703458545\n|switch|p1a: Shaymin|Shaymin, L83|302/302\n|move|p2a: Donphan|Earthquake|p1a: Shaymin\n|-resisted|p1a: Shaymin\n|-damage|p1a: Shaymin|216/302\n|\n|-heal|p1a: Shaymin|234/302|[from] item: Leftovers\n|upkeep\n|turn|8\n|\n|t:|1703458559\n|switch|p2a: Pyroar|Pyroar, L88, M|295/295\n|-ability|p2a: Pyroar|Unnerve\n|move|p1a: Shaymin|Leech Seed|p2a: Pyroar\n|-start|p2a: Pyroar|move: Leech Seed\n|\n|-heal|p1a: Shaymin|252/302|[from] item: Leftovers\n|-damage|p2a: Pyroar|259/295|[from] Leech Seed|[of] p1a: Shaymin\n|-heal|p1a: Shaymin|288/302|[silent]\n|upkeep\n|turn|9\n|\n|t:|1703458571\n|switch|p2a: Scyther|Scyther, L82, F|249/249\n|switch|p1a: Gastrodon|Gastrodon, L85, F|307/327 brn\n|\n|-heal|p1a: Gastrodon|327/327 brn|[from] item: Leftovers\n|-damage|p1a: Gastrodon|307/327 brn|[from] brn\n|upkeep\n|turn|10\n|j| Shaky3\n|\n|t:|1703458581\n|switch|p1a: Cobalion|Cobalion, L82|283/283\n|move|p2a: Scyther|Swords Dance|p2a: Scyther\n|-boost|p2a: Scyther|atk|2\n|\n|upkeep\n|turn|11\n|\n|t:|1703458588\n|-terastallize|p2a: Scyther|Fighting\n|move|p1a: Cobalion|Thunder Wave|p2a: Scyther\n|-status|p2a: Scyther|par\n|move|p2a: Scyther|Close Combat|p1a: Cobalion\n|-supereffective|p1a: Cobalion\n|-damage|p1a: Cobalion|0 fnt\n|-unboost|p2a: Scyther|def|1\n|-unboost|p2a: Scyther|spd|1\n|faint|p1a: Cobalion\n|\n|upkeep\n|\n|t:|1703458597\n|switch|p1a: Honchkrow|Honchkrow, L86, F|312/312\n|turn|12\n|\n|t:|1703458615\n|switch|p2a: Mightyena|Mightyena, L95, F|131/287\n|-damage|p2a: Mightyena|96/287|[from] Stealth Rock\n|-ability|p2a: Mightyena|Intimidate|boost\n|-unboost|p1a: Honchkrow|atk|1\n|move|p1a: Honchkrow|Brave Bird|p2a: Mightyena\n|-damage|p2a: Mightyena|0 fnt\n|faint|p2a: Mightyena\n|-ability|p1a: Honchkrow|Moxie|boost\n|-boost|p1a: Honchkrow|atk|1\n|-damage|p1a: Honchkrow|280/312|[from] Recoil\n|\n|upkeep\n|\n|t:|1703458617\n|switch|p2a: Pyroar|Pyroar, L88, M|259/295\n|-ability|p2a: Pyroar|Unnerve\n|turn|13\n|\n|t:|1703458638\n|switch|p1a: Gastrodon|Gastrodon, L85, F|307/327 brn\n|move|p2a: Pyroar|Hyper Voice|p1a: Gastrodon\n|-damage|p1a: Gastrodon|190/327 brn\n|\n|-heal|p1a: Gastrodon|210/327 brn|[from] item: Leftovers\n|-damage|p1a: Gastrodon|190/327 brn|[from] brn\n|upkeep\n|turn|14\n|j| diempie\n|\n|t:|1703458645\n|move|p2a: Pyroar|Dark Pulse|p1a: Gastrodon\n|-damage|p1a: Gastrodon|119/327 brn\n|move|p1a: Gastrodon|Recover|p1a: Gastrodon\n|-heal|p1a: Gastrodon|283/327 brn\n|\n|-heal|p1a: Gastrodon|303/327 brn|[from] item: Leftovers\n|-damage|p1a: Gastrodon|283/327 brn|[from] brn\n|upkeep\n|turn|15\n|j| rthntdetn\n|\n|t:|1703458649\n|switch|p2a: Scyther|Scyther, L82, F, tera:Fighting|249/249 par\n|move|p1a: Gastrodon|Surf|p2a: Scyther\n|-damage|p2a: Scyther|146/249 par\n|\n|-heal|p1a: Gastrodon|303/327 brn|[from] item: Leftovers\n|-damage|p1a: Gastrodon|283/327 brn|[from] brn\n|upkeep\n|turn|16\n|l| newb432\n|\n|t:|1703458667\n|switch|p1a: Shaymin|Shaymin, L83|288/302\n|cant|p2a: Scyther|par\n|\n|-heal|p1a: Shaymin|302/302|[from] item: Leftovers\n|upkeep\n|turn|17\n|-message|MichaelderBeste2 forfeited.\n|\n|win|Aqua\n|raw|Aqua's rating: 2184 &rarr; <strong>2213</strong><br />(+29 for winning)\n|raw|MichaelderBeste2's rating: 2348 &rarr; <strong>2319</strong><br />(-29 for losing)\n|l|\u2606MichaelderBeste2\n|l| Shaky3\n", "inputlog": ">version 494919db160f0fdc2e323ac04e4a3f52e2ef6ae8\n>start {\"formatid\":\"gen9randombattle\",\"seed\":[20942,39798,17600,34472],\"rated\":\"Rated battle\"}\n>player p1 {\"name\":\"Aqua\",\"avatar\":\"#rbtt6teamlatiasf\",\"rating\":2184,\"seed\":[30178,12558,47278,38161]}\n>player p2 {\"name\":\"MichaelderBeste2\",\"avatar\":\"#wcop2023germany\",\"rating\":2348,\"seed\":[7915,27480,38138,19968]}\n>p1 move stealthrock\n>p2 move willowisp\n>p1 move surf\n>p2 switch 4\n>p1 switch 3\n>p2 move throatchop\n>p1 move thunderwave\n>p2 switch 3\n>p1 move stoneedge\n>p2 move rapidspin\n>p1 move stoneedge\n>p2 move surf\n>p2 switch 5\n>p1 switch 5\n>p2 move earthquake\n>p1 move leechseed\n>p2 switch 2\n>p1 switch 3\n>p2 switch 6\n>p1 switch 5\n>p2 move swordsdance\n>p1 move thunderwave\n>p2 move closecombat terastallize\n>p1 switch 6\n>p1 move bravebird\n>p2 switch 3\n>p2 switch 6\n>p1 switch 5\n>p2 move hypervoice\n>p1 move recover\n>p2 move darkpulse\n>p1 move surf\n>p2 switch 3\n>p1 switch 3\n>p2 move closecombat\n>forcelose p2", "uploadtime": 1703458683, "views": 285, "formatid": "gen9randombattle", "rating": 2213, "private": 0, "password": null}