{"id": "gen9randombattle-2123458605", "format": "[Gen 9] Random Battle", "players": ["Chape2", "Reconforce"], "log": "|badge|p2|bronze|gen9randombattle|100-1\n|uhtml|medal-msg|<div class=\"broadcast-blue\">Curious what those medals under the avatar are? PS now has Ladder Seasons! For more information, check out the <a href=\"https://www.smogon.com/forums/threads/3740067/\">thread on Smogon.</a></div>\n|j|\u2606Chape2\n|j|\u2606Reconforce\n|t:|1715562619\n|gametype|singles\n|player|p1|Chape2|drake-gen3|2225\n|player|p2|Reconforce|265|2271\n|teamsize|p1|6\n|teamsize|p2|6\n|gen|9\n|tier|[Gen 9] Random Battle\n|rated|\n|rule|Species Clause: Limit one of each Pok\u00e9mon\n|rule|HP Percentage Mod: HP is shown in percentages\n|rule|Sleep Clause Mod: Limit one foe put to sleep\n|rule|Illusion Level Mod: Illusion disguises the Pok\u00e9mon's true level\n|\n|t:|1715562619\n|start\n|switch|p1a: Bombirdier|Bombirdier, L85, F|258/258\n|switch|p2a: Diancie|Diancie, L82|216/216\n|turn|1\n|inactive|Battle timer is ON: inactive players will automatically lose when time's up. (requested by Chape2)\n|j| Dylan13s\n|\n|t:|1715562638\n|switch|p1a: Feraligatr|Feraligatr, L80, M|267/267\n|move|p2a: Diancie|Stealth Rock|p1a: Feraligatr\n|-sidestart|p1: Chape2|move: Stealth Rock\n|\n|upkeep\n|turn|2\n|\n|t:|1715562644\n|switch|p2a: Brambleghast|Brambleghast, L88, F|240/240\n|move|p1a: Feraligatr|Dragon Dance|p1a: Feraligatr\n|-boost|p1a: Feraligatr|atk|1\n|-boost|p1a: Feraligatr|spe|1\n|\n|upkeep\n|turn|3\n|\n|t:|1715562651\n|-terastallize|p2a: Brambleghast|Water\n|move|p1a: Feraligatr|Ice Punch|p2a: Brambleghast\n|-resisted|p2a: Brambleghast\n|-damage|p2a: Brambleghast|162/240\n|move|p2a: Brambleghast|Power Whip|p1a: Feraligatr\n|-supereffective|p1a: Feraligatr\n|-damage|p1a: Feraligatr|0 fnt\n|faint|p1a: Feraligatr\n|\n|upkeep\n|l| Dylan13s\n|\n|t:|1715562663\n|switch|p1a: Shaymin|Shaymin-Sky, L73|266/266\n|-damage|p1a: Shaymin|200/266|[from] Stealth Rock\n|turn|4\n|\n|t:|1715562667\n|switch|p2a: Sudowoodo|Sudowoodo, L93, M|281/281\n|move|p1a: Shaymin|Seed Flare|p2a: Sudowoodo\n|-supereffective|p2a: Sudowoodo\n|-damage|p2a: Sudowoodo|35/281\n|-unboost|p2a: Sudowoodo|spd|2\n|\n|-heal|p1a: Shaymin|216/266|[from] item: Leftovers\n|upkeep\n|turn|5\n|\n|t:|1715562678\n|move|p2a: Sudowoodo|Sucker Punch||[still]\n|-fail|p2a: Sudowoodo\n|move|p1a: Shaymin|Substitute|p1a: Shaymin\n|-start|p1a: Shaymin|Substitute\n|-damage|p1a: Shaymin|150/266\n|\n|-heal|p1a: Shaymin|166/266|[from] item: Leftovers\n|upkeep\n|turn|6\n|\n|t:|1715562683\n|move|p2a: Sudowoodo|Sucker Punch|p1a: Shaymin\n|-end|p1a: Shaymin|Substitute\n|move|p1a: Shaymin|Air Slash|p2a: Sudowoodo\n|-resisted|p2a: Sudowoodo\n|-damage|p2a: Sudowoodo|0 fnt\n|faint|p2a: Sudowoodo\n|\n|-heal|p1a: Shaymin|182/266|[from] item: Leftovers\n|upkeep\n|\n|t:|1715562685\n|switch|p2a: Dragalge|Dragalge, L88, M|258/258\n|turn|7\n|\n|t:|1715562699\n|move|p1a: Shaymin|Substitute|p1a: Shaymin\n|-start|p1a: Shaymin|Substitute\n|-damage|p1a: Shaymin|116/266\n|move|p2a: Dragalge|Sludge Wave|p1a: Shaymin\n|-supereffective|p1a: Shaymin\n|-end|p1a: Shaymin|Substitute\n|\n|-heal|p1a: Shaymin|132/266|[from] item: Leftovers\n|upkeep\n|turn|8\n|\n|t:|1715562723\n|switch|p1a: Regice|Regice, L88|284/284\n|move|p2a: Dragalge|Draco Meteor|p1a: Regice\n|-crit|p1a: Regice\n|-damage|p1a: Regice|132/284\n|-unboost|p2a: Dragalge|spa|2\n|\n|upkeep\n|turn|9\n|\n|t:|1715562737\n|switch|p2a: Diancie|Diancie, L82|216/216\n|move|p1a: Regice|Rest|p1a: Regice\n|-status|p1a: Regice|slp|[from] move: Rest\n|-heal|p1a: Regice|284/284 slp|[silent]\n|\n|upkeep\n|turn|10\n|\n|t:|1715562742\n|switch|p1a: Smeargle|Smeargle, L93, M|253/253\n|-damage|p1a: Smeargle|222/253|[from] Stealth Rock\n|move|p2a: Diancie|Diamond Storm|p1a: Smeargle\n|-damage|p1a: Smeargle|50/253\n|-boost|p2a: Diancie|def|2\n|\n|upkeep\n|turn|11\n|\n|t:|1715562748\n|move|p1a: Smeargle|Spore|p2a: Diancie\n|-status|p2a: Diancie|slp|[from] move: Spore\n|cant|p2a: Diancie|slp\n|\n|upkeep\n|turn|12\n|\n|t:|1715562752\n|switch|p2a: Vikavolt|Vikavolt, L84, F|267/267\n|move|p1a: Smeargle|Sticky Web|p2a: Vikavolt\n|-sidestart|p2: Reconforce|move: Sticky Web\n|\n|upkeep\n|turn|13\n|\n|t:|1715562762\n|move|p1a: Smeargle|Stealth Rock|p2a: Vikavolt\n|-sidestart|p2: Reconforce|move: Stealth Rock\n|move|p2a: Vikavolt|Sticky Web|p1a: Smeargle\n|-sidestart|p1: Chape2|move: Sticky Web\n|\n|upkeep\n|turn|14\n|\n|t:|1715562766\n|switch|p2a: Brambleghast|Brambleghast, L88, F, tera:Water|162/240\n|move|p1a: Smeargle|Ceaseless Edge|p2a: Brambleghast\n|-damage|p2a: Brambleghast|134/240\n|-sidestart|p2: Reconforce|Spikes\n|\n|upkeep\n|turn|15\n|\n|t:|1715562786\n|move|p2a: Brambleghast|Rapid Spin|p1a: Smeargle\n|-damage|p1a: Smeargle|0 fnt\n|-boost|p2a: Brambleghast|spe|1\n|-sideend|p2: Reconforce|Spikes|[from] move: Rapid Spin|[of] p2a: Brambleghast\n|-sideend|p2: Reconforce|Stealth Rock|[from] move: Rapid Spin|[of] p2a: Brambleghast\n|-sideend|p2: Reconforce|Sticky Web|[from] move: Rapid Spin|[of] p2a: Brambleghast\n|faint|p1a: Smeargle\n|\n|upkeep\n|\n|t:|1715562793\n|switch|p1a: Banette|Banette, L93, M|270/270\n|-damage|p1a: Banette|237/270|[from] Stealth Rock\n|-activate|p1a: Banette|move: Sticky Web\n|-unboost|p1a: Banette|spe|1\n|turn|16\n|\n|t:|1715562806\n|switch|p1a: Bombirdier|Bombirdier, L85, F|258/258\n|move|p2a: Brambleghast|Poltergeist|p1a: Bombirdier\n|-activate|p1a: Bombirdier|move: Poltergeist|Heavy-Duty Boots\n|-resisted|p1a: Bombirdier\n|-damage|p1a: Bombirdier|189/258\n|\n|upkeep\n|turn|17\n|\n|t:|1715562818\n|move|p2a: Brambleghast|Strength Sap|p1a: Bombirdier\n|-unboost|p1a: Bombirdier|atk|1\n|-heal|p2a: Brambleghast|240/240\n|move|p1a: Bombirdier|Stone Edge|p2a: Brambleghast\n|-damage|p2a: Brambleghast|154/240\n|\n|upkeep\n|turn|18\n|\n|t:|1715562822\n|switch|p2a: Vikavolt|Vikavolt, L84, F|267/267\n|move|p1a: Bombirdier|Knock Off|p2a: Vikavolt\n|-damage|p2a: Vikavolt|195/267\n|-enditem|p2a: Vikavolt|Heavy-Duty Boots|[from] move: Knock Off|[of] p1a: Bombirdier\n|\n|upkeep\n|turn|19\n|\n|t:|1715562833\n|-terastallize|p1a: Bombirdier|Rock\n|move|p1a: Bombirdier|Stone Edge|p2a: Vikavolt|[miss]\n|-miss|p1a: Bombirdier|p2a: Vikavolt\n|move|p2a: Vikavolt|Volt Switch|p1a: Bombirdier\n|-damage|p1a: Bombirdier|86/258\n|\n|t:|1715562836\n|switch|p2a: Virizion|Virizion, L82|283/283|[from] Volt Switch\n|\n|upkeep\n|turn|20\n|\n|t:|1715562847\n|move|p2a: Virizion|Leaf Blade|p1a: Bombirdier\n|-supereffective|p1a: Bombirdier\n|-damage|p1a: Bombirdier|0 fnt\n|faint|p1a: Bombirdier\n|-damage|p2a: Virizion|255/283|[from] item: Life Orb\n|\n|upkeep\n|\n|t:|1715562856\n|switch|p1a: Banette|Banette, L93, M|237/270\n|-damage|p1a: Banette|204/270|[from] Stealth Rock\n|-activate|p1a: Banette|move: Sticky Web\n|-unboost|p1a: Banette|spe|1\n|turn|21\n|\n|t:|1715562864\n|move|p2a: Virizion|Leaf Blade|p1a: Banette\n|-damage|p1a: Banette|78/270\n|-damage|p2a: Virizion|227/283|[from] item: Life Orb\n|move|p1a: Banette|Poltergeist|p2a: Virizion|[miss]\n|-miss|p1a: Banette|p2a: Virizion\n|\n|upkeep\n|turn|22\n|\n|t:|1715562872\n|move|p1a: Banette|Shadow Sneak|p2a: Virizion\n|-damage|p2a: Virizion|137/283\n|-damage|p1a: Banette|51/270|[from] item: Life Orb\n|move|p2a: Virizion|Leaf Blade|p1a: Banette\n|-crit|p1a: Banette\n|-damage|p1a: Banette|0 fnt\n|faint|p1a: Banette\n|-damage|p2a: Virizion|109/283|[from] item: Life Orb\n|\n|upkeep\n|\n|t:|1715562882\n|switch|p1a: Shaymin|Shaymin-Sky, L73|132/266\n|-damage|p1a: Shaymin|66/266|[from] Stealth Rock\n|turn|23\n|\n|t:|1715562885\n|move|p1a: Shaymin|Air Slash|p2a: Virizion\n|-supereffective|p2a: Virizion\n|-crit|p2a: Virizion\n|-damage|p2a: Virizion|0 fnt\n|faint|p2a: Virizion\n|\n|-heal|p1a: Shaymin|82/266|[from] item: Leftovers\n|upkeep\n|\n|t:|1715562887\n|switch|p2a: Dragalge|Dragalge, L88, M|258/258\n|turn|24\n|\n|t:|1715562891\n|move|p1a: Shaymin|Air Slash|p2a: Dragalge\n|-damage|p2a: Dragalge|204/258\n|cant|p2a: Dragalge|flinch\n|\n|-heal|p1a: Shaymin|98/266|[from] item: Leftovers\n|-heal|p2a: Dragalge|220/258|[from] item: Leftovers\n|upkeep\n|turn|25\n|\n|t:|1715562895\n|move|p1a: Shaymin|Air Slash|p2a: Dragalge\n|-damage|p2a: Dragalge|165/258\n|cant|p2a: Dragalge|flinch\n|\n|-heal|p1a: Shaymin|114/266|[from] item: Leftovers\n|-heal|p2a: Dragalge|181/258|[from] item: Leftovers\n|upkeep\n|turn|26\n|\n|t:|1715562902\n|move|p1a: Shaymin|Air Slash|p2a: Dragalge\n|-crit|p2a: Dragalge\n|-damage|p2a: Dragalge|102/258\n|cant|p2a: Dragalge|flinch\n|\n|-heal|p1a: Shaymin|130/266|[from] item: Leftovers\n|-heal|p2a: Dragalge|118/258|[from] item: Leftovers\n|upkeep\n|turn|27\n|\n|t:|1715562906\n|move|p1a: Shaymin|Air Slash|p2a: Dragalge\n|-damage|p2a: Dragalge|60/258\n|cant|p2a: Dragalge|flinch\n|\n|-heal|p1a: Shaymin|146/266|[from] item: Leftovers\n|-heal|p2a: Dragalge|76/258|[from] item: Leftovers\n|upkeep\n|turn|28\n|\n|t:|1715562910\n|move|p1a: Shaymin|Air Slash|p2a: Dragalge\n|-damage|p2a: Dragalge|25/258\n|cant|p2a: Dragalge|flinch\n|\n|-heal|p1a: Shaymin|162/266|[from] item: Leftovers\n|-heal|p2a: Dragalge|41/258|[from] item: Leftovers\n|upkeep\n|turn|29\n|\n|t:|1715562914\n|move|p1a: Shaymin|Air Slash|p2a: Dragalge\n|-damage|p2a: Dragalge|0 fnt\n|faint|p2a: Dragalge\n|\n|-heal|p1a: Shaymin|178/266|[from] item: Leftovers\n|upkeep\n|\n|t:|1715562915\n|switch|p2a: Vikavolt|Vikavolt, L84, F|195/267\n|turn|30\n|\n|t:|1715562922\n|switch|p1a: Regice|Regice, L88|284/284 slp\n|move|p2a: Vikavolt|Thunderbolt|p1a: Regice\n|-damage|p1a: Regice|223/284 slp\n|\n|upkeep\n|turn|31\n|\n|t:|1715562929\n|cant|p1a: Regice|slp\n|move|p1a: Regice|Sleep Talk|p1a: Regice\n|move|p1a: Regice|Thunderbolt|p2a: Vikavolt|[from]move: Sleep Talk\n|-resisted|p2a: Vikavolt\n|-damage|p2a: Vikavolt|152/267\n|move|p2a: Vikavolt|Thunderbolt|p1a: Regice\n|-crit|p1a: Regice\n|-damage|p1a: Regice|123/284 slp\n|\n|upkeep\n|turn|32\n|\n|t:|1715562937\n|cant|p1a: Regice|slp\n|move|p1a: Regice|Sleep Talk|p1a: Regice\n|move|p1a: Regice|Rest||[from]move: Sleep Talk|[still]\n|-fail|p1a: Regice\n|move|p2a: Vikavolt|Volt Switch|p1a: Regice\n|-damage|p1a: Regice|72/284 slp\n|\n|t:|1715562939\n|switch|p2a: Brambleghast|Brambleghast, L88, F, tera:Water|154/240|[from] Volt Switch\n|\n|upkeep\n|turn|33\n|\n|t:|1715562946\n|move|p2a: Brambleghast|Rapid Spin|p1a: Regice\n|-damage|p1a: Regice|33/284 slp\n|-boost|p2a: Brambleghast|spe|1\n|-curestatus|p1a: Regice|slp|[msg]\n|move|p1a: Regice|Thunderbolt|p2a: Brambleghast\n|-supereffective|p2a: Brambleghast\n|-damage|p2a: Brambleghast|0 fnt\n|faint|p2a: Brambleghast\n|\n|upkeep\n|\n|t:|1715562950\n|switch|p2a: Diancie|Diancie, L82|216/216 slp\n|turn|34\n|\n|t:|1715562959\n|move|p1a: Regice|Ice Beam|p2a: Diancie\n|-damage|p2a: Diancie|143/216 slp\n|cant|p2a: Diancie|slp\n|\n|-heal|p2a: Diancie|156/216 slp|[from] item: Leftovers\n|upkeep\n|turn|35\n|\n|t:|1715562962\n|move|p1a: Regice|Ice Beam|p2a: Diancie\n|-damage|p2a: Diancie|89/216 slp\n|cant|p2a: Diancie|slp\n|\n|-heal|p2a: Diancie|102/216 slp|[from] item: Leftovers\n|upkeep\n|turn|36\n|\n|t:|1715562965\n|move|p1a: Regice|Ice Beam|p2a: Diancie\n|-damage|p2a: Diancie|30/216 slp\n|-curestatus|p2a: Diancie|slp|[msg]\n|move|p2a: Diancie|Body Press|p1a: Regice\n|-supereffective|p1a: Regice\n|-damage|p1a: Regice|0 fnt\n|faint|p1a: Regice\n|\n|-heal|p2a: Diancie|43/216|[from] item: Leftovers\n|upkeep\n|\n|t:|1715562968\n|switch|p1a: Shaymin|Shaymin-Sky, L73|178/266\n|-damage|p1a: Shaymin|112/266|[from] Stealth Rock\n|turn|37\n|\n|t:|1715562975\n|move|p1a: Shaymin|Seed Flare|p2a: Diancie\n|-supereffective|p2a: Diancie\n|-damage|p2a: Diancie|0 fnt\n|faint|p2a: Diancie\n|\n|-heal|p1a: Shaymin|128/266|[from] item: Leftovers\n|upkeep\n|\n|t:|1715562976\n|switch|p2a: Vikavolt|Vikavolt, L84, F|152/267\n|turn|38\n|\n|t:|1715562982\n|move|p1a: Shaymin|Air Slash|p2a: Vikavolt\n|-damage|p2a: Vikavolt|74/267\n|cant|p2a: Vikavolt|flinch\n|\n|-heal|p1a: Shaymin|144/266|[from] item: Leftovers\n|upkeep\n|turn|39\n|\n|t:|1715562988\n|move|p1a: Shaymin|Air Slash|p2a: Vikavolt\n|-damage|p2a: Vikavolt|0 fnt\n|faint|p2a: Vikavolt\n|\n|win|Chape2\n|raw|Chape2's rating: 2225 &rarr; <strong>2248</strong><br />(+23 for winning)\n|raw|Reconforce's rating: 2271 &rarr; <strong>2248</strong><br />(-23 for losing)\n|l|\u2606Reconforce\n|player|p2|\n", "inputlog": ">version 80ea9d1f890aa30f79744790e00b820c91be1203\n>start {\"formatid\":\"gen9randombattle\",\"seed\":[8753,6973,55797,28424],\"rated\":\"Rated battle\"}\n>player p1 {\"name\":\"Chape2\",\"avatar\":\"drake-gen3\",\"rating\":2225,\"seed\":[52441,29903,36081,16520]}\n>player p2 {\"name\":\"Reconforce\",\"avatar\":\"265\",\"rating\":2271,\"seed\":[39509,62920,29742,22957]}\n>p1 switch 2\n>p2 move stealthrock\n>p1 move dragondance\n>p2 switch 4\n>p1 move icepunch\n>p2 move powerwhip terastallize\n>p1 switch 3\n>p1 move seedflare\n>p2 switch 2\n>p1 move substitute\n>p2 move suckerpunch\n>p1 move airslash\n>p2 move suckerpunch\n>p2 switch 3\n>p1 move substitute\n>p2 move sludgewave\n>p1 switch 6\n>p2 move dracometeor\n>p1 move rest\n>p2 switch 4\n>p1 switch 4\n>p2 move diamondstorm\n>p1 move spore\n>p2 move bodypress\n>p1 move stickyweb\n>p2 switch 6\n>p1 move stealthrock\n>p2 move stickyweb\n>p1 move ceaselessedge\n>p2 switch 2\n>p1 move ceaselessedge\n>p2 move rapidspin\n>p1 switch 5\n>p1 switch 2\n>p2 move poltergeist\n>p1 move stoneedge\n>p2 move strengthsap\n>p1 move knockoff\n>p2 switch 2\n>p1 move stoneedge terastallize\n>p2 move voltswitch\n>p2 switch 5\n>p1 move bravebird\n>p2 move leafblade\n>p1 switch 2\n>p1 move poltergeist\n>p2 move leafblade\n>p1 move shadowsneak\n>p2 move leafblade\n>p1 switch 6\n>p1 move airslash\n>p2 move closecombat\n>p2 switch 4\n>p1 move airslash\n>p2 move sludgewave\n>p1 move airslash\n>p2 move sludgewave\n>p1 move airslash\n>p2 move sludgewave\n>p1 move airslash\n>p2 move sludgewave\n>p1 move airslash\n>p2 move sludgewave\n>p1 move airslash\n>p2 move sludgewave\n>p2 switch 5\n>p1 switch 4\n>p2 move thunderbolt\n>p1 move sleeptalk\n>p2 move thunderbolt\n>p1 move sleeptalk\n>p2 move voltswitch\n>p2 switch 2\n>p1 move thunderbolt\n>p2 move rapidspin\n>p2 switch 6\n>p1 move icebeam\n>p2 move diamondstorm\n>p1 move icebeam\n>p2 move bodypress\n>p1 move icebeam\n>p2 move bodypress\n>p1 switch 4\n>p1 move seedflare\n>p2 move moonblast\n>p2 switch 2\n>p1 move airslash\n>p2 move thunderbolt\n>p1 move airslash\n>p2 move thunderbolt", "uploadtime": 1715563000, "views": 229, "formatid": "gen9randombattle", "rating": 2248, "private": 0, "password": null}