{"id": "gen9randombattle-2260549378", "format": "[Gen 9] Random Battle", "players": ["IplayforFuns", "TIG LucaBoss"], "log": "|j|\u2606IplayforFuns\n|j|\u2606TIG LucaBoss\n|t:|1733862497\n|gametype|singles\n|player|p1|IplayforFuns|pokemaniac|1558\n|player|p2|TIG LucaBoss|striker|1539\n|teamsize|p1|6\n|teamsize|p2|6\n|gen|9\n|tier|[Gen 9] Random Battle\n|rated|\n|rule|Species Clause: Limit one of each Pok\u00e9mon\n|rule|HP Percentage Mod: HP is shown in percentages\n|rule|Sleep Clause Mod: Limit one foe put to sleep\n|rule|Illusion Level Mod: Illusion disguises the Pok\u00e9mon's true level\n|\n|t:|1733862497\n|start\n|switch|p1a: Camerupt|Camerupt, L91, F|275/275\n|switch|p2a: Rotom|Rotom-Heat, L83|219/219\n|turn|1\n|inactive|Battle timer is ON: inactive players will automatically lose when time's up. (requested by IplayforFuns)\n|\n|t:|1733862509\n|move|p2a: Rotom|Thunderbolt|p1a: Camerupt\n|-immune|p1a: Camerupt\n|move|p1a: Camerupt|Stealth Rock|p2a: Rotom\n|-sidestart|p2: TIG LucaBoss|move: Stealth Rock\n|\n|upkeep\n|turn|2\n|\n|t:|1733862526\n|switch|p2a: Smeargle|Smeargle, L95, F|258/258\n|-damage|p2a: Smeargle|226/258|[from] Stealth Rock\n|move|p1a: Camerupt|Overheat|p2a: Smeargle\n|-damage|p2a: Smeargle|0 fnt\n|-unboost|p1a: Camerupt|spa|2\n|faint|p2a: Smeargle\n|\n|upkeep\n|\n|t:|1733862534\n|switch|p2a: Hydreigon|Hydreigon, L79, M|275/275\n|-damage|p2a: Hydreigon|241/275|[from] Stealth Rock\n|turn|3\n|\n|t:|1733862541\n|move|p2a: Hydreigon|Dark Pulse|p1a: Camerupt\n|-damage|p1a: Camerupt|137/275\n|cant|p1a: Camerupt|flinch\n|\n|-heal|p1a: Camerupt|154/275|[from] item: Leftovers\n|upkeep\n|turn|4\n|\n|t:|1733862550\n|switch|p1a: Bombirdier|Bombirdier, L85, F|258/258\n|move|p2a: Hydreigon|Dark Pulse|p1a: Bombirdier\n|-resisted|p1a: Bombirdier\n|-damage|p1a: Bombirdier|191/258\n|\n|upkeep\n|turn|5\n|\n|t:|1733862558\n|switch|p2a: Goodra|Goodra-Hisui, L82, M|265/265\n|-damage|p2a: Goodra|249/265|[from] Stealth Rock\n|move|p1a: Bombirdier|U-turn|p2a: Goodra\n|-resisted|p2a: Goodra\n|-damage|p2a: Goodra|208/265\n|\n|t:|1733862569\n|switch|p1a: Malamar|Malamar, L82, F|275/275|[from] U-turn\n|\n|upkeep\n|turn|6\n|\n|t:|1733862579\n|move|p1a: Malamar|Superpower|p2a: Goodra\n|-supereffective|p2a: Goodra\n|-crit|p2a: Goodra\n|-damage|p2a: Goodra|6/265\n|-boost|p1a: Malamar|atk|1\n|-boost|p1a: Malamar|def|1\n|move|p2a: Goodra|Knock Off|p1a: Malamar\n|-damage|p1a: Malamar|227/275\n|-enditem|p1a: Malamar|Leftovers|[from] move: Knock Off|[of] p2a: Goodra\n|\n|upkeep\n|turn|7\n|\n|t:|1733862587\n|move|p1a: Malamar|Superpower|p2a: Goodra\n|-supereffective|p2a: Goodra\n|-damage|p2a: Goodra|0 fnt\n|-boost|p1a: Malamar|atk|1\n|-boost|p1a: Malamar|def|1\n|faint|p2a: Goodra\n|\n|upkeep\n|\n|t:|1733862599\n|switch|p2a: Mienshao|Mienshao, L83, F|243/243\n|-damage|p2a: Mienshao|228/243|[from] Stealth Rock\n|turn|8\n|\n|t:|1733862604\n|move|p2a: Mienshao|High Jump Kick|p1a: Malamar\n|-damage|p1a: Malamar|67/275\n|move|p1a: Malamar|Superpower|p2a: Mienshao\n|-damage|p2a: Mienshao|36/243\n|-boost|p1a: Malamar|atk|1\n|-boost|p1a: Malamar|def|1\n|\n|upkeep\n|turn|9\n|\n|t:|1733862613\n|move|p2a: Mienshao|High Jump Kick|p1a: Malamar\n|-damage|p1a: Malamar|0 fnt\n|faint|p1a: Malamar\n|\n|upkeep\n|\n|t:|1733862618\n|switch|p1a: Rampardos|Rampardos, L90, F|321/321\n|turn|10\n|\n|t:|1733862621\n|move|p1a: Rampardos|Fire Punch|p2a: Mienshao\n|-damage|p2a: Mienshao|0 fnt\n|faint|p2a: Mienshao\n|\n|upkeep\n|\n|t:|1733862632\n|switch|p2a: Bruxish|Bruxish, L85, M|254/254\n|-damage|p2a: Bruxish|223/254|[from] Stealth Rock\n|turn|11\n|\n|t:|1733862646\n|switch|p1a: Bombirdier|Bombirdier, L85, F|191/258\n|move|p2a: Bruxish|Swords Dance|p2a: Bruxish\n|-boost|p2a: Bruxish|atk|2\n|\n|upkeep\n|turn|12\n|\n|t:|1733862653\n|move|p2a: Bruxish|Ice Fang|p1a: Bombirdier|[miss]\n|-miss|p2a: Bruxish|p1a: Bombirdier\n|move|p1a: Bombirdier|Knock Off|p2a: Bruxish\n|-supereffective|p2a: Bruxish\n|-damage|p2a: Bruxish|0 fnt\n|-enditem|p2a: Bruxish|Life Orb|[from] move: Knock Off|[of] p1a: Bombirdier\n|faint|p2a: Bruxish\n|\n|upkeep\n|c|\u2606TIG LucaBoss|broooo\n|\n|t:|1733862660\n|switch|p2a: Rotom|Rotom-Heat, L83|219/219\n|turn|13\n|\n|t:|1733862664\n|switch|p1a: Camerupt|Camerupt, L91, F|154/275\n|move|p2a: Rotom|Thunderbolt|p1a: Camerupt\n|-immune|p1a: Camerupt\n|\n|-heal|p1a: Camerupt|171/275|[from] item: Leftovers\n|upkeep\n|turn|14\n|\n|t:|1733862671\n|switch|p2a: Hydreigon|Hydreigon, L79, M|241/275\n|-damage|p2a: Hydreigon|207/275|[from] Stealth Rock\n|move|p1a: Camerupt|Overheat|p2a: Hydreigon\n|-resisted|p2a: Hydreigon\n|-damage|p2a: Hydreigon|123/275\n|-unboost|p1a: Camerupt|spa|2\n|\n|-heal|p1a: Camerupt|188/275|[from] item: Leftovers\n|upkeep\n|turn|15\n|\n|t:|1733862679\n|switch|p1a: Bombirdier|Bombirdier, L85, F|191/258\n|move|p2a: Hydreigon|Dark Pulse|p1a: Bombirdier\n|-resisted|p1a: Bombirdier\n|-damage|p1a: Bombirdier|122/258\n|\n|upkeep\n|turn|16\n|\n|t:|1733862684\n|move|p2a: Hydreigon|Dark Pulse|p1a: Bombirdier\n|-resisted|p1a: Bombirdier\n|-damage|p1a: Bombirdier|54/258\n|cant|p1a: Bombirdier|flinch\n|\n|upkeep\n|turn|17\n|\n|t:|1733862689\n|move|p2a: Hydreigon|Dark Pulse|p1a: Bombirdier\n|-resisted|p1a: Bombirdier\n|-damage|p1a: Bombirdier|0 fnt\n|faint|p1a: Bombirdier\n|\n|upkeep\n|\n|t:|1733862699\n|switch|p1a: Scyther|Scyther, L82, F|249/249\n|turn|18\n|\n|t:|1733862703\n|switch|p2a: Rotom|Rotom-Heat, L83|219/219\n|move|p1a: Scyther|Swords Dance|p1a: Scyther\n|-boost|p1a: Scyther|atk|2\n|\n|upkeep\n|turn|19\n|\n|t:|1733862713\n|move|p1a: Scyther|Dual Wingbeat|p2a: Rotom\n|-resisted|p2a: Rotom\n|-damage|p2a: Rotom|158/219\n|-resisted|p2a: Rotom\n|-damage|p2a: Rotom|98/219\n|-hitcount|p2a: Rotom|2\n|move|p2a: Rotom|Will-O-Wisp|p1a: Scyther\n|-status|p1a: Scyther|brn\n|\n|-damage|p1a: Scyther|234/249 brn|[from] brn\n|upkeep\n|turn|20\n|\n|t:|1733862723\n|move|p1a: Scyther|Dual Wingbeat|p2a: Rotom\n|-resisted|p2a: Rotom\n|-damage|p2a: Rotom|71/219\n|-resisted|p2a: Rotom\n|-damage|p2a: Rotom|44/219\n|-hitcount|p2a: Rotom|2\n|move|p2a: Rotom|Pain Split|p1a: Scyther\n|-sethp|p1a: Scyther|139/249 brn|[from] move: Pain Split|[silent]\n|-sethp|p2a: Rotom|139/219|[from] move: Pain Split\n|\n|-damage|p1a: Scyther|124/249 brn|[from] brn\n|upkeep\n|turn|21\n|\n|t:|1733862735\n|switch|p1a: Camerupt|Camerupt, L91, F|188/275\n|move|p2a: Rotom|Overheat|p1a: Camerupt\n|-resisted|p1a: Camerupt\n|-damage|p1a: Camerupt|119/275\n|-unboost|p2a: Rotom|spa|2\n|\n|-heal|p1a: Camerupt|136/275|[from] item: Leftovers\n|upkeep\n|turn|22\n|\n|t:|1733862742\n|move|p2a: Rotom|Will-O-Wisp|p1a: Camerupt\n|-immune|p1a: Camerupt\n|move|p1a: Camerupt|Overheat|p2a: Rotom\n|-resisted|p2a: Rotom\n|-damage|p2a: Rotom|62/219\n|-unboost|p1a: Camerupt|spa|2\n|\n|-heal|p1a: Camerupt|153/275|[from] item: Leftovers\n|upkeep\n|turn|23\n|\n|t:|1733862750\n|move|p2a: Rotom|Pain Split|p1a: Camerupt\n|-sethp|p1a: Camerupt|107/275|[from] move: Pain Split|[silent]\n|-sethp|p2a: Rotom|107/219|[from] move: Pain Split\n|move|p1a: Camerupt|Overheat|p2a: Rotom\n|-resisted|p2a: Rotom\n|-damage|p2a: Rotom|69/219\n|-unboost|p1a: Camerupt|spa|2\n|\n|-heal|p1a: Camerupt|124/275|[from] item: Leftovers\n|upkeep\n|turn|24\n|\n|t:|1733862757\n|move|p2a: Rotom|Pain Split|p1a: Camerupt\n|-sethp|p1a: Camerupt|96/275|[from] move: Pain Split|[silent]\n|-sethp|p2a: Rotom|96/219|[from] move: Pain Split\n|move|p1a: Camerupt|Roar|p2a: Rotom\n|drag|p2a: Hydreigon|Hydreigon, L79, M|123/275\n|-damage|p2a: Hydreigon|89/275|[from] Stealth Rock\n|\n|-heal|p1a: Camerupt|113/275|[from] item: Leftovers\n|upkeep\n|turn|25\n|\n|t:|1733862772\n|switch|p1a: Scyther|Scyther, L82, F|124/249 brn\n|move|p2a: Hydreigon|Dark Pulse|p1a: Scyther\n|-damage|p1a: Scyther|0 fnt\n|faint|p1a: Scyther\n|\n|upkeep\n|\n|t:|1733862778\n|switch|p1a: Dudunsparce|Dudunsparce, L83, M|343/343\n|turn|26\n|\n|t:|1733862784\n|switch|p2a: Rotom|Rotom-Heat, L83|96/219\n|move|p1a: Dudunsparce|Calm Mind|p1a: Dudunsparce\n|-boost|p1a: Dudunsparce|spa|1\n|-boost|p1a: Dudunsparce|spd|1\n|\n|upkeep\n|turn|27\n|\n|t:|1733862788\n|move|p2a: Rotom|Pain Split|p1a: Dudunsparce\n|-sethp|p1a: Dudunsparce|219/343|[from] move: Pain Split|[silent]\n|-sethp|p2a: Rotom|219/219|[from] move: Pain Split\n|move|p1a: Dudunsparce|Calm Mind|p1a: Dudunsparce\n|-boost|p1a: Dudunsparce|spa|1\n|-boost|p1a: Dudunsparce|spd|1\n|\n|-heal|p1a: Dudunsparce|240/343|[from] item: Leftovers\n|upkeep\n|turn|28\n|\n|t:|1733862794\n|move|p2a: Rotom|Will-O-Wisp|p1a: Dudunsparce|[miss]\n|-miss|p2a: Rotom|p1a: Dudunsparce\n|move|p1a: Dudunsparce|Roost|p1a: Dudunsparce\n|-heal|p1a: Dudunsparce|343/343\n|-singleturn|p1a: Dudunsparce|move: Roost\n|\n|upkeep\n|turn|29\n|\n|t:|1733862797\n|move|p2a: Rotom|Will-O-Wisp|p1a: Dudunsparce\n|-status|p1a: Dudunsparce|brn\n|move|p1a: Dudunsparce|Calm Mind|p1a: Dudunsparce\n|-boost|p1a: Dudunsparce|spa|1\n|-boost|p1a: Dudunsparce|spd|1\n|\n|-damage|p1a: Dudunsparce|322/343 brn|[from] brn\n|upkeep\n|turn|30\n|\n|t:|1733862810\n|move|p2a: Rotom|Thunderbolt|p1a: Dudunsparce\n|-damage|p1a: Dudunsparce|279/343 brn\n|move|p1a: Dudunsparce|Boomburst|p2a: Rotom\n|-damage|p2a: Rotom|0 fnt\n|faint|p2a: Rotom\n|\n|-heal|p1a: Dudunsparce|300/343 brn|[from] item: Leftovers\n|-damage|p1a: Dudunsparce|279/343 brn|[from] brn\n|upkeep\n|\n|t:|1733862814\n|switch|p2a: Hydreigon|Hydreigon, L79, M|89/275\n|-damage|p2a: Hydreigon|55/275|[from] Stealth Rock\n|turn|31\n|\n|t:|1733862815\n|move|p2a: Hydreigon|Fire Blast|p1a: Dudunsparce\n|-damage|p1a: Dudunsparce|220/343 brn\n|move|p1a: Dudunsparce|Boomburst|p2a: Hydreigon\n|-damage|p2a: Hydreigon|0 fnt\n|faint|p2a: Hydreigon\n|\n|win|IplayforFuns\n|raw|IplayforFuns's rating: 1558 &rarr; <strong>1577</strong><br />(+19 for winning)\n|raw|TIG LucaBoss's rating: 1539 &rarr; <strong>1520</strong><br />(-19 for losing)\n|c|\u2606TIG LucaBoss|gg\n|c|\u2606IplayforFuns|gg\n|l|\u2606TIG LucaBoss\n|player|p2|\n", "inputlog": ">version bfd83cad13791eb5a5a409923076391caf6fb4d4\n>start {\"formatid\":\"gen9randombattle\",\"seed\":[51605,1858,19813,13762],\"rated\":\"Rated battle\"}\n>player p1 {\"name\":\"IplayforFuns\",\"avatar\":\"pokemaniac\",\"rating\":1558,\"seed\":[16838,2062,14499,42078]}\n>player p2 {\"name\":\"TIG LucaBoss\",\"avatar\":\"striker\",\"rating\":1539,\"seed\":[42216,44952,15744,9650]}\n>p1 move stealthrock\n>p2 move thunderbolt\n>p1 move overheat\n>p2 switch 5\n>p2 switch 2\n>p1 move roar\n>p2 move darkpulse\n>p1 switch 4\n>p2 move darkpulse\n>p1 move uturn\n>p2 switch 3\n>p1 switch 2\n>p1 move superpower\n>p2 move knockoff\n>p1 move superpower\n>p2 move dracometeor\n>p2 switch 4\n>p1 move superpower\n>p2 move highjumpkick\n>p1 move rest\n>p2 move highjumpkick\n>p1 switch 3\n>p1 move firepunch\n>p2 move highjumpkick\n>p2 switch 6\n>p1 switch 2\n>p2 move swordsdance\n>p1 move knockoff\n>p2 move icefang\n>chat \u2606TIG LucaBoss|broooo\n>p2 switch 5\n>p1 switch 4\n>p2 move thunderbolt\n>p1 move overheat\n>p2 switch 3\n>p1 switch 4\n>p2 move darkpulse\n>p1 move bravebird\n>p2 move darkpulse\n>p1 move bravebird\n>p2 move darkpulse\n>p1 switch 6\n>p1 move swordsdance\n>p2 switch 3\n>p1 move dualwingbeat\n>p2 move willowisp\n>p1 move dualwingbeat\n>p2 move painsplit\n>p1 switch 4\n>p2 move overheat\n>p1 move overheat\n>p2 move willowisp\n>p1 move overheat\n>p2 move painsplit\n>p1 move roar\n>p2 move painsplit\n>p1 switch 4\n>p2 move darkpulse\n>p1 switch 5\n>p1 move calmmind\n>p2 switch 3\n>p1 move calmmind\n>p2 move painsplit\n>p1 move roost\n>p2 move willowisp\n>p1 move calmmind\n>p2 move willowisp\n>p1 move boomburst\n>p2 move thunderbolt\n>p2 switch 3\n>p1 move boomburst\n>p2 move fireblast", "uploadtime": 1733862822, "views": 1, "formatid": "gen9randombattle", "rating": 1520, "private": 0, "password": null}