{"id": "gen9randombattle-2260876554", "format": "[Gen 9] Random Battle", "players": ["Hdcubdbjcddx", "BullfrogJohnson"], "log": "|j|\u2606Hdcubdbjcddx\n|j|\u203dBullfrogJohnson\n|t:|1733909091\n|gametype|singles\n|player|p1|Hdcubdbjcddx|170|1042\n|player|p2|BullfrogJohnson|102|1078\n|teamsize|p1|6\n|teamsize|p2|6\n|gen|9\n|tier|[Gen 9] Random Battle\n|rated|\n|rule|Species Clause: Limit one of each Pok\u00e9mon\n|rule|HP Percentage Mod: HP is shown in percentages\n|rule|Sleep Clause Mod: Limit one foe put to sleep\n|rule|Illusion Level Mod: Illusion disguises the Pok\u00e9mon's true level\n|\n|t:|1733909091\n|start\n|switch|p1a: Yanmega|Yanmega, L82, M|275/275\n|switch|p2a: Vespiquen|Vespiquen, L98, F|296/296\n|-ability|p2a: Vespiquen|Pressure\n|turn|1\n|inactive|Battle timer is ON: inactive players will automatically lose when time's up. (requested by BullfrogJohnson)\n|\n|t:|1733909100\n|move|p1a: Yanmega|Air Slash|p2a: Vespiquen\n|-supereffective|p2a: Vespiquen\n|-damage|p2a: Vespiquen|84/296\n|cant|p2a: Vespiquen|flinch\n|\n|upkeep\n|turn|2\n|\n|t:|1733909111\n|switch|p2a: Dragonite|Dragonite, L74, M|257/257\n|move|p1a: Yanmega|Air Slash|p2a: Dragonite\n|-damage|p2a: Dragonite|197/257\n|\n|upkeep\n|turn|3\n|\n|t:|1733909116\n|move|p1a: Yanmega|Air Slash|p2a: Dragonite\n|-damage|p2a: Dragonite|61/257\n|move|p2a: Dragonite|Dragon Dance|p2a: Dragonite\n|-boost|p2a: Dragonite|atk|1\n|-boost|p2a: Dragonite|spe|1\n|\n|upkeep\n|turn|4\n|\n|t:|1733909124\n|switch|p1a: Muk|Muk-Alola, L82, F|306/306\n|move|p2a: Dragonite|Roost|p2a: Dragonite\n|-heal|p2a: Dragonite|190/257\n|-singleturn|p2a: Dragonite|move: Roost\n|\n|upkeep\n|turn|5\n|\n|t:|1733909127\n|move|p2a: Dragonite|Earthquake|p1a: Muk\n|-supereffective|p1a: Muk\n|-damage|p1a: Muk|44/306\n|move|p1a: Muk|Ice Punch|p2a: Dragonite\n|-supereffective|p2a: Dragonite\n|-damage|p2a: Dragonite|0 fnt\n|faint|p2a: Dragonite\n|\n|upkeep\n|\n|t:|1733909136\n|switch|p2a: Glaceon|Glaceon, L94, F|275/275\n|turn|6\n|\n|t:|1733909139\n|move|p2a: Glaceon|Mud Shot|p1a: Muk\n|-supereffective|p1a: Muk\n|-damage|p1a: Muk|0 fnt\n|faint|p1a: Muk\n|\n|upkeep\n|\n|t:|1733909145\n|switch|p1a: Entei|Entei, L78|307/307\n|turn|7\n|\n|t:|1733909149\n|move|p1a: Entei|Sacred Fire|p2a: Glaceon\n|-supereffective|p2a: Glaceon\n|-damage|p2a: Glaceon|23/275\n|-status|p2a: Glaceon|brn\n|move|p2a: Glaceon|Mud Shot|p1a: Entei\n|-supereffective|p1a: Entei\n|-damage|p1a: Entei|153/307\n|-unboost|p1a: Entei|spe|1\n|\n|-damage|p2a: Glaceon|6/275 brn|[from] brn\n|upkeep\n|turn|8\n|\n|t:|1733909157\n|switch|p1a: Yanmega|Yanmega, L82, M|275/275\n|move|p2a: Glaceon|Mud Shot|p1a: Yanmega\n|-immune|p1a: Yanmega\n|\n|-damage|p2a: Glaceon|0 fnt|[from] brn\n|faint|p2a: Glaceon\n|upkeep\n|\n|t:|1733909167\n|switch|p2a: Toxtricity|Toxtricity, L82, M|257/257\n|turn|9\n|\n|t:|1733909173\n|move|p1a: Yanmega|Bug Buzz|p2a: Toxtricity\n|-resisted|p2a: Toxtricity\n|-damage|p2a: Toxtricity|170/257\n|move|p2a: Toxtricity|Overdrive|p1a: Yanmega\n|-supereffective|p1a: Yanmega\n|-damage|p1a: Yanmega|0 fnt\n|faint|p1a: Yanmega\n|\n|upkeep\n|\n|t:|1733909177\n|switch|p1a: Skuntank|Skuntank, L84, M|310/310\n|turn|10\n|\n|t:|1733909187\n|move|p1a: Skuntank|Knock Off|p2a: Toxtricity\n|-damage|p2a: Toxtricity|10/257\n|-enditem|p2a: Toxtricity|Choice Specs|[from] move: Knock Off|[of] p1a: Skuntank\n|-damage|p1a: Skuntank|279/310|[from] item: Life Orb\n|move|p2a: Toxtricity|Overdrive|p1a: Skuntank\n|-damage|p1a: Skuntank|134/310\n|\n|upkeep\n|turn|11\n|\n|t:|1733909192\n|move|p1a: Skuntank|Knock Off|p2a: Toxtricity\n|-damage|p2a: Toxtricity|0 fnt\n|faint|p2a: Toxtricity\n|-damage|p1a: Skuntank|103/310|[from] item: Life Orb\n|\n|upkeep\n|\n|t:|1733909201\n|switch|p2a: Blissey|Blissey, L84, F|566/566\n|turn|12\n|\n|t:|1733909204\n|move|p1a: Skuntank|Gunk Shot|p2a: Blissey\n|-crit|p2a: Blissey\n|-damage|p2a: Blissey|0 fnt\n|faint|p2a: Blissey\n|-damage|p1a: Skuntank|72/310|[from] item: Life Orb\n|\n|upkeep\n|\n|t:|1733909212\n|switch|p2a: Amoonguss|Amoonguss, L82, F|321/321\n|turn|13\n|\n|t:|1733909218\n|move|p1a: Skuntank|Knock Off|p2a: Amoonguss\n|-damage|p2a: Amoonguss|172/321\n|-enditem|p2a: Amoonguss|Leftovers|[from] move: Knock Off|[of] p1a: Skuntank\n|-damage|p1a: Skuntank|41/310|[from] item: Life Orb\n|move|p2a: Amoonguss|Sludge Bomb|p1a: Skuntank\n|-resisted|p1a: Skuntank\n|-damage|p1a: Skuntank|0 fnt\n|faint|p1a: Skuntank\n|\n|upkeep\n|\n|t:|1733909221\n|switch|p1a: Entei|Entei, L78|153/307\n|turn|14\n|\n|t:|1733909226\n|move|p1a: Entei|Flare Blitz|p2a: Amoonguss\n|-supereffective|p2a: Amoonguss\n|-damage|p2a: Amoonguss|0 fnt\n|faint|p2a: Amoonguss\n|-damage|p1a: Entei|96/307|[from] Recoil\n|\n|upkeep\n|\n|t:|1733909228\n|switch|p2a: Vespiquen|Vespiquen, L98, F|84/296\n|-ability|p2a: Vespiquen|Pressure\n|turn|15\n|\n|t:|1733909235\n|-terastallize|p2a: Vespiquen|Steel\n|move|p1a: Entei|Flare Blitz|p2a: Vespiquen\n|-supereffective|p2a: Vespiquen\n|-damage|p2a: Vespiquen|0 fnt\n|faint|p2a: Vespiquen\n|-damage|p1a: Entei|68/307|[from] Recoil\n|\n|win|Hdcubdbjcddx\n|raw|Hdcubdbjcddx's rating: 1042 &rarr; <strong>1079</strong><br />(+37 for winning)\n|raw|BullfrogJohnson's rating: 1078 &rarr; <strong>1054</strong><br />(-24 for losing)\n", "inputlog": ">version bfd83cad13791eb5a5a409923076391caf6fb4d4\n>start {\"formatid\":\"gen9randombattle\",\"seed\":[24950,53655,9072,33167],\"rated\":\"Rated battle\"}\n>player p1 {\"name\":\"Hdcubdbjcddx\",\"avatar\":\"170\",\"rating\":1042,\"seed\":[29866,30382,45519,34044]}\n>player p2 {\"name\":\"BullfrogJohnson\",\"avatar\":\"102\",\"rating\":1078,\"seed\":[43064,61071,16410,64584]}\n>p1 move airslash\n>p2 move hurricane\n>p1 move airslash\n>p2 switch 3\n>p1 move airslash\n>p2 move dragondance\n>p1 switch 5\n>p2 move roost\n>p1 move icepunch\n>p2 move earthquake\n>p2 switch 4\n>p1 move poisonjab\n>p2 move mudshot\n>p1 switch 4\n>p1 move sacredfire\n>p2 move mudshot\n>p1 switch 5\n>p2 move mudshot\n>p2 switch 5\n>p1 move bugbuzz\n>p2 move overdrive\n>p1 switch 2\n>p1 move knockoff\n>p2 move overdrive\n>p1 move knockoff\n>p2 move sludgewave\n>p2 switch 6\n>p1 move gunkshot\n>p2 move thunderwave\n>p2 switch 2\n>p1 move knockoff\n>p2 move sludgebomb\n>p1 switch 5\n>p1 move flareblitz\n>p2 move spore\n>p2 switch 3\n>p1 move flareblitz\n>p2 move hurricane terastallize", "uploadtime": 1733909238, "views": 1, "formatid": "gen9randombattle", "rating": 1054, "private": 0, "password": null}