{"id": "gen9randombattle-2183187747", "format": "[Gen 9] Random Battle", "players": ["Mercury37", "Norman2!"], "log": "|badge|p2|bronze|gen9randombattle|100-2\n|uhtml|medal-msg|<div class=\"broadcast-blue\">Curious what those medals under the avatar are? PS now has Ladder Seasons! For more information, check out the <a href=\"https://www.smogon.com/forums/threads/3740067/\">thread on Smogon.</a></div>\n|j|\u2606Mercury37\n|j|\u203dNorman2!\n|t:|1724069098\n|gametype|singles\n|player|p1|Mercury37|169|2300\n|player|p2|Norman2!|102|2347\n|teamsize|p1|6\n|teamsize|p2|6\n|gen|9\n|tier|[Gen 9] Random Battle\n|rated|\n|rule|Species Clause: Limit one of each Pok\u00e9mon\n|rule|HP Percentage Mod: HP is shown in percentages\n|rule|Sleep Clause Mod: Limit one foe put to sleep\n|rule|Illusion Level Mod: Illusion disguises the Pok\u00e9mon's true level\n|\n|t:|1724069098\n|start\n|switch|p1a: Duraludon|Duraludon, L82, F|249/249\n|switch|p2a: Sawsbuck|Sawsbuck-Autumn, L88, M|284/284\n|turn|1\n|inactive|Battle timer is ON: inactive players will automatically lose when time's up. (requested by Mercury37)\n|inactive|Mercury37 has 120 seconds left.\n|inactive|Norman2! has 120 seconds left.\n|l|\u203dNorman2!\n|inactive|Norman2! disconnected and has a minute to reconnect!\n|player|p2|\n|inactive|Norman2! has 30 seconds to reconnect!\n|j|\u203dNorman2!\n|inactive|Norman2! reconnected and has 70 seconds left.\n|player|p2|Norman2!|102|\n|n|\u203dNorman2!|norman2\n|n|\u203dNorman2!|norman2\n|n|\u203dNorman2!|norman2\n|inactive|Norman2! has 60 seconds left.\n|\n|t:|1724069197\n|switch|p2a: Camerupt|Camerupt, L91, F|275/275\n|move|p1a: Duraludon|Iron Defense|p1a: Duraludon\n|-boost|p1a: Duraludon|def|2\n|\n|upkeep\n|turn|2\n|inactive|Mercury37 has 120 seconds left.\n|\n|t:|1724069231\n|move|p1a: Duraludon|Body Press|p2a: Camerupt\n|-crit|p2a: Camerupt\n|-damage|p2a: Camerupt|74/275\n|move|p2a: Camerupt|Will-O-Wisp|p1a: Duraludon\n|-status|p1a: Duraludon|brn\n|\n|-heal|p2a: Camerupt|91/275|[from] item: Leftovers\n|-damage|p1a: Duraludon|234/249 brn|[from] brn\n|upkeep\n|turn|3\n|inactive|Norman2! has 120 seconds left.\n|\n|t:|1724069247\n|move|p1a: Duraludon|Draco Meteor|p2a: Camerupt\n|-damage|p2a: Camerupt|0 fnt\n|-unboost|p1a: Duraludon|spa|2\n|faint|p2a: Camerupt\n|\n|-damage|p1a: Duraludon|219/249 brn|[from] brn\n|upkeep\n|j| pokemon tax agency\n|inactive|Norman2! has 120 seconds left.\n|\n|t:|1724069266\n|switch|p2a: Mewtwo|Mewtwo, L72|272/272\n|-ability|p2a: Mewtwo|Unnerve\n|turn|4\n|inactive|Mercury37 has 120 seconds left.\n|\n|t:|1724069295\n|switch|p1a: Reuniclus|Reuniclus, L88, M|337/337\n|move|p2a: Mewtwo|Nasty Plot|p2a: Mewtwo\n|-boost|p2a: Mewtwo|spa|2\n|\n|upkeep\n|turn|5\n|inactive|Mercury37 has 120 seconds left.\n|inactive|Norman2! has 120 seconds left.\n|\n|t:|1724069334\n|switch|p1a: Duraludon|Duraludon, L82, F|219/249 brn\n|move|p2a: Mewtwo|Psystrike|p1a: Duraludon\n|-resisted|p1a: Duraludon\n|-damage|p1a: Duraludon|137/249 brn\n|-damage|p2a: Mewtwo|245/272|[from] item: Life Orb\n|\n|-damage|p1a: Duraludon|122/249 brn|[from] brn\n|upkeep\n|turn|6\n|\n|t:|1724069343\n|move|p2a: Mewtwo|Aura Sphere|p1a: Duraludon\n|-supereffective|p1a: Duraludon\n|-damage|p1a: Duraludon|0 fnt\n|faint|p1a: Duraludon\n|-damage|p2a: Mewtwo|218/272|[from] item: Life Orb\n|\n|upkeep\n|j| ball enthusiast\n|inactive|Mercury37 has 90 seconds left.\n|\n|t:|1724069370\n|switch|p1a: Flutter Mane|Flutter Mane, L74|203/203\n|turn|7\n|\n|t:|1724069389\n|switch|p2a: Sawsbuck|Sawsbuck-Autumn, L88, M|284/284\n|move|p1a: Flutter Mane|Shadow Ball|p2a: Sawsbuck\n|-immune|p2a: Sawsbuck\n|\n|upkeep\n|turn|8\n|inactive|Mercury37 has 90 seconds left.\n|\n|t:|1724069409\n|move|p1a: Flutter Mane|Mystical Fire|p2a: Sawsbuck\n|-supereffective|p2a: Sawsbuck\n|-damage|p2a: Sawsbuck|128/284\n|-unboost|p2a: Sawsbuck|spa|1\n|-damage|p1a: Flutter Mane|183/203|[from] item: Life Orb\n|move|p2a: Sawsbuck|Swords Dance|p2a: Sawsbuck\n|-boost|p2a: Sawsbuck|atk|2\n|\n|upkeep\n|turn|9\n|inactive|Mercury37 has 90 seconds left.\n|\n|t:|1724069428\n|switch|p2a: Heatran|Heatran, L79, M|273/273\n|-item|p2a: Heatran|Air Balloon\n|move|p1a: Flutter Mane|Moonblast|p2a: Heatran\n|-resisted|p2a: Heatran\n|-damage|p2a: Heatran|244/273\n|-unboost|p2a: Heatran|spa|1\n|-enditem|p2a: Heatran|Air Balloon\n|-damage|p1a: Flutter Mane|163/203|[from] item: Life Orb\n|\n|upkeep\n|turn|10\n|inactive|Mercury37 has 90 seconds left.\n|inactive|Norman2! has 120 seconds left.\n|\n|t:|1724069447\n|-end|p1a: Flutter Mane|Protosynthesis|[silent]\n|switch|p1a: Sandy Shocks|Sandy Shocks, L80|267/267\n|move|p2a: Heatran|Stealth Rock|p1a: Sandy Shocks\n|-sidestart|p1: Mercury37|move: Stealth Rock\n|\n|upkeep\n|turn|11\n|\n|t:|1724069453\n|switch|p2a: Arboliva|Arboliva, L91, M|288/288\n|move|p1a: Sandy Shocks|Stealth Rock|p2a: Arboliva\n|-sidestart|p2: Norman2!|move: Stealth Rock\n|\n|upkeep\n|turn|12\n|inactive|Mercury37 has 90 seconds left.\n|\n|t:|1724069469\n|-end|p1a: Sandy Shocks|Protosynthesis|[silent]\n|switch|p1a: Salamence|Salamence, L77, F|273/273\n|-ability|p1a: Salamence|Intimidate|boost\n|-unboost|p2a: Arboliva|atk|1\n|move|p2a: Arboliva|Hyper Voice|p1a: Salamence\n|-damage|p1a: Salamence|101/273\n|\n|upkeep\n|turn|13\n|\n|t:|1724069495\n|switch|p1a: Flutter Mane|Flutter Mane, L74|163/203\n|-damage|p1a: Flutter Mane|138/203|[from] Stealth Rock\n|move|p2a: Arboliva|Hyper Voice|p1a: Flutter Mane\n|-immune|p1a: Flutter Mane\n|\n|upkeep\n|turn|14\n|\n|t:|1724069505\n|move|p1a: Flutter Mane|Moonblast|p2a: Arboliva\n|-damage|p2a: Arboliva|191/288\n|-damage|p1a: Flutter Mane|118/203|[from] item: Life Orb\n|move|p2a: Arboliva|Leech Seed|p1a: Flutter Mane\n|-start|p1a: Flutter Mane|move: Leech Seed\n|\n|-damage|p1a: Flutter Mane|93/203|[from] Leech Seed|[of] p2a: Arboliva\n|-heal|p2a: Arboliva|216/288|[silent]\n|upkeep\n|turn|15\n|\n|t:|1724069514\n|-end|p1a: Flutter Mane|Protosynthesis|[silent]\n|switch|p1a: Reuniclus|Reuniclus, L88, M|337/337\n|move|p2a: Arboliva|Substitute|p2a: Arboliva\n|-start|p2a: Arboliva|Substitute\n|-damage|p2a: Arboliva|144/288\n|-enditem|p2a: Arboliva|Sitrus Berry|[eat]\n|-heal|p2a: Arboliva|216/288|[from] item: Sitrus Berry\n|\n|upkeep\n|turn|16\n|\n|t:|1724069522\n|move|p2a: Arboliva|Hyper Voice|p1a: Reuniclus\n|-damage|p1a: Reuniclus|213/337\n|move|p1a: Reuniclus|Calm Mind|p1a: Reuniclus\n|-boost|p1a: Reuniclus|spa|1\n|-boost|p1a: Reuniclus|spd|1\n|\n|-item|p2a: Arboliva|Sitrus Berry|[from] ability: Harvest\n|upkeep\n|turn|17\n|\n|t:|1724069532\n|switch|p2a: Sawsbuck|Sawsbuck-Autumn, L88, M|128/284\n|-damage|p2a: Sawsbuck|93/284|[from] Stealth Rock\n|move|p1a: Reuniclus|Recover|p1a: Reuniclus\n|-heal|p1a: Reuniclus|337/337\n|\n|upkeep\n|turn|18\n|\n|t:|1724069539\n|move|p2a: Sawsbuck|Double-Edge|p1a: Reuniclus\n|-damage|p1a: Reuniclus|133/337\n|-damage|p2a: Sawsbuck|26/284|[from] Recoil\n|-damage|p2a: Sawsbuck|0 fnt|[from] item: Life Orb\n|faint|p2a: Sawsbuck\n|move|p1a: Reuniclus|Psyshock|p2: Sawsbuck|[notarget]\n|-fail|p1a: Reuniclus\n|\n|upkeep\n|\n|t:|1724069549\n|switch|p2a: Pincurchin|Pincurchin, L99, F|255/255\n|-damage|p2a: Pincurchin|224/255|[from] Stealth Rock\n|-fieldstart|move: Electric Terrain|[from] ability: Electric Surge|[of] p2a: Pincurchin\n|turn|19\n|\n|t:|1724069554\n|move|p1a: Reuniclus|Recover|p1a: Reuniclus\n|-heal|p1a: Reuniclus|302/337\n|move|p2a: Pincurchin|Zing Zap|p1a: Reuniclus\n|-damage|p1a: Reuniclus|127/337\n|\n|-heal|p2a: Pincurchin|239/255|[from] item: Leftovers\n|upkeep\n|turn|20\n|\n|t:|1724069565\n|switch|p1a: Sandy Shocks|Sandy Shocks, L80|267/267\n|-damage|p1a: Sandy Shocks|251/267|[from] Stealth Rock\n|move|p2a: Pincurchin|Zing Zap|p1a: Sandy Shocks\n|-immune|p1a: Sandy Shocks\n|\n|-heal|p1a: Sandy Shocks|267/267|[from] item: Leftovers\n|-heal|p2a: Pincurchin|254/255|[from] item: Leftovers\n|upkeep\n|turn|21\n|inactive|Mercury37 has 90 seconds left.\n|\n|t:|1724069581\n|switch|p2a: Arboliva|Arboliva, L91, M|216/288\n|-damage|p2a: Arboliva|180/288|[from] Stealth Rock\n|move|p1a: Sandy Shocks|Spikes|p2a: Arboliva\n|-sidestart|p2: Norman2!|Spikes\n|\n|upkeep\n|turn|22\n|inactive|Mercury37 has 90 seconds left.\n|inactive|Mercury37 has 60 seconds left.\n|\n|t:|1724069625\n|-end|p1a: Sandy Shocks|Protosynthesis|[silent]\n|switch|p1a: Flutter Mane|Flutter Mane, L74|93/203\n|-damage|p1a: Flutter Mane|68/203|[from] Stealth Rock\n|move|p2a: Arboliva|Substitute|p2a: Arboliva\n|-start|p2a: Arboliva|Substitute\n|-damage|p2a: Arboliva|108/288\n|-enditem|p2a: Arboliva|Sitrus Berry|[eat]\n|-heal|p2a: Arboliva|180/288|[from] item: Sitrus Berry\n|\n|upkeep\n|turn|23\n|\n|t:|1724069634\n|-end|p1a: Flutter Mane|Protosynthesis|[silent]\n|switch|p1a: Reuniclus|Reuniclus, L88, M|127/337\n|move|p2a: Arboliva|Protect||[still]\n|-fail|p2a: Arboliva\n|\n|-fieldend|move: Electric Terrain\n|upkeep\n|turn|24\n|\n|t:|1724069642\n|move|p2a: Arboliva|Hyper Voice|p1a: Reuniclus\n|-damage|p1a: Reuniclus|0 fnt\n|faint|p1a: Reuniclus\n|\n|upkeep\n|inactive|Mercury37 has 60 seconds left.\n|\n|t:|1724069661\n|switch|p1a: Flutter Mane|Flutter Mane, L74|68/203\n|-damage|p1a: Flutter Mane|43/203|[from] Stealth Rock\n|turn|25\n|\n|t:|1724069668\n|move|p1a: Flutter Mane|Moonblast|p2a: Arboliva\n|-end|p2a: Arboliva|Substitute\n|-damage|p1a: Flutter Mane|23/203|[from] item: Life Orb\n|move|p2a: Arboliva|Leech Seed|p1a: Flutter Mane|[miss]\n|-miss|p2a: Arboliva|p1a: Flutter Mane\n|\n|-item|p2a: Arboliva|Sitrus Berry|[from] ability: Harvest\n|upkeep\n|turn|26\n|\n|t:|1724069681\n|move|p1a: Flutter Mane|Calm Mind|p1a: Flutter Mane\n|-boost|p1a: Flutter Mane|spa|1\n|-boost|p1a: Flutter Mane|spd|1\n|move|p2a: Arboliva|Leech Seed|p1a: Flutter Mane\n|-start|p1a: Flutter Mane|move: Leech Seed\n|\n|-damage|p1a: Flutter Mane|0 fnt|[from] Leech Seed|[of] p2a: Arboliva\n|-heal|p2a: Arboliva|203/288|[silent]\n|faint|p1a: Flutter Mane\n|-end|p1a: Flutter Mane|Protosynthesis|[silent]\n|upkeep\n|l| ball enthusiast\n|inactive|Mercury37 has 60 seconds left.\n|\n|t:|1724069702\n|switch|p1a: Iron Bundle|Iron Bundle, L77|213/213\n|turn|27\n|\n|t:|1724069720\n|switch|p2a: Heatran|Heatran, L79, M|244/273\n|-damage|p2a: Heatran|210/273|[from] Stealth Rock\n|-damage|p2a: Heatran|176/273|[from] Spikes\n|move|p1a: Iron Bundle|Freeze-Dry|p2a: Heatran\n|-resisted|p2a: Heatran\n|-damage|p2a: Heatran|159/273\n|\n|upkeep\n|turn|28\n|inactive|Mercury37 has 60 seconds left.\n|inactive|Norman2! has 120 seconds left.\n|inactive|Norman2! has 90 seconds left.\n|\n|t:|1724069791\n|move|p1a: Iron Bundle|Hydro Pump|p2a: Heatran|[miss]\n|-miss|p1a: Iron Bundle|p2a: Heatran\n|move|p2a: Heatran|Magma Storm|p1a: Iron Bundle\n|-damage|p1a: Iron Bundle|59/213\n|-activate|p1a: Iron Bundle|move: Magma Storm|[of] p2a: Heatran\n|\n|-damage|p1a: Iron Bundle|33/213|[from] move: Magma Storm|[partiallytrapped]\n|upkeep\n|turn|29\n|inactive|Norman2! has 60 seconds left.\n|\n|t:|1724069817\n|switch|p2a: Arboliva|Arboliva, L91, M|203/288\n|-damage|p2a: Arboliva|167/288|[from] Stealth Rock\n|-damage|p2a: Arboliva|131/288|[from] Spikes\n|-enditem|p2a: Arboliva|Sitrus Berry|[eat]\n|-heal|p2a: Arboliva|203/288|[from] item: Sitrus Berry\n|move|p1a: Iron Bundle|Hydro Pump|p2a: Arboliva|[miss]\n|-miss|p1a: Iron Bundle|p2a: Arboliva\n|\n|-end|p1a: Iron Bundle|Magma Storm|[partiallytrapped]|[silent]\n|upkeep\n|turn|30\n|inactive|Mercury37 has 60 seconds left.\n|inactive|Norman2! has 60 seconds left.\n|\n|t:|1724069840\n|-terastallize|p1a: Iron Bundle|Ice\n|move|p1a: Iron Bundle|Freeze-Dry|p2a: Arboliva\n|-supereffective|p2a: Arboliva\n|-damage|p2a: Arboliva|55/288\n|move|p2a: Arboliva|Hyper Voice|p1a: Iron Bundle\n|-damage|p1a: Iron Bundle|0 fnt\n|faint|p1a: Iron Bundle\n|-end|p1a: Iron Bundle|Quark Drive|[silent]\n|\n|-item|p2a: Arboliva|Sitrus Berry|[from] ability: Harvest\n|upkeep\n|-enditem|p2a: Arboliva|Sitrus Berry|[eat]\n|-heal|p2a: Arboliva|127/288|[from] item: Sitrus Berry\n|\n|t:|1724069852\n|switch|p1a: Salamence|Salamence, L77, F|101/273\n|-ability|p1a: Salamence|Intimidate|boost\n|-unboost|p2a: Arboliva|atk|1\n|turn|31\n|inactive|Norman2! has 60 seconds left.\n|\n|t:|1724069864\n|move|p1a: Salamence|Dual Wingbeat|p2a: Arboliva\n|-supereffective|p2a: Arboliva\n|-damage|p2a: Arboliva|41/288\n|-supereffective|p2a: Arboliva\n|-damage|p2a: Arboliva|0 fnt\n|faint|p2a: Arboliva\n|-hitcount|p2: Arboliva|2\n|\n|upkeep\n|\n|t:|1724069867\n|switch|p2a: Mewtwo|Mewtwo, L72|218/272\n|-ability|p2a: Mewtwo|Unnerve\n|-damage|p2a: Mewtwo|184/272|[from] Stealth Rock\n|-damage|p2a: Mewtwo|150/272|[from] Spikes\n|turn|32\n|\n|t:|1724069880\n|move|p2a: Mewtwo|Psystrike|p1a: Salamence\n|-damage|p1a: Salamence|0 fnt\n|faint|p1a: Salamence\n|-damage|p2a: Mewtwo|123/272|[from] item: Life Orb\n|\n|upkeep\n|\n|t:|1724069886\n|switch|p1a: Sandy Shocks|Sandy Shocks, L80|267/267\n|-damage|p1a: Sandy Shocks|251/267|[from] Stealth Rock\n|turn|33\n|\n|t:|1724069892\n|move|p2a: Mewtwo|Psystrike|p1a: Sandy Shocks\n|-damage|p1a: Sandy Shocks|103/267\n|-damage|p2a: Mewtwo|96/272|[from] item: Life Orb\n|move|p1a: Sandy Shocks|Thunderbolt|p2a: Mewtwo\n|-damage|p2a: Mewtwo|0 fnt\n|faint|p2a: Mewtwo\n|\n|-heal|p1a: Sandy Shocks|119/267|[from] item: Leftovers\n|upkeep\n|\n|t:|1724069897\n|switch|p2a: Pincurchin|Pincurchin, L99, F|254/255\n|-damage|p2a: Pincurchin|223/255|[from] Stealth Rock\n|-damage|p2a: Pincurchin|192/255|[from] Spikes\n|-fieldstart|move: Electric Terrain|[from] ability: Electric Surge|[of] p2a: Pincurchin\n|turn|34\n|inactive|Mercury37 has 60 seconds left.\n|\n|t:|1724069906\n|-terastallize|p2a: Pincurchin|Grass\n|move|p1a: Sandy Shocks|Earth Power|p2a: Pincurchin\n|-resisted|p2a: Pincurchin\n|-damage|p2a: Pincurchin|142/255\n|move|p2a: Pincurchin|Liquidation|p1a: Sandy Shocks\n|-supereffective|p1a: Sandy Shocks\n|-damage|p1a: Sandy Shocks|0 fnt\n|faint|p1a: Sandy Shocks\n|-end|p1a: Sandy Shocks|Protosynthesis|[silent]\n|\n|win|Norman2!\n|raw|Mercury37's rating: 2300 &rarr; <strong>2283</strong><br />(-17 for losing)\n|raw|Norman2!'s rating: 2347 &rarr; <strong>2364</strong><br />(+17 for winning)\n", "inputlog": ">version 44b0f7d8c184dd2275b11f549f306ca81a15ead2\n>start {\"formatid\":\"gen9randombattle\",\"seed\":[13728,1973,42977,18195],\"rated\":\"Rated battle\"}\n>player p1 {\"name\":\"Mercury37\",\"avatar\":\"169\",\"rating\":2300,\"seed\":[36628,57766,54112,51205]}\n>player p2 {\"name\":\"Norman2!\",\"avatar\":\"102\",\"rating\":2347,\"seed\":[45579,47076,4979,65229]}\n>p1 move irondefense\n>p2 switch 6\n>p1 move bodypress\n>p2 move willowisp\n>p1 move dracometeor\n>p2 move overheat\n>p2 switch 4\n>p1 switch 5\n>p2 move nastyplot\n>p1 switch 5\n>p2 move psystrike\n>p1 move dracometeor\n>p2 move aurasphere\n>p1 switch 6\n>p1 move shadowball\n>p2 switch 6\n>p1 move mysticalfire\n>p2 move swordsdance\n>p1 move moonblast\n>p2 switch 5\n>p1 switch 3\n>p2 move stealthrock\n>p1 move stealthrock\n>p2 switch 2\n>p1 switch 2\n>p2 move hypervoice\n>p1 switch 3\n>p2 move hypervoice\n>p1 move moonblast\n>p2 move leechseed\n>p1 switch 5\n>p2 move substitute\n>p1 move calmmind\n>p2 move hypervoice\n>p1 move recover\n>p2 switch 5\n>p1 move psyshock\n>p2 move doubleedge\n>p2 switch 3\n>p1 move recover\n>p2 move zingzap\n>p1 switch 2\n>p2 move zingzap\n>p1 move spikes\n>p2 switch 5\n>p1 switch 5\n>p2 move substitute\n>p1 switch 2\n>p2 move protect\n>p1 move recover\n>p2 move hypervoice\n>p1 switch 2\n>p1 move moonblast\n>p2 move leechseed\n>p1 move calmmind\n>p2 move leechseed\n>p1 switch 4\n>p1 move freezedry\n>p2 switch 2\n>p1 move hydropump\n>p2 move magmastorm\n>p1 move hydropump\n>p2 switch 2\n>p1 move freezedry terastallize\n>p2 move hypervoice\n>p1 switch 3\n>p1 move dualwingbeat\n>p2 move hypervoice\n>p2 switch 6\n>p1 move dragondance\n>p2 move psystrike\n>p1 switch 5\n>p1 move thunderbolt\n>p2 move psystrike\n>p2 switch 5\n>p1 move earthpower\n>p2 move liquidation terastallize", "uploadtime": 1724069914, "views": 119, "formatid": "gen9randombattle", "rating": 2283, "private": 0, "password": null}