{"id": "gen9randombattle-2259769358", "format": "[Gen 9] Random Battle", "players": ["Mantine854", "Blazar421"], "log": "|j|\u2606Mantine854\n|j|\u2606Blazar421\n|t:|1733764918\n|gametype|singles\n|player|p1|Mantine854|102|1752\n|player|p2|Blazar421|170|1770\n|teamsize|p1|6\n|teamsize|p2|6\n|gen|9\n|tier|[Gen 9] Random Battle\n|rated|\n|rule|Species Clause: Limit one of each Pok\u00e9mon\n|rule|HP Percentage Mod: HP is shown in percentages\n|rule|Sleep Clause Mod: Limit one foe put to sleep\n|rule|Illusion Level Mod: Illusion disguises the Pok\u00e9mon's true level\n|\n|t:|1733764918\n|start\n|switch|p1a: Vivillon|Vivillon-Tundra, L84, M|272/272\n|switch|p2a: Torterra|Torterra, L78, F|276/276\n|turn|1\n|\n|t:|1733764932\n|switch|p2a: Corviknight|Corviknight, L80, F|288/288\n|-ability|p2a: Corviknight|Pressure\n|move|p1a: Vivillon|Hurricane|p2a: Corviknight\n|-resisted|p2a: Corviknight\n|-damage|p2a: Corviknight|229/288\n|\n|-heal|p2a: Corviknight|247/288|[from] item: Leftovers\n|upkeep\n|turn|2\n|\n|t:|1733764935\n|move|p1a: Vivillon|Sleep Powder|p2a: Corviknight\n|-status|p2a: Corviknight|slp|[from] move: Sleep Powder\n|cant|p2a: Corviknight|slp\n|\n|-heal|p2a: Corviknight|265/288 slp|[from] item: Leftovers\n|upkeep\n|turn|3\n|\n|t:|1733764945\n|switch|p1a: Camerupt|Camerupt, L91, F|275/275\n|switch|p2a: Deoxys|Deoxys-Defense, L84|221/221\n|-ability|p2a: Deoxys|Pressure\n|\n|upkeep\n|turn|4\n|\n|t:|1733764949\n|move|p2a: Deoxys|Cosmic Power|p2a: Deoxys\n|-boost|p2a: Deoxys|def|1\n|-boost|p2a: Deoxys|spd|1\n|move|p1a: Camerupt|Stealth Rock|p2a: Deoxys\n|-sidestart|p2: Blazar421|move: Stealth Rock\n|\n|upkeep\n|turn|5\n|\n|t:|1733764974\n|switch|p1a: Vivillon|Vivillon-Tundra, L84, M|272/272\n|move|p2a: Deoxys|Night Shade|p1a: Vivillon\n|-damage|p1a: Vivillon|188/272\n|\n|upkeep\n|turn|6\n|\n|t:|1733764979\n|move|p2a: Deoxys|Cosmic Power|p2a: Deoxys\n|-boost|p2a: Deoxys|def|1\n|-boost|p2a: Deoxys|spd|1\n|move|p1a: Vivillon|Quiver Dance|p1a: Vivillon\n|-boost|p1a: Vivillon|spa|1\n|-boost|p1a: Vivillon|spd|1\n|-boost|p1a: Vivillon|spe|1\n|\n|upkeep\n|turn|7\n|\n|t:|1733764982\n|move|p1a: Vivillon|Bug Buzz|p2a: Deoxys\n|-supereffective|p2a: Deoxys\n|-damage|p2a: Deoxys|131/221\n|move|p2a: Deoxys|Cosmic Power|p2a: Deoxys\n|-boost|p2a: Deoxys|def|1\n|-boost|p2a: Deoxys|spd|1\n|\n|-heal|p2a: Deoxys|144/221|[from] item: Leftovers\n|upkeep\n|turn|8\n|\n|t:|1733764988\n|move|p1a: Vivillon|Quiver Dance|p1a: Vivillon\n|-boost|p1a: Vivillon|spa|1\n|-boost|p1a: Vivillon|spd|1\n|-boost|p1a: Vivillon|spe|1\n|move|p2a: Deoxys|Recover|p2a: Deoxys\n|-heal|p2a: Deoxys|221/221\n|\n|upkeep\n|turn|9\n|\n|t:|1733764991\n|move|p1a: Vivillon|Bug Buzz|p2a: Deoxys\n|-supereffective|p2a: Deoxys\n|-damage|p2a: Deoxys|137/221\n|move|p2a: Deoxys|Cosmic Power|p2a: Deoxys\n|-boost|p2a: Deoxys|def|1\n|-boost|p2a: Deoxys|spd|1\n|\n|-heal|p2a: Deoxys|150/221|[from] item: Leftovers\n|upkeep\n|turn|10\n|\n|t:|1733764994\n|move|p1a: Vivillon|Bug Buzz|p2a: Deoxys\n|-supereffective|p2a: Deoxys\n|-damage|p2a: Deoxys|76/221\n|move|p2a: Deoxys|Recover|p2a: Deoxys\n|-heal|p2a: Deoxys|187/221\n|\n|-heal|p2a: Deoxys|200/221|[from] item: Leftovers\n|upkeep\n|turn|11\n|\n|t:|1733765000\n|move|p1a: Vivillon|Bug Buzz|p2a: Deoxys\n|-supereffective|p2a: Deoxys\n|-damage|p2a: Deoxys|126/221\n|move|p2a: Deoxys|Cosmic Power|p2a: Deoxys\n|-boost|p2a: Deoxys|def|1\n|-boost|p2a: Deoxys|spd|1\n|\n|-heal|p2a: Deoxys|139/221|[from] item: Leftovers\n|upkeep\n|turn|12\n|\n|t:|1733765002\n|move|p1a: Vivillon|Quiver Dance|p1a: Vivillon\n|-boost|p1a: Vivillon|spa|1\n|-boost|p1a: Vivillon|spd|1\n|-boost|p1a: Vivillon|spe|1\n|move|p2a: Deoxys|Recover|p2a: Deoxys\n|-heal|p2a: Deoxys|221/221\n|\n|upkeep\n|turn|13\n|\n|t:|1733765004\n|move|p1a: Vivillon|Bug Buzz|p2a: Deoxys\n|-supereffective|p2a: Deoxys\n|-damage|p2a: Deoxys|141/221\n|move|p2a: Deoxys|Cosmic Power|p2a: Deoxys\n|-boost|p2a: Deoxys|def|1\n|-boost|p2a: Deoxys|spd|1\n|\n|-heal|p2a: Deoxys|154/221|[from] item: Leftovers\n|upkeep\n|turn|14\n|\n|t:|1733765010\n|move|p1a: Vivillon|Bug Buzz|p2a: Deoxys\n|-supereffective|p2a: Deoxys\n|-damage|p2a: Deoxys|80/221\n|-unboost|p2a: Deoxys|spd|1\n|move|p2a: Deoxys|Recover|p2a: Deoxys\n|-heal|p2a: Deoxys|191/221\n|\n|-heal|p2a: Deoxys|204/221|[from] item: Leftovers\n|upkeep\n|turn|15\n|\n|t:|1733765014\n|move|p1a: Vivillon|Bug Buzz|p2a: Deoxys\n|-supereffective|p2a: Deoxys\n|-damage|p2a: Deoxys|124/221\n|move|p2a: Deoxys|Recover|p2a: Deoxys\n|-heal|p2a: Deoxys|221/221\n|\n|upkeep\n|turn|16\n|\n|t:|1733765025\n|move|p1a: Vivillon|Bug Buzz|p2a: Deoxys\n|-supereffective|p2a: Deoxys\n|-damage|p2a: Deoxys|137/221\n|move|p2a: Deoxys|Cosmic Power|p2a: Deoxys\n|-boost|p2a: Deoxys|def|0\n|-boost|p2a: Deoxys|spd|1\n|\n|-heal|p2a: Deoxys|150/221|[from] item: Leftovers\n|upkeep\n|turn|17\n|\n|t:|1733765028\n|move|p1a: Vivillon|Quiver Dance|p1a: Vivillon\n|-boost|p1a: Vivillon|spa|1\n|-boost|p1a: Vivillon|spd|1\n|-boost|p1a: Vivillon|spe|1\n|move|p2a: Deoxys|Stored Power|p1a: Vivillon\n|-damage|p1a: Vivillon|77/272\n|\n|-heal|p2a: Deoxys|163/221|[from] item: Leftovers\n|upkeep\n|turn|18\n|\n|t:|1733765032\n|move|p1a: Vivillon|Hurricane|p2a: Deoxys\n|-damage|p2a: Deoxys|108/221\n|-start|p2a: Deoxys|confusion\n|-activate|p2a: Deoxys|confusion\n|-damage|p2a: Deoxys|104/221|[from] confusion\n|\n|-heal|p2a: Deoxys|117/221|[from] item: Leftovers\n|upkeep\n|turn|19\n|\n|t:|1733765051\n|move|p1a: Vivillon|Hurricane|p2a: Deoxys\n|-crit|p2a: Deoxys\n|-damage|p2a: Deoxys|0 fnt\n|faint|p2a: Deoxys\n|\n|upkeep\n|\n|t:|1733765055\n|switch|p2a: Shiftry|Shiftry, L89, M|305/305\n|turn|20\n|\n|t:|1733765060\n|move|p1a: Vivillon|Hurricane|p2a: Shiftry\n|-ability|p2a: Shiftry|Wind Rider|boost\n|-boost|p2a: Shiftry|atk|1\n|move|p2a: Shiftry|Defog|p1a: Vivillon\n|-unboost|p1a: Vivillon|evasion|1\n|-sideend|p2: Blazar421|Stealth Rock|[from] move: Defog|[of] p2a: Shiftry\n|\n|upkeep\n|turn|21\n|\n|t:|1733765069\n|switch|p1a: Orthworm|Orthworm, L88, M|266/266\n|move|p2a: Shiftry|Knock Off|p1a: Orthworm\n|-damage|p1a: Orthworm|145/266\n|-enditem|p1a: Orthworm|Chesto Berry|[from] move: Knock Off|[of] p2a: Shiftry\n|\n|upkeep\n|turn|22\n|\n|t:|1733765078\n|move|p2a: Shiftry|Knock Off|p1a: Orthworm\n|-damage|p1a: Orthworm|63/266\n|move|p1a: Orthworm|Body Press|p2a: Shiftry\n|-supereffective|p2a: Shiftry\n|-damage|p2a: Shiftry|109/305\n|\n|upkeep\n|turn|23\n|\n|t:|1733765083\n|move|p2a: Shiftry|Knock Off|p1a: Orthworm\n|-damage|p1a: Orthworm|0 fnt\n|faint|p1a: Orthworm\n|\n|upkeep\n|\n|t:|1733765089\n|switch|p1a: Salamence|Salamence, L77, M|273/273\n|turn|24\n|\n|t:|1733765099\n|switch|p2a: Whiscash|Whiscash, L88, F|337/337\n|move|p1a: Salamence|Dual Wingbeat|p2a: Whiscash\n|-damage|p2a: Whiscash|282/337\n|-damage|p2a: Whiscash|228/337\n|-hitcount|p2a: Whiscash|2\n|\n|-heal|p2a: Whiscash|249/337|[from] item: Leftovers\n|upkeep\n|turn|25\n|\n|t:|1733765105\n|switch|p1a: Delphox|Delphox, L84, M|263/263\n|move|p2a: Whiscash|Ice Beam|p1a: Delphox\n|-resisted|p1a: Delphox\n|-damage|p1a: Delphox|238/263\n|\n|-heal|p2a: Whiscash|270/337|[from] item: Leftovers\n|upkeep\n|turn|26\n|\n|t:|1733765112\n|move|p1a: Delphox|Fire Blast|p2a: Whiscash\n|-resisted|p2a: Whiscash\n|-damage|p2a: Whiscash|190/337\n|move|p2a: Whiscash|Hydro Pump|p1a: Delphox|[miss]\n|-miss|p2a: Whiscash|p1a: Delphox\n|\n|-heal|p2a: Whiscash|211/337|[from] item: Leftovers\n|upkeep\n|turn|27\n|\n|t:|1733765117\n|switch|p1a: Latios|Latios, L78, M|253/253\n|move|p2a: Whiscash|Earthquake|p1a: Latios\n|-immune|p1a: Latios|[from] ability: Levitate\n|\n|-heal|p2a: Whiscash|232/337|[from] item: Leftovers\n|upkeep\n|turn|28\n|\n|t:|1733765120\n|move|p1a: Latios|Calm Mind|p1a: Latios\n|-boost|p1a: Latios|spa|1\n|-boost|p1a: Latios|spd|1\n|move|p2a: Whiscash|Ice Beam|p1a: Latios\n|-supereffective|p1a: Latios\n|-damage|p1a: Latios|185/253\n|\n|-heal|p2a: Whiscash|253/337|[from] item: Leftovers\n|upkeep\n|turn|29\n|\n|t:|1733765126\n|move|p1a: Latios|Psyshock|p2a: Whiscash\n|-damage|p2a: Whiscash|66/337\n|move|p2a: Whiscash|Ice Beam|p1a: Latios\n|-supereffective|p1a: Latios\n|-damage|p1a: Latios|115/253\n|\n|-heal|p2a: Whiscash|87/337|[from] item: Leftovers\n|upkeep\n|turn|30\n|\n|t:|1733765128\n|move|p1a: Latios|Recover|p1a: Latios\n|-heal|p1a: Latios|242/253\n|move|p2a: Whiscash|Ice Beam|p1a: Latios\n|-supereffective|p1a: Latios\n|-damage|p1a: Latios|176/253\n|\n|-heal|p2a: Whiscash|108/337|[from] item: Leftovers\n|upkeep\n|turn|31\n|\n|t:|1733765133\n|move|p1a: Latios|Calm Mind|p1a: Latios\n|-boost|p1a: Latios|spa|1\n|-boost|p1a: Latios|spd|1\n|move|p2a: Whiscash|Ice Beam|p1a: Latios\n|-supereffective|p1a: Latios\n|-damage|p1a: Latios|124/253\n|\n|-heal|p2a: Whiscash|129/337|[from] item: Leftovers\n|upkeep\n|turn|32\n|\n|t:|1733765138\n|switch|p2a: Corviknight|Corviknight, L80, F|265/288 slp\n|-ability|p2a: Corviknight|Pressure\n|move|p1a: Latios|Recover|p1a: Latios\n|-heal|p1a: Latios|251/253\n|\n|-heal|p2a: Corviknight|283/288 slp|[from] item: Leftovers\n|upkeep\n|turn|33\n|\n|t:|1733765143\n|move|p1a: Latios|Psyshock|p2a: Corviknight\n|-resisted|p2a: Corviknight\n|-damage|p2a: Corviknight|184/288 slp\n|cant|p2a: Corviknight|slp\n|\n|-heal|p2a: Corviknight|202/288 slp|[from] item: Leftovers\n|upkeep\n|turn|34\n|\n|t:|1733765149\n|move|p1a: Latios|Calm Mind|p1a: Latios\n|-boost|p1a: Latios|spa|1\n|-boost|p1a: Latios|spd|1\n|-curestatus|p2a: Corviknight|slp|[msg]\n|move|p2a: Corviknight|Roost|p2a: Corviknight\n|-heal|p2a: Corviknight|288/288\n|-singleturn|p2a: Corviknight|move: Roost\n|\n|upkeep\n|turn|35\n|\n|t:|1733765154\n|move|p1a: Latios|Psyshock|p2a: Corviknight\n|-resisted|p2a: Corviknight\n|-damage|p2a: Corviknight|165/288\n|move|p2a: Corviknight|U-turn|p1a: Latios\n|-supereffective|p1a: Latios\n|-damage|p1a: Latios|159/253\n|\n|t:|1733765158\n|switch|p2a: Shiftry|Shiftry, L89, M|109/305|[from] U-turn\n|\n|upkeep\n|turn|36\n|\n|t:|1733765160\n|move|p1a: Latios|Draco Meteor|p2a: Shiftry\n|-damage|p2a: Shiftry|0 fnt\n|-unboost|p1a: Latios|spa|2\n|faint|p2a: Shiftry\n|\n|upkeep\n|\n|t:|1733765163\n|switch|p2a: Corviknight|Corviknight, L80, F|165/288\n|-ability|p2a: Corviknight|Pressure\n|turn|37\n|\n|t:|1733765168\n|switch|p1a: Camerupt|Camerupt, L91, F|275/275\n|move|p2a: Corviknight|U-turn|p1a: Camerupt\n|-resisted|p1a: Camerupt\n|-damage|p1a: Camerupt|252/275\n|\n|t:|1733765171\n|switch|p2a: Torterra|Torterra, L78, F|276/276|[from] U-turn\n|\n|-heal|p1a: Camerupt|269/275|[from] item: Leftovers\n|upkeep\n|turn|38\n|\n|t:|1733765176\n|-terastallize|p2a: Torterra|Water\n|move|p2a: Torterra|Shell Smash|p2a: Torterra\n|-unboost|p2a: Torterra|def|1\n|-unboost|p2a: Torterra|spd|1\n|-boost|p2a: Torterra|atk|2\n|-boost|p2a: Torterra|spa|2\n|-boost|p2a: Torterra|spe|2\n|move|p1a: Camerupt|Will-O-Wisp|p2a: Torterra\n|-status|p2a: Torterra|brn\n|\n|-heal|p1a: Camerupt|275/275|[from] item: Leftovers\n|-damage|p2a: Torterra|259/276 brn|[from] brn\n|upkeep\n|turn|39\n|\n|t:|1733765192\n|-terastallize|p1a: Camerupt|Grass\n|move|p2a: Torterra|Shell Smash|p2a: Torterra\n|-unboost|p2a: Torterra|def|1\n|-unboost|p2a: Torterra|spd|1\n|-boost|p2a: Torterra|atk|2\n|-boost|p2a: Torterra|spa|2\n|-boost|p2a: Torterra|spe|2\n|move|p1a: Camerupt|Earthquake|p2a: Torterra\n|-damage|p2a: Torterra|39/276 brn\n|\n|-damage|p2a: Torterra|22/276 brn|[from] brn\n|upkeep\n|turn|40\n|-message|Blazar421 forfeited.\n|\n|win|Mantine854\n|raw|Mantine854's rating: 1752 &rarr; <strong>1773</strong><br />(+21 for winning)\n|raw|Blazar421's rating: 1770 &rarr; <strong>1749</strong><br />(-21 for losing)\n", "inputlog": ">version bfd83cad13791eb5a5a409923076391caf6fb4d4\n>start {\"formatid\":\"gen9randombattle\",\"seed\":[62918,9787,55765,36673],\"rated\":\"Rated battle\"}\n>player p1 {\"name\":\"Mantine854\",\"avatar\":\"102\",\"rating\":1752,\"seed\":[61036,17554,14571,39629]}\n>player p2 {\"name\":\"Blazar421\",\"avatar\":\"170\",\"rating\":1770,\"seed\":[28681,59531,64367,3540]}\n>p1 move hurricane\n>p2 switch 5\n>p1 move sleeppowder\n>p2 move uturn\n>p1 switch 3\n>p2 switch 6\n>p1 move stealthrock\n>p2 move cosmicpower\n>p1 switch 3\n>p2 move nightshade\n>p1 move quiverdance\n>p2 move cosmicpower\n>p1 move bugbuzz\n>p2 move cosmicpower\n>p1 move quiverdance\n>p2 move recover\n>p1 move bugbuzz\n>p2 move cosmicpower\n>p1 move bugbuzz\n>p2 move recover\n>p1 move bugbuzz\n>p2 move cosmicpower\n>p1 move quiverdance\n>p2 move recover\n>p1 move bugbuzz\n>p2 move cosmicpower\n>p1 move bugbuzz\n>p2 move recover\n>p1 move bugbuzz\n>p2 move recover\n>p1 move bugbuzz\n>p2 move cosmicpower\n>p1 move quiverdance\n>p2 move storedpower\n>p1 move hurricane\n>p2 move recover\n>p1 move hurricane\n>p2 move recover\n>p2 switch 2\n>p1 move hurricane\n>p2 move defog\n>p1 switch 6\n>p2 move knockoff\n>p1 move bodypress\n>p2 move knockoff\n>p1 move bodypress\n>p2 move knockoff\n>p1 switch 5\n>p1 move dualwingbeat\n>p2 switch 3\n>p1 switch 4\n>p2 move icebeam\n>p1 move fireblast\n>p2 move hydropump\n>p1 switch 2\n>p2 move earthquake\n>p1 move calmmind\n>p2 move icebeam\n>p1 move psyshock\n>p2 move icebeam\n>p1 move recover\n>p2 move icebeam\n>p1 move calmmind\n>p2 move icebeam\n>p1 move recover\n>p2 switch 6\n>p1 move psyshock\n>p2 move bravebird\n>p1 move calmmind\n>p2 move roost\n>p1 move psyshock\n>p2 move uturn\n>p2 switch 3\n>p1 move dracometeor\n>p2 move knockoff\n>p2 switch 3\n>p1 switch 3\n>p2 move uturn\n>p2 switch 5\n>p1 move willowisp\n>p2 move shellsmash terastallize\n>p1 move earthquake terastallize\n>p2 move shellsmash\n>forcelose p2", "uploadtime": 1733765198, "views": 1, "formatid": "gen9randombattle", "rating": 1749, "private": 0, "password": null}