{"id": "gen9randombattle-2260780163", "format": "[Gen 9] Random Battle", "players": ["datbigbootyguy", "ChadJA"], "log": "|j|\u2606datbigbootyguy\n|j|\u2606ChadJA\n|t:|1733890930\n|gametype|singles\n|player|p1|datbigbootyguy|169|\n|player|p2|ChadJA|2|\n|teamsize|p1|6\n|teamsize|p2|6\n|gen|9\n|tier|[Gen 9] Random Battle\n|rule|Species Clause: Limit one of each Pok\u00e9mon\n|rule|HP Percentage Mod: HP is shown in percentages\n|rule|Sleep Clause Mod: Limit one foe put to sleep\n|rule|Illusion Level Mod: Illusion disguises the Pok\u00e9mon's true level\n|\n|t:|1733890930\n|start\n|switch|p1a: Regigigas|Regigigas, L84|322/322\n|switch|p2a: Mismagius|Mismagius, L86, M|243/243\n|-start|p1a: Regigigas|ability: Slow Start\n|turn|1\n|\n|t:|1733890942\n|move|p2a: Mismagius|Nasty Plot|p2a: Mismagius\n|-boost|p2a: Mismagius|spa|2\n|move|p1a: Regigigas|Knock Off|p2a: Mismagius\n|-supereffective|p2a: Mismagius\n|-damage|p2a: Mismagius|115/243\n|-enditem|p2a: Mismagius|Life Orb|[from] move: Knock Off|[of] p1a: Regigigas\n|\n|upkeep\n|turn|2\n|j| Audinoenjoyer\n|\n|t:|1733890949\n|move|p2a: Mismagius|Dazzling Gleam|p1a: Regigigas\n|-damage|p1a: Regigigas|210/322\n|move|p1a: Regigigas|Knock Off|p2a: Mismagius\n|-supereffective|p2a: Mismagius\n|-damage|p2a: Mismagius|23/243\n|\n|-heal|p1a: Regigigas|230/322|[from] item: Leftovers\n|upkeep\n|turn|3\n|\n|t:|1733890953\n|move|p2a: Mismagius|Thunderbolt|p1a: Regigigas\n|-damage|p1a: Regigigas|101/322\n|move|p1a: Regigigas|Knock Off|p2a: Mismagius\n|-supereffective|p2a: Mismagius\n|-damage|p2a: Mismagius|0 fnt\n|faint|p2a: Mismagius\n|\n|-heal|p1a: Regigigas|121/322|[from] item: Leftovers\n|upkeep\n|inactive|Battle timer is ON: inactive players will automatically lose when time's up. (requested by datbigbootyguy)\n|\n|t:|1733890983\n|switch|p2a: Cetitan|Cetitan, L82, M|412/412\n|turn|4\n|\n|t:|1733890987\n|move|p2a: Cetitan|Belly Drum|p2a: Cetitan\n|-damage|p2a: Cetitan|206/412\n|-setboost|p2a: Cetitan|atk|6|[from] move: Belly Drum\n|-enditem|p2a: Cetitan|Sitrus Berry|[eat]\n|-heal|p2a: Cetitan|309/412|[from] item: Sitrus Berry\n|move|p1a: Regigigas|Body Slam|p2a: Cetitan\n|-damage|p2a: Cetitan|215/412\n|\n|-heal|p1a: Regigigas|141/322|[from] item: Leftovers\n|upkeep\n|turn|5\n|\n|t:|1733891001\n|move|p2a: Cetitan|Ice Spinner|p1a: Regigigas\n|-damage|p1a: Regigigas|0 fnt\n|faint|p1a: Regigigas\n|-end|p1a: Regigigas|Slow Start|[silent]\n|\n|upkeep\n|\n|t:|1733891017\n|switch|p1a: Comfey|Comfey, L85, M|225/225\n|turn|6\n|\n|t:|1733891026\n|move|p1a: Comfey|Encore|p2a: Cetitan\n|-start|p2a: Cetitan|Encore\n|move|p2a: Cetitan|Ice Spinner|p1a: Comfey\n|-damage|p1a: Comfey|0 fnt\n|faint|p1a: Comfey\n|\n|upkeep\n|\n|t:|1733891034\n|switch|p1a: Chandelure|Chandelure, L83, F|235/235\n|turn|7\n|\n|t:|1733891048\n|move|p1a: Chandelure|Fire Blast|p2a: Cetitan\n|-supereffective|p2a: Cetitan\n|-damage|p2a: Cetitan|0 fnt\n|faint|p2a: Cetitan\n|\n|upkeep\n|inactive|ChadJA has 270 seconds left.\n|\n|t:|1733891084\n|switch|p2a: Deoxys|Deoxys-Speed, L82|216/216\n|-ability|p2a: Deoxys|Pressure\n|turn|8\n|\n|t:|1733891093\n|-terastallize|p2a: Deoxys|Fighting\n|move|p2a: Deoxys|Nasty Plot|p2a: Deoxys\n|-boost|p2a: Deoxys|spa|2\n|move|p1a: Chandelure|Fire Blast|p2a: Deoxys\n|-damage|p2a: Deoxys|54/216\n|\n|upkeep\n|turn|9\n|\n|t:|1733891101\n|move|p2a: Deoxys|Dark Pulse|p1a: Chandelure\n|-supereffective|p1a: Chandelure\n|-damage|p1a: Chandelure|0 fnt\n|faint|p1a: Chandelure\n|-damage|p2a: Deoxys|33/216|[from] item: Life Orb\n|\n|upkeep\n|\n|t:|1733891109\n|switch|p1a: Inteleon|Inteleon, L81, F|246/246\n|turn|10\n|\n|t:|1733891118\n|move|p2a: Deoxys|Psycho Boost|p1a: Inteleon|[miss]\n|-miss|p2a: Deoxys|p1a: Inteleon\n|move|p1a: Inteleon|Scald|p2a: Deoxys\n|-damage|p2a: Deoxys|0 fnt\n|faint|p2a: Deoxys\n|\n|upkeep\n|inactive|ChadJA has 270 seconds left.\n|\n|t:|1733891140\n|switch|p2a: Zacian|Zacian-Crowned, L64|225/225\n|-ability|p2a: Zacian|Intrepid Sword|boost\n|-boost|p2a: Zacian|atk|1\n|turn|11\n|inactive|ChadJA has 270 seconds left.\n|\n|t:|1733891154\n|move|p1a: Inteleon|Scald|p2a: Zacian\n|-damage|p2a: Zacian|66/225\n|-status|p2a: Zacian|brn\n|move|p2a: Zacian|Play Rough|p1a: Inteleon\n|-damage|p1a: Inteleon|168/246\n|\n|-damage|p2a: Zacian|52/225 brn|[from] brn\n|upkeep\n|turn|12\n|\n|t:|1733891163\n|move|p1a: Inteleon|Scald|p2a: Zacian\n|-damage|p2a: Zacian|0 fnt\n|faint|p2a: Zacian\n|\n|upkeep\n|\n|t:|1733891170\n|switch|p2a: Houndstone|Houndstone, L86, F|264/264\n|turn|13\n|\n|t:|1733891178\n|move|p1a: Inteleon|Scald|p2a: Houndstone\n|-damage|p2a: Houndstone|131/264\n|move|p2a: Houndstone|Poltergeist|p1a: Inteleon\n|-activate|p1a: Inteleon|move: Poltergeist|Choice Specs\n|-damage|p1a: Inteleon|0 fnt\n|faint|p1a: Inteleon\n|\n|-heal|p2a: Houndstone|147/264|[from] item: Leftovers\n|upkeep\n|\n|t:|1733891185\n|switch|p1a: Gengar|Gengar, L81, M|230/230\n|turn|14\n|\n|t:|1733891190\n|move|p2a: Houndstone|Shadow Sneak|p1a: Gengar\n|-supereffective|p1a: Gengar\n|-damage|p1a: Gengar|110/230\n|-start|p2a: Houndstone|Disable|Shadow Sneak|[from] ability: Cursed Body|[of] p1a: Gengar\n|move|p1a: Gengar|Shadow Ball|p2a: Houndstone\n|-supereffective|p2a: Houndstone\n|-damage|p2a: Houndstone|0 fnt\n|faint|p2a: Houndstone\n|-damage|p1a: Gengar|87/230|[from] item: Life Orb\n|\n|upkeep\n|\n|t:|1733891196\n|switch|p2a: Volcarona|Volcarona, L77, M|257/257\n|turn|15\n|\n|t:|1733891221\n|switch|p1a: Arceus|Arceus-Ice, L72|291/291\n|move|p2a: Volcarona|Fire Blast|p1a: Arceus\n|-supereffective|p1a: Arceus\n|-damage|p1a: Arceus|43/291\n|\n|upkeep\n|turn|16\n|\n|t:|1733891231\n|-terastallize|p1a: Arceus|Ground\n|move|p1a: Arceus|Earth Power|p2a: Volcarona\n|-damage|p2a: Volcarona|175/257\n|move|p2a: Volcarona|Bug Buzz|p1a: Arceus\n|-damage|p1a: Arceus|0 fnt\n|faint|p1a: Arceus\n|\n|upkeep\n|\n|t:|1733891235\n|switch|p1a: Gengar|Gengar, L81, M|87/230\n|turn|17\n|\n|t:|1733891247\n|move|p1a: Gengar|Sludge Wave|p2a: Volcarona\n|-damage|p2a: Volcarona|31/257\n|-damage|p1a: Gengar|64/230|[from] item: Life Orb\n|move|p2a: Volcarona|Fire Blast|p1a: Gengar\n|-damage|p1a: Gengar|0 fnt\n|faint|p1a: Gengar\n|\n|win|ChadJA\n|l|\u2606datbigbootyguy\n|player|p1|\n", "inputlog": ">version bfd83cad13791eb5a5a409923076391caf6fb4d4\n>start {\"formatid\":\"gen9randombattle\",\"seed\":[33606,62945,29700,38285]}\n>player p1 {\"name\":\"datbigbootyguy\",\"avatar\":\"169\",\"rating\":0,\"seed\":[19125,33428,10041,36682]}\n>player p2 {\"name\":\"ChadJA\",\"avatar\":\"2\",\"rating\":0,\"seed\":[11083,29268,23223,7318]}\n>p1 move knockoff\n>p2 move nastyplot\n>p1 move knockoff\n>p2 move dazzlinggleam\n>p1 move knockoff\n>p2 move thunderbolt\n>p2 switch 6\n>p1 move bodyslam\n>p2 move bellydrum\n>p1 move bodyslam\n>p2 move icespinner\n>p1 switch 2\n>p1 move encore\n>p2 move icespinner\n>p1 switch 3\n>p1 move fireblast\n>p2 move icespinner\n>p2 switch 5\n>p1 move fireblast\n>p2 move nastyplot terastallize\n>p1 move fireblast\n>p2 move darkpulse\n>p1 switch 4\n>p1 move scald\n>p2 move psychoboost\n>p2 switch 3\n>p1 move scald\n>p2 move playrough\n>p1 move scald\n>p2 move closecombat\n>p2 switch 4\n>p1 move scald\n>p2 move poltergeist\n>p1 switch 6\n>p1 move shadowball\n>p2 move shadowsneak\n>p2 switch 2\n>p1 switch 5\n>p2 move fireblast\n>p1 move earthpower terastallize\n>p2 move bugbuzz\n>p1 switch 5\n>p1 move sludgewave\n>p2 move fireblast", "uploadtime": 1733891252, "views": 13, "formatid": "gen9randombattle", "rating": null, "private": 0, "password": null}