{"id": "gen9randombattle-2260485409", "format": "[Gen 9] Random Battle", "players": ["FalloutVevo", "ZRMNoise"], "log": "|j|\u2606FalloutVevo\n|j|\u2606ZRMNoise\n|t:|1733856170\n|gametype|singles\n|player|p1|FalloutVevo|plasmagruntf|1431\n|player|p2|ZRMNoise|170|1446\n|teamsize|p1|6\n|teamsize|p2|6\n|gen|9\n|tier|[Gen 9] Random Battle\n|rated|\n|rule|Species Clause: Limit one of each Pok\u00e9mon\n|rule|HP Percentage Mod: HP is shown in percentages\n|rule|Sleep Clause Mod: Limit one foe put to sleep\n|rule|Illusion Level Mod: Illusion disguises the Pok\u00e9mon's true level\n|\n|t:|1733856170\n|start\n|switch|p1a: Decidueye|Decidueye-Hisui, L87, M|295/295\n|switch|p2a: Dragonite|Dragonite, L74, M|257/257\n|turn|1\n|\n|t:|1733856183\n|switch|p1a: Hitmontop|Hitmontop, L88, M|231/231\n|move|p2a: Dragonite|Dragon Dance|p2a: Dragonite\n|-boost|p2a: Dragonite|atk|1\n|-boost|p2a: Dragonite|spe|1\n|\n|upkeep\n|turn|2\n|\n|t:|1733856196\n|move|p2a: Dragonite|Dragon Dance|p2a: Dragonite\n|-boost|p2a: Dragonite|atk|1\n|-boost|p2a: Dragonite|spe|1\n|move|p1a: Hitmontop|Rapid Spin|p2a: Dragonite\n|-damage|p2a: Dragonite|228/257\n|-boost|p1a: Hitmontop|spe|1\n|\n|upkeep\n|turn|3\n|inactive|Battle timer is ON: inactive players will automatically lose when time's up. (requested by FalloutVevo)\n|\n|t:|1733856217\n|-terastallize|p1a: Hitmontop|Ice\n|move|p2a: Dragonite|Outrage|p1a: Hitmontop\n|-damage|p1a: Hitmontop|20/231\n|move|p1a: Hitmontop|Triple Axel|p2a: Dragonite\n|-supereffective|p2a: Dragonite\n|-damage|p2a: Dragonite|80/257\n|-supereffective|p2a: Dragonite\n|-damage|p2a: Dragonite|0 fnt\n|faint|p2a: Dragonite\n|-hitcount|p2: Dragonite|2\n|\n|-heal|p1a: Hitmontop|34/231|[from] item: Leftovers\n|upkeep\n|\n|t:|1733856240\n|switch|p2a: Quagsire|Quagsire, L84, F|297/297\n|turn|4\n|\n|t:|1733856255\n|move|p1a: Hitmontop|Triple Axel|p2a: Quagsire\n|-damage|p2a: Quagsire|258/297\n|-damage|p2a: Quagsire|183/297\n|-damage|p2a: Quagsire|81/297\n|-hitcount|p2a: Quagsire|3\n|move|p2a: Quagsire|Toxic|p1a: Hitmontop\n|-status|p1a: Hitmontop|tox\n|\n|-heal|p1a: Hitmontop|48/231 tox|[from] item: Leftovers\n|-heal|p2a: Quagsire|99/297|[from] item: Leftovers\n|-damage|p1a: Hitmontop|34/231 tox|[from] psn\n|upkeep\n|turn|5\n|inactive|ZRMNoise has 120 seconds left.\n|\n|t:|1733856282\n|move|p1a: Hitmontop|Triple Axel|p2a: Quagsire|[miss]\n|-miss|p1a: Hitmontop|p2a: Quagsire\n|move|p2a: Quagsire|Ice Beam|p1a: Hitmontop\n|-resisted|p1a: Hitmontop\n|-damage|p1a: Hitmontop|17/231 tox\n|\n|-heal|p1a: Hitmontop|31/231 tox|[from] item: Leftovers\n|-heal|p2a: Quagsire|117/297|[from] item: Leftovers\n|-damage|p1a: Hitmontop|3/231 tox|[from] psn\n|upkeep\n|turn|6\n|inactive|ZRMNoise has 120 seconds left.\n|\n|t:|1733856296\n|move|p1a: Hitmontop|Triple Axel|p2a: Quagsire\n|-damage|p2a: Quagsire|78/297\n|-damage|p2a: Quagsire|6/297\n|-damage|p2a: Quagsire|0 fnt\n|faint|p2a: Quagsire\n|-hitcount|p2: Quagsire|3\n|\n|-heal|p1a: Hitmontop|17/231 tox|[from] item: Leftovers\n|-damage|p1a: Hitmontop|0 fnt|[from] psn\n|faint|p1a: Hitmontop\n|upkeep\n|inactive|ZRMNoise has 120 seconds left.\n|inactive|FalloutVevo has 120 seconds left.\n|\n|t:|1733856335\n|switch|p1a: Tinkaton|Tinkaton, L82, F|274/274\n|switch|p2a: Donphan|Donphan, L84, M|288/288\n|-ability|p1a: Tinkaton|Mold Breaker\n|turn|7\n|inactive|ZRMNoise has 90 seconds left.\n|\n|t:|1733856356\n|move|p1a: Tinkaton|Knock Off|p2a: Donphan\n|-damage|p2a: Donphan|247/288\n|-enditem|p2a: Donphan|Assault Vest|[from] move: Knock Off|[of] p1a: Tinkaton\n|move|p2a: Donphan|Earthquake|p1a: Tinkaton\n|-supereffective|p1a: Tinkaton\n|-damage|p1a: Tinkaton|0 fnt\n|faint|p1a: Tinkaton\n|\n|upkeep\n|inactive|FalloutVevo has 120 seconds left.\n|inactive|FalloutVevo has 90 seconds left.\n|\n|t:|1733856398\n|switch|p1a: Eiscue|Eiscue, L88, M|272/272\n|turn|8\n|inactive|ZRMNoise has 90 seconds left.\n|\n|t:|1733856414\n|switch|p2a: Iron Crown|Iron Crown, L78|268/268\n|move|p1a: Eiscue|Belly Drum|p1a: Eiscue\n|-damage|p1a: Eiscue|136/272\n|-setboost|p1a: Eiscue|atk|6|[from] move: Belly Drum\n|\n|upkeep\n|turn|9\n|inactive|ZRMNoise has 90 seconds left.\n|\n|t:|1733856438\n|move|p2a: Iron Crown|Tachyon Cutter|p1a: Eiscue\n|-supereffective|p1a: Eiscue\n|-damage|p1a: Eiscue|22/272\n|-enditem|p1a: Eiscue|Salac Berry|[eat]\n|-boost|p1a: Eiscue|spe|1|[from] item: Salac Berry\n|-supereffective|p1a: Eiscue\n|-damage|p1a: Eiscue|0 fnt\n|faint|p1a: Eiscue\n|-hitcount|p1: Eiscue|2\n|\n|upkeep\n|\n|t:|1733856451\n|switch|p1a: Ursaring|Ursaring, L84, F|288/288\n|turn|10\n|inactive|ZRMNoise has 90 seconds left.\n|\n|t:|1733856474\n|move|p2a: Iron Crown|Focus Blast|p1a: Ursaring\n|-supereffective|p1a: Ursaring\n|-damage|p1a: Ursaring|78/288\n|move|p1a: Ursaring|Swords Dance|p1a: Ursaring\n|-boost|p1a: Ursaring|atk|2\n|\n|-status|p1a: Ursaring|tox|[from] item: Toxic Orb\n|upkeep\n|turn|11\n|inactive|ZRMNoise has 60 seconds left.\n|\n|t:|1733856505\n|move|p1a: Ursaring|Crunch|p2a: Iron Crown\n|-supereffective|p2a: Iron Crown\n|-damage|p2a: Iron Crown|0 fnt\n|faint|p2a: Iron Crown\n|-end|p2a: Iron Crown|Quark Drive|[silent]\n|\n|-damage|p1a: Ursaring|60/288 tox|[from] psn\n|upkeep\n|\n|t:|1733856514\n|switch|p2a: Eiscue|Eiscue, L88, M|274/274\n|turn|12\n|inactive|ZRMNoise has 60 seconds left.\n|inactive|FalloutVevo has 120 seconds left.\n|\n|t:|1733856549\n|move|p1a: Ursaring|Close Combat|p2a: Eiscue\n|-activate|p2a: Eiscue|ability: Ice Face\n|-damage|p2a: Eiscue|274/274\n|-unboost|p1a: Ursaring|def|1\n|-unboost|p1a: Ursaring|spd|1\n|detailschange|p2a: Eiscue|Eiscue-Noice, L88, M\n|move|p2a: Eiscue|Ice Spinner|p1a: Ursaring\n|-damage|p1a: Ursaring|0 fnt\n|faint|p1a: Ursaring\n|\n|upkeep\n|\n|t:|1733856554\n|switch|p1a: Decidueye|Decidueye-Hisui, L87, M|295/295\n|turn|13\n|inactive|ZRMNoise has 60 seconds left.\n|\n|t:|1733856588\n|-terastallize|p2a: Eiscue|Water\n|move|p2a: Eiscue|Ice Spinner|p1a: Decidueye\n|-supereffective|p1a: Decidueye\n|-damage|p1a: Decidueye|113/295\n|move|p1a: Decidueye|Triple Arrows|p2a: Eiscue\n|-damage|p2a: Eiscue|151/274\n|-unboost|p2a: Eiscue|def|1\n|\n|-heal|p1a: Decidueye|131/295|[from] item: Leftovers\n|upkeep\n|turn|14\n|-message|FalloutVevo forfeited.\n|\n|win|ZRMNoise\n|raw|FalloutVevo's rating: 1431 &rarr; <strong>1412</strong><br />(-19 for losing)\n|raw|ZRMNoise's rating: 1446 &rarr; <strong>1465</strong><br />(+19 for winning)\n|l|\u2606FalloutVevo\n|player|p1|\n", "inputlog": ">version bfd83cad13791eb5a5a409923076391caf6fb4d4\n>start {\"formatid\":\"gen9randombattle\",\"seed\":[23525,34594,6950,5833],\"rated\":\"Rated battle\"}\n>player p1 {\"name\":\"FalloutVevo\",\"avatar\":\"plasmagruntf\",\"rating\":1431,\"seed\":[20347,22179,9687,22725]}\n>player p2 {\"name\":\"ZRMNoise\",\"avatar\":\"170\",\"rating\":1446,\"seed\":[11077,35286,13167,25962]}\n>p1 switch 6\n>p2 move dragondance\n>p1 move rapidspin\n>p2 move dragondance\n>p1 move tripleaxel terastallize\n>p2 move outrage\n>p2 switch 5\n>p1 move tripleaxel\n>p2 move toxic\n>p1 move tripleaxel\n>p2 move icebeam\n>p1 move tripleaxel\n>p2 move earthquake\n>p1 switch 4\n>p2 switch 2\n>p1 move knockoff\n>p2 move earthquake\n>p1 switch 3\n>p1 move bellydrum\n>p2 switch 4\n>p1 move liquidation\n>p2 move tachyoncutter\n>p1 switch 5\n>p1 move swordsdance\n>p2 move focusblast\n>p1 move crunch\n>p2 move tachyoncutter\n>p2 switch 6\n>p1 move closecombat\n>p2 move icespinner\n>p1 switch 6\n>p1 move triplearrows\n>p2 move icespinner terastallize\n>forcelose p1", "uploadtime": 1733856602, "views": 2, "formatid": "gen9randombattle", "rating": 1412, "private": 0, "password": null}