{"id": "gen9randombattle-2260528651", "format": "[Gen 9] Random Battle", "players": ["FakerOddie", "VMCookie"], "log": "|j|\u2606FakerOddie\n|j|\u2606VMCookie\n|t:|1733860383\n|gametype|singles\n|player|p1|FakerOddie|marley|\n|player|p2|VMCookie|hilda|\n|teamsize|p1|6\n|teamsize|p2|6\n|gen|9\n|tier|[Gen 9] Random Battle\n|rule|Species Clause: Limit one of each Pok\u00e9mon\n|rule|HP Percentage Mod: HP is shown in percentages\n|rule|Sleep Clause Mod: Limit one foe put to sleep\n|rule|Illusion Level Mod: Illusion disguises the Pok\u00e9mon's true level\n|\n|t:|1733860383\n|start\n|switch|p1a: Farigiraf|Farigiraf, L91, M|366/366\n|switch|p2a: Cloyster|Cloyster, L80, M|211/211\n|turn|1\n|\n|t:|1733860399\n|move|p1a: Farigiraf|Psychic Noise|p2a: Cloyster\n|-damage|p2a: Cloyster|31/211\n|-start|p2a: Cloyster|move: Heal Block\n|move|p2a: Cloyster|Drill Run|p1a: Farigiraf\n|-damage|p1a: Farigiraf|311/366\n|\n|-heal|p1a: Farigiraf|333/366|[from] item: Leftovers\n|upkeep\n|turn|2\n|\n|t:|1733860418\n|switch|p2a: Latias|Latias, L79, F|256/256\n|move|p1a: Farigiraf|Body Slam|p2a: Latias\n|-damage|p2a: Latias|154/256\n|\n|-heal|p1a: Farigiraf|355/366|[from] item: Leftovers\n|upkeep\n|turn|3\n|\n|t:|1733860428\n|move|p2a: Latias|Draco Meteor|p1a: Farigiraf\n|-damage|p1a: Farigiraf|177/366\n|-unboost|p2a: Latias|spa|2\n|move|p1a: Farigiraf|Psychic Noise|p2a: Latias\n|-resisted|p2a: Latias\n|-damage|p2a: Latias|115/256\n|-start|p2a: Latias|move: Heal Block\n|\n|-heal|p1a: Farigiraf|199/366|[from] item: Leftovers\n|upkeep\n|turn|4\n|\n|t:|1733860443\n|move|p2a: Latias|Calm Mind|p2a: Latias\n|-boost|p2a: Latias|spa|1\n|-boost|p2a: Latias|spd|1\n|move|p1a: Farigiraf|Wish|p1a: Farigiraf\n|\n|-heal|p1a: Farigiraf|221/366|[from] item: Leftovers\n|-end|p2a: Latias|move: Heal Block\n|upkeep\n|turn|5\n|\n|t:|1733860451\n|move|p1a: Farigiraf|Protect|p1a: Farigiraf\n|-singleturn|p1a: Farigiraf|Protect\n|move|p2a: Latias|Calm Mind|p2a: Latias\n|-boost|p2a: Latias|spa|1\n|-boost|p2a: Latias|spd|1\n|\n|-heal|p1a: Farigiraf|366/366|[from] move: Wish|[wisher] Farigiraf\n|upkeep\n|turn|6\n|\n|t:|1733860465\n|move|p2a: Latias|Calm Mind|p2a: Latias\n|-boost|p2a: Latias|spa|1\n|-boost|p2a: Latias|spd|1\n|move|p1a: Farigiraf|Body Slam|p2a: Latias\n|-damage|p2a: Latias|19/256\n|\n|upkeep\n|turn|7\n|\n|t:|1733860471\n|move|p2a: Latias|Draco Meteor|p1a: Farigiraf\n|-damage|p1a: Farigiraf|105/366\n|-unboost|p2a: Latias|spa|2\n|move|p1a: Farigiraf|Body Slam|p2a: Latias\n|-damage|p2a: Latias|0 fnt\n|faint|p2a: Latias\n|\n|-heal|p1a: Farigiraf|127/366|[from] item: Leftovers\n|upkeep\n|\n|t:|1733860481\n|switch|p2a: Scizor|Scizor, L79, M|240/240\n|turn|8\n|\n|t:|1733860494\n|move|p1a: Farigiraf|Wish|p1a: Farigiraf\n|move|p2a: Scizor|Knock Off|p1a: Farigiraf\n|-supereffective|p1a: Farigiraf\n|-damage|p1a: Farigiraf|0 fnt\n|-enditem|p1a: Farigiraf|Leftovers|[from] move: Knock Off|[of] p2a: Scizor\n|faint|p1a: Farigiraf\n|\n|upkeep\n|\n|t:|1733860508\n|switch|p1a: Lokix|Lokix, L82, M|251/251\n|turn|9\n|\n|t:|1733860523\n|move|p1a: Lokix|Sucker Punch|p2a: Scizor\n|-damage|p2a: Scizor|153/240\n|-damage|p1a: Lokix|226/251|[from] item: Life Orb\n|move|p2a: Scizor|Knock Off|p1a: Lokix\n|-resisted|p1a: Lokix\n|-damage|p1a: Lokix|160/251\n|-enditem|p1a: Lokix|Life Orb|[from] move: Knock Off|[of] p2a: Scizor\n|\n|-heal|p1a: Lokix|251/251|[from] move: Wish|[wisher] Farigiraf\n|upkeep\n|turn|10\n|\n|t:|1733860540\n|switch|p2a: Coalossal|Coalossal, L89, M|341/341\n|move|p1a: Lokix|Sucker Punch||[still]\n|-fail|p1a: Lokix\n|\n|upkeep\n|turn|11\n|\n|t:|1733860546\n|move|p1a: Lokix|Knock Off|p2a: Coalossal\n|-damage|p2a: Coalossal|260/341\n|-status|p1a: Lokix|brn|[from] ability: Flame Body|[of] p2a: Coalossal\n|-enditem|p2a: Coalossal|Heavy-Duty Boots|[from] move: Knock Off|[of] p1a: Lokix\n|move|p2a: Coalossal|Overheat|p1a: Lokix\n|-supereffective|p1a: Lokix\n|-damage|p1a: Lokix|0 fnt\n|-unboost|p2a: Coalossal|spa|2\n|faint|p1a: Lokix\n|\n|upkeep\n|\n|t:|1733860569\n|switch|p1a: Pincurchin|Pincurchin, F|258/258\n|-fieldstart|move: Electric Terrain|[from] ability: Electric Surge|[of] p1a: Pincurchin\n|turn|12\n|\n|t:|1733860588\n|move|p2a: Coalossal|Overheat|p1a: Pincurchin\n|-damage|p1a: Pincurchin|197/258\n|-unboost|p2a: Coalossal|spa|2\n|move|p1a: Pincurchin|Toxic Spikes|p2a: Coalossal\n|-sidestart|p2: VMCookie|move: Toxic Spikes\n|\n|-heal|p1a: Pincurchin|213/258|[from] item: Leftovers\n|upkeep\n|turn|13\n|\n|t:|1733860596\n|move|p2a: Coalossal|Spikes|p1a: Pincurchin\n|-sidestart|p1: FakerOddie|Spikes\n|move|p1a: Pincurchin|Toxic Spikes|p2a: Coalossal\n|-sidestart|p2: VMCookie|move: Toxic Spikes\n|\n|-heal|p1a: Pincurchin|229/258|[from] item: Leftovers\n|upkeep\n|turn|14\n|\n|t:|1733860605\n|move|p2a: Coalossal|Stone Edge|p1a: Pincurchin\n|-damage|p1a: Pincurchin|153/258\n|move|p1a: Pincurchin|Scald|p2a: Coalossal\n|-supereffective|p2a: Coalossal\n|-damage|p2a: Coalossal|0 fnt\n|faint|p2a: Coalossal\n|\n|-heal|p1a: Pincurchin|169/258|[from] item: Leftovers\n|upkeep\n|\n|t:|1733860616\n|switch|p2a: Sandy Shocks|Sandy Shocks, L80|267/267\n|turn|15\n|\n|t:|1733860653\n|move|p2a: Sandy Shocks|Earth Power|p1a: Pincurchin\n|-supereffective|p1a: Pincurchin\n|-damage|p1a: Pincurchin|0 fnt\n|faint|p1a: Pincurchin\n|\n|upkeep\n|\n|t:|1733860664\n|switch|p1a: Amoonguss|Amoonguss, L82, M|321/321\n|-damage|p1a: Amoonguss|281/321|[from] Spikes\n|turn|16\n|\n|t:|1733860681\n|move|p2a: Sandy Shocks|Stealth Rock|p1a: Amoonguss\n|-sidestart|p1: FakerOddie|move: Stealth Rock\n|move|p1a: Amoonguss|Spore|p2a: Sandy Shocks\n|-activate|p2a: Sandy Shocks|move: Electric Terrain\n|\n|-heal|p1a: Amoonguss|301/321|[from] item: Leftovers\n|-fieldend|move: Electric Terrain\n|upkeep\n|turn|17\n|\n|t:|1733860705\n|move|p2a: Sandy Shocks|Earth Power|p1a: Amoonguss\n|-damage|p1a: Amoonguss|192/321\n|move|p1a: Amoonguss|Toxic|p2a: Sandy Shocks\n|-status|p2a: Sandy Shocks|tox\n|\n|-heal|p1a: Amoonguss|212/321|[from] item: Leftovers\n|-damage|p2a: Sandy Shocks|251/267 tox|[from] psn\n|upkeep\n|turn|18\n|\n|t:|1733860725\n|-end|p2a: Sandy Shocks|Protosynthesis|[silent]\n|switch|p2a: Minior|Minior-Blue, L79|224/224\n|-formechange|p2a: Minior|Minior-Meteor||[from] ability: Shields Down\n|move|p1a: Amoonguss|Giga Drain|p2a: Minior\n|-damage|p2a: Minior|158/224\n|-heal|p1a: Amoonguss|245/321|[from] drain|[of] p2a: Minior\n|\n|-heal|p1a: Amoonguss|265/321|[from] item: Leftovers\n|upkeep\n|turn|19\n|\n|t:|1733860737\n|move|p2a: Minior|Acrobatics|p1a: Amoonguss\n|-supereffective|p1a: Amoonguss\n|-damage|p1a: Amoonguss|175/321\n|move|p1a: Amoonguss|Spore|p2a: Minior\n|-immune|p2a: Minior|[from] ability: Shields Down\n|\n|-heal|p1a: Amoonguss|195/321|[from] item: Leftovers\n|upkeep\n|turn|20\n|\n|t:|1733860747\n|move|p2a: Minior|Earthquake|p1a: Amoonguss\n|-damage|p1a: Amoonguss|145/321\n|move|p1a: Amoonguss|Toxic|p2a: Minior\n|-immune|p2a: Minior|[from] ability: Shields Down\n|\n|-heal|p1a: Amoonguss|165/321|[from] item: Leftovers\n|upkeep\n|turn|21\n|\n|t:|1733860757\n|move|p2a: Minior|Power Gem|p1a: Amoonguss\n|-damage|p1a: Amoonguss|107/321\n|move|p1a: Amoonguss|Giga Drain|p2a: Minior\n|-crit|p2a: Minior\n|-damage|p2a: Minior|59/224\n|-heal|p1a: Amoonguss|157/321|[from] drain|[of] p2a: Minior\n|\n|-heal|p1a: Amoonguss|177/321|[from] item: Leftovers\n|-formechange|p2a: Minior|Minior-Blue||[from] ability: Shields Down\n|upkeep\n|turn|22\n|\n|t:|1733860767\n|move|p2a: Minior|Acrobatics|p1a: Amoonguss\n|-supereffective|p1a: Amoonguss\n|-crit|p1a: Amoonguss\n|-damage|p1a: Amoonguss|0 fnt\n|faint|p1a: Amoonguss\n|\n|upkeep\n|\n|t:|1733860776\n|switch|p1a: Archaludon|Archaludon, L78, M|268/268\n|-damage|p1a: Archaludon|235/268|[from] Spikes\n|-damage|p1a: Archaludon|219/268|[from] Stealth Rock\n|turn|23\n|\n|t:|1733860790\n|switch|p2a: Sandy Shocks|Sandy Shocks, L80|251/267 tox\n|move|p1a: Archaludon|Flash Cannon|p2a: Sandy Shocks\n|-resisted|p2a: Sandy Shocks\n|-damage|p2a: Sandy Shocks|199/267 tox\n|\n|-damage|p2a: Sandy Shocks|183/267 tox|[from] psn\n|upkeep\n|turn|24\n|\n|t:|1733860802\n|move|p2a: Sandy Shocks|Thunderbolt|p1a: Archaludon\n|-resisted|p1a: Archaludon\n|-damage|p1a: Archaludon|169/268\n|-ability|p1a: Archaludon|Stamina|boost\n|-boost|p1a: Archaludon|def|1\n|move|p1a: Archaludon|Draco Meteor|p2a: Sandy Shocks\n|-damage|p2a: Sandy Shocks|33/267 tox\n|-unboost|p1a: Archaludon|spa|2\n|\n|-damage|p2a: Sandy Shocks|1/267 tox|[from] psn\n|upkeep\n|turn|25\n|\n|t:|1733860837\n|move|p2a: Sandy Shocks|Volt Switch|p1a: Archaludon\n|-resisted|p1a: Archaludon\n|-damage|p1a: Archaludon|131/268\n|-ability|p1a: Archaludon|Stamina|boost\n|-boost|p1a: Archaludon|def|1\n|\n|t:|1733860844\n|-end|p2a: Sandy Shocks|Protosynthesis|[silent]\n|switch|p2a: Scizor|Scizor, L79, M|153/240|[from] Volt Switch\n|move|p1a: Archaludon|Thunderbolt|p2a: Scizor\n|-damage|p2a: Scizor|113/240\n|\n|upkeep\n|turn|26\n|\n|t:|1733860857\n|move|p1a: Archaludon|Body Press|p2a: Scizor\n|-damage|p2a: Scizor|0 fnt\n|faint|p2a: Scizor\n|\n|upkeep\n|\n|t:|1733860865\n|switch|p2a: Cloyster|Cloyster, L80, M|31/211\n|-status|p2a: Cloyster|tox\n|turn|27\n|\n|t:|1733860870\n|move|p1a: Archaludon|Thunderbolt|p2a: Cloyster\n|-supereffective|p2a: Cloyster\n|-damage|p2a: Cloyster|0 fnt\n|faint|p2a: Cloyster\n|\n|upkeep\n|\n|t:|1733860878\n|switch|p2a: Minior|Minior-Blue, L79|59/224\n|turn|28\n|\n|t:|1733860892\n|-terastallize|p2a: Minior|Ground\n|move|p2a: Minior|Earthquake|p1a: Archaludon\n|-supereffective|p1a: Archaludon\n|-damage|p1a: Archaludon|45/268\n|-ability|p1a: Archaludon|Stamina|boost\n|-boost|p1a: Archaludon|def|1\n|move|p1a: Archaludon|Thunderbolt|p2a: Minior\n|-immune|p2a: Minior\n|\n|upkeep\n|turn|29\n|\n|t:|1733860906\n|move|p2a: Minior|Earthquake|p1a: Archaludon\n|-supereffective|p1a: Archaludon\n|-damage|p1a: Archaludon|0 fnt\n|faint|p1a: Archaludon\n|\n|upkeep\n|\n|t:|1733860910\n|switch|p1a: Meowscarada|Meowscarada, L78, F|247/247\n|-damage|p1a: Meowscarada|217/247|[from] Spikes\n|-damage|p1a: Meowscarada|187/247|[from] Stealth Rock\n|turn|30\n|\n|t:|1733860922\n|-terastallize|p1a: Meowscarada|Grass\n|move|p1a: Meowscarada|Flower Trick|p2a: Minior\n|-supereffective|p2a: Minior\n|-crit|p2a: Minior\n|-damage|p2a: Minior|0 fnt\n|faint|p2a: Minior\n|\n|upkeep\n|\n|t:|1733860934\n|switch|p2a: Sandy Shocks|Sandy Shocks, L80|1/267 tox\n|turn|31\n|\n|t:|1733860940\n|move|p1a: Meowscarada|Flower Trick|p2a: Sandy Shocks\n|-supereffective|p2a: Sandy Shocks\n|-crit|p2a: Sandy Shocks\n|-damage|p2a: Sandy Shocks|0 fnt\n|faint|p2a: Sandy Shocks\n|-end|p2a: Sandy Shocks|Protosynthesis|[silent]\n|\n|win|FakerOddie\n", "inputlog": ">version bfd83cad13791eb5a5a409923076391caf6fb4d4\n>start {\"formatid\":\"gen9randombattle\",\"seed\":[49101,31736,49691,61873]}\n>player p1 {\"name\":\"FakerOddie\",\"avatar\":\"marley\",\"rating\":0,\"seed\":[7359,25643,45231,21816]}\n>player p2 {\"name\":\"VMCookie\",\"avatar\":\"hilda\",\"rating\":0,\"seed\":[64485,17116,50582,52223]}\n>p1 move psychicnoise\n>p2 move drillrun\n>p1 move bodyslam\n>p2 switch 5\n>p1 move psychicnoise\n>p2 move dracometeor\n>p1 move wish\n>p2 move calmmind\n>p1 move protect\n>p2 move calmmind\n>p1 move bodyslam\n>p2 move calmmind\n>p1 move bodyslam\n>p2 move dracometeor\n>p2 switch 6\n>p1 move wish\n>p2 move knockoff\n>p1 switch 6\n>p1 move suckerpunch\n>p2 move knockoff\n>p1 move suckerpunch\n>p2 switch 2\n>p1 move knockoff\n>p2 move overheat\n>p1 switch 3\n>p1 move toxicspikes\n>p2 move overheat\n>p1 move toxicspikes\n>p2 move spikes\n>p1 move scald\n>p2 move stoneedge\n>p2 switch 3\n>p1 move scald\n>p2 move earthpower\n>p1 switch 5\n>p1 move spore\n>p2 move stealthrock\n>p1 move toxic\n>p2 move earthpower\n>p1 move gigadrain\n>p2 switch 4\n>p1 move spore\n>p2 move acrobatics\n>p1 move toxic\n>p2 move earthquake\n>p1 move gigadrain\n>p2 move powergem\n>p1 move gigadrain\n>p2 move acrobatics\n>p1 switch 2\n>p1 move flashcannon\n>p2 switch 4\n>p1 move dracometeor\n>p2 move thunderbolt\n>p1 move thunderbolt\n>p2 move voltswitch\n>p2 switch 2\n>p1 move bodypress\n>p2 move closecombat\n>p2 switch 5\n>p1 move thunderbolt\n>p2 move iciclespear\n>p2 switch 4\n>p1 move thunderbolt\n>p2 move earthquake terastallize\n>p1 move flashcannon\n>p2 move earthquake\n>p1 switch 4\n>p1 move flowertrick terastallize\n>p2 move acrobatics\n>p2 switch 2\n>p1 move flowertrick\n>p2 move earthpower", "uploadtime": 1733860950, "views": 2, "formatid": "gen9randombattle", "rating": null, "private": 0, "password": null}