{"id": "gen9randombattle-2185686641", "format": "[Gen 9] Random Battle", "players": ["ferguma", "MichaelderBeste2"], "log": "|badge|p2|gold|gen9randombattle|3-2\n|uhtml|medal-msg|<div class=\"broadcast-blue\">Curious what those medals under the avatar are? PS now has Ladder Seasons! For more information, check out the <a href=\"https://www.smogon.com/forums/threads/3740067/\">thread on Smogon.</a></div>\n|j|\u2606ferguma\n|j|\u2606MichaelderBeste2\n|t:|1724361425\n|gametype|singles\n|player|p1|ferguma|101|2273\n|player|p2|MichaelderBeste2|#splxivclassiest|2533\n|teamsize|p1|6\n|teamsize|p2|6\n|gen|9\n|tier|[Gen 9] Random Battle\n|rated|\n|rule|Species Clause: Limit one of each Pok\u00e9mon\n|rule|HP Percentage Mod: HP is shown in percentages\n|rule|Sleep Clause Mod: Limit one foe put to sleep\n|rule|Illusion Level Mod: Illusion disguises the Pok\u00e9mon's true level\n|\n|t:|1724361425\n|start\n|switch|p1a: Enamorus|Enamorus, L79, F|247/247\n|switch|p2a: Oranguru|Oranguru, L92, F|315/315\n|turn|1\n|\n|t:|1724361444\n|switch|p1a: Lurantis|Lurantis, L87, F|264/264\n|move|p2a: Oranguru|Thunderbolt|p1a: Lurantis\n|-resisted|p1a: Lurantis\n|-damage|p1a: Lurantis|240/264\n|\n|upkeep\n|turn|2\n|\n|t:|1724361453\n|switch|p2a: Talonflame|Talonflame, L84, F|268/268\n|move|p1a: Lurantis|Knock Off|p2a: Talonflame\n|-damage|p2a: Talonflame|169/268\n|-enditem|p2a: Talonflame|Heavy-Duty Boots|[from] move: Knock Off|[of] p1a: Lurantis\n|\n|upkeep\n|turn|3\n|\n|t:|1724361461\n|switch|p2a: Duraludon|Duraludon, L82, M|249/249\n|switch|p1a: Arcanine|Arcanine, L84, F|288/288\n|-ability|p1a: Arcanine|Intimidate|boost\n|-unboost|p2a: Duraludon|atk|1\n|\n|upkeep\n|turn|4\n|\n|t:|1724361479\n|switch|p1a: Lurantis|Lurantis, L87, F|240/264\n|move|p2a: Duraludon|Stealth Rock|p1a: Lurantis\n|-sidestart|p1: ferguma|move: Stealth Rock\n|\n|upkeep\n|turn|5\n|\n|t:|1724361487\n|switch|p2a: Talonflame|Talonflame, L84, F|169/268\n|move|p1a: Lurantis|Superpower|p2a: Talonflame\n|-resisted|p2a: Talonflame\n|-damage|p2a: Talonflame|116/268\n|-boost|p1a: Lurantis|atk|1\n|-boost|p1a: Lurantis|def|1\n|\n|upkeep\n|turn|6\n|\n|t:|1724361492\n|move|p2a: Talonflame|Flare Blitz|p1a: Lurantis\n|-supereffective|p1a: Lurantis\n|-damage|p1a: Lurantis|108/264\n|-damage|p2a: Talonflame|72/268|[from] Recoil\n|move|p1a: Lurantis|Superpower|p2a: Talonflame\n|-resisted|p2a: Talonflame\n|-damage|p2a: Talonflame|0 fnt\n|-boost|p1a: Lurantis|atk|1\n|-boost|p1a: Lurantis|def|1\n|-status|p1a: Lurantis|brn|[from] ability: Flame Body|[of] p2a: Talonflame\n|faint|p2a: Talonflame\n|\n|-damage|p1a: Lurantis|92/264 brn|[from] brn\n|upkeep\n|inactive|Battle timer is ON: inactive players will automatically lose when time's up. (requested by ferguma)\n|\n|t:|1724361500\n|switch|p2a: Altaria|Altaria, L88, F|275/275\n|turn|7\n|\n|t:|1724361512\n|switch|p1a: Ludicolo|Ludicolo, L90, M|290/290\n|-damage|p1a: Ludicolo|254/290|[from] Stealth Rock\n|move|p2a: Altaria|Dragon Dance|p2a: Altaria\n|-boost|p2a: Altaria|atk|1\n|-boost|p2a: Altaria|spe|1\n|\n|upkeep\n|turn|8\n|\n|t:|1724361523\n|switch|p1a: Arcanine|Arcanine, L84, F|288/288\n|-ability|p1a: Arcanine|Intimidate|boost\n|-unboost|p2a: Altaria|atk|1\n|move|p2a: Altaria|Brave Bird|p1a: Arcanine\n|-damage|p1a: Arcanine|170/288\n|-damage|p2a: Altaria|236/275|[from] Recoil\n|\n|upkeep\n|turn|9\n|\n|t:|1724361543\n|switch|p1a: Enamorus|Enamorus, L79, F|247/247\n|move|p2a: Altaria|Earthquake|p1a: Enamorus\n|-immune|p1a: Enamorus\n|\n|upkeep\n|turn|10\n|\n|t:|1724361555\n|switch|p2a: Oranguru|Oranguru, L92, F|315/315\n|move|p1a: Enamorus|Superpower|p2a: Oranguru\n|-damage|p2a: Oranguru|225/315\n|-boost|p1a: Enamorus|atk|1\n|-boost|p1a: Enamorus|def|1\n|\n|-heal|p2a: Oranguru|244/315|[from] item: Leftovers\n|upkeep\n|turn|11\n|\n|t:|1724361566\n|switch|p1a: Lurantis|Lurantis, L87, F|92/264 brn\n|-damage|p1a: Lurantis|59/264 brn|[from] Stealth Rock\n|move|p2a: Oranguru|Thunderbolt|p1a: Lurantis\n|-resisted|p1a: Lurantis\n|-damage|p1a: Lurantis|38/264 brn\n|\n|-heal|p2a: Oranguru|263/315|[from] item: Leftovers\n|-damage|p1a: Lurantis|22/264 brn|[from] brn\n|upkeep\n|turn|12\n|\n|t:|1724361571\n|move|p2a: Oranguru|Psyshock|p1a: Lurantis\n|-damage|p1a: Lurantis|0 fnt\n|faint|p1a: Lurantis\n|\n|-heal|p2a: Oranguru|282/315|[from] item: Leftovers\n|upkeep\n|\n|t:|1724361584\n|switch|p1a: Staraptor|Staraptor, L79, M|263/263\n|-damage|p1a: Staraptor|198/263|[from] Stealth Rock\n|turn|13\n|\n|t:|1724361591\n|switch|p2a: Duraludon|Duraludon, L82, M|249/249\n|-terastallize|p1a: Staraptor|Fighting\n|move|p1a: Staraptor|U-turn|p2a: Duraludon\n|-resisted|p2a: Duraludon\n|-damage|p2a: Duraludon|228/249\n|\n|t:|1724361600\n|switch|p1a: Ludicolo|Ludicolo, L90, M|254/290|[from] U-turn\n|-damage|p1a: Ludicolo|218/290|[from] Stealth Rock\n|\n|upkeep\n|turn|14\n|\n|t:|1724361605\n|switch|p2a: Dudunsparce|Dudunsparce-Three-Segment, L82, M|339/339\n|move|p1a: Ludicolo|Rain Dance|p1a: Ludicolo\n|-weather|RainDance\n|\n|-weather|RainDance|[upkeep]\n|upkeep\n|turn|15\n|\n|t:|1724361611\n|move|p1a: Ludicolo|Hydro Pump|p2a: Dudunsparce|[miss]\n|-miss|p1a: Ludicolo|p2a: Dudunsparce\n|move|p2a: Dudunsparce|Glare|p1a: Ludicolo\n|-status|p1a: Ludicolo|par\n|\n|-weather|RainDance|[upkeep]\n|upkeep\n|turn|16\n|\n|t:|1724361617\n|move|p1a: Ludicolo|Hydro Pump|p2a: Dudunsparce\n|-damage|p2a: Dudunsparce|49/339\n|-damage|p1a: Ludicolo|189/290 par|[from] item: Life Orb\n|move|p2a: Dudunsparce|Roost|p2a: Dudunsparce\n|-heal|p2a: Dudunsparce|219/339\n|-singleturn|p2a: Dudunsparce|move: Roost\n|\n|-weather|RainDance|[upkeep]\n|-heal|p2a: Dudunsparce|240/339|[from] item: Leftovers\n|upkeep\n|turn|17\n|\n|t:|1724361621\n|switch|p2a: Altaria|Altaria, L88, F|236/275\n|move|p1a: Ludicolo|Hydro Pump|p2a: Altaria\n|-resisted|p2a: Altaria\n|-crit|p2a: Altaria\n|-damage|p2a: Altaria|88/275\n|-damage|p1a: Ludicolo|160/290 par|[from] item: Life Orb\n|\n|-weather|RainDance|[upkeep]\n|upkeep\n|turn|18\n|\n|t:|1724361626\n|move|p2a: Altaria|Roost|p2a: Altaria\n|-heal|p2a: Altaria|226/275\n|-singleturn|p2a: Altaria|move: Roost\n|move|p1a: Ludicolo|Ice Beam|p2a: Altaria\n|-supereffective|p2a: Altaria\n|-damage|p2a: Altaria|67/275\n|-damage|p1a: Ludicolo|131/290 par|[from] item: Life Orb\n|\n|-weather|none\n|upkeep\n|turn|19\n|\n|t:|1724361632\n|move|p2a: Altaria|Roost|p2a: Altaria\n|-heal|p2a: Altaria|205/275\n|-singleturn|p2a: Altaria|move: Roost\n|cant|p1a: Ludicolo|par\n|\n|upkeep\n|turn|20\n|\n|t:|1724361645\n|move|p2a: Altaria|Brave Bird|p1a: Ludicolo\n|-supereffective|p1a: Ludicolo\n|-crit|p1a: Ludicolo\n|-damage|p1a: Ludicolo|0 fnt\n|faint|p1a: Ludicolo\n|-damage|p2a: Altaria|162/275|[from] Recoil\n|\n|upkeep\n|\n|t:|1724361652\n|switch|p1a: Enamorus|Enamorus, L79, F|247/247\n|turn|21\n|\n|t:|1724361657\n|move|p1a: Enamorus|Superpower|p2a: Altaria\n|-resisted|p2a: Altaria\n|-damage|p2a: Altaria|124/275\n|-boost|p1a: Enamorus|atk|1\n|-boost|p1a: Enamorus|def|1\n|move|p2a: Altaria|Dragon Dance|p2a: Altaria\n|-boost|p2a: Altaria|atk|1\n|-boost|p2a: Altaria|spe|1\n|\n|upkeep\n|turn|22\n|\n|t:|1724361662\n|move|p2a: Altaria|Brave Bird|p1a: Enamorus\n|-damage|p1a: Enamorus|111/247\n|-damage|p2a: Altaria|79/275|[from] Recoil\n|move|p1a: Enamorus|Play Rough|p2a: Altaria\n|-supereffective|p2a: Altaria\n|-damage|p2a: Altaria|0 fnt\n|faint|p2a: Altaria\n|\n|upkeep\n|\n|t:|1724361665\n|switch|p2a: Oranguru|Oranguru, L92, F|282/315\n|turn|23\n|\n|t:|1724361674\n|move|p1a: Enamorus|Play Rough|p2a: Oranguru|[miss]\n|-miss|p1a: Enamorus|p2a: Oranguru\n|move|p2a: Oranguru|Thunderbolt|p1a: Enamorus\n|-supereffective|p1a: Enamorus\n|-damage|p1a: Enamorus|0 fnt\n|faint|p1a: Enamorus\n|\n|-heal|p2a: Oranguru|301/315|[from] item: Leftovers\n|upkeep\n|\n|t:|1724361685\n|switch|p1a: Raikou|Raikou, L81|278/278\n|-damage|p1a: Raikou|244/278|[from] Stealth Rock\n|-ability|p1a: Raikou|Pressure\n|turn|24\n|\n|t:|1724361689\n|switch|p2a: Brute Bonnet|Brute Bonnet, L81|312/312\n|move|p1a: Raikou|Calm Mind|p1a: Raikou\n|-boost|p1a: Raikou|spa|1\n|-boost|p1a: Raikou|spd|1\n|\n|-heal|p1a: Raikou|261/278|[from] item: Leftovers\n|upkeep\n|turn|25\n|\n|t:|1724361695\n|switch|p1a: Arcanine|Arcanine, L84, F|170/288\n|-ability|p1a: Arcanine|Intimidate|boost\n|-unboost|p2a: Brute Bonnet|atk|1\n|move|p2a: Brute Bonnet|Seed Bomb|p1a: Arcanine\n|-resisted|p1a: Arcanine\n|-damage|p1a: Arcanine|134/288\n|\n|upkeep\n|turn|26\n|\n|t:|1724361700\n|move|p1a: Arcanine|Morning Sun|p1a: Arcanine\n|-heal|p1a: Arcanine|278/288\n|move|p2a: Brute Bonnet|Spore|p1a: Arcanine\n|-status|p1a: Arcanine|slp|[from] move: Spore\n|\n|upkeep\n|turn|27\n|\n|t:|1724361706\n|-end|p2a: Brute Bonnet|Protosynthesis|[silent]\n|switch|p2a: Dudunsparce|Dudunsparce-Three-Segment, L82, M|240/339\n|cant|p1a: Arcanine|slp\n|\n|-heal|p2a: Dudunsparce|261/339|[from] item: Leftovers\n|upkeep\n|turn|28\n|\n|t:|1724361711\n|switch|p1a: Raikou|Raikou, L81|261/278\n|-damage|p1a: Raikou|227/278|[from] Stealth Rock\n|-ability|p1a: Raikou|Pressure\n|move|p2a: Dudunsparce|Earthquake|p1a: Raikou\n|-supereffective|p1a: Raikou\n|-damage|p1a: Raikou|65/278\n|\n|-heal|p1a: Raikou|82/278|[from] item: Leftovers\n|-heal|p2a: Dudunsparce|282/339|[from] item: Leftovers\n|upkeep\n|turn|29\n|\n|t:|1724361717\n|switch|p1a: Arcanine|Arcanine, L84, F|278/288 slp\n|-ability|p1a: Arcanine|Intimidate|boost\n|-unboost|p2a: Dudunsparce|atk|1\n|switch|p2a: Brute Bonnet|Brute Bonnet, L81|312/312\n|\n|upkeep\n|turn|30\n|\n|t:|1724361722\n|-end|p2a: Brute Bonnet|Protosynthesis|[silent]\n|switch|p2a: Dudunsparce|Dudunsparce-Three-Segment, L82, M|282/339\n|-curestatus|p1a: Arcanine|slp|[msg]\n|move|p1a: Arcanine|Flare Blitz|p2a: Dudunsparce\n|-damage|p2a: Dudunsparce|129/339\n|-damage|p1a: Arcanine|228/288|[from] Recoil\n|\n|-heal|p2a: Dudunsparce|150/339|[from] item: Leftovers\n|upkeep\n|turn|31\n|\n|t:|1724361726\n|move|p1a: Arcanine|Flare Blitz|p2a: Dudunsparce\n|-damage|p2a: Dudunsparce|0 fnt\n|faint|p2a: Dudunsparce\n|-damage|p1a: Arcanine|178/288|[from] Recoil\n|\n|upkeep\n|\n|t:|1724361732\n|switch|p2a: Brute Bonnet|Brute Bonnet, L81|312/312\n|turn|32\n|\n|t:|1724361737\n|switch|p1a: Raikou|Raikou, L81|82/278\n|-damage|p1a: Raikou|48/278|[from] Stealth Rock\n|-ability|p1a: Raikou|Pressure\n|-terastallize|p2a: Brute Bonnet|Fighting\n|move|p2a: Brute Bonnet|Spore|p1a: Raikou\n|-status|p1a: Raikou|slp|[from] move: Spore\n|\n|-heal|p1a: Raikou|65/278 slp|[from] item: Leftovers\n|upkeep\n|turn|33\n|\n|t:|1724361742\n|switch|p1a: Arcanine|Arcanine, L84, F|178/288\n|-ability|p1a: Arcanine|Intimidate|boost\n|-unboost|p2a: Brute Bonnet|atk|1\n|-end|p2a: Brute Bonnet|Protosynthesis|[silent]\n|switch|p2a: Duraludon|Duraludon, L82, M|228/249\n|\n|upkeep\n|turn|34\n|\n|t:|1724361749\n|move|p1a: Arcanine|Morning Sun|p1a: Arcanine\n|-heal|p1a: Arcanine|288/288\n|move|p2a: Duraludon|Draco Meteor|p1a: Arcanine\n|-damage|p1a: Arcanine|131/288\n|-unboost|p2a: Duraludon|spa|2\n|\n|upkeep\n|turn|35\n|\n|t:|1724361755\n|switch|p2a: Brute Bonnet|Brute Bonnet, L81, tera:Fighting|312/312\n|move|p1a: Arcanine|Flare Blitz|p2a: Brute Bonnet\n|-damage|p2a: Brute Bonnet|186/312\n|-damage|p1a: Arcanine|89/288|[from] Recoil\n|\n|-heal|p2a: Brute Bonnet|205/312|[from] item: Leftovers\n|upkeep\n|turn|36\n|\n|t:|1724361760\n|move|p1a: Arcanine|Morning Sun|p1a: Arcanine\n|-heal|p1a: Arcanine|233/288\n|move|p2a: Brute Bonnet|Close Combat|p1a: Arcanine\n|-damage|p1a: Arcanine|86/288\n|-unboost|p2a: Brute Bonnet|def|1\n|-unboost|p2a: Brute Bonnet|spd|1\n|\n|-heal|p2a: Brute Bonnet|224/312|[from] item: Leftovers\n|upkeep\n|turn|37\n|\n|t:|1724361764\n|move|p1a: Arcanine|Morning Sun|p1a: Arcanine\n|-heal|p1a: Arcanine|230/288\n|move|p2a: Brute Bonnet|Close Combat|p1a: Arcanine\n|-damage|p1a: Arcanine|59/288\n|-unboost|p2a: Brute Bonnet|def|1\n|-unboost|p2a: Brute Bonnet|spd|1\n|\n|-heal|p2a: Brute Bonnet|243/312|[from] item: Leftovers\n|upkeep\n|turn|38\n|\n|t:|1724361768\n|move|p1a: Arcanine|Flare Blitz|p2a: Brute Bonnet\n|-damage|p2a: Brute Bonnet|0 fnt\n|faint|p2a: Brute Bonnet\n|-end|p2a: Brute Bonnet|Protosynthesis|[silent]\n|-damage|p1a: Arcanine|0 fnt|[from] Recoil\n|faint|p1a: Arcanine\n|\n|upkeep\n|\n|t:|1724361780\n|switch|p1a: Staraptor|Staraptor, L79, M, tera:Fighting|198/263\n|switch|p2a: Duraludon|Duraludon, L82, M|228/249\n|-damage|p1a: Staraptor|182/263|[from] Stealth Rock\n|turn|39\n|\n|t:|1724361784\n|move|p1a: Staraptor|Close Combat|p2a: Duraludon\n|-supereffective|p2a: Duraludon\n|-damage|p2a: Duraludon|0 fnt\n|-unboost|p1a: Staraptor|def|1\n|-unboost|p1a: Staraptor|spd|1\n|faint|p2a: Duraludon\n|\n|upkeep\n|\n|t:|1724361787\n|switch|p2a: Oranguru|Oranguru, L92, F|301/315\n|turn|40\n|\n|t:|1724361790\n|switch|p1a: Raikou|Raikou, L81|65/278 slp\n|-damage|p1a: Raikou|31/278 slp|[from] Stealth Rock\n|-ability|p1a: Raikou|Pressure\n|move|p2a: Oranguru|Psyshock|p1a: Raikou\n|-damage|p1a: Raikou|0 fnt\n|faint|p1a: Raikou\n|\n|-heal|p2a: Oranguru|315/315|[from] item: Leftovers\n|upkeep\n|\n|t:|1724361792\n|switch|p1a: Staraptor|Staraptor, L79, M, tera:Fighting|182/263\n|-damage|p1a: Staraptor|166/263|[from] Stealth Rock\n|turn|41\n|\n|t:|1724361795\n|move|p1a: Staraptor|Brave Bird|p2a: Oranguru\n|-damage|p2a: Oranguru|101/315\n|-damage|p1a: Staraptor|95/263|[from] Recoil\n|move|p2a: Oranguru|Psyshock|p1a: Staraptor\n|-supereffective|p1a: Staraptor\n|-damage|p1a: Staraptor|0 fnt\n|faint|p1a: Staraptor\n|\n|win|MichaelderBeste2\n|raw|ferguma's rating: 2290 &rarr; <strong>2282</strong><br />(-8 for losing)\n|raw|MichaelderBeste2's rating: 2533 &rarr; <strong>2541</strong><br />(+8 for winning)\n|l|\u2606MichaelderBeste2\n|player|p2|\n", "inputlog": ">version 6a1360c35b8aa5f7d54e32a492626d5298caa6f7\n>start {\"formatid\":\"gen9randombattle\",\"seed\":[489,5586,13174,12743],\"rated\":\"Rated battle\"}\n>player p1 {\"name\":\"ferguma\",\"avatar\":\"101\",\"rating\":2273,\"seed\":[7881,58952,50231,26763]}\n>player p2 {\"name\":\"MichaelderBeste2\",\"avatar\":\"#splxivclassiest\",\"rating\":2533,\"seed\":[27509,21231,6080,30991]}\n>p1 switch 3\n>p2 move thunderbolt\n>p1 move knockoff\n>p2 switch 6\n>p1 switch 4\n>p2 switch 2\n>p1 switch 4\n>p2 move stealthrock\n>p1 move superpower\n>p2 switch 2\n>p1 move superpower\n>p2 move flareblitz\n>p2 switch 3\n>p1 switch 6\n>p2 move dragondance\n>p1 switch 4\n>p2 move bravebird\n>p1 switch 3\n>p2 move earthquake\n>p1 move superpower\n>p2 switch 6\n>p1 switch 6\n>p2 move thunderbolt\n>p1 move leechlife\n>p2 move psyshock\n>p1 switch 5\n>p1 move uturn terastallize\n>p2 switch 2\n>p1 switch 4\n>p1 move raindance\n>p2 switch 5\n>p1 move hydropump\n>p2 move glare\n>p1 move hydropump\n>p2 move roost\n>p1 move hydropump\n>p2 switch 6\n>p1 move icebeam\n>p2 move roost\n>p1 move icebeam\n>p2 move roost\n>p1 move icebeam\n>p2 move bravebird\n>p1 switch 6\n>p1 move superpower\n>p2 move dragondance\n>p1 move playrough\n>p2 move bravebird\n>p2 switch 2\n>p1 move playrough\n>p2 move thunderbolt\n>p1 switch 2\n>p1 move calmmind\n>p2 switch 4\n>p1 switch 3\n>p2 move seedbomb\n>p1 move morningsun\n>p2 move spore\n>p1 move flareblitz\n>p2 switch 6\n>p1 switch 3\n>p2 move earthquake\n>p1 switch 3\n>p2 switch 6\n>p1 move flareblitz\n>p2 switch 6\n>p1 move flareblitz\n>p2 move glare\n>p2 switch 6\n>p1 switch 3\n>p2 move spore terastallize\n>p1 switch 3\n>p2 switch 5\n>p1 move morningsun\n>p2 move dracometeor\n>p1 move flareblitz\n>p2 switch 5\n>p1 move morningsun\n>p2 move closecombat\n>p1 move morningsun\n>p2 move closecombat\n>p1 move flareblitz\n>p2 move closecombat\n>p1 switch 4\n>p2 switch 5\n>p1 move closecombat\n>p2 move flashcannon\n>p2 switch 4\n>p1 switch 3\n>p2 move psyshock\n>p1 switch 3\n>p1 move bravebird\n>p2 move psyshock", "uploadtime": 1724361813, "views": 126, "formatid": "gen9randombattle", "rating": 2282, "private": 0, "password": null}