{"id": "gen9randombattle-2260823223", "format": "[Gen 9] Random Battle", "players": ["Aby90", "InfernoMonkee"], "log": "|j|\u2606Aby90\n|j|\u2606InfernoMonkee\n|t:|1733898544\n|gametype|singles\n|player|p1|Aby90|lucas|1252\n|player|p2|InfernoMonkee|hilbert|1311\n|teamsize|p1|6\n|teamsize|p2|6\n|gen|9\n|tier|[Gen 9] Random Battle\n|rated|\n|rule|Species Clause: Limit one of each Pok\u00e9mon\n|rule|HP Percentage Mod: HP is shown in percentages\n|rule|Sleep Clause Mod: Limit one foe put to sleep\n|rule|Illusion Level Mod: Illusion disguises the Pok\u00e9mon's true level\n|\n|t:|1733898544\n|start\n|switch|p1a: Shiftry|Shiftry, L89, F|305/305\n|switch|p2a: Gyarados|Gyarados, L79, F|280/280\n|-ability|p2a: Gyarados|Intimidate|boost\n|-unboost|p1a: Shiftry|atk|1\n|turn|1\n|inactive|Battle timer is ON: inactive players will automatically lose when time's up. (requested by InfernoMonkee)\n|inactive|Aby90 has 120 seconds left.\n|\n|t:|1733898639\n|switch|p2a: Typhlosion|Typhlosion, L84, F|267/267\n|move|p1a: Shiftry|Knock Off|p2a: Typhlosion\n|-damage|p2a: Typhlosion|166/267\n|-enditem|p2a: Typhlosion|Choice Specs|[from] move: Knock Off|[of] p1a: Shiftry\n|-damage|p1a: Shiftry|275/305|[from] item: Life Orb\n|\n|upkeep\n|turn|2\n|\n|t:|1733898663\n|move|p1a: Shiftry|Sucker Punch|p2a: Typhlosion\n|-damage|p2a: Typhlosion|91/267\n|-damage|p1a: Shiftry|245/305|[from] item: Life Orb\n|move|p2a: Typhlosion|Fire Blast|p1a: Shiftry\n|-supereffective|p1a: Shiftry\n|-damage|p1a: Shiftry|0 fnt\n|faint|p1a: Shiftry\n|\n|upkeep\n|\n|t:|1733898678\n|switch|p1a: Flygon|Flygon, L82, F|265/265\n|turn|3\n|\n|t:|1733898694\n|switch|p2a: Gyarados|Gyarados, L79, F|280/280\n|-ability|p2a: Gyarados|Intimidate|boost\n|-unboost|p1a: Flygon|atk|1\n|move|p1a: Flygon|Dragon Dance|p1a: Flygon\n|-boost|p1a: Flygon|atk|1\n|-boost|p1a: Flygon|spe|1\n|\n|upkeep\n|turn|4\n|\n|t:|1733898709\n|move|p1a: Flygon|Dragon Dance|p1a: Flygon\n|-boost|p1a: Flygon|atk|1\n|-boost|p1a: Flygon|spe|1\n|move|p2a: Gyarados|Dragon Dance|p2a: Gyarados\n|-boost|p2a: Gyarados|atk|1\n|-boost|p2a: Gyarados|spe|1\n|\n|upkeep\n|turn|5\n|\n|t:|1733898716\n|move|p1a: Flygon|Outrage|p2a: Gyarados\n|-damage|p2a: Gyarados|61/280\n|move|p2a: Gyarados|Dragon Dance|p2a: Gyarados\n|-boost|p2a: Gyarados|atk|1\n|-boost|p2a: Gyarados|spe|1\n|\n|upkeep\n|turn|6\n|\n|t:|1733898727\n|move|p1a: Flygon|Outrage|p2a: Gyarados|[from]lockedmove\n|-damage|p2a: Gyarados|0 fnt\n|faint|p2a: Gyarados\n|\n|upkeep\n|\n|t:|1733898742\n|switch|p2a: Cinccino|Cinccino, L83, M|260/260\n|turn|7\n|\n|t:|1733898746\n|move|p1a: Flygon|Outrage|p2a: Cinccino|[from]lockedmove\n|-damage|p2a: Cinccino|31/260\n|-start|p1a: Flygon|confusion|[fatigue]\n|-enditem|p1a: Flygon|Lum Berry|[eat]\n|-end|p1a: Flygon|confusion\n|move|p2a: Cinccino|Triple Axel|p1a: Flygon\n|-supereffective|p1a: Flygon\n|-damage|p1a: Flygon|161/265\n|-supereffective|p1a: Flygon\n|-damage|p1a: Flygon|0 fnt\n|faint|p1a: Flygon\n|-hitcount|p1: Flygon|2\n|\n|upkeep\n|\n|t:|1733898757\n|switch|p1a: Kingambit|Kingambit, L74, M|270/270\n|-activate|p1a: Kingambit|ability: Supreme Overlord\n|-start|p1a: Kingambit|fallen2|[silent]\n|turn|8\n|\n|t:|1733898768\n|move|p2a: Cinccino|U-turn|p1a: Kingambit\n|-damage|p1a: Kingambit|227/270\n|\n|t:|1733898779\n|switch|p2a: Typhlosion|Typhlosion, L84, F|91/267|[from] U-turn\n|move|p1a: Kingambit|Swords Dance|p1a: Kingambit\n|-boost|p1a: Kingambit|atk|2\n|\n|-heal|p1a: Kingambit|243/270|[from] item: Leftovers\n|upkeep\n|turn|9\n|\n|t:|1733898791\n|move|p1a: Kingambit|Sucker Punch|p2a: Typhlosion\n|-damage|p2a: Typhlosion|0 fnt\n|faint|p2a: Typhlosion\n|\n|-heal|p1a: Kingambit|259/270|[from] item: Leftovers\n|upkeep\n|inactive|InfernoMonkee has 120 seconds left.\n|\n|t:|1733898812\n|switch|p2a: Ursaring|Ursaring, L84, M|288/288\n|turn|10\n|\n|t:|1733898824\n|-terastallize|p1a: Kingambit|Flying\n|move|p2a: Ursaring|Earthquake|p1a: Kingambit\n|-immune|p1a: Kingambit\n|move|p1a: Kingambit|Kowtow Cleave|p2a: Ursaring\n|-damage|p2a: Ursaring|110/288\n|\n|-heal|p1a: Kingambit|270/270|[from] item: Leftovers\n|upkeep\n|turn|11\n|\n|t:|1733898835\n|move|p1a: Kingambit|Sucker Punch|p2a: Ursaring\n|-damage|p2a: Ursaring|0 fnt\n|faint|p2a: Ursaring\n|\n|upkeep\n|inactive|InfernoMonkee has 120 seconds left.\n|\n|t:|1733898873\n|switch|p2a: Charizard|Charizard, L85, F|271/271\n|turn|12\n|\n|t:|1733898878\n|move|p2a: Charizard|Dragon Dance|p2a: Charizard\n|-boost|p2a: Charizard|atk|1\n|-boost|p2a: Charizard|spe|1\n|move|p1a: Kingambit|Kowtow Cleave|p2a: Charizard\n|-damage|p2a: Charizard|33/271\n|\n|upkeep\n|turn|13\n|inactive|InfernoMonkee has 120 seconds left.\n|\n|t:|1733898890\n|move|p1a: Kingambit|Sucker Punch|p2a: Charizard\n|-damage|p2a: Charizard|0 fnt\n|faint|p2a: Charizard\n|\n|upkeep\n|\n|t:|1733898896\n|switch|p2a: Ting-Lu|Ting-Lu, L78|370/370\n|-ability|p2a: Ting-Lu|Vessel of Ruin\n|turn|14\n|inactive|InfernoMonkee has 120 seconds left.\n|\n|t:|1733898903\n|-end|p1a: Kingambit|fallen2|[silent]\n|switch|p1a: Meganium|Meganium, L90, F|290/290\n|move|p2a: Ting-Lu|Throat Chop|p1a: Meganium\n|-damage|p1a: Meganium|221/290\n|-start|p1a: Meganium|Throat Chop|[silent]\n|\n|upkeep\n|turn|15\n|\n|t:|1733898912\n|-terastallize|p2a: Ting-Lu|Ghost\n|move|p1a: Meganium|Swords Dance|p1a: Meganium\n|-boost|p1a: Meganium|atk|2\n|move|p2a: Ting-Lu|Stealth Rock|p1a: Meganium\n|-sidestart|p1: Aby90|move: Stealth Rock\n|\n|-end|p1a: Meganium|Throat Chop|[silent]\n|upkeep\n|turn|16\n|\n|t:|1733898925\n|move|p1a: Meganium|Knock Off|p2a: Ting-Lu\n|-supereffective|p2a: Ting-Lu\n|-crit|p2a: Ting-Lu\n|-damage|p2a: Ting-Lu|0 fnt\n|-enditem|p2a: Ting-Lu|Leftovers|[from] move: Knock Off|[of] p1a: Meganium\n|faint|p2a: Ting-Lu\n|-damage|p1a: Meganium|192/290|[from] item: Life Orb\n|\n|upkeep\n|\n|t:|1733898928\n|switch|p2a: Cinccino|Cinccino, L83, M|31/260\n|turn|17\n|\n|t:|1733898933\n|move|p2a: Cinccino|Triple Axel|p1a: Meganium\n|-supereffective|p1a: Meganium\n|-damage|p1a: Meganium|156/290\n|-supereffective|p1a: Meganium\n|-damage|p1a: Meganium|86/290\n|-supereffective|p1a: Meganium\n|-damage|p1a: Meganium|0 fnt\n|faint|p1a: Meganium\n|-hitcount|p1: Meganium|3\n|\n|upkeep\n|\n|t:|1733898936\n|switch|p1a: Slowking|Slowking-Galar, L85, M|300/300\n|-damage|p1a: Slowking|263/300|[from] Stealth Rock\n|turn|18\n|\n|t:|1733898949\n|move|p2a: Cinccino|Tail Slap|p1a: Slowking|[miss]\n|-miss|p2a: Cinccino|p1a: Slowking\n|move|p1a: Slowking|Psychic Noise|p2a: Cinccino\n|-damage|p2a: Cinccino|0 fnt\n|faint|p2a: Cinccino\n|\n|win|Aby90\n|raw|Aby90's rating: 1252 &rarr; <strong>1281</strong><br />(+29 for winning)\n|raw|InfernoMonkee's rating: 1311 &rarr; <strong>1288</strong><br />(-23 for losing)\n|l|\u2606InfernoMonkee\n|player|p2|\n", "inputlog": ">version bfd83cad13791eb5a5a409923076391caf6fb4d4\n>start {\"formatid\":\"gen9randombattle\",\"seed\":[33725,1221,26480,2242],\"rated\":\"Rated battle\"}\n>player p1 {\"name\":\"Aby90\",\"avatar\":\"lucas\",\"rating\":1252,\"seed\":[13750,46200,7618,26254]}\n>player p2 {\"name\":\"InfernoMonkee\",\"avatar\":\"hilbert\",\"rating\":1311,\"seed\":[51470,41259,46027,44778]}\n>p1 move knockoff\n>p2 switch 3\n>p1 move suckerpunch\n>p2 move fireblast\n>p1 switch 2\n>p1 move dragondance\n>p2 switch 3\n>p1 move dragondance\n>p2 move dragondance\n>p1 move outrage\n>p2 move dragondance\n>p1 move outrage\n>p2 move waterfall\n>p2 switch 6\n>p1 move outrage\n>p2 move tripleaxel\n>p1 switch 4\n>p1 move swordsdance\n>p2 move uturn\n>p2 switch 3\n>p1 move suckerpunch\n>p2 move fireblast\n>p2 switch 4\n>p1 move kowtowcleave terastallize\n>p2 move earthquake\n>p1 move suckerpunch\n>p2 move bodyslam\n>p2 switch 2\n>p1 move kowtowcleave\n>p2 move dragondance\n>p1 move suckerpunch\n>p2 move flareblitz\n>p2 switch 5\n>p1 switch 6\n>p2 move throatchop\n>p1 move swordsdance\n>p2 move stealthrock terastallize\n>p1 move knockoff\n>p2 move spikes\n>p2 switch 3\n>p1 move petalblizzard\n>p2 move tripleaxel\n>p1 switch 5\n>p1 move psychicnoise\n>p2 move tailslap", "uploadtime": 1733898956, "views": 1, "formatid": "gen9randombattle", "rating": 1281, "private": 0, "password": null}