{"id": "gen9randombattle-2260372905", "format": "[Gen 9] Random Battle", "players": ["ruby2318", "AegisR3flector"], "log": "|j|\u2606ruby2318\n|j|\u2606AegisR3flector\n|t:|1733845172\n|gametype|singles\n|player|p1|ruby2318|265|1712\n|player|p2|AegisR3flector|calem-masters|1721\n|teamsize|p1|6\n|teamsize|p2|6\n|gen|9\n|tier|[Gen 9] Random Battle\n|rated|\n|rule|Species Clause: Limit one of each Pok\u00e9mon\n|rule|HP Percentage Mod: HP is shown in percentages\n|rule|Sleep Clause Mod: Limit one foe put to sleep\n|rule|Illusion Level Mod: Illusion disguises the Pok\u00e9mon's true level\n|\n|t:|1733845172\n|start\n|switch|p1a: Whiscash|Whiscash, L88, M|337/337\n|switch|p2a: Braviary|Braviary, L85, M|309/309\n|turn|1\n|inactive|Battle timer is ON: inactive players will automatically lose when time's up. (requested by AegisR3flector)\n|inactive|ruby2318 also wants the timer to be on.\n|\n|t:|1733845180\n|move|p2a: Braviary|Bulk Up|p2a: Braviary\n|-boost|p2a: Braviary|atk|1\n|-boost|p2a: Braviary|def|1\n|move|p1a: Whiscash|Stealth Rock|p2a: Braviary\n|-sidestart|p2: AegisR3flector|move: Stealth Rock\n|\n|upkeep\n|turn|2\n|\n|t:|1733845185\n|move|p2a: Braviary|Brave Bird|p1a: Whiscash\n|-damage|p1a: Whiscash|81/337\n|-damage|p2a: Braviary|225/309|[from] Recoil\n|move|p1a: Whiscash|Ice Beam|p2a: Braviary\n|-supereffective|p2a: Braviary\n|-damage|p2a: Braviary|101/309\n|\n|-heal|p1a: Whiscash|102/337|[from] item: Leftovers\n|upkeep\n|turn|3\n|\n|t:|1733845209\n|move|p2a: Braviary|Brave Bird|p1a: Whiscash\n|-damage|p1a: Whiscash|0 fnt\n|faint|p1a: Whiscash\n|-damage|p2a: Braviary|67/309|[from] Recoil\n|\n|upkeep\n|inactive|ruby2318 has 120 seconds left.\n|\n|t:|1733845230\n|switch|p1a: Swanna|Swanna, L88, M|275/275\n|turn|4\n|\n|t:|1733845233\n|move|p1a: Swanna|Hydro Pump|p2a: Braviary|[miss]\n|-miss|p1a: Swanna|p2a: Braviary\n|move|p2a: Braviary|Roost|p2a: Braviary\n|-heal|p2a: Braviary|222/309\n|-singleturn|p2a: Braviary|move: Roost\n|\n|upkeep\n|turn|5\n|\n|t:|1733845240\n|move|p1a: Swanna|Hydro Pump|p2a: Braviary\n|-damage|p2a: Braviary|80/309\n|move|p2a: Braviary|Roost|p2a: Braviary\n|-heal|p2a: Braviary|235/309\n|-singleturn|p2a: Braviary|move: Roost\n|\n|upkeep\n|turn|6\n|\n|t:|1733845250\n|move|p1a: Swanna|Hydro Pump|p2a: Braviary|[miss]\n|-miss|p1a: Swanna|p2a: Braviary\n|move|p2a: Braviary|Brave Bird|p1a: Swanna\n|-damage|p1a: Swanna|4/275\n|-damage|p2a: Braviary|146/309|[from] Recoil\n|\n|upkeep\n|turn|7\n|\n|t:|1733845253\n|move|p1a: Swanna|Hydro Pump|p2a: Braviary\n|-damage|p2a: Braviary|11/309\n|move|p2a: Braviary|Brave Bird|p1a: Swanna\n|-damage|p1a: Swanna|0 fnt\n|faint|p1a: Swanna\n|-damage|p2a: Braviary|10/309|[from] Recoil\n|\n|upkeep\n|\n|t:|1733845258\n|switch|p1a: Squawkabilly|Squawkabilly-Blue, L85, F|278/278\n|turn|8\n|\n|t:|1733845264\n|move|p1a: Squawkabilly|Quick Attack|p2a: Braviary\n|-damage|p2a: Braviary|0 fnt\n|faint|p2a: Braviary\n|\n|-status|p1a: Squawkabilly|brn|[from] item: Flame Orb\n|upkeep\n|\n|t:|1733845269\n|switch|p2a: Houndoom|Houndoom, L87, M|272/272\n|turn|9\n|\n|t:|1733845277\n|move|p1a: Squawkabilly|Protect|p1a: Squawkabilly\n|-singleturn|p1a: Squawkabilly|Protect\n|move|p2a: Houndoom|Dark Pulse|p1a: Squawkabilly\n|-activate|p1a: Squawkabilly|move: Protect\n|\n|-damage|p1a: Squawkabilly|261/278 brn|[from] brn\n|upkeep\n|turn|10\n|\n|t:|1733845284\n|-terastallize|p1a: Squawkabilly|Normal\n|move|p2a: Houndoom|Dark Pulse|p1a: Squawkabilly\n|-damage|p1a: Squawkabilly|120/278 brn\n|cant|p1a: Squawkabilly|flinch\n|\n|-damage|p1a: Squawkabilly|103/278 brn|[from] brn\n|upkeep\n|turn|11\n|\n|t:|1733845290\n|move|p1a: Squawkabilly|Quick Attack|p2a: Houndoom\n|-damage|p2a: Houndoom|148/272\n|move|p2a: Houndoom|Dark Pulse|p1a: Squawkabilly\n|-damage|p1a: Squawkabilly|0 fnt\n|faint|p1a: Squawkabilly\n|\n|upkeep\n|\n|t:|1733845301\n|switch|p1a: Sunflora|Sunflora, F|312/312\n|turn|12\n|\n|t:|1733845310\n|move|p2a: Houndoom|Fire Blast|p1a: Sunflora|[miss]\n|-miss|p2a: Houndoom|p1a: Sunflora\n|move|p1a: Sunflora|Earth Power|p2a: Houndoom\n|-supereffective|p2a: Houndoom\n|-damage|p2a: Houndoom|0 fnt\n|faint|p2a: Houndoom\n|-damage|p1a: Sunflora|281/312|[from] item: Life Orb\n|\n|upkeep\n|\n|t:|1733845316\n|switch|p2a: Tornadus|Tornadus, L82, M|264/264\n|turn|13\n|\n|t:|1733845329\n|move|p2a: Tornadus|Bleakwind Storm|p1a: Sunflora\n|-supereffective|p1a: Sunflora\n|-damage|p1a: Sunflora|65/312\n|-unboost|p1a: Sunflora|spe|1\n|move|p1a: Sunflora|Sunny Day|p1a: Sunflora\n|-weather|SunnyDay\n|\n|-weather|SunnyDay|[upkeep]\n|upkeep\n|turn|14\n|\n|t:|1733845333\n|move|p2a: Tornadus|Knock Off|p1a: Sunflora\n|-damage|p1a: Sunflora|0 fnt\n|-enditem|p1a: Sunflora|Life Orb|[from] move: Knock Off|[of] p2a: Tornadus\n|faint|p1a: Sunflora\n|\n|-weather|SunnyDay|[upkeep]\n|upkeep\n|\n|t:|1733845340\n|switch|p1a: Wyrdeer|Wyrdeer, L87, M|321/321\n|-ability|p1a: Wyrdeer|Intimidate|boost\n|-unboost|p2a: Tornadus|atk|1\n|turn|15\n|\n|t:|1733845345\n|move|p2a: Tornadus|U-turn|p1a: Wyrdeer\n|-supereffective|p1a: Wyrdeer\n|-damage|p1a: Wyrdeer|237/321\n|\n|t:|1733845348\n|switch|p2a: Miraidon|Miraidon, L65|238/238|[from] U-turn\n|-damage|p2a: Miraidon|209/238|[from] Stealth Rock\n|-fieldstart|move: Electric Terrain|[from] ability: Hadron Engine|[of] p2a: Miraidon\n|move|p1a: Wyrdeer|Thunder Wave|p2a: Miraidon\n|-immune|p2a: Miraidon\n|\n|-weather|SunnyDay|[upkeep]\n|-heal|p1a: Wyrdeer|257/321|[from] item: Leftovers\n|upkeep\n|turn|16\n|\n|t:|1733845355\n|-terastallize|p2a: Miraidon|Electric\n|move|p2a: Miraidon|Electro Drift|p1a: Wyrdeer\n|-damage|p1a: Wyrdeer|0 fnt\n|faint|p1a: Wyrdeer\n|\n|-weather|SunnyDay|[upkeep]\n|upkeep\n|\n|t:|1733845360\n|switch|p1a: Spectrier|Spectrier, L75|274/274\n|turn|17\n|c|\u2606ruby2318|gg!\n|\n|t:|1733845365\n|move|p1a: Spectrier|Nasty Plot|p1a: Spectrier\n|-boost|p1a: Spectrier|spa|2\n|move|p2a: Miraidon|Electro Drift|p1a: Spectrier\n|-damage|p1a: Spectrier|0 fnt\n|faint|p1a: Spectrier\n|\n|win|AegisR3flector\n|raw|ruby2318's rating: 1712 &rarr; <strong>1693</strong><br />(-19 for losing)\n|raw|AegisR3flector's rating: 1721 &rarr; <strong>1740</strong><br />(+19 for winning)\n|l|\u2606ruby2318\n|player|p1|\n", "inputlog": ">version bfd83cad13791eb5a5a409923076391caf6fb4d4\n>start {\"formatid\":\"gen9randombattle\",\"seed\":[21199,6409,45092,38420],\"rated\":\"Rated battle\"}\n>player p1 {\"name\":\"ruby2318\",\"avatar\":\"265\",\"rating\":1712,\"seed\":[2954,54784,39979,17706]}\n>player p2 {\"name\":\"AegisR3flector\",\"avatar\":\"calem-masters\",\"rating\":1721,\"seed\":[1331,54507,43561,47997]}\n>p1 move stealthrock\n>p2 move bulkup\n>p1 move icebeam\n>p2 move bravebird\n>p1 move spikes\n>p2 move bravebird\n>p1 switch 3\n>p1 move hydropump\n>p2 move roost\n>p1 move hydropump\n>p2 move roost\n>p1 move hydropump\n>p2 move bravebird\n>p1 move hydropump\n>p2 move bravebird\n>p1 switch 2\n>p1 move quickattack\n>p2 move bravebird\n>p2 switch 4\n>p1 move protect\n>p2 move darkpulse\n>p1 move facade terastallize\n>p2 move darkpulse\n>p1 move quickattack\n>p2 move darkpulse\n>p1 switch 5\n>p1 move earthpower\n>p2 move fireblast\n>p2 switch 5\n>p1 move sunnyday\n>p2 move bleakwindstorm\n>p1 move weatherball\n>p2 move knockoff\n>p1 switch 4\n>p1 move thunderwave\n>p2 move uturn\n>p2 switch 3\n>p1 move earthquake\n>p2 move electrodrift terastallize\n>p1 switch 6\n>chat \u2606ruby2318|gg!\n>p1 move nastyplot\n>p2 move electrodrift", "uploadtime": 1733845368, "views": 1, "formatid": "gen9randombattle", "rating": 1693, "private": 0, "password": null}