{"id": "gen9randombattle-2260649396", "format": "[Gen 9] Random Battle", "players": ["Novalious6", "Saaskin"], "log": "|j|\u2606Novalious6\n|j|\u2606Saaskin\n|t:|1733873707\n|gametype|singles\n|player|p1|Novalious6|iris|2000\n|player|p2|Saaskin|170|1947\n|teamsize|p1|6\n|teamsize|p2|6\n|gen|9\n|tier|[Gen 9] Random Battle\n|rated|\n|rule|Species Clause: Limit one of each Pok\u00e9mon\n|rule|HP Percentage Mod: HP is shown in percentages\n|rule|Sleep Clause Mod: Limit one foe put to sleep\n|rule|Illusion Level Mod: Illusion disguises the Pok\u00e9mon's true level\n|\n|t:|1733873707\n|start\n|switch|p1a: Abomasnow|Abomasnow, L85, F|291/291\n|switch|p2a: Regigigas|Regigigas, L84|322/322\n|-start|p2a: Regigigas|ability: Slow Start\n|-weather|Snow|[from] ability: Snow Warning|[of] p1a: Abomasnow\n|turn|1\n|inactive|Battle timer is ON: inactive players will automatically lose when time's up. (requested by Saaskin)\n|\n|t:|1733873721\n|switch|p1a: Dusknoir|Dusknoir, L89, M|225/225\n|-item|p2a: Regigigas|Leftovers|[from] ability: Frisk|[of] p1a: Dusknoir\n|move|p2a: Regigigas|Knock Off|p1a: Dusknoir\n|-supereffective|p1a: Dusknoir\n|-crit|p1a: Dusknoir\n|-damage|p1a: Dusknoir|119/225\n|-enditem|p1a: Dusknoir|Leftovers|[from] move: Knock Off|[of] p2a: Regigigas\n|\n|-weather|Snow|[upkeep]\n|upkeep\n|turn|2\n|\n|t:|1733873734\n|move|p1a: Dusknoir|Substitute|p1a: Dusknoir\n|-start|p1a: Dusknoir|Substitute\n|-damage|p1a: Dusknoir|63/225\n|move|p2a: Regigigas|Knock Off|p1a: Dusknoir\n|-supereffective|p1a: Dusknoir\n|-activate|p1a: Dusknoir|move: Substitute|[damage]\n|\n|-weather|Snow|[upkeep]\n|upkeep\n|turn|3\n|\n|t:|1733873743\n|move|p1a: Dusknoir|Pain Split|p2a: Regigigas\n|-sethp|p2a: Regigigas|192/322|[from] move: Pain Split|[silent]\n|-sethp|p1a: Dusknoir|192/225|[from] move: Pain Split\n|move|p2a: Regigigas|Knock Off|p1a: Dusknoir\n|-supereffective|p1a: Dusknoir\n|-end|p1a: Dusknoir|Substitute\n|\n|-weather|Snow|[upkeep]\n|-heal|p2a: Regigigas|212/322|[from] item: Leftovers\n|upkeep\n|turn|4\n|\n|t:|1733873768\n|move|p1a: Dusknoir|Substitute|p1a: Dusknoir\n|-start|p1a: Dusknoir|Substitute\n|-damage|p1a: Dusknoir|136/225\n|move|p2a: Regigigas|Knock Off|p1a: Dusknoir\n|-supereffective|p1a: Dusknoir\n|-activate|p1a: Dusknoir|move: Substitute|[damage]\n|\n|-weather|Snow|[upkeep]\n|-heal|p2a: Regigigas|232/322|[from] item: Leftovers\n|upkeep\n|turn|5\n|\n|t:|1733873777\n|-singleturn|p1a: Dusknoir|move: Focus Punch\n|move|p2a: Regigigas|Knock Off|p1a: Dusknoir\n|-supereffective|p1a: Dusknoir\n|-crit|p1a: Dusknoir\n|-end|p1a: Dusknoir|Substitute\n|move|p1a: Dusknoir|Focus Punch|p2a: Regigigas\n|-supereffective|p2a: Regigigas\n|-damage|p2a: Regigigas|34/322\n|\n|-weather|none\n|-heal|p2a: Regigigas|54/322|[from] item: Leftovers\n|-end|p2a: Regigigas|Slow Start\n|upkeep\n|turn|6\n|\n|t:|1733873793\n|-end|p2a: Regigigas|Slow Start|[silent]\n|switch|p2a: Clawitzer|Clawitzer, L87, M|265/265\n|move|p1a: Dusknoir|Substitute|p1a: Dusknoir\n|-start|p1a: Dusknoir|Substitute\n|-damage|p1a: Dusknoir|80/225\n|\n|upkeep\n|turn|7\n|\n|t:|1733873797\n|move|p2a: Clawitzer|Water Pulse|p1a: Dusknoir\n|-end|p1a: Dusknoir|Substitute\n|move|p1a: Dusknoir|Pain Split|p2a: Clawitzer\n|-sethp|p2a: Clawitzer|172/265|[from] move: Pain Split|[silent]\n|-sethp|p1a: Dusknoir|172/225|[from] move: Pain Split\n|\n|upkeep\n|turn|8\n|\n|t:|1733873807\n|switch|p2a: Mienshao|Mienshao, L83, F|243/243\n|switch|p1a: Abomasnow|Abomasnow, L85, F|291/291\n|-weather|Snow|[from] ability: Snow Warning|[of] p1a: Abomasnow\n|\n|-weather|Snow|[upkeep]\n|upkeep\n|turn|9\n|\n|t:|1733873822\n|switch|p1a: Dusknoir|Dusknoir, L89, M|172/225\n|-item|p2a: Mienshao|Choice Band|[from] ability: Frisk|[of] p1a: Dusknoir\n|move|p2a: Mienshao|Knock Off|p1a: Dusknoir\n|-supereffective|p1a: Dusknoir\n|-damage|p1a: Dusknoir|66/225\n|\n|-weather|Snow|[upkeep]\n|upkeep\n|turn|10\n|\n|t:|1733873829\n|move|p2a: Mienshao|Knock Off|p1a: Dusknoir\n|-supereffective|p1a: Dusknoir\n|-damage|p1a: Dusknoir|0 fnt\n|faint|p1a: Dusknoir\n|\n|-weather|Snow|[upkeep]\n|upkeep\n|\n|t:|1733873833\n|switch|p1a: Roaring Moon|Roaring Moon, L72|270/270\n|-enditem|p1a: Roaring Moon|Booster Energy\n|-activate|p1a: Roaring Moon|ability: Protosynthesis|[fromitem]\n|-start|p1a: Roaring Moon|protosynthesisatk\n|turn|11\n|\n|t:|1733873839\n|switch|p2a: Gumshoos|Gumshoos, L95, F|321/321\n|move|p1a: Roaring Moon|Dragon Dance|p1a: Roaring Moon\n|-boost|p1a: Roaring Moon|atk|1\n|-boost|p1a: Roaring Moon|spe|1\n|\n|-weather|Snow|[upkeep]\n|upkeep\n|turn|12\n|\n|t:|1733873850\n|move|p1a: Roaring Moon|Knock Off|p2a: Gumshoos\n|-crit|p2a: Gumshoos\n|-damage|p2a: Gumshoos|0 fnt\n|-enditem|p2a: Gumshoos|Choice Band|[from] move: Knock Off|[of] p1a: Roaring Moon\n|faint|p2a: Gumshoos\n|\n|-weather|none\n|upkeep\n|\n|t:|1733873854\n|switch|p2a: Mienshao|Mienshao, L83, F|243/243\n|turn|13\n|\n|t:|1733873860\n|move|p1a: Roaring Moon|Acrobatics|p2a: Mienshao\n|-supereffective|p2a: Mienshao\n|-damage|p2a: Mienshao|0 fnt\n|faint|p2a: Mienshao\n|\n|upkeep\n|\n|t:|1733873865\n|switch|p2a: Probopass|Probopass, L92, M|260/260\n|turn|14\n|\n|t:|1733873868\n|move|p1a: Roaring Moon|Knock Off|p2a: Probopass\n|-damage|p2a: Probopass|139/260\n|-enditem|p2a: Probopass|Chesto Berry|[from] move: Knock Off|[of] p1a: Roaring Moon\n|move|p2a: Probopass|Iron Defense|p2a: Probopass\n|-boost|p2a: Probopass|def|2\n|\n|upkeep\n|turn|15\n|\n|t:|1733873875\n|move|p1a: Roaring Moon|Acrobatics|p2a: Probopass\n|-resisted|p2a: Probopass\n|-damage|p2a: Probopass|128/260\n|move|p2a: Probopass|Iron Defense|p2a: Probopass\n|-boost|p2a: Probopass|def|2\n|\n|upkeep\n|turn|16\n|\n|t:|1733873881\n|-end|p1a: Roaring Moon|Protosynthesis|[silent]\n|switch|p1a: Gliscor|Gliscor, L76, F|239/239\n|move|p2a: Probopass|Body Press|p1a: Gliscor\n|-resisted|p1a: Gliscor\n|-crit|p1a: Gliscor\n|-damage|p1a: Gliscor|65/239\n|\n|-status|p1a: Gliscor|tox|[from] item: Toxic Orb\n|upkeep\n|turn|17\n|\n|t:|1733873889\n|move|p1a: Gliscor|Toxic Spikes|p2a: Probopass\n|-sidestart|p2: Saaskin|move: Toxic Spikes\n|move|p2a: Probopass|Body Press|p1a: Gliscor\n|-resisted|p1a: Gliscor\n|-damage|p1a: Gliscor|0 fnt\n|faint|p1a: Gliscor\n|\n|upkeep\n|\n|t:|1733873896\n|switch|p1a: Abomasnow|Abomasnow, L85, F|291/291\n|-weather|Snow|[from] ability: Snow Warning|[of] p1a: Abomasnow\n|turn|18\n|\n|t:|1733873902\n|move|p1a: Abomasnow|Aurora Veil|p1a: Abomasnow\n|-sidestart|p1: Novalious6|move: Aurora Veil\n|move|p2a: Probopass|Body Press|p1a: Abomasnow\n|-supereffective|p1a: Abomasnow\n|-damage|p1a: Abomasnow|89/291\n|\n|-weather|Snow|[upkeep]\n|upkeep\n|turn|19\n|\n|t:|1733873906\n|move|p1a: Abomasnow|Earthquake|p2a: Probopass\n|-supereffective|p2a: Probopass\n|-damage|p2a: Probopass|64/260\n|move|p2a: Probopass|Rest|p2a: Probopass\n|-status|p2a: Probopass|slp|[from] move: Rest\n|-heal|p2a: Probopass|260/260 slp|[silent]\n|\n|-weather|Snow|[upkeep]\n|upkeep\n|turn|20\n|\n|t:|1733873910\n|move|p1a: Abomasnow|Blizzard|p2a: Probopass\n|-resisted|p2a: Probopass\n|-damage|p2a: Probopass|223/260 slp\n|cant|p2a: Probopass|slp\n|\n|-weather|Snow|[upkeep]\n|upkeep\n|turn|21\n|-message|Novalious6 forfeited.\n|\n|win|Saaskin\n|raw|Novalious6's rating: 2000 &rarr; <strong>1977</strong><br />(-23 for losing)\n|raw|Saaskin's rating: 1947 &rarr; <strong>1970</strong><br />(+23 for winning)\n|l|\u2606Novalious6\n|player|p1|\n", "inputlog": ">version bfd83cad13791eb5a5a409923076391caf6fb4d4\n>start {\"formatid\":\"gen9randombattle\",\"seed\":[2882,61385,34247,24929],\"rated\":\"Rated battle\"}\n>player p1 {\"name\":\"Novalious6\",\"avatar\":\"iris\",\"rating\":2000,\"seed\":[14105,31614,63414,7254]}\n>player p2 {\"name\":\"Saaskin\",\"avatar\":\"170\",\"rating\":1947,\"seed\":[19677,31764,14134,42337]}\n>p1 switch 4\n>p2 move knockoff\n>p1 move substitute\n>p2 move knockoff\n>p1 move painsplit\n>p2 move knockoff\n>p1 move substitute\n>p2 move knockoff\n>p1 move focuspunch\n>p2 move knockoff\n>p1 move substitute\n>p2 switch 3\n>p1 move painsplit\n>p2 move waterpulse\n>p1 switch 4\n>p2 switch 6\n>p1 switch 4\n>p2 move knockoff\n>p1 move painsplit\n>p2 move knockoff\n>p1 switch 3\n>p1 move dragondance\n>p2 switch 4\n>p1 move knockoff\n>p2 move doubleedge\n>p2 switch 4\n>p1 move acrobatics\n>p2 move highjumpkick\n>p2 switch 2\n>p1 move knockoff\n>p2 move irondefense\n>p1 move acrobatics\n>p2 move irondefense\n>p1 switch 6\n>p2 move bodypress\n>p1 move toxicspikes\n>p2 move bodypress\n>p1 switch 4\n>p1 move auroraveil\n>p2 move bodypress\n>p1 move earthquake\n>p2 move rest\n>p1 move blizzard\n>p2 move irondefense\n>forcelose p1", "uploadtime": 1733873921, "views": 2, "formatid": "gen9randombattle", "rating": 1970, "private": 0, "password": null}