{"id": "gen9randombattle-2122550156", "format": "[Gen 9] Random Battle", "players": ["samuelayers", "pokeblade\u2606101"], "log": "|badge|p2|silver|gen9randombattle|30-1\n|uhtml|medal-msg|<div class=\"broadcast-blue\">Curious what those medals under the avatar are? PS now has Ladder Seasons! For more information, check out the <a href=\"https://www.smogon.com/forums/threads/3740067/\">thread on Smogon.</a></div>\n|j|\u2606samuelayers\n|j|\u2606pokeblade\u2606101\n|t:|1715438890\n|gametype|singles\n|player|p1|samuelayers|gentleman-gen4dp|2274\n|player|p2|pokeblade\u2606101|#rbtt7teamchiyu|2411\n|teamsize|p1|6\n|teamsize|p2|6\n|gen|9\n|tier|[Gen 9] Random Battle\n|rated|\n|rule|Species Clause: Limit one of each Pok\u00e9mon\n|rule|HP Percentage Mod: HP is shown in percentages\n|rule|Sleep Clause Mod: Limit one foe put to sleep\n|rule|Illusion Level Mod: Illusion disguises the Pok\u00e9mon's true level\n|\n|t:|1715438890\n|start\n|switch|p1a: Conkeldurr|Conkeldurr, L80, M|299/299\n|switch|p2a: Iron Thorns|Iron Thorns, L83|302/302\n|turn|1\n|inactive|Battle timer is ON: inactive players will automatically lose when time's up. (requested by samuelayers)\n|j| Pantshathbeenshat\n|\n|t:|1715438900\n|move|p2a: Iron Thorns|Volt Switch|p1a: Conkeldurr\n|-damage|p1a: Conkeldurr|224/299\n|\n|t:|1715438908\n|-end|p2a: Iron Thorns|Quark Drive|[silent]\n|switch|p2a: Tornadus|Tornadus, L82, M|264/264|[from] Volt Switch\n|move|p1a: Conkeldurr|Knock Off|p2a: Tornadus\n|-damage|p2a: Tornadus|163/264\n|-enditem|p2a: Tornadus|Heavy-Duty Boots|[from] move: Knock Off|[of] p1a: Conkeldurr\n|\n|-status|p1a: Conkeldurr|brn|[from] item: Flame Orb\n|upkeep\n|turn|2\n|\n|t:|1715438916\n|switch|p1a: Ninetales|Ninetales-Alola, L79, F|245/245\n|-weather|Snow|[from] ability: Snow Warning|[of] p1a: Ninetales\n|move|p2a: Tornadus|Bleakwind Storm|p1a: Ninetales\n|-damage|p1a: Ninetales|124/245\n|\n|-weather|Snow|[upkeep]\n|upkeep\n|turn|3\n|\n|t:|1715438930\n|switch|p2a: Iron Thorns|Iron Thorns, L83|302/302\n|move|p1a: Ninetales|Aurora Veil|p1a: Ninetales\n|-sidestart|p1: samuelayers|move: Aurora Veil\n|\n|-weather|Snow|[upkeep]\n|upkeep\n|turn|4\n|\n|t:|1715438938\n|switch|p1a: Iron Hands|Iron Hands, L79|373/373\n|move|p2a: Iron Thorns|Stone Edge|p1a: Iron Hands\n|-resisted|p1a: Iron Hands\n|-damage|p1a: Iron Hands|343/373\n|\n|-weather|Snow|[upkeep]\n|-heal|p1a: Iron Hands|366/373|[from] item: Leftovers\n|upkeep\n|turn|5\n|\n|t:|1715438943\n|move|p2a: Iron Thorns|Volt Switch|p1a: Iron Hands\n|-resisted|p1a: Iron Hands\n|-damage|p1a: Iron Hands|346/373\n|\n|t:|1715438953\n|-end|p2a: Iron Thorns|Quark Drive|[silent]\n|switch|p2a: Giratina|Giratina, L75|349/349|[from] Volt Switch\n|-ability|p2a: Giratina|Pressure\n|move|p1a: Iron Hands|Swords Dance|p1a: Iron Hands\n|-boost|p1a: Iron Hands|atk|2\n|\n|-weather|Snow|[upkeep]\n|-heal|p1a: Iron Hands|369/373|[from] item: Leftovers\n|upkeep\n|turn|6\n|\n|t:|1715438955\n|move|p2a: Giratina|Will-O-Wisp|p1a: Iron Hands\n|-status|p1a: Iron Hands|brn\n|move|p1a: Iron Hands|Ice Punch|p2a: Giratina\n|-supereffective|p2a: Giratina\n|-damage|p2a: Giratina|240/349\n|\n|-weather|none\n|-heal|p1a: Iron Hands|373/373 brn|[from] item: Leftovers\n|-damage|p1a: Iron Hands|350/373 brn|[from] brn\n|upkeep\n|turn|7\n|\n|t:|1715438962\n|move|p2a: Giratina|Defog|p1a: Iron Hands\n|-unboost|p1a: Iron Hands|evasion|1\n|-sideend|p1: samuelayers|move: Aurora Veil\n|move|p1a: Iron Hands|Swords Dance|p1a: Iron Hands\n|-boost|p1a: Iron Hands|atk|2\n|\n|-heal|p1a: Iron Hands|373/373 brn|[from] item: Leftovers\n|-damage|p1a: Iron Hands|350/373 brn|[from] brn\n|upkeep\n|turn|8\n|\n|t:|1715438964\n|move|p2a: Giratina|Shadow Ball|p1a: Iron Hands\n|-damage|p1a: Iron Hands|265/373 brn\n|move|p1a: Iron Hands|Swords Dance|p1a: Iron Hands\n|-boost|p1a: Iron Hands|atk|2\n|\n|-heal|p1a: Iron Hands|288/373 brn|[from] item: Leftovers\n|-damage|p1a: Iron Hands|265/373 brn|[from] brn\n|upkeep\n|turn|9\n|\n|t:|1715438968\n|move|p2a: Giratina|Shadow Ball|p1a: Iron Hands\n|-damage|p1a: Iron Hands|180/373 brn\n|move|p1a: Iron Hands|Ice Punch|p2a: Giratina\n|-supereffective|p2a: Giratina\n|-damage|p2a: Giratina|2/349\n|\n|-heal|p1a: Iron Hands|203/373 brn|[from] item: Leftovers\n|-damage|p1a: Iron Hands|180/373 brn|[from] brn\n|upkeep\n|turn|10\n|\n|t:|1715438979\n|move|p2a: Giratina|Rest|p2a: Giratina\n|-status|p2a: Giratina|slp|[from] move: Rest\n|-heal|p2a: Giratina|349/349 slp|[silent]\n|-enditem|p2a: Giratina|Chesto Berry|[eat]\n|-curestatus|p2a: Giratina|slp|[msg]\n|move|p1a: Iron Hands|Ice Punch|p2a: Giratina\n|-supereffective|p2a: Giratina\n|-damage|p2a: Giratina|145/349\n|\n|-heal|p1a: Iron Hands|203/373 brn|[from] item: Leftovers\n|-damage|p1a: Iron Hands|180/373 brn|[from] brn\n|upkeep\n|turn|11\n|\n|t:|1715438984\n|switch|p2a: Florges|Florges-White, L85, F|271/271\n|move|p1a: Iron Hands|Ice Punch|p2a: Florges\n|-damage|p2a: Florges|121/271\n|\n|-heal|p2a: Florges|137/271|[from] item: Leftovers\n|-heal|p1a: Iron Hands|203/373 brn|[from] item: Leftovers\n|-damage|p1a: Iron Hands|180/373 brn|[from] brn\n|upkeep\n|turn|12\n|\n|t:|1715438988\n|-terastallize|p1a: Iron Hands|Steel\n|move|p2a: Florges|Moonblast|p1a: Iron Hands\n|-resisted|p1a: Iron Hands\n|-damage|p1a: Iron Hands|112/373 brn\n|-unboost|p1a: Iron Hands|spa|1\n|move|p1a: Iron Hands|Drain Punch|p2a: Florges\n|-resisted|p2a: Florges\n|-damage|p2a: Florges|23/271\n|-heal|p1a: Iron Hands|169/373 brn|[from] drain|[of] p2a: Florges\n|\n|-heal|p2a: Florges|39/271|[from] item: Leftovers\n|-heal|p1a: Iron Hands|192/373 brn|[from] item: Leftovers\n|-damage|p1a: Iron Hands|169/373 brn|[from] brn\n|upkeep\n|turn|13\n|\n|t:|1715438997\n|move|p2a: Florges|Moonblast|p1a: Iron Hands\n|-resisted|p1a: Iron Hands\n|-damage|p1a: Iron Hands|96/373 brn\n|move|p1a: Iron Hands|Drain Punch|p2a: Florges\n|-resisted|p2a: Florges\n|-damage|p2a: Florges|0 fnt\n|-heal|p1a: Iron Hands|116/373 brn|[from] drain|[of] p2a: Florges\n|faint|p2a: Florges\n|\n|-heal|p1a: Iron Hands|139/373 brn|[from] item: Leftovers\n|-damage|p1a: Iron Hands|116/373 brn|[from] brn\n|upkeep\n|\n|t:|1715439001\n|switch|p2a: Ambipom|Ambipom, L84, F|263/263\n|turn|14\n|\n|t:|1715439004\n|-end|p1a: Iron Hands|Quark Drive|[silent]\n|switch|p1a: Cramorant|Cramorant, L86, F|261/261\n|move|p2a: Ambipom|Low Kick|p1a: Cramorant\n|-resisted|p1a: Cramorant\n|-damage|p1a: Cramorant|233/261\n|\n|upkeep\n|turn|15\n|\n|t:|1715439011\n|switch|p2a: Iron Thorns|Iron Thorns, L83|302/302\n|move|p1a: Cramorant|Surf|p2a: Iron Thorns\n|-formechange|p1a: Cramorant|Cramorant-Gulping|\n|-supereffective|p2a: Iron Thorns\n|-damage|p2a: Iron Thorns|168/302\n|\n|upkeep\n|turn|16\n|\n|t:|1715439020\n|switch|p1a: Ninetales|Ninetales-Alola, L79, F|124/245\n|-weather|Snow|[from] ability: Snow Warning|[of] p1a: Ninetales\n|move|p2a: Iron Thorns|Volt Switch|p1a: Ninetales\n|-damage|p1a: Ninetales|64/245\n|\n|t:|1715439023\n|-end|p2a: Iron Thorns|Quark Drive|[silent]\n|switch|p2a: Ambipom|Ambipom, L84, F|263/263|[from] Volt Switch\n|\n|-weather|Snow|[upkeep]\n|upkeep\n|turn|17\n|\n|t:|1715439030\n|switch|p1a: Iron Hands|Iron Hands, L79, tera:Steel|116/373 brn\n|move|p2a: Ambipom|Double-Edge|p1a: Iron Hands\n|-resisted|p1a: Iron Hands\n|-damage|p1a: Iron Hands|43/373 brn\n|-damage|p2a: Ambipom|239/263|[from] Recoil\n|\n|-weather|Snow|[upkeep]\n|-heal|p1a: Iron Hands|66/373 brn|[from] item: Leftovers\n|-damage|p1a: Iron Hands|43/373 brn|[from] brn\n|upkeep\n|turn|18\n|\n|t:|1715439042\n|move|p2a: Ambipom|Knock Off|p1a: Iron Hands\n|-damage|p1a: Iron Hands|0 fnt\n|-enditem|p1a: Iron Hands|Leftovers|[from] move: Knock Off|[of] p2a: Ambipom\n|faint|p1a: Iron Hands\n|-end|p1a: Iron Hands|Quark Drive|[silent]\n|\n|-weather|Snow|[upkeep]\n|upkeep\n|\n|t:|1715439046\n|switch|p1a: Conkeldurr|Conkeldurr, L80, M|224/299 brn\n|turn|19\n|\n|t:|1715439051\n|switch|p2a: Tornadus|Tornadus, L82, M|163/264\n|move|p1a: Conkeldurr|Knock Off|p2a: Tornadus\n|-damage|p2a: Tornadus|68/264\n|\n|-weather|Snow|[upkeep]\n|-damage|p1a: Conkeldurr|206/299 brn|[from] brn\n|upkeep\n|turn|20\n|\n|t:|1715439056\n|switch|p1a: Girafarig|Girafarig, L89, F|269/269\n|move|p2a: Tornadus|Bleakwind Storm|p1a: Girafarig\n|-damage|p1a: Girafarig|175/269\n|\n|-weather|none\n|upkeep\n|turn|21\n|\n|t:|1715439065\n|switch|p2a: Iron Thorns|Iron Thorns, L83|168/302\n|move|p1a: Girafarig|Psyshock|p2a: Iron Thorns\n|-damage|p2a: Iron Thorns|95/302\n|\n|upkeep\n|turn|22\n|\n|t:|1715439073\n|switch|p1a: Sawsbuck|Sawsbuck-Winter, L88, M|284/284\n|move|p2a: Iron Thorns|Stone Edge|p1a: Sawsbuck|[miss]\n|-miss|p2a: Iron Thorns|p1a: Sawsbuck\n|\n|upkeep\n|turn|23\n|\n|t:|1715439078\n|move|p1a: Sawsbuck|Horn Leech|p2a: Iron Thorns\n|-supereffective|p2a: Iron Thorns\n|-damage|p2a: Iron Thorns|0 fnt\n|faint|p2a: Iron Thorns\n|-end|p2a: Iron Thorns|Quark Drive|[silent]\n|-damage|p1a: Sawsbuck|256/284|[from] item: Life Orb\n|\n|upkeep\n|\n|t:|1715439079\n|switch|p2a: Tornadus|Tornadus, L82, M|68/264\n|turn|24\n|\n|t:|1715439091\n|move|p2a: Tornadus|Bleakwind Storm|p1a: Sawsbuck\n|-supereffective|p1a: Sawsbuck\n|-damage|p1a: Sawsbuck|2/284\n|move|p1a: Sawsbuck|Headbutt|p2a: Tornadus\n|-crit|p2a: Tornadus\n|-damage|p2a: Tornadus|0 fnt\n|faint|p2a: Tornadus\n|-damage|p1a: Sawsbuck|0 fnt|[from] item: Life Orb\n|faint|p1a: Sawsbuck\n|\n|upkeep\n|\n|t:|1715439099\n|switch|p2a: Ambipom|Ambipom, L84, F|239/263\n|switch|p1a: Cramorant|Cramorant, L86, F|233/261\n|turn|25\n|\n|t:|1715439102\n|move|p2a: Ambipom|Fake Out|p1a: Cramorant\n|-damage|p1a: Cramorant|128/261\n|cant|p1a: Cramorant|flinch\n|\n|upkeep\n|turn|26\n|\n|t:|1715439106\n|move|p2a: Ambipom|Double-Edge|p1a: Cramorant\n|-damage|p1a: Cramorant|0 fnt\n|faint|p1a: Cramorant\n|-damage|p2a: Ambipom|197/263|[from] Recoil\n|\n|upkeep\n|\n|t:|1715439107\n|switch|p1a: Conkeldurr|Conkeldurr, L80, M|206/299 brn\n|turn|27\n|\n|t:|1715439110\n|switch|p2a: Giratina|Giratina, L75|145/349\n|-ability|p2a: Giratina|Pressure\n|move|p1a: Conkeldurr|Knock Off|p2a: Giratina\n|-supereffective|p2a: Giratina\n|-damage|p2a: Giratina|9/349\n|\n|-damage|p1a: Conkeldurr|188/299 brn|[from] brn\n|upkeep\n|turn|28\n|\n|t:|1715439117\n|move|p2a: Giratina|Shadow Ball|p1a: Conkeldurr\n|-damage|p1a: Conkeldurr|95/299 brn\n|-unboost|p1a: Conkeldurr|spd|1\n|move|p1a: Conkeldurr|Knock Off|p2a: Giratina\n|-supereffective|p2a: Giratina\n|-damage|p2a: Giratina|0 fnt\n|faint|p2a: Giratina\n|\n|-damage|p1a: Conkeldurr|77/299 brn|[from] brn\n|upkeep\n|\n|t:|1715439121\n|switch|p2a: Ambipom|Ambipom, L84, F|197/263\n|turn|29\n|\n|t:|1715439126\n|switch|p1a: Ninetales|Ninetales-Alola, L79, F|64/245\n|-weather|Snow|[from] ability: Snow Warning|[of] p1a: Ninetales\n|move|p2a: Ambipom|Low Kick|p1a: Ninetales\n|-damage|p1a: Ninetales|32/245\n|\n|-weather|Snow|[upkeep]\n|upkeep\n|turn|30\n|inactive|pokeblade\u2606101 has 120 seconds left.\n|\n|t:|1715439171\n|move|p2a: Ambipom|Low Kick|p1a: Ninetales\n|-damage|p1a: Ninetales|0 fnt\n|faint|p1a: Ninetales\n|\n|-weather|Snow|[upkeep]\n|upkeep\n|\n|t:|1715439175\n|switch|p1a: Conkeldurr|Conkeldurr, L80, M|77/299 brn\n|turn|31\n|\n|t:|1715439179\n|move|p1a: Conkeldurr|Mach Punch|p2a: Ambipom\n|-supereffective|p2a: Ambipom\n|-damage|p2a: Ambipom|0 fnt\n|faint|p2a: Ambipom\n|\n|-weather|Snow|[upkeep]\n|-damage|p1a: Conkeldurr|59/299 brn|[from] brn\n|upkeep\n|\n|t:|1715439182\n|switch|p2a: Sunflora|Sunflora, F|312/312\n|turn|32\n|\n|t:|1715439188\n|move|p1a: Conkeldurr|Close Combat|p2a: Sunflora\n|-damage|p2a: Sunflora|32/312\n|-unboost|p1a: Conkeldurr|def|1\n|-unboost|p1a: Conkeldurr|spd|1\n|move|p2a: Sunflora|Earth Power|p1a: Conkeldurr\n|-damage|p1a: Conkeldurr|0 fnt\n|faint|p1a: Conkeldurr\n|\n|-weather|Snow|[upkeep]\n|upkeep\n|\n|t:|1715439190\n|switch|p1a: Girafarig|Girafarig, L89, F|175/269\n|turn|33\n|-message|pokeblade\u2606101 forfeited.\n|\n|win|samuelayers\n|raw|samuelayers's rating: 2274 &rarr; <strong>2302</strong><br />(+28 for winning)\n|raw|pokeblade\u2606101's rating: 2411 &rarr; <strong>2383</strong><br />(-28 for losing)\n|l|\u2606pokeblade\u2606101\n|player|p2|\n|l|\u2606samuelayers\n|player|p1|\n", "inputlog": ">version 9ec7c4a3fde49e3a2a4c5d09e690aa38059aff9e\n>start {\"formatid\":\"gen9randombattle\",\"seed\":[65251,48279,1725,36230],\"rated\":\"Rated battle\"}\n>player p1 {\"name\":\"samuelayers\",\"avatar\":\"gentleman-gen4dp\",\"rating\":2274,\"seed\":[57448,20290,54178,21960]}\n>player p2 {\"name\":\"pokeblade\u2606101\",\"avatar\":\"#rbtt7teamchiyu\",\"rating\":2411,\"seed\":[54983,44651,51632,53940]}\n>p1 move knockoff\n>p2 move voltswitch\n>p2 switch 3\n>p1 switch 5\n>p2 move bleakwindstorm\n>p1 move auroraveil\n>p2 switch 3\n>p1 switch 6\n>p2 move stoneedge\n>p1 move swordsdance\n>p2 move voltswitch\n>p2 switch 2\n>p1 move icepunch\n>p2 move willowisp\n>p1 move swordsdance\n>p2 move defog\n>p1 move swordsdance\n>p2 move shadowball\n>p1 move icepunch\n>p2 move shadowball\n>p1 move icepunch\n>p2 move rest\n>p1 move icepunch\n>p2 switch 6\n>p1 move drainpunch terastallize\n>p2 move moonblast\n>p1 move drainpunch\n>p2 move moonblast\n>p2 switch 5\n>p1 switch 3\n>p2 move lowkick\n>p1 move surf\n>p2 switch 2\n>p1 switch 6\n>p2 move voltswitch\n>p2 switch 2\n>p1 switch 3\n>p2 move doubleedge\n>p1 move icepunch\n>p2 move knockoff\n>p1 switch 5\n>p1 move knockoff\n>p2 switch 3\n>p1 switch 4\n>p2 move bleakwindstorm\n>p1 move psyshock\n>p2 switch 2\n>p1 switch 2\n>p2 move stoneedge\n>p1 move hornleech\n>p2 move stoneedge\n>p2 switch 2\n>p1 move headbutt\n>p2 move bleakwindstorm\n>p1 switch 6\n>p2 switch 3\n>p1 move surf\n>p2 move fakeout\n>p1 move surf\n>p2 move doubleedge\n>p1 switch 4\n>p1 move knockoff\n>p2 switch 6\n>p1 move knockoff\n>p2 move shadowball\n>p2 switch 6\n>p1 switch 3\n>p2 move lowkick\n>p1 move auroraveil\n>p2 move lowkick\n>p1 switch 3\n>p1 move machpunch\n>p2 move lowkick\n>p2 switch 4\n>p1 move closecombat\n>p2 move earthpower\n>p1 switch 2\n>forcelose p2", "uploadtime": 1715439223, "views": 222, "formatid": "gen9randombattle", "rating": 2302, "private": 0, "password": null}