{"id": "gen9randombattle-2142489462", "format": "[Gen 9] Random Battle", "players": ["ceru-edge", "PTKmoekyuun"], "log": "|badge|p1|gold|gen9randombattle|3-1\n|badge|p1|gold|gen9ou|3-1\n|badge|p1|silver|gen9monotype|30-1\n|uhtml|medal-msg|<div class=\"broadcast-blue\">Curious what those medals under the avatar are? PS now has Ladder Seasons! For more information, check out the <a href=\"https://www.smogon.com/forums/threads/3740067/\">thread on Smogon.</a></div>\n|badge|p2|silver|gen9randombattle|30-1\n|uhtml|medal-msg|<div class=\"broadcast-blue\">Curious what those medals under the avatar are? PS now has Ladder Seasons! For more information, check out the <a href=\"https://www.smogon.com/forums/threads/3740067/\">thread on Smogon.</a></div>\n|j|\u2606ceru-edge\n|j|\u2606PTKmoekyuun\n|t:|1718279988\n|gametype|singles\n|player|p1|ceru-edge|hilbert|2499\n|player|p2|PTKmoekyuun|acerola|2425\n|teamsize|p1|6\n|teamsize|p2|6\n|gen|9\n|tier|[Gen 9] Random Battle\n|rated|\n|rule|Species Clause: Limit one of each Pok\u00e9mon\n|rule|HP Percentage Mod: HP is shown in percentages\n|rule|Sleep Clause Mod: Limit one foe put to sleep\n|rule|Illusion Level Mod: Illusion disguises the Pok\u00e9mon's true level\n|\n|t:|1718279988\n|start\n|switch|p1a: Sneasler|Sneasler, L74, M|240/240\n|switch|p2a: Terapagos|Terapagos, L76, F|262/262\n|-activate|p2a: Terapagos|ability: Tera Shift\n|detailschange|p2a: Terapagos|Terapagos-Terastal, L76, F\n|-heal|p2a: Terapagos|269/269|[silent]\n|turn|1\n|inactive|Battle timer is ON: inactive players will automatically lose when time's up. (requested by ceru-edge)\n|\n|t:|1718280012\n|switch|p1a: Azelf|Azelf, L82|257/257\n|switch|p2a: Forretress|Forretress, L84, M|263/263\n|\n|upkeep\n|turn|2\n|\n|t:|1718280041\n|switch|p2a: Iron Boulder|Iron Boulder, L77|265/265\n|-enditem|p2a: Iron Boulder|Booster Energy\n|-activate|p2a: Iron Boulder|ability: Quark Drive|[fromitem]\n|-start|p2a: Iron Boulder|quarkdrivespe\n|move|p1a: Azelf|Trick|p2a: Iron Boulder\n|-activate|p1a: Azelf|move: Trick|[of] p2a: Iron Boulder\n|-item|p2a: Iron Boulder|Choice Specs|[from] move: Trick\n|-enditem|p1a: Azelf|Choice Specs|[silent]|[from] move: Trick\n|\n|upkeep\n|turn|3\n|inactive|PTKmoekyuun has 120 seconds left.\n|\n|t:|1718280058\n|switch|p1a: Kingambit|Kingambit, L74, M|270/270\n|move|p2a: Iron Boulder|Mighty Cleave|p1a: Kingambit\n|-resisted|p1a: Kingambit\n|-damage|p1a: Kingambit|224/270\n|\n|-heal|p1a: Kingambit|240/270|[from] item: Leftovers\n|upkeep\n|turn|4\n|inactive|PTKmoekyuun has 120 seconds left.\n|\n|t:|1718280077\n|-end|p2a: Iron Boulder|Quark Drive|[silent]\n|switch|p2a: Phione|Phione, L90|290/290\n|-end|p1a: Kingambit|fallenundefined|[silent]\n|switch|p1a: Kyogre|Kyogre, L71|259/259\n|-weather|RainDance|[from] ability: Drizzle|[of] p1a: Kyogre\n|\n|-weather|RainDance|[upkeep]\n|upkeep\n|turn|5\n|inactive|PTKmoekyuun has 120 seconds left.\n|\n|t:|1718280091\n|move|p2a: Phione|Take Heart|p2a: Phione\n|-boost|p2a: Phione|spa|1\n|-boost|p2a: Phione|spd|1\n|move|p1a: Kyogre|Calm Mind|p1a: Kyogre\n|-boost|p1a: Kyogre|spa|1\n|-boost|p1a: Kyogre|spd|1\n|\n|-weather|RainDance|[upkeep]\n|upkeep\n|turn|6\n|inactive|PTKmoekyuun has 120 seconds left.\n|\n|t:|1718280108\n|move|p2a: Phione|Grass Knot|p1a: Kyogre\n|-supereffective|p1a: Kyogre\n|-damage|p1a: Kyogre|127/259\n|move|p1a: Kyogre|Calm Mind|p1a: Kyogre\n|-boost|p1a: Kyogre|spa|1\n|-boost|p1a: Kyogre|spd|1\n|\n|-weather|RainDance|[upkeep]\n|-heal|p1a: Kyogre|143/259|[from] item: Leftovers\n|upkeep\n|turn|7\n|\n|t:|1718280114\n|move|p2a: Phione|Grass Knot|p1a: Kyogre\n|-supereffective|p1a: Kyogre\n|-damage|p1a: Kyogre|45/259\n|move|p1a: Kyogre|Thunder|p2a: Phione\n|-supereffective|p2a: Phione\n|-damage|p2a: Phione|76/290\n|-status|p2a: Phione|par\n|\n|-weather|RainDance|[upkeep]\n|-heal|p1a: Kyogre|61/259|[from] item: Leftovers\n|-activate|p2a: Phione|ability: Hydration\n|-curestatus|p2a: Phione|par|[msg]\n|-heal|p2a: Phione|94/290|[from] item: Leftovers\n|upkeep\n|turn|8\n|\n|t:|1718280128\n|switch|p1a: Electrode|Electrode-Hisui, L87|246/246\n|move|p2a: Phione|Grass Knot|p1a: Electrode\n|-resisted|p1a: Electrode\n|-damage|p1a: Electrode|200/246\n|\n|-weather|none\n|-heal|p1a: Electrode|215/246|[from] item: Leftovers\n|-heal|p2a: Phione|112/290|[from] item: Leftovers\n|upkeep\n|turn|9\n|inactive|PTKmoekyuun has 120 seconds left.\n|\n|t:|1718280164\n|-terastallize|p2a: Phione|Grass\n|move|p1a: Electrode|Thunderbolt|p2a: Phione\n|-resisted|p2a: Phione\n|-damage|p2a: Phione|82/290\n|-status|p2a: Phione|par\n|move|p2a: Phione|Take Heart|p2a: Phione\n|-boost|p2a: Phione|spa|1\n|-boost|p2a: Phione|spd|1\n|-curestatus|p2a: Phione|par|[msg]\n|\n|-heal|p1a: Electrode|230/246|[from] item: Leftovers\n|-heal|p2a: Phione|100/290|[from] item: Leftovers\n|upkeep\n|turn|10\n|\n|t:|1718280179\n|switch|p1a: Kyogre|Kyogre, L71|61/259\n|-weather|RainDance|[from] ability: Drizzle|[of] p1a: Kyogre\n|move|p2a: Phione|Scald|p1a: Kyogre\n|-resisted|p1a: Kyogre\n|-damage|p1a: Kyogre|0 fnt\n|faint|p1a: Kyogre\n|\n|-weather|RainDance|[upkeep]\n|-heal|p2a: Phione|118/290|[from] item: Leftovers\n|upkeep\n|\n|t:|1718280184\n|switch|p1a: Sneasler|Sneasler, L74, M|240/240\n|turn|11\n|\n|t:|1718280189\n|switch|p2a: Forretress|Forretress, L84, M|263/263\n|move|p1a: Sneasler|Close Combat|p2a: Forretress\n|-damage|p2a: Forretress|175/263\n|-unboost|p1a: Sneasler|def|1\n|-unboost|p1a: Sneasler|spd|1\n|-enditem|p1a: Sneasler|White Herb\n|-clearnegativeboost|p1a: Sneasler|[silent]\n|\n|-weather|RainDance|[upkeep]\n|-heal|p2a: Forretress|191/263|[from] item: Leftovers\n|upkeep\n|turn|12\n|\n|t:|1718280218\n|switch|p1a: Conkeldurr|Conkeldurr, L80, M|299/299\n|move|p2a: Forretress|Iron Head|p1a: Conkeldurr\n|-damage|p1a: Conkeldurr|223/299\n|\n|-weather|RainDance|[upkeep]\n|-heal|p2a: Forretress|207/263|[from] item: Leftovers\n|-status|p1a: Conkeldurr|brn|[from] item: Flame Orb\n|upkeep\n|turn|13\n|inactive|PTKmoekyuun has 120 seconds left.\n|\n|t:|1718280242\n|move|p1a: Conkeldurr|Close Combat|p2a: Forretress\n|-damage|p2a: Forretress|36/263\n|-unboost|p1a: Conkeldurr|def|1\n|-unboost|p1a: Conkeldurr|spd|1\n|move|p2a: Forretress|Stealth Rock|p1a: Conkeldurr\n|-sidestart|p1: ceru-edge|move: Stealth Rock\n|\n|-weather|RainDance|[upkeep]\n|-heal|p2a: Forretress|52/263|[from] item: Leftovers\n|-damage|p1a: Conkeldurr|205/299 brn|[from] brn\n|upkeep\n|turn|14\n|inactive|PTKmoekyuun has 120 seconds left.\n|\n|t:|1718280250\n|move|p1a: Conkeldurr|Close Combat|p2a: Forretress\n|-damage|p2a: Forretress|0 fnt\n|-unboost|p1a: Conkeldurr|def|1\n|-unboost|p1a: Conkeldurr|spd|1\n|faint|p2a: Forretress\n|\n|-weather|none\n|-damage|p1a: Conkeldurr|187/299 brn|[from] brn\n|upkeep\n|inactive|PTKmoekyuun has 120 seconds left.\n|\n|t:|1718280259\n|switch|p2a: Iron Boulder|Iron Boulder, L77|265/265\n|turn|15\n|\n|t:|1718280263\n|switch|p1a: Electrode|Electrode-Hisui, L87|230/246\n|-damage|p1a: Electrode|200/246|[from] Stealth Rock\n|move|p2a: Iron Boulder|Close Combat|p1a: Electrode\n|-damage|p1a: Electrode|111/246\n|-unboost|p2a: Iron Boulder|def|1\n|-unboost|p2a: Iron Boulder|spd|1\n|\n|-heal|p1a: Electrode|126/246|[from] item: Leftovers\n|upkeep\n|turn|16\n|\n|t:|1718280269\n|switch|p1a: Azelf|Azelf, L82|257/257\n|-damage|p1a: Azelf|225/257|[from] Stealth Rock\n|-end|p2a: Iron Boulder|Quark Drive|[silent]\n|switch|p2a: Phione|Phione, L90, tera:Grass|118/290\n|\n|-heal|p2a: Phione|136/290|[from] item: Leftovers\n|upkeep\n|turn|17\n|\n|t:|1718280277\n|switch|p2a: Iron Boulder|Iron Boulder, L77|265/265\n|move|p1a: Azelf|Psychic|p2a: Iron Boulder\n|-resisted|p2a: Iron Boulder\n|-damage|p2a: Iron Boulder|214/265\n|\n|upkeep\n|turn|18\n|\n|t:|1718280303\n|move|p1a: Azelf|Thunderbolt|p2a: Iron Boulder\n|-damage|p2a: Iron Boulder|144/265\n|move|p2a: Iron Boulder|Mighty Cleave|p1a: Azelf\n|-damage|p1a: Azelf|95/257\n|\n|upkeep\n|turn|19\n|\n|t:|1718280307\n|switch|p1a: Kingambit|Kingambit, L74, M|240/270\n|-damage|p1a: Kingambit|224/270|[from] Stealth Rock\n|-activate|p1a: Kingambit|ability: Supreme Overlord\n|-start|p1a: Kingambit|fallen1|[silent]\n|move|p2a: Iron Boulder|Mighty Cleave|p1a: Kingambit\n|-resisted|p1a: Kingambit\n|-damage|p1a: Kingambit|183/270\n|\n|-heal|p1a: Kingambit|199/270|[from] item: Leftovers\n|upkeep\n|turn|20\n|inactive|PTKmoekyuun has 120 seconds left.\n|\n|t:|1718280356\n|-end|p2a: Iron Boulder|Quark Drive|[silent]\n|switch|p2a: Manaphy|Manaphy, L78|284/284\n|move|p1a: Kingambit|Kowtow Cleave|p2a: Manaphy\n|-damage|p2a: Manaphy|182/284\n|\n|-heal|p2a: Manaphy|199/284|[from] item: Leftovers\n|-heal|p1a: Kingambit|215/270|[from] item: Leftovers\n|upkeep\n|turn|21\n|\n|t:|1718280366\n|-end|p1a: Kingambit|fallen1|[silent]\n|switch|p1a: Electrode|Electrode-Hisui, L87|126/246\n|-damage|p1a: Electrode|96/246|[from] Stealth Rock\n|move|p2a: Manaphy|Surf|p1a: Electrode\n|-resisted|p1a: Electrode\n|-damage|p1a: Electrode|48/246\n|\n|-heal|p1a: Electrode|63/246|[from] item: Leftovers\n|-heal|p2a: Manaphy|216/284|[from] item: Leftovers\n|upkeep\n|turn|22\n|inactive|PTKmoekyuun has 120 seconds left.\n|\n|t:|1718280375\n|switch|p1a: Conkeldurr|Conkeldurr, L80, M|187/299 brn\n|-damage|p1a: Conkeldurr|169/299 brn|[from] Stealth Rock\n|switch|p2a: Phione|Phione, L90, tera:Grass|136/290\n|\n|-heal|p2a: Phione|154/290|[from] item: Leftovers\n|-damage|p1a: Conkeldurr|151/299 brn|[from] brn\n|upkeep\n|turn|23\n|inactive|PTKmoekyuun has 120 seconds left.\n|\n|t:|1718280414\n|move|p2a: Phione|Scald|p1a: Conkeldurr\n|-damage|p1a: Conkeldurr|40/299 brn\n|move|p1a: Conkeldurr|Close Combat|p2a: Phione\n|-damage|p2a: Phione|0 fnt\n|-unboost|p1a: Conkeldurr|def|1\n|-unboost|p1a: Conkeldurr|spd|1\n|faint|p2a: Phione\n|\n|-damage|p1a: Conkeldurr|22/299 brn|[from] brn\n|upkeep\n|inactive|PTKmoekyuun has 90 seconds left.\n|\n|t:|1718280433\n|switch|p2a: Iron Valiant|Iron Valiant, L79|247/247\n|turn|24\n|\n|t:|1718280440\n|move|p2a: Iron Valiant|Knock Off|p1a: Conkeldurr\n|-resisted|p1a: Conkeldurr\n|-damage|p1a: Conkeldurr|0 fnt\n|-enditem|p1a: Conkeldurr|Flame Orb|[from] move: Knock Off|[of] p2a: Iron Valiant\n|faint|p1a: Conkeldurr\n|-damage|p2a: Iron Valiant|223/247|[from] item: Life Orb\n|\n|upkeep\n|\n|t:|1718280445\n|switch|p1a: Azelf|Azelf, L82|95/257\n|-damage|p1a: Azelf|63/257|[from] Stealth Rock\n|turn|25\n|\n|t:|1718280448\n|switch|p1a: Electrode|Electrode-Hisui, L87|63/246\n|-damage|p1a: Electrode|33/246|[from] Stealth Rock\n|-end|p2a: Iron Valiant|Quark Drive|[silent]\n|switch|p2a: Iron Boulder|Iron Boulder, L77|144/265\n|\n|-heal|p1a: Electrode|48/246|[from] item: Leftovers\n|upkeep\n|turn|26\n|\n|t:|1718280453\n|-end|p2a: Iron Boulder|Quark Drive|[silent]\n|switch|p2a: Terapagos|Terapagos-Terastal, L76, F|269/269\n|move|p1a: Electrode|Giga Drain|p2a: Terapagos\n|-activate|p2a: Terapagos|ability: Tera Shell\n|-resisted|p2a: Terapagos\n|-damage|p2a: Terapagos|236/269\n|-heal|p1a: Electrode|65/246|[from] drain|[of] p2a: Terapagos\n|\n|-heal|p1a: Electrode|80/246|[from] item: Leftovers\n|upkeep\n|turn|27\n|\n|t:|1718280463\n|switch|p1a: Sneasler|Sneasler, L74, M|240/240\n|-damage|p1a: Sneasler|225/240|[from] Stealth Rock\n|move|p2a: Terapagos|Tera Starstorm|p1a: Sneasler\n|-damage|p1a: Sneasler|89/240\n|\n|upkeep\n|turn|28\n|inactive|PTKmoekyuun has 120 seconds left.\n|\n|t:|1718280490\n|switch|p2a: Iron Boulder|Iron Boulder, L77|144/265\n|move|p1a: Sneasler|Close Combat|p2a: Iron Boulder\n|-damage|p2a: Iron Boulder|2/265\n|-unboost|p1a: Sneasler|def|1\n|-unboost|p1a: Sneasler|spd|1\n|\n|upkeep\n|turn|29\n|inactive|ceru-edge has 120 seconds left.\n|inactive|PTKmoekyuun has 120 seconds left.\n|\n|t:|1718280508\n|move|p2a: Iron Boulder|Close Combat|p1a: Sneasler\n|-resisted|p1a: Sneasler\n|-damage|p1a: Sneasler|0 fnt\n|-unboost|p2a: Iron Boulder|def|1\n|-unboost|p2a: Iron Boulder|spd|1\n|faint|p1a: Sneasler\n|\n|upkeep\n|inactive|ceru-edge has 120 seconds left.\n|\n|t:|1718280520\n|switch|p1a: Electrode|Electrode-Hisui, L87|80/246\n|-damage|p1a: Electrode|50/246|[from] Stealth Rock\n|turn|30\n|\n|t:|1718280531\n|-end|p2a: Iron Boulder|Quark Drive|[silent]\n|switch|p2a: Terapagos|Terapagos-Terastal, L76, F|236/269\n|move|p1a: Electrode|Thunderbolt|p2a: Terapagos\n|-damage|p2a: Terapagos|160/269\n|\n|-heal|p1a: Electrode|65/246|[from] item: Leftovers\n|upkeep\n|turn|31\n|\n|t:|1718280535\n|move|p1a: Electrode|Leech Seed|p2a: Terapagos\n|-start|p2a: Terapagos|move: Leech Seed\n|move|p2a: Terapagos|Tera Starstorm|p1a: Electrode\n|-damage|p1a: Electrode|0 fnt\n|faint|p1a: Electrode\n|\n|upkeep\n|\n|t:|1718280538\n|switch|p1a: Kingambit|Kingambit, L74, M|215/270\n|-damage|p1a: Kingambit|199/270|[from] Stealth Rock\n|-activate|p1a: Kingambit|ability: Supreme Overlord\n|-start|p1a: Kingambit|fallen4|[silent]\n|turn|32\n|\n|t:|1718280543\n|switch|p2a: Manaphy|Manaphy, L78|216/284\n|move|p1a: Kingambit|Swords Dance|p1a: Kingambit\n|-boost|p1a: Kingambit|atk|2\n|\n|-heal|p2a: Manaphy|233/284|[from] item: Leftovers\n|-heal|p1a: Kingambit|215/270|[from] item: Leftovers\n|upkeep\n|turn|33\n|\n|t:|1718280548\n|move|p2a: Manaphy|Surf|p1a: Kingambit\n|-damage|p1a: Kingambit|109/270\n|move|p1a: Kingambit|Kowtow Cleave|p2a: Manaphy\n|-damage|p2a: Manaphy|0 fnt\n|faint|p2a: Manaphy\n|\n|-heal|p1a: Kingambit|125/270|[from] item: Leftovers\n|upkeep\n|\n|t:|1718280570\n|switch|p2a: Iron Valiant|Iron Valiant, L79|223/247\n|turn|34\n|inactive|PTKmoekyuun has 120 seconds left.\n|\n|t:|1718280593\n|-terastallize|p1a: Kingambit|Flying\n|move|p2a: Iron Valiant|Close Combat|p1a: Kingambit\n|-resisted|p1a: Kingambit\n|-crit|p1a: Kingambit\n|-damage|p1a: Kingambit|0 fnt\n|-unboost|p2a: Iron Valiant|def|1\n|-unboost|p2a: Iron Valiant|spd|1\n|faint|p1a: Kingambit\n|-end|p1a: Kingambit|fallen4|[silent]\n|-damage|p2a: Iron Valiant|199/247|[from] item: Life Orb\n|\n|upkeep\n|c|\u2606PTKmoekyuun|:c\n|c|\u2606PTKmoekyuun|mb\n|c|\u2606ceru-edge|classic\n|\n|t:|1718280607\n|switch|p1a: Azelf|Azelf, L82|63/257\n|-damage|p1a: Azelf|31/257|[from] Stealth Rock\n|turn|35\n|\n|t:|1718280611\n|move|p1a: Azelf|Psychic|p2a: Iron Valiant\n|-supereffective|p2a: Iron Valiant\n|-damage|p2a: Iron Valiant|0 fnt\n|faint|p2a: Iron Valiant\n|-end|p2a: Iron Valiant|Quark Drive|[silent]\n|\n|upkeep\n|\n|t:|1718280613\n|switch|p2a: Iron Boulder|Iron Boulder, L77|2/265\n|turn|36\n|\n|t:|1718280615\n|move|p1a: Azelf|Psychic|p2a: Iron Boulder\n|-resisted|p2a: Iron Boulder\n|-damage|p2a: Iron Boulder|0 fnt\n|faint|p2a: Iron Boulder\n|-end|p2a: Iron Boulder|Quark Drive|[silent]\n|\n|upkeep\n|\n|t:|1718280618\n|switch|p2a: Terapagos|Terapagos-Terastal, L76, F|160/269\n|turn|37\n|\n|t:|1718280622\n|move|p1a: Azelf|Psychic|p2a: Terapagos\n|-damage|p2a: Terapagos|61/269\n|move|p2a: Terapagos|Tera Starstorm|p1a: Azelf\n|-damage|p1a: Azelf|0 fnt\n|faint|p1a: Azelf\n|\n|win|PTKmoekyuun\n|raw|ceru-edge's rating: 2499 &rarr; <strong>2475</strong><br />(-24 for losing)\n|raw|PTKmoekyuun's rating: 2425 &rarr; <strong>2449</strong><br />(+24 for winning)\n|l|\u2606PTKmoekyuun\n|player|p2|\n|j| whybad\n|l| whybad\n", "inputlog": ">version e046c5ea766451ca9500a73fe72ec774e92e6f7e\n>start {\"formatid\":\"gen9randombattle\",\"seed\":[36854,45727,18883,3728],\"rated\":\"Rated battle\"}\n>player p1 {\"name\":\"ceru-edge\",\"avatar\":\"hilbert\",\"rating\":2499,\"seed\":[49677,12760,54828,55780]}\n>player p2 {\"name\":\"PTKmoekyuun\",\"avatar\":\"acerola\",\"rating\":2425,\"seed\":[43190,48641,47429,22171]}\n>p1 switch 3\n>p2 switch 5\n>p1 move trick\n>p2 switch 2\n>p1 switch 2\n>p2 move mightycleave\n>p1 switch 5\n>p2 switch 4\n>p1 move calmmind\n>p2 move takeheart\n>p1 move calmmind\n>p2 move grassknot\n>p1 move thunder\n>p2 move grassknot\n>p1 switch 6\n>p2 move grassknot\n>p1 move thunderbolt\n>p2 move takeheart terastallize\n>p1 switch 6\n>p2 move scald\n>p1 switch 3\n>p1 move closecombat\n>p2 switch 2\n>p1 switch 4\n>p2 move ironhead\n>p1 move closecombat\n>p2 move stealthrock\n>p1 move closecombat\n>p2 move ironhead\n>p2 switch 4\n>p1 switch 6\n>p2 move closecombat\n>p1 switch 2\n>p2 switch 2\n>p1 move psychic\n>p2 switch 2\n>p1 move thunderbolt\n>p2 move mightycleave\n>p1 switch 5\n>p2 move mightycleave\n>p1 move kowtowcleave\n>p2 switch 3\n>p1 switch 2\n>p2 move surf\n>p1 switch 6\n>p2 switch 2\n>p1 move closecombat\n>p2 move scald\n>p2 switch 6\n>p1 move facade\n>p2 move knockoff\n>p1 switch 5\n>p1 switch 6\n>p2 switch 3\n>p1 move gigadrain\n>p2 switch 5\n>p1 switch 4\n>p2 move terastarstorm\n>p1 move closecombat\n>p2 switch 5\n>p1 move closecombat\n>p2 move closecombat\n>p1 switch 4\n>p1 move thunderbolt\n>p2 switch 5\n>p1 move leechseed\n>p2 move terastarstorm\n>p1 switch 2\n>p1 move swordsdance\n>p2 switch 2\n>p1 move kowtowcleave\n>p2 move surf\n>p2 switch 3\n>p1 move ironhead terastallize\n>p2 move closecombat\n>chat \u2606PTKmoekyuun|:c\n>chat \u2606PTKmoekyuun|mb\n>chat \u2606ceru-edge|classic\n>p1 switch 6\n>p1 move psychic\n>p2 move closecombat\n>p2 switch 5\n>p1 move psychic\n>p2 move mightycleave\n>p2 switch 2\n>p1 move psychic\n>p2 move terastarstorm", "uploadtime": 1718282677, "views": 258, "formatid": "gen9randombattle", "rating": 2449, "private": 0, "password": null}