{"id": "gen9randombattle-2260362641", "format": "[Gen 9] Random Battle", "players": ["Magikarpitalism", "sadnom!"], "log": "|j|\u2606Magikarpitalism\n|j|\u2606sadnom!\n|t:|1733844127\n|gametype|singles\n|player|p1|Magikarpitalism|adaman|2178\n|player|p2|sadnom!|lucas|2208\n|teamsize|p1|6\n|teamsize|p2|6\n|gen|9\n|tier|[Gen 9] Random Battle\n|rated|\n|rule|Species Clause: Limit one of each Pok\u00e9mon\n|rule|HP Percentage Mod: HP is shown in percentages\n|rule|Sleep Clause Mod: Limit one foe put to sleep\n|rule|Illusion Level Mod: Illusion disguises the Pok\u00e9mon's true level\n|\n|t:|1733844127\n|start\n|switch|p1a: Cetitan|Cetitan, L82, F|412/412\n|switch|p2a: Whimsicott|Whimsicott, L85, F|241/241\n|turn|1\n|inactive|Battle timer is ON: inactive players will automatically lose when time's up. (requested by sadnom!)\n|\n|t:|1733844153\n|-terastallize|p2a: Whimsicott|Steel\n|move|p2a: Whimsicott|Leech Seed|p1a: Cetitan\n|-start|p1a: Cetitan|move: Leech Seed\n|move|p1a: Cetitan|Belly Drum|p1a: Cetitan\n|-damage|p1a: Cetitan|206/412\n|-setboost|p1a: Cetitan|atk|6|[from] move: Belly Drum\n|-enditem|p1a: Cetitan|Sitrus Berry|[eat]\n|-heal|p1a: Cetitan|309/412|[from] item: Sitrus Berry\n|\n|-damage|p1a: Cetitan|258/412|[from] Leech Seed|[of] p2a: Whimsicott\n|upkeep\n|turn|2\n|\n|t:|1733844161\n|move|p2a: Whimsicott|Substitute|p2a: Whimsicott\n|-start|p2a: Whimsicott|Substitute\n|-damage|p2a: Whimsicott|181/241\n|move|p1a: Cetitan|Earthquake|p2a: Whimsicott\n|-supereffective|p2a: Whimsicott\n|-end|p2a: Whimsicott|Substitute\n|\n|-heal|p2a: Whimsicott|196/241|[from] item: Leftovers\n|-damage|p1a: Cetitan|207/412|[from] Leech Seed|[of] p2a: Whimsicott\n|-heal|p2a: Whimsicott|241/241|[silent]\n|upkeep\n|turn|3\n|\n|t:|1733844167\n|move|p2a: Whimsicott|Substitute|p2a: Whimsicott\n|-start|p2a: Whimsicott|Substitute\n|-damage|p2a: Whimsicott|181/241\n|move|p1a: Cetitan|Earthquake|p2a: Whimsicott\n|-supereffective|p2a: Whimsicott\n|-end|p2a: Whimsicott|Substitute\n|\n|-heal|p2a: Whimsicott|196/241|[from] item: Leftovers\n|-damage|p1a: Cetitan|156/412|[from] Leech Seed|[of] p2a: Whimsicott\n|-heal|p2a: Whimsicott|241/241|[silent]\n|upkeep\n|turn|4\n|\n|t:|1733844169\n|move|p2a: Whimsicott|Substitute|p2a: Whimsicott\n|-start|p2a: Whimsicott|Substitute\n|-damage|p2a: Whimsicott|181/241\n|move|p1a: Cetitan|Earthquake|p2a: Whimsicott\n|-supereffective|p2a: Whimsicott\n|-end|p2a: Whimsicott|Substitute\n|\n|-heal|p2a: Whimsicott|196/241|[from] item: Leftovers\n|-damage|p1a: Cetitan|105/412|[from] Leech Seed|[of] p2a: Whimsicott\n|-heal|p2a: Whimsicott|241/241|[silent]\n|upkeep\n|turn|5\n|\n|t:|1733844171\n|move|p2a: Whimsicott|Substitute|p2a: Whimsicott\n|-start|p2a: Whimsicott|Substitute\n|-damage|p2a: Whimsicott|181/241\n|move|p1a: Cetitan|Earthquake|p2a: Whimsicott\n|-supereffective|p2a: Whimsicott\n|-end|p2a: Whimsicott|Substitute\n|\n|-heal|p2a: Whimsicott|196/241|[from] item: Leftovers\n|-damage|p1a: Cetitan|54/412|[from] Leech Seed|[of] p2a: Whimsicott\n|-heal|p2a: Whimsicott|241/241|[silent]\n|upkeep\n|turn|6\n|\n|t:|1733844174\n|move|p2a: Whimsicott|Substitute|p2a: Whimsicott\n|-start|p2a: Whimsicott|Substitute\n|-damage|p2a: Whimsicott|181/241\n|move|p1a: Cetitan|Ice Shard|p2a: Whimsicott\n|-resisted|p2a: Whimsicott\n|-end|p2a: Whimsicott|Substitute\n|\n|-heal|p2a: Whimsicott|196/241|[from] item: Leftovers\n|-damage|p1a: Cetitan|3/412|[from] Leech Seed|[of] p2a: Whimsicott\n|-heal|p2a: Whimsicott|241/241|[silent]\n|upkeep\n|turn|7\n|\n|t:|1733844178\n|move|p2a: Whimsicott|Substitute|p2a: Whimsicott\n|-start|p2a: Whimsicott|Substitute\n|-damage|p2a: Whimsicott|181/241\n|move|p1a: Cetitan|Ice Shard|p2a: Whimsicott\n|-resisted|p2a: Whimsicott\n|-end|p2a: Whimsicott|Substitute\n|\n|-heal|p2a: Whimsicott|196/241|[from] item: Leftovers\n|-damage|p1a: Cetitan|0 fnt|[from] Leech Seed|[of] p2a: Whimsicott\n|-heal|p2a: Whimsicott|199/241|[silent]\n|faint|p1a: Cetitan\n|upkeep\n|\n|t:|1733844183\n|switch|p1a: Okidogi|Okidogi, L77, M|262/262\n|turn|8\n|\n|t:|1733844189\n|switch|p2a: Salamence|Salamence, L77, M|273/273\n|-ability|p2a: Salamence|Intimidate|boost\n|-unboost|p1a: Okidogi|atk|1\n|move|p1a: Okidogi|Drain Punch|p2a: Salamence\n|-resisted|p2a: Salamence\n|-damage|p2a: Salamence|241/273\n|\n|upkeep\n|turn|9\n|\n|t:|1733844195\n|switch|p1a: Toucannon|Toucannon, L88, F|284/284\n|move|p2a: Salamence|Dragon Dance|p2a: Salamence\n|-boost|p2a: Salamence|atk|1\n|-boost|p2a: Salamence|spe|1\n|\n|upkeep\n|turn|10\n|\n|t:|1733844206\n|-singleturn|p1a: Toucannon|move: Beak Blast\n|move|p2a: Salamence|Dragon Dance|p2a: Salamence\n|-boost|p2a: Salamence|atk|1\n|-boost|p2a: Salamence|spe|1\n|move|p1a: Toucannon|Beak Blast|p2a: Salamence\n|-crit|p2a: Salamence\n|-damage|p2a: Salamence|0 fnt\n|faint|p2a: Salamence\n|\n|upkeep\n|\n|t:|1733844217\n|switch|p2a: Kyogre|Kyogre, L71|259/259\n|-weather|RainDance|[from] ability: Drizzle|[of] p2a: Kyogre\n|turn|11\n|\n|t:|1733844223\n|switch|p1a: Exeggutor|Exeggutor-Alola, L89, F|314/314\n|-item|p2a: Kyogre|Choice Scarf|[from] ability: Frisk|[of] p1a: Exeggutor\n|move|p2a: Kyogre|Water Spout|p1a: Exeggutor\n|-resisted|p1a: Exeggutor\n|-damage|p1a: Exeggutor|244/314\n|\n|-weather|RainDance|[upkeep]\n|upkeep\n|turn|12\n|\n|t:|1733844231\n|switch|p2a: Whimsicott|Whimsicott, L85, F, tera:Steel|199/241\n|move|p1a: Exeggutor|Draco Meteor|p2a: Whimsicott\n|-resisted|p2a: Whimsicott\n|-damage|p2a: Whimsicott|40/241\n|-unboost|p1a: Exeggutor|spa|2\n|\n|-weather|RainDance|[upkeep]\n|-heal|p2a: Whimsicott|55/241|[from] item: Leftovers\n|upkeep\n|turn|13\n|\n|t:|1733844237\n|switch|p1a: Basculegion|Basculegion, L81, M|327/327\n|move|p2a: Whimsicott|Hurricane|p1a: Basculegion\n|-damage|p1a: Basculegion|275/327\n|\n|-weather|RainDance|[upkeep]\n|-heal|p2a: Whimsicott|70/241|[from] item: Leftovers\n|upkeep\n|turn|14\n|\n|t:|1733844255\n|move|p2a: Whimsicott|Substitute|p2a: Whimsicott\n|-start|p2a: Whimsicott|Substitute\n|-damage|p2a: Whimsicott|10/241\n|move|p1a: Basculegion|Flip Turn|p2a: Whimsicott\n|-end|p2a: Whimsicott|Substitute\n|\n|t:|1733844261\n|switch|p1a: Cyclizar|Cyclizar, L83, F|252/252|[from] Flip Turn\n|\n|-weather|RainDance|[upkeep]\n|-heal|p2a: Whimsicott|25/241|[from] item: Leftovers\n|upkeep\n|turn|15\n|\n|t:|1733844266\n|move|p1a: Cyclizar|Draco Meteor|p2a: Whimsicott\n|-resisted|p2a: Whimsicott\n|-damage|p2a: Whimsicott|0 fnt\n|-unboost|p1a: Cyclizar|spa|2\n|faint|p2a: Whimsicott\n|\n|-weather|none\n|upkeep\n|inactive|sadnom! has 120 seconds left.\n|\n|t:|1733844298\n|switch|p2a: Deoxys|Deoxys-Speed, L82|216/216\n|-ability|p2a: Deoxys|Pressure\n|turn|16\n|inactive|sadnom! has 120 seconds left.\n|\n|t:|1733844314\n|switch|p1a: Basculegion|Basculegion, L81, M|275/327\n|move|p2a: Deoxys|Knock Off|p1a: Basculegion\n|-supereffective|p1a: Basculegion\n|-damage|p1a: Basculegion|67/327\n|-enditem|p1a: Basculegion|Assault Vest|[from] move: Knock Off|[of] p2a: Deoxys\n|-damage|p2a: Deoxys|195/216|[from] item: Life Orb\n|\n|upkeep\n|turn|17\n|inactive|sadnom! has 120 seconds left.\n|\n|t:|1733844326\n|move|p1a: Basculegion|Aqua Jet|p2a: Deoxys\n|-damage|p2a: Deoxys|135/216\n|move|p2a: Deoxys|Knock Off|p1a: Basculegion\n|-supereffective|p1a: Basculegion\n|-damage|p1a: Basculegion|0 fnt\n|faint|p1a: Basculegion\n|-damage|p2a: Deoxys|114/216|[from] item: Life Orb\n|\n|upkeep\n|\n|t:|1733844344\n|switch|p1a: Toucannon|Toucannon, L88, F|284/284\n|turn|18\n|inactive|sadnom! has 120 seconds left.\n|\n|t:|1733844363\n|switch|p2a: Dudunsparce|Dudunsparce-Three-Segment, L83, F|343/343\n|move|p1a: Toucannon|Boomburst|p2a: Dudunsparce\n|-damage|p2a: Dudunsparce|187/343\n|\n|-heal|p2a: Dudunsparce|208/343|[from] item: Leftovers\n|upkeep\n|turn|19\n|inactive|sadnom! has 120 seconds left.\n|\n|t:|1733844372\n|move|p1a: Toucannon|U-turn|p2a: Dudunsparce\n|-damage|p2a: Dudunsparce|132/343\n|-ability|p2a: Dudunsparce|Rattled|boost\n|-boost|p2a: Dudunsparce|spe|1\n|\n|t:|1733844381\n|switch|p1a: Okidogi|Okidogi, L77, M|262/262|[from] U-turn\n|move|p2a: Dudunsparce|Boomburst|p1a: Okidogi\n|-damage|p1a: Okidogi|115/262\n|\n|-heal|p2a: Dudunsparce|153/343|[from] item: Leftovers\n|-heal|p1a: Okidogi|131/262|[from] item: Leftovers\n|upkeep\n|turn|20\n|\n|t:|1733844389\n|move|p2a: Dudunsparce|Boomburst|p1a: Okidogi\n|-damage|p1a: Okidogi|0 fnt\n|faint|p1a: Okidogi\n|\n|-heal|p2a: Dudunsparce|174/343|[from] item: Leftovers\n|upkeep\n|\n|t:|1733844393\n|switch|p1a: Exeggutor|Exeggutor-Alola, L89, F|244/314\n|-item|p2a: Dudunsparce|Leftovers|[from] ability: Frisk|[of] p1a: Exeggutor\n|turn|21\n|\n|t:|1733844404\n|move|p2a: Dudunsparce|Boomburst|p1a: Exeggutor\n|-damage|p1a: Exeggutor|112/314\n|move|p1a: Exeggutor|Giga Drain|p2a: Dudunsparce\n|-damage|p2a: Dudunsparce|5/343\n|-heal|p1a: Exeggutor|197/314|[from] drain|[of] p2a: Dudunsparce\n|\n|-heal|p2a: Dudunsparce|26/343|[from] item: Leftovers\n|upkeep\n|turn|22\n|\n|t:|1733844415\n|switch|p1a: Cyclizar|Cyclizar, L83, F|252/252\n|move|p2a: Dudunsparce|Boomburst|p1a: Cyclizar\n|-damage|p1a: Cyclizar|78/252\n|\n|-heal|p2a: Dudunsparce|47/343|[from] item: Leftovers\n|upkeep\n|turn|23\n|\n|t:|1733844423\n|move|p1a: Cyclizar|Rapid Spin|p2a: Dudunsparce\n|-damage|p2a: Dudunsparce|0 fnt\n|-boost|p1a: Cyclizar|spe|1\n|faint|p2a: Dudunsparce\n|\n|upkeep\n|inactive|sadnom! has 120 seconds left.\n|\n|t:|1733844453\n|switch|p2a: Kyogre|Kyogre, L71|259/259\n|-weather|RainDance|[from] ability: Drizzle|[of] p2a: Kyogre\n|turn|24\n|\n|t:|1733844460\n|move|p1a: Cyclizar|Draco Meteor|p2a: Kyogre\n|-damage|p2a: Kyogre|165/259\n|-unboost|p1a: Cyclizar|spa|2\n|move|p2a: Kyogre|Ice Beam|p1a: Cyclizar\n|-supereffective|p1a: Cyclizar\n|-damage|p1a: Cyclizar|0 fnt\n|faint|p1a: Cyclizar\n|\n|-weather|RainDance|[upkeep]\n|upkeep\n|\n|t:|1733844471\n|switch|p1a: Exeggutor|Exeggutor-Alola, L89, F|197/314\n|-item|p2a: Kyogre|Choice Scarf|[from] ability: Frisk|[of] p1a: Exeggutor\n|turn|25\n|\n|t:|1733844481\n|switch|p2a: Roaring Moon|Roaring Moon, L72|270/270\n|switch|p1a: Toucannon|Toucannon, L88, F|284/284\n|\n|-weather|RainDance|[upkeep]\n|upkeep\n|turn|26\n|\n|t:|1733844506\n|-end|p2a: Roaring Moon|Protosynthesis|[silent]\n|switch|p2a: Kyogre|Kyogre, L71|165/259\n|-singleturn|p1a: Toucannon|move: Beak Blast\n|move|p1a: Toucannon|Beak Blast|p2a: Kyogre\n|-damage|p2a: Kyogre|11/259\n|\n|-weather|RainDance|[upkeep]\n|upkeep\n|turn|27\n|\n|t:|1733844532\n|-terastallize|p1a: Toucannon|Steel\n|move|p2a: Kyogre|Ice Beam|p1a: Toucannon\n|-resisted|p1a: Toucannon\n|-damage|p1a: Toucannon|247/284\n|move|p1a: Toucannon|Boomburst|p2a: Kyogre\n|-damage|p2a: Kyogre|0 fnt\n|faint|p2a: Kyogre\n|\n|-weather|RainDance|[upkeep]\n|upkeep\n|inactive|sadnom! has 120 seconds left.\n|\n|t:|1733844546\n|switch|p2a: Deoxys|Deoxys-Speed, L82|114/216\n|-ability|p2a: Deoxys|Pressure\n|turn|28\n|\n|t:|1733844561\n|-singleturn|p1a: Toucannon|move: Beak Blast\n|move|p2a: Deoxys|Superpower|p1a: Toucannon\n|-supereffective|p1a: Toucannon\n|-damage|p1a: Toucannon|26/284\n|-status|p2a: Deoxys|brn\n|-unboost|p2a: Deoxys|atk|1\n|-unboost|p2a: Deoxys|def|1\n|-damage|p2a: Deoxys|93/216 brn|[from] item: Life Orb\n|move|p1a: Toucannon|Beak Blast|p2a: Deoxys\n|-damage|p2a: Deoxys|0 fnt\n|faint|p2a: Deoxys\n|\n|-weather|none\n|upkeep\n|\n|t:|1733844566\n|switch|p2a: Roaring Moon|Roaring Moon, L72|270/270\n|turn|29\n|\n|t:|1733844578\n|-singleturn|p1a: Toucannon|move: Beak Blast\n|move|p2a: Roaring Moon|Outrage|p1a: Toucannon\n|-resisted|p1a: Toucannon\n|-damage|p1a: Toucannon|0 fnt\n|-status|p2a: Roaring Moon|brn\n|faint|p1a: Toucannon\n|\n|-damage|p2a: Roaring Moon|254/270 brn|[from] brn\n|upkeep\n|\n|t:|1733844587\n|switch|p1a: Exeggutor|Exeggutor-Alola, L89, F|197/314\n|-item|p2a: Roaring Moon|Choice Band|[from] ability: Frisk|[of] p1a: Exeggutor\n|turn|30\n|\n|t:|1733844603\n|move|p2a: Roaring Moon|Outrage|p1a: Exeggutor|[from]lockedmove\n|-supereffective|p1a: Exeggutor\n|-damage|p1a: Exeggutor|17/314\n|-start|p2a: Roaring Moon|confusion|[fatigue]\n|move|p1a: Exeggutor|Draco Meteor|p2a: Roaring Moon\n|-supereffective|p2a: Roaring Moon\n|-damage|p2a: Roaring Moon|0 fnt\n|-unboost|p1a: Exeggutor|spa|2\n|faint|p2a: Roaring Moon\n|-end|p2a: Roaring Moon|Protosynthesis|[silent]\n|\n|win|Magikarpitalism\n|raw|Magikarpitalism's rating: 2155 &rarr; <strong>2178</strong><br />(+23 for winning)\n|raw|sadnom!'s rating: 2208 &rarr; <strong>2185</strong><br />(-23 for losing)\n|l|\u2606sadnom!\n|player|p2|\n", "inputlog": ">version bfd83cad13791eb5a5a409923076391caf6fb4d4\n>start {\"formatid\":\"gen9randombattle\",\"seed\":[16852,20478,29484,63563],\"rated\":\"Rated battle\"}\n>player p1 {\"name\":\"Magikarpitalism\",\"avatar\":\"adaman\",\"rating\":2178,\"seed\":[19745,30522,50842,51751]}\n>player p2 {\"name\":\"sadnom!\",\"avatar\":\"lucas\",\"rating\":2208,\"seed\":[21909,50850,63973,57794]}\n>p1 move bellydrum\n>p2 move leechseed terastallize\n>p1 move earthquake\n>p2 move substitute\n>p1 move earthquake\n>p2 move substitute\n>p1 move earthquake\n>p2 move substitute\n>p1 move earthquake\n>p2 move substitute\n>p1 move iceshard\n>p2 move substitute\n>p1 move iceshard\n>p2 move substitute\n>p1 switch 5\n>p1 move drainpunch\n>p2 switch 4\n>p1 switch 3\n>p2 move dragondance\n>p1 move beakblast\n>p2 move dragondance\n>p2 switch 5\n>p1 switch 2\n>p2 move waterspout\n>p1 move dracometeor\n>p2 switch 4\n>p1 switch 4\n>p2 move hurricane\n>p1 move flipturn\n>p2 move substitute\n>p1 switch 6\n>p1 move dracometeor\n>p2 move moonblast\n>p2 switch 2\n>p1 switch 6\n>p2 move knockoff\n>p1 move aquajet\n>p2 move knockoff\n>p1 switch 2\n>p1 move boomburst\n>p2 switch 6\n>p1 move uturn\n>p2 move boomburst\n>p1 switch 3\n>p1 move drainpunch\n>p2 move boomburst\n>p1 switch 4\n>p1 move gigadrain\n>p2 move boomburst\n>p1 switch 6\n>p2 move boomburst\n>p1 move rapidspin\n>p2 move boomburst\n>p2 switch 4\n>p1 move dracometeor\n>p2 move icebeam\n>p1 switch 6\n>p1 switch 3\n>p2 switch 3\n>p1 move beakblast\n>p2 switch 3\n>p1 move boomburst terastallize\n>p2 move icebeam\n>p2 switch 6\n>p1 move beakblast\n>p2 move superpower\n>p2 switch 3\n>p1 move beakblast\n>p2 move outrage\n>p1 switch 3\n>p1 move dracometeor\n>p2 move outrage", "uploadtime": 1733844608, "views": 1, "formatid": "gen9randombattle", "rating": 2178, "private": 0, "password": null}