{"id": "gen9randombattle-2260430026", "format": "[Gen 9] Random Battle", "players": ["KH FH KH CH c", "Shshshauauaaau"], "log": "|j|\u2606KH FH KH CH c\n|j|\u2606Shshshauauaaau\n|t:|1733850833\n|gametype|singles\n|player|p1|KH FH KH CH c|1|1000\n|player|p2|Shshshauauaaau|266|1000\n|teamsize|p1|6\n|teamsize|p2|6\n|gen|9\n|tier|[Gen 9] Random Battle\n|rated|\n|rule|Species Clause: Limit one of each Pok\u00e9mon\n|rule|HP Percentage Mod: HP is shown in percentages\n|rule|Sleep Clause Mod: Limit one foe put to sleep\n|rule|Illusion Level Mod: Illusion disguises the Pok\u00e9mon's true level\n|\n|t:|1733850833\n|start\n|switch|p1a: Beartic|Beartic, L91, F|321/321\n|switch|p2a: Ambipom|Ambipom, L84, F|263/263\n|turn|1\n|inactive|Battle timer is ON: inactive players will automatically lose when time's up. (requested by Shshshauauaaau)\n|\n|t:|1733850841\n|move|p2a: Ambipom|U-turn|p1a: Beartic\n|-damage|p1a: Beartic|242/321\n|\n|t:|1733850849\n|switch|p2a: Oricorio|Oricorio, L84, M|263/263|[from] U-turn\n|move|p1a: Beartic|Icicle Crash|p2a: Oricorio\n|-damage|p2a: Oricorio|112/263\n|\n|upkeep\n|turn|2\n|\n|t:|1733850857\n|move|p1a: Beartic|Aqua Jet|p2a: Oricorio\n|-supereffective|p2a: Oricorio\n|-damage|p2a: Oricorio|4/263\n|move|p2a: Oricorio|Revelation Dance|p1a: Beartic\n|-supereffective|p1a: Beartic\n|-damage|p1a: Beartic|62/321\n|\n|upkeep\n|turn|3\n|\n|t:|1733850862\n|switch|p2a: Cryogonal|Cryogonal, L89|287/287\n|move|p1a: Beartic|Aqua Jet|p2a: Cryogonal\n|-damage|p2a: Cryogonal|225/287\n|\n|upkeep\n|turn|4\n|\n|t:|1733850892\n|move|p2a: Cryogonal|Freeze-Dry|p1a: Beartic\n|-resisted|p1a: Beartic\n|-damage|p1a: Beartic|19/321\n|move|p1a: Beartic|Icicle Crash|p2a: Cryogonal\n|-resisted|p2a: Cryogonal\n|-damage|p2a: Cryogonal|132/287\n|\n|upkeep\n|turn|5\n|\n|t:|1733850900\n|move|p1a: Beartic|Aqua Jet|p2a: Cryogonal\n|-damage|p2a: Cryogonal|74/287\n|move|p2a: Cryogonal|Freeze-Dry|p1a: Beartic\n|-resisted|p1a: Beartic\n|-damage|p1a: Beartic|0 fnt\n|faint|p1a: Beartic\n|\n|upkeep\n|\n|t:|1733850909\n|switch|p1a: Wugtrio|Wugtrio, L91, F|212/212\n|turn|6\n|\n|t:|1733850922\n|move|p1a: Wugtrio|Liquidation|p2a: Cryogonal\n|-damage|p2a: Cryogonal|0 fnt\n|faint|p2a: Cryogonal\n|\n|upkeep\n|\n|t:|1733850929\n|switch|p2a: Pawmot|Pawmot, L80, F|243/243\n|turn|7\n|\n|t:|1733850937\n|move|p1a: Wugtrio|Liquidation|p2a: Pawmot\n|-damage|p2a: Pawmot|48/243\n|-unboost|p2a: Pawmot|def|1\n|move|p2a: Pawmot|Double Shock|p1a: Wugtrio\n|-supereffective|p1a: Wugtrio\n|-damage|p1a: Wugtrio|0 fnt\n|-start|p2a: Pawmot|typechange|???/Fighting|[from] move: Double Shock\n|-ability|p1a: Wugtrio|Gooey\n|-unboost|p2a: Pawmot|spe|1\n|faint|p1a: Wugtrio\n|-damage|p2a: Pawmot|24/243|[from] item: Life Orb\n|\n|upkeep\n|\n|t:|1733850944\n|switch|p1a: Iron Boulder|Iron Boulder, L77|265/265\n|turn|8\n|\n|t:|1733850959\n|move|p1a: Iron Boulder|Mighty Cleave|p2a: Pawmot\n|-resisted|p2a: Pawmot\n|-crit|p2a: Pawmot\n|-damage|p2a: Pawmot|0 fnt\n|faint|p2a: Pawmot\n|-damage|p1a: Iron Boulder|239/265|[from] item: Life Orb\n|\n|upkeep\n|\n|t:|1733850965\n|switch|p2a: Falinks|Falinks, L84|246/246\n|turn|9\n|\n|t:|1733850972\n|move|p1a: Iron Boulder|Zen Headbutt|p2a: Falinks\n|-supereffective|p2a: Falinks\n|-damage|p2a: Falinks|41/246\n|-damage|p1a: Iron Boulder|213/265|[from] item: Life Orb\n|move|p2a: Falinks|No Retreat|p2a: Falinks\n|-boost|p2a: Falinks|atk|1\n|-boost|p2a: Falinks|def|1\n|-boost|p2a: Falinks|spa|1\n|-boost|p2a: Falinks|spd|1\n|-boost|p2a: Falinks|spe|1\n|-start|p2a: Falinks|move: No Retreat\n|\n|upkeep\n|turn|10\n|\n|t:|1733850994\n|-end|p1a: Iron Boulder|Quark Drive|[silent]\n|switch|p1a: Yanmega|Yanmega, L82, F|275/275\n|move|p2a: Falinks|Close Combat|p1a: Yanmega\n|-resisted|p1a: Yanmega\n|-crit|p1a: Yanmega\n|-damage|p1a: Yanmega|171/275\n|-unboost|p2a: Falinks|def|1\n|-unboost|p2a: Falinks|spd|1\n|-damage|p2a: Falinks|17/246|[from] item: Life Orb\n|\n|upkeep\n|turn|11\n|\n|t:|1733851009\n|move|p2a: Falinks|Knock Off|p1a: Yanmega\n|-damage|p1a: Yanmega|19/275\n|-enditem|p1a: Yanmega|Choice Specs|[from] move: Knock Off|[of] p2a: Falinks\n|-damage|p2a: Falinks|0 fnt|[from] item: Life Orb\n|faint|p2a: Falinks\n|move|p1a: Yanmega|Bug Buzz|p2: Falinks|[notarget]\n|-fail|p1a: Yanmega\n|\n|upkeep\n|\n|t:|1733851017\n|switch|p2a: Ambipom|Ambipom, L84, F|263/263\n|turn|12\n|\n|t:|1733851022\n|move|p2a: Ambipom|U-turn|p1a: Yanmega\n|-resisted|p1a: Yanmega\n|-damage|p1a: Yanmega|0 fnt\n|faint|p1a: Yanmega\n|\n|t:|1733851042\n|switch|p2a: Oricorio|Oricorio, L84, M|4/263|[from] U-turn\n|\n|upkeep\n|\n|t:|1733851056\n|switch|p1a: Kyurem|Kyurem-White, L73|303/303\n|-ability|p1a: Kyurem|Turboblaze\n|turn|13\n|\n|t:|1733851065\n|move|p1a: Kyurem|Ice Beam|p2a: Oricorio\n|-damage|p2a: Oricorio|0 fnt\n|faint|p2a: Oricorio\n|\n|upkeep\n|\n|t:|1733851067\n|switch|p2a: Chien-Pao|Chien-Pao, L72|234/234\n|-ability|p2a: Chien-Pao|Sword of Ruin\n|turn|14\n|\n|t:|1733851080\n|switch|p1a: Iron Boulder|Iron Boulder, L77|213/265\n|move|p2a: Chien-Pao|Sacred Sword|p1a: Iron Boulder\n|-damage|p1a: Iron Boulder|78/265\n|\n|upkeep\n|turn|15\n|\n|t:|1733851095\n|-terastallize|p2a: Chien-Pao|Fighting\n|move|p1a: Iron Boulder|Mighty Cleave|p2a: Chien-Pao\n|-resisted|p2a: Chien-Pao\n|-damage|p2a: Chien-Pao|156/234\n|-damage|p1a: Iron Boulder|52/265|[from] item: Life Orb\n|move|p2a: Chien-Pao|Sacred Sword|p1a: Iron Boulder\n|-damage|p1a: Iron Boulder|0 fnt\n|faint|p1a: Iron Boulder\n|-end|p1a: Iron Boulder|Quark Drive|[silent]\n|\n|upkeep\n|\n|t:|1733851105\n|switch|p1a: Falinks|Falinks, L84|246/246\n|turn|16\n|\n|t:|1733851116\n|move|p2a: Chien-Pao|Sacred Sword|p1a: Falinks\n|-damage|p1a: Falinks|90/246\n|move|p1a: Falinks|No Retreat|p1a: Falinks\n|-boost|p1a: Falinks|atk|1\n|-boost|p1a: Falinks|def|1\n|-boost|p1a: Falinks|spa|1\n|-boost|p1a: Falinks|spd|1\n|-boost|p1a: Falinks|spe|1\n|-start|p1a: Falinks|move: No Retreat\n|\n|upkeep\n|turn|17\n|\n|t:|1733851127\n|move|p1a: Falinks|Close Combat|p2a: Chien-Pao\n|-damage|p2a: Chien-Pao|0 fnt\n|-unboost|p1a: Falinks|def|1\n|-unboost|p1a: Falinks|spd|1\n|faint|p2a: Chien-Pao\n|-damage|p1a: Falinks|66/246|[from] item: Life Orb\n|\n|upkeep\n|n|\u2606Shshshauauaaau|shshshauauaaau\n|c|\u2606Shshshauauaaau|Go to hell\n|inactive|Shshshauauaaau has 120 seconds left.\n|c|\u2606Shshshauauaaau|piece of shit\n|c|\u2606Shshshauauaaau|aashole\n|c|\u2606Shshshauauaaau|u suck\n|c|\u2606Shshshauauaaau|trash\n|-message|Shshshauauaaau forfeited.\n|\n|win|KH FH KH CH c\n", "inputlog": ">version bfd83cad13791eb5a5a409923076391caf6fb4d4\n>start {\"formatid\":\"gen9randombattle\",\"seed\":[29675,54852,40883,33444],\"rated\":\"Rated battle\"}\n>player p1 {\"name\":\"KH FH KH CH c\",\"avatar\":\"1\",\"rating\":1000,\"seed\":[19780,11504,25551,59978]}\n>player p2 {\"name\":\"Shshshauauaaau\",\"avatar\":\"266\",\"rating\":1000,\"seed\":[6935,63381,3848,61510]}\n>p1 move iciclecrash\n>p2 move uturn\n>p2 switch 4\n>p1 move aquajet\n>p2 move revelationdance\n>p1 move aquajet\n>p2 switch 3\n>p1 move iciclecrash\n>p2 move freezedry\n>p1 move aquajet\n>p2 move freezedry\n>p1 switch 6\n>p1 move liquidation\n>p2 move freezedry\n>p2 switch 2\n>p1 move liquidation\n>p2 move doubleshock\n>p1 switch 2\n>p1 move mightycleave\n>p2 move closecombat\n>p2 switch 5\n>p1 move zenheadbutt\n>p2 move noretreat\n>p1 switch 4\n>p2 move closecombat\n>p1 move bugbuzz\n>p2 move knockoff\n>p2 switch 4\n>p1 move bugbuzz\n>p2 move uturn\n>p2 switch 3\n>p1 switch 3\n>p1 move icebeam\n>p2 move quiverdance\n>p2 switch 6\n>p1 switch 4\n>p2 move sacredsword\n>p1 move mightycleave\n>p2 move sacredsword terastallize\n>p1 switch 5\n>p1 move noretreat\n>p2 move sacredsword\n>p1 move closecombat\n>p2 move sacredsword\n>chat \u2606Shshshauauaaau|Go to hell\n>chat \u2606Shshshauauaaau|piece of shit\n>chat \u2606Shshshauauaaau|aashole\n>chat \u2606Shshshauauaaau|u suck\n>chat \u2606Shshshauauaaau|trash\n>forcelose p2", "uploadtime": 1733851156, "views": 1, "formatid": "gen9randombattle", "rating": null, "private": 0, "password": null}