{"id": "gen9randombattle-2260687790", "format": "[Gen 9] Random Battle", "players": ["MunchyAxolotls", "daphne fruit"], "log": "|j|\u203dMunchyAxolotls\n|j|\u203ddaphne fruit\n|t:|1733878547\n|gametype|singles\n|player|p1|MunchyAxolotls|lillie-masters2|2055\n|player|p2|daphne fruit|unknown|2138\n|teamsize|p1|6\n|teamsize|p2|6\n|gen|9\n|tier|[Gen 9] Random Battle\n|rated|\n|rule|Species Clause: Limit one of each Pok\u00e9mon\n|rule|HP Percentage Mod: HP is shown in percentages\n|rule|Sleep Clause Mod: Limit one foe put to sleep\n|rule|Illusion Level Mod: Illusion disguises the Pok\u00e9mon's true level\n|\n|t:|1733878547\n|start\n|switch|p1a: Empoleon|Empoleon, L84, M|278/278\n|switch|p2a: Milotic|Milotic, L83, M|293/293\n|turn|1\n|inactive|Battle timer is ON: inactive players will automatically lose when time's up. (requested by MunchyAxolotls)\n|\n|t:|1733878563\n|move|p2a: Milotic|Scald|p1a: Empoleon\n|-resisted|p1a: Empoleon\n|-damage|p1a: Empoleon|239/278\n|move|p1a: Empoleon|Knock Off|p2a: Milotic\n|-damage|p2a: Milotic|220/293\n|-enditem|p2a: Milotic|Leftovers|[from] move: Knock Off|[of] p1a: Empoleon\n|\n|-heal|p1a: Empoleon|256/278|[from] item: Leftovers\n|upkeep\n|turn|2\n|\n|t:|1733878575\n|switch|p1a: Altaria|Altaria, L88, F|275/275\n|move|p2a: Milotic|Scald|p1a: Altaria\n|-resisted|p1a: Altaria\n|-damage|p1a: Altaria|239/275\n|-status|p1a: Altaria|brn\n|\n|-damage|p1a: Altaria|222/275 brn|[from] brn\n|upkeep\n|turn|3\n|\n|t:|1733878580\n|-curestatus|p1a: Altaria|brn|[from] ability: Natural Cure\n|switch|p1a: Empoleon|Empoleon, L84, M|256/278\n|move|p2a: Milotic|Ice Beam|p1a: Empoleon\n|-resisted|p1a: Empoleon\n|-damage|p1a: Empoleon|243/278\n|\n|-heal|p1a: Empoleon|260/278|[from] item: Leftovers\n|upkeep\n|turn|4\n|\n|t:|1733878600\n|move|p2a: Milotic|Scald|p1a: Empoleon\n|-resisted|p1a: Empoleon\n|-damage|p1a: Empoleon|225/278\n|-status|p1a: Empoleon|brn\n|move|p1a: Empoleon|Roar|p2a: Milotic\n|drag|p2a: Brute Bonnet|Brute Bonnet, L81|312/312\n|\n|-heal|p1a: Empoleon|242/278 brn|[from] item: Leftovers\n|-damage|p1a: Empoleon|225/278 brn|[from] brn\n|upkeep\n|turn|5\n|\n|t:|1733878610\n|move|p1a: Empoleon|Knock Off|p2a: Brute Bonnet\n|-resisted|p2a: Brute Bonnet\n|-damage|p2a: Brute Bonnet|297/312\n|-enditem|p2a: Brute Bonnet|Choice Band|[from] move: Knock Off|[of] p1a: Empoleon\n|move|p2a: Brute Bonnet|Crunch|p1a: Empoleon\n|-damage|p1a: Empoleon|134/278 brn\n|\n|-heal|p1a: Empoleon|151/278 brn|[from] item: Leftovers\n|-damage|p1a: Empoleon|134/278 brn|[from] brn\n|upkeep\n|turn|6\n|\n|t:|1733878618\n|-end|p2a: Brute Bonnet|Protosynthesis|[silent]\n|switch|p2a: Milotic|Milotic, L83, M|220/293\n|move|p1a: Empoleon|Roost|p1a: Empoleon\n|-heal|p1a: Empoleon|273/278 brn\n|-singleturn|p1a: Empoleon|move: Roost\n|\n|-heal|p1a: Empoleon|278/278 brn|[from] item: Leftovers\n|-damage|p1a: Empoleon|261/278 brn|[from] brn\n|upkeep\n|turn|7\n|\n|t:|1733878630\n|move|p2a: Milotic|Scald|p1a: Empoleon\n|-resisted|p1a: Empoleon\n|-damage|p1a: Empoleon|225/278 brn\n|move|p1a: Empoleon|Roar|p2a: Milotic\n|drag|p2a: Magcargo|Magcargo, L95, F|268/268\n|\n|-heal|p1a: Empoleon|242/278 brn|[from] item: Leftovers\n|-damage|p1a: Empoleon|225/278 brn|[from] brn\n|upkeep\n|turn|8\n|\n|t:|1733878638\n|switch|p2a: Milotic|Milotic, L83, M|220/293\n|move|p1a: Empoleon|Surf|p2a: Milotic\n|-resisted|p2a: Milotic\n|-damage|p2a: Milotic|182/293\n|\n|-heal|p1a: Empoleon|242/278 brn|[from] item: Leftovers\n|-damage|p1a: Empoleon|225/278 brn|[from] brn\n|upkeep\n|turn|9\n|\n|t:|1733878643\n|move|p2a: Milotic|Recover|p2a: Milotic\n|-heal|p2a: Milotic|293/293\n|move|p1a: Empoleon|Roar|p2a: Milotic\n|drag|p2a: Hydrapple|Hydrapple, L83, M|312/312\n|\n|-heal|p1a: Empoleon|242/278 brn|[from] item: Leftovers\n|-damage|p1a: Empoleon|225/278 brn|[from] brn\n|upkeep\n|turn|10\n|\n|t:|1733878652\n|move|p1a: Empoleon|Knock Off|p2a: Hydrapple\n|-damage|p2a: Hydrapple|286/312\n|-enditem|p2a: Hydrapple|Life Orb|[from] move: Knock Off|[of] p1a: Empoleon\n|move|p2a: Hydrapple|Nasty Plot|p2a: Hydrapple\n|-boost|p2a: Hydrapple|spa|2\n|\n|-heal|p1a: Empoleon|242/278 brn|[from] item: Leftovers\n|-damage|p1a: Empoleon|225/278 brn|[from] brn\n|upkeep\n|turn|11\n|\n|t:|1733878657\n|switch|p1a: Altaria|Altaria, L88, F|222/275\n|move|p2a: Hydrapple|Fickle Beam|p1a: Altaria\n|-supereffective|p1a: Altaria\n|-damage|p1a: Altaria|0 fnt\n|faint|p1a: Altaria\n|\n|upkeep\n|\n|t:|1733878677\n|switch|p1a: Reshiram|Reshiram, L76|277/277\n|-ability|p1a: Reshiram|Turboblaze\n|turn|12\n|\n|t:|1733878684\n|switch|p2a: Lumineon|Lumineon, L93, M|279/279\n|move|p1a: Reshiram|Outrage|p2a: Lumineon\n|-damage|p2a: Lumineon|159/279\n|\n|upkeep\n|turn|13\n|\n|t:|1733878699\n|move|p2a: Lumineon|Hydro Pump|p1a: Reshiram|[miss]\n|-miss|p2a: Lumineon|p1a: Reshiram\n|move|p1a: Reshiram|Outrage|p2a: Lumineon|[from]lockedmove\n|-damage|p2a: Lumineon|30/279\n|-start|p1a: Reshiram|confusion|[fatigue]\n|\n|upkeep\n|turn|14\n|\n|t:|1733878706\n|switch|p2a: Milotic|Milotic, L83, M|293/293\n|switch|p1a: Empoleon|Empoleon, L84, M|225/278 brn\n|\n|-heal|p1a: Empoleon|242/278 brn|[from] item: Leftovers\n|-damage|p1a: Empoleon|225/278 brn|[from] brn\n|upkeep\n|turn|15\n|\n|t:|1733878713\n|switch|p2a: Hydrapple|Hydrapple, L83, M|312/312\n|move|p1a: Empoleon|Roar|p2a: Hydrapple\n|drag|p2a: Lumineon|Lumineon, L93, M|30/279\n|\n|-heal|p1a: Empoleon|242/278 brn|[from] item: Leftovers\n|-damage|p1a: Empoleon|225/278 brn|[from] brn\n|upkeep\n|turn|16\n|\n|t:|1733878720\n|move|p2a: Lumineon|Encore|p1a: Empoleon\n|-start|p1a: Empoleon|Encore\n|move|p1a: Empoleon|Roar|p2a: Lumineon\n|drag|p2a: Girafarig|Girafarig, L89, F|269/269\n|\n|-heal|p1a: Empoleon|242/278 brn|[from] item: Leftovers\n|-damage|p1a: Empoleon|225/278 brn|[from] brn\n|upkeep\n|turn|17\n|\n|t:|1733878724\n|move|p2a: Girafarig|Thunderbolt|p1a: Empoleon\n|-supereffective|p1a: Empoleon\n|-damage|p1a: Empoleon|99/278 brn\n|move|p1a: Empoleon|Roar|p2a: Girafarig\n|drag|p2a: Lumineon|Lumineon, L93, M|30/279\n|\n|-heal|p1a: Empoleon|116/278 brn|[from] item: Leftovers\n|-damage|p1a: Empoleon|99/278 brn|[from] brn\n|upkeep\n|turn|18\n|\n|t:|1733878737\n|switch|p2a: Brute Bonnet|Brute Bonnet, L81|297/312\n|move|p1a: Empoleon|Roar|p2a: Brute Bonnet\n|-end|p2a: Brute Bonnet|Protosynthesis|[silent]\n|drag|p2a: Magcargo|Magcargo, L95, F|268/268\n|\n|-heal|p1a: Empoleon|116/278 brn|[from] item: Leftovers\n|-damage|p1a: Empoleon|99/278 brn|[from] brn\n|-end|p1a: Empoleon|Encore\n|upkeep\n|turn|19\n|\n|t:|1733878745\n|switch|p2a: Hydrapple|Hydrapple, L83, M|312/312\n|move|p1a: Empoleon|Surf|p2a: Hydrapple\n|-resisted|p2a: Hydrapple\n|-damage|p2a: Hydrapple|284/312\n|\n|-heal|p1a: Empoleon|116/278 brn|[from] item: Leftovers\n|-damage|p1a: Empoleon|99/278 brn|[from] brn\n|upkeep\n|turn|20\n|\n|t:|1733878752\n|move|p2a: Hydrapple|Earth Power|p1a: Empoleon\n|-supereffective|p1a: Empoleon\n|-damage|p1a: Empoleon|0 fnt\n|faint|p1a: Empoleon\n|\n|upkeep\n|\n|t:|1733878753\n|switch|p1a: Snorlax|Snorlax, L82, F|397/397\n|turn|21\n|\n|t:|1733878763\n|switch|p2a: Lumineon|Lumineon, L93, M|30/279\n|move|p1a: Snorlax|Body Slam|p2a: Lumineon\n|-damage|p2a: Lumineon|0 fnt\n|faint|p2a: Lumineon\n|\n|upkeep\n|\n|t:|1733878768\n|switch|p2a: Milotic|Milotic, L83, M|293/293\n|turn|22\n|\n|t:|1733878771\n|move|p2a: Milotic|Scald|p1a: Snorlax\n|-crit|p1a: Snorlax\n|-damage|p1a: Snorlax|288/397\n|move|p1a: Snorlax|Body Slam|p2a: Milotic\n|-damage|p2a: Milotic|197/293\n|\n|-heal|p1a: Snorlax|312/397|[from] item: Leftovers\n|upkeep\n|turn|23\n|\n|t:|1733878776\n|move|p2a: Milotic|Scald|p1a: Snorlax\n|-damage|p1a: Snorlax|242/397\n|move|p1a: Snorlax|Body Slam|p2a: Milotic\n|-crit|p2a: Milotic\n|-damage|p2a: Milotic|50/293\n|-status|p2a: Milotic|par\n|\n|-heal|p1a: Snorlax|266/397|[from] item: Leftovers\n|upkeep\n|turn|24\n|\n|t:|1733878783\n|move|p1a: Snorlax|Body Slam|p2a: Milotic\n|-damage|p2a: Milotic|0 fnt\n|faint|p2a: Milotic\n|\n|-heal|p1a: Snorlax|290/397|[from] item: Leftovers\n|upkeep\n|\n|t:|1733878786\n|switch|p2a: Brute Bonnet|Brute Bonnet, L81|297/312\n|turn|25\n|\n|t:|1733878793\n|switch|p1a: Reshiram|Reshiram, L76|277/277\n|-ability|p1a: Reshiram|Turboblaze\n|move|p2a: Brute Bonnet|Crunch|p1a: Reshiram\n|-damage|p1a: Reshiram|184/277\n|\n|upkeep\n|turn|26\n|\n|t:|1733878805\n|move|p1a: Reshiram|Dragon Dance|p1a: Reshiram\n|-boost|p1a: Reshiram|atk|1\n|-boost|p1a: Reshiram|spe|1\n|move|p2a: Brute Bonnet|Crunch|p1a: Reshiram\n|-damage|p1a: Reshiram|90/277\n|-unboost|p1a: Reshiram|def|1\n|\n|upkeep\n|turn|27\n|\n|t:|1733878809\n|switch|p1a: Incineroar|Incineroar, L82, M|290/290\n|-ability|p1a: Incineroar|Intimidate|boost\n|-unboost|p2a: Brute Bonnet|atk|1\n|move|p2a: Brute Bonnet|Sucker Punch||[still]\n|-fail|p2a: Brute Bonnet\n|\n|upkeep\n|turn|28\n|\n|t:|1733878814\n|-end|p2a: Brute Bonnet|Protosynthesis|[silent]\n|switch|p2a: Magcargo|Magcargo, L95, F|268/268\n|move|p1a: Incineroar|Flare Blitz|p2a: Magcargo\n|-resisted|p2a: Magcargo\n|-damage|p2a: Magcargo|246/268\n|-ability|p2a: Magcargo|Weak Armor|boost\n|-unboost|p2a: Magcargo|def|1\n|-boost|p2a: Magcargo|spe|2\n|-damage|p1a: Incineroar|283/290|[from] Recoil\n|\n|upkeep\n|turn|29\n|\n|t:|1733878820\n|move|p2a: Magcargo|Power Gem|p1a: Incineroar\n|-supereffective|p1a: Incineroar\n|-damage|p1a: Incineroar|67/290\n|move|p1a: Incineroar|Earthquake|p2a: Magcargo\n|-supereffective|p2a: Magcargo\n|-damage|p2a: Magcargo|0 fnt\n|faint|p2a: Magcargo\n|\n|upkeep\n|\n|t:|1733878837\n|switch|p2a: Girafarig|Girafarig, L89, F|269/269\n|turn|30\n|\n|t:|1733878841\n|switch|p1a: Snorlax|Snorlax, L82, F|290/397\n|-terastallize|p2a: Girafarig|Electric\n|move|p2a: Girafarig|Nasty Plot|p2a: Girafarig\n|-boost|p2a: Girafarig|spa|2\n|\n|-heal|p1a: Snorlax|314/397|[from] item: Leftovers\n|upkeep\n|turn|31\n|\n|t:|1733878848\n|move|p2a: Girafarig|Psychic|p1a: Snorlax\n|-damage|p1a: Snorlax|130/397\n|-unboost|p1a: Snorlax|spd|1\n|move|p1a: Snorlax|Earthquake|p2a: Girafarig\n|-supereffective|p2a: Girafarig\n|-damage|p2a: Girafarig|159/269\n|\n|-heal|p1a: Snorlax|154/397|[from] item: Leftovers\n|upkeep\n|turn|32\n|\n|t:|1733878853\n|move|p2a: Girafarig|Thunderbolt|p1a: Snorlax\n|-damage|p1a: Snorlax|0 fnt\n|faint|p1a: Snorlax\n|\n|upkeep\n|\n|t:|1733878869\n|switch|p1a: Keldeo|Keldeo-Resolute, L79|273/273\n|turn|33\n|\n|t:|1733878875\n|-terastallize|p1a: Keldeo|Steel\n|move|p1a: Keldeo|Surf|p2a: Girafarig\n|-damage|p2a: Girafarig|71/269\n|move|p2a: Girafarig|Thunderbolt|p1a: Keldeo\n|-damage|p1a: Keldeo|77/273\n|\n|-heal|p1a: Keldeo|94/273|[from] item: Leftovers\n|upkeep\n|turn|34\n|\n|t:|1733878882\n|switch|p2a: Hydrapple|Hydrapple, L83, M|312/312\n|move|p1a: Keldeo|Secret Sword|p2a: Hydrapple\n|-damage|p2a: Hydrapple|234/312\n|\n|-heal|p1a: Keldeo|111/273|[from] item: Leftovers\n|upkeep\n|turn|35\n|\n|t:|1733878895\n|switch|p1a: Incineroar|Incineroar, L82, M|67/290\n|-ability|p1a: Incineroar|Intimidate|boost\n|-unboost|p2a: Hydrapple|atk|1\n|move|p2a: Hydrapple|Earth Power|p1a: Incineroar\n|-supereffective|p1a: Incineroar\n|-damage|p1a: Incineroar|0 fnt\n|faint|p1a: Incineroar\n|\n|upkeep\n|\n|t:|1733878897\n|switch|p1a: Reshiram|Reshiram, L76|90/277\n|-ability|p1a: Reshiram|Turboblaze\n|turn|36\n|j| FloSoup\n|\n|t:|1733878902\n|switch|p2a: Girafarig|Girafarig, L89, F, tera:Electric|71/269\n|move|p1a: Reshiram|Outrage|p2a: Girafarig\n|-damage|p2a: Girafarig|0 fnt\n|faint|p2a: Girafarig\n|\n|upkeep\n|\n|t:|1733878906\n|switch|p2a: Brute Bonnet|Brute Bonnet, L81|297/312\n|turn|37\n|\n|t:|1733878910\n|move|p1a: Reshiram|Outrage|p2a: Brute Bonnet|[from]lockedmove\n|-damage|p2a: Brute Bonnet|170/312\n|move|p2a: Brute Bonnet|Crunch|p1a: Reshiram\n|-crit|p1a: Reshiram\n|-damage|p1a: Reshiram|0 fnt\n|faint|p1a: Reshiram\n|\n|upkeep\n|\n|t:|1733878913\n|switch|p1a: Keldeo|Keldeo-Resolute, L79, tera:Steel|111/273\n|turn|38\n|\n|t:|1733878919\n|move|p1a: Keldeo|Secret Sword|p2a: Brute Bonnet\n|-supereffective|p2a: Brute Bonnet\n|-damage|p2a: Brute Bonnet|0 fnt\n|faint|p2a: Brute Bonnet\n|-end|p2a: Brute Bonnet|Protosynthesis|[silent]\n|\n|-heal|p1a: Keldeo|128/273|[from] item: Leftovers\n|upkeep\n|\n|t:|1733878921\n|switch|p2a: Hydrapple|Hydrapple, L83, M|312/312\n|turn|39\n|\n|t:|1733878927\n|move|p1a: Keldeo|Calm Mind|p1a: Keldeo\n|-boost|p1a: Keldeo|spa|1\n|-boost|p1a: Keldeo|spd|1\n|move|p2a: Hydrapple|Earth Power|p1a: Keldeo\n|-supereffective|p1a: Keldeo\n|-damage|p1a: Keldeo|32/273\n|\n|-heal|p1a: Keldeo|49/273|[from] item: Leftovers\n|upkeep\n|turn|40\n|\n|t:|1733878929\n|move|p1a: Keldeo|Secret Sword|p2a: Hydrapple\n|-crit|p2a: Hydrapple\n|-damage|p2a: Hydrapple|129/312\n|move|p2a: Hydrapple|Earth Power|p1a: Keldeo\n|-supereffective|p1a: Keldeo\n|-damage|p1a: Keldeo|0 fnt\n|faint|p1a: Keldeo\n|\n|win|daphne fruit\n|raw|MunchyAxolotls's rating: 2055 &rarr; <strong>2040</strong><br />(-15 for losing)\n|raw|daphne fruit's rating: 2138 &rarr; <strong>2153</strong><br />(+15 for winning)\n|l|\u203dMunchyAxolotls\n|player|p1|\n", "inputlog": ">version bfd83cad13791eb5a5a409923076391caf6fb4d4\n>start {\"formatid\":\"gen9randombattle\",\"seed\":[45709,49881,54632,33648],\"rated\":\"Rated battle\"}\n>player p1 {\"name\":\"MunchyAxolotls\",\"avatar\":\"lillie-masters2\",\"rating\":2055,\"seed\":[35733,45660,53023,38699]}\n>player p2 {\"name\":\"daphne fruit\",\"avatar\":\"unknown\",\"rating\":2138,\"seed\":[2810,43934,37438,24345]}\n>p1 move knockoff\n>p2 move scald\n>p1 switch 6\n>p2 move scald\n>p1 switch 6\n>p2 move icebeam\n>p1 move roar\n>p2 move scald\n>p1 move knockoff\n>p2 move crunch\n>p1 move roost\n>p2 switch 6\n>p1 move roar\n>p2 move scald\n>p1 move surf\n>p2 switch 5\n>p1 move roar\n>p2 move recover\n>p1 move knockoff\n>p2 move nastyplot\n>p1 switch 6\n>p2 move ficklebeam\n>p1 switch 5\n>p1 move outrage\n>p2 switch 2\n>p1 move outrage\n>p2 move hydropump\n>p1 switch 6\n>p2 switch 4\n>p1 move roar\n>p2 switch 2\n>p1 move knockoff\n>p2 move encore\n>p1 move roar\n>p2 move thunderbolt\n>p1 move roar\n>p2 switch 6\n>p1 move surf\n>p2 switch 4\n>p1 move roar\n>p2 move earthpower\n>p1 switch 2\n>p1 move bodyslam\n>p2 switch 6\n>p2 switch 2\n>p1 move bodyslam\n>p2 move scald\n>p1 move bodyslam\n>p2 move scald\n>p1 move bodyslam\n>p2 move dragontail\n>p2 switch 5\n>p1 switch 6\n>p2 move crunch\n>p1 move dragondance\n>p2 move crunch\n>p1 switch 3\n>p2 move suckerpunch\n>p1 move flareblitz\n>p2 switch 4\n>p1 move earthquake\n>p2 move powergem\n>p2 switch 3\n>p1 switch 6\n>p2 move nastyplot terastallize\n>p1 move earthquake\n>p2 move psychic\n>p1 move earthquake\n>p2 move thunderbolt\n>p1 switch 4\n>p1 move surf terastallize\n>p2 move thunderbolt\n>p1 move secretsword\n>p2 switch 6\n>p1 switch 6\n>p2 move earthpower\n>p1 switch 3\n>p1 move outrage\n>p2 switch 6\n>p2 switch 4\n>p1 move outrage\n>p2 move crunch\n>p1 switch 6\n>p1 move secretsword\n>p2 move closecombat\n>p2 switch 6\n>p1 move calmmind\n>p2 move earthpower\n>p1 move secretsword\n>p2 move earthpower", "uploadtime": 1733878936, "views": 14, "formatid": "gen9randombattle", "rating": 2040, "private": 0, "password": null}