{"id": "gen9randombattle-2202384250", "format": "[Gen 9] Random Battle", "players": ["RBLT Pokevin", "RBLT MDB2"], "log": "|badge|p2|silver|gen9randombattle|30-2\n|uhtml|medal-msg|<div class=\"broadcast-blue\">Curious what those medals under the avatar are? PS now has Ladder Seasons! For more information, check out the <a href=\"https://www.smogon.com/forums/threads/3740067/\">thread on Smogon.</a></div>\n|raw|<div class=\"broadcast-blue\"><strong>This battle is required to be public due to a player having a name starting with 'rblt'.</div>\n|j|\u2606RBLT Pokevin\n|j|\u2606RBLT MDB2\n|t:|1726435713\n|gametype|singles\n|player|p1|RBLT Pokevin|n-masters|2348\n|player|p2|RBLT MDB2|#vgcpliiizoruas|2522\n|teamsize|p1|6\n|teamsize|p2|6\n|gen|9\n|tier|[Gen 9] Random Battle\n|rated|\n|rule|Species Clause: Limit one of each Pok\u00e9mon\n|rule|HP Percentage Mod: HP is shown in percentages\n|rule|Sleep Clause Mod: Limit one foe put to sleep\n|rule|Illusion Level Mod: Illusion disguises the Pok\u00e9mon's true level\n|\n|t:|1726435713\n|start\n|switch|p1a: Heracross|Heracross, L80, F|259/259\n|switch|p2a: Noctowl|Noctowl, L95, F|344/344\n|turn|1\n|inactive|Battle timer is ON: inactive players will automatically lose when time's up. (requested by RBLT MDB2)\n|c|\u2606RBLT MDB2|hf\n|c|\u2606RBLT Pokevin|u2\n|j| RBLT Ilex\n|\n|t:|1726435746\n|switch|p1a: Indeedee|Indeedee, L84, M|238/238\n|-fieldstart|move: Psychic Terrain|[from] ability: Psychic Surge|[of] p1a: Indeedee\n|move|p2a: Noctowl|Hurricane|p1a: Indeedee\n|-damage|p1a: Indeedee|105/238\n|-start|p1a: Indeedee|confusion\n|\n|upkeep\n|turn|2\n|\n|t:|1726435754\n|switch|p2a: Cryogonal|Cryogonal, L89|287/287\n|-activate|p1a: Indeedee|confusion\n|-damage|p1a: Indeedee|83/238|[from] confusion\n|\n|upkeep\n|turn|3\n|\n|t:|1726435760\n|switch|p1a: Torkoal|Torkoal, L88, M|266/266\n|-weather|SunnyDay|[from] ability: Drought|[of] p1a: Torkoal\n|move|p2a: Cryogonal|Freeze-Dry|p1a: Torkoal\n|-resisted|p1a: Torkoal\n|-damage|p1a: Torkoal|217/266\n|\n|-weather|SunnyDay|[upkeep]\n|upkeep\n|turn|4\n|\n|t:|1726435766\n|switch|p2a: Flareon|Flareon, L90, M|263/263\n|move|p1a: Torkoal|Stealth Rock|p2a: Flareon\n|-sidestart|p2: RBLT MDB2|move: Stealth Rock\n|\n|-weather|SunnyDay|[upkeep]\n|-status|p2a: Flareon|tox|[from] item: Toxic Orb\n|upkeep\n|turn|5\n|j|+35Q71N\n|j| Peum\n|\n|t:|1726435778\n|switch|p1a: Giratina|Giratina, L75|349/349\n|-ability|p1a: Giratina|Pressure\n|move|p2a: Flareon|Facade|p1a: Giratina\n|-immune|p1a: Giratina\n|\n|-weather|SunnyDay|[upkeep]\n|-damage|p2a: Flareon|247/263 tox|[from] psn\n|-fieldend|move: Psychic Terrain\n|upkeep\n|turn|6\n|j| hammy358\n|\n|t:|1726435786\n|switch|p2a: Noctowl|Noctowl, L95, F|344/344\n|move|p1a: Giratina|Shadow Ball|p2a: Noctowl\n|-immune|p2a: Noctowl\n|\n|-weather|SunnyDay|[upkeep]\n|upkeep\n|turn|7\n|\n|t:|1726435790\n|move|p2a: Noctowl|Hyper Voice|p1a: Giratina\n|-immune|p1a: Giratina\n|move|p1a: Giratina|Dragon Tail|p2a: Noctowl\n|-damage|p2a: Noctowl|277/344\n|drag|p2a: Flareon|Flareon, L90, M|247/263 tox\n|-damage|p2a: Flareon|182/263 tox|[from] Stealth Rock\n|\n|-weather|none\n|-damage|p2a: Flareon|166/263 tox|[from] psn\n|upkeep\n|turn|8\n|j| RBLT Twix\n|\n|t:|1726435800\n|move|p2a: Flareon|Will-O-Wisp|p1a: Giratina\n|-status|p1a: Giratina|brn\n|move|p1a: Giratina|Dragon Tail|p2a: Flareon\n|-damage|p2a: Flareon|131/263 tox\n|drag|p2a: Golem|Golem-Alola, L93, M|300/300\n|-damage|p2a: Golem|263/300|[from] Stealth Rock\n|\n|-damage|p1a: Giratina|328/349 brn|[from] brn\n|upkeep\n|turn|9\n|j| sealed ruins\n|\n|t:|1726435811\n|switch|p2a: Cryogonal|Cryogonal, L89|287/287\n|move|p1a: Giratina|Dragon Tail|p2a: Cryogonal\n|-damage|p2a: Cryogonal|253/287\n|drag|p2a: Sawsbuck|Sawsbuck-Winter, L88, M|284/284\n|-damage|p2a: Sawsbuck|249/284|[from] Stealth Rock\n|\n|-heal|p1a: Giratina|349/349 brn|[from] item: Leftovers\n|-damage|p1a: Giratina|328/349 brn|[from] brn\n|upkeep\n|turn|10\n|j|+Chains of Markov\n|\n|t:|1726435834\n|move|p2a: Sawsbuck|High Horsepower|p1a: Giratina\n|-damage|p1a: Giratina|241/349 brn\n|-damage|p2a: Sawsbuck|221/284|[from] item: Life Orb\n|move|p1a: Giratina|Dragon Tail|p2a: Sawsbuck\n|-damage|p2a: Sawsbuck|190/284\n|drag|p2a: Cryogonal|Cryogonal, L89|253/287\n|\n|-heal|p1a: Giratina|262/349 brn|[from] item: Leftovers\n|-damage|p1a: Giratina|241/349 brn|[from] brn\n|upkeep\n|turn|11\n|\n|t:|1726435842\n|move|p2a: Cryogonal|Rapid Spin|p1a: Giratina\n|-immune|p1a: Giratina\n|move|p1a: Giratina|Rest|p1a: Giratina\n|-status|p1a: Giratina|slp|[from] move: Rest\n|-heal|p1a: Giratina|349/349 slp|[silent]\n|\n|upkeep\n|turn|12\n|j| RBLT Unstoppable\n|j| RBLT London\n|l| Peum\n|\n|t:|1726435859\n|switch|p1a: Heracross|Heracross, L80, F|259/259\n|move|p2a: Cryogonal|Rapid Spin|p1a: Heracross\n|-damage|p1a: Heracross|231/259\n|-boost|p2a: Cryogonal|spe|1\n|-sideend|p2: RBLT MDB2|Stealth Rock|[from] move: Rapid Spin|[of] p2a: Cryogonal\n|\n|upkeep\n|turn|13\n|\n|t:|1726435868\n|switch|p2a: Flareon|Flareon, L90, M|131/263 tox\n|move|p1a: Heracross|Close Combat|p2a: Flareon\n|-damage|p2a: Flareon|0 fnt\n|-unboost|p1a: Heracross|def|1\n|-unboost|p1a: Heracross|spd|1\n|faint|p2a: Flareon\n|-ability|p1a: Heracross|Moxie|boost\n|-boost|p1a: Heracross|atk|1\n|\n|upkeep\n|\n|t:|1726435869\n|switch|p2a: Noctowl|Noctowl, L95, F|277/344\n|turn|14\n|j|+RL\n|j| RBLT raulcan\n|inactive|RBLT Pokevin has 120 seconds left.\n|\n|t:|1726435903\n|switch|p1a: Indeedee|Indeedee, L84, M|83/238\n|-fieldstart|move: Psychic Terrain|[from] ability: Psychic Surge|[of] p1a: Indeedee\n|move|p2a: Noctowl|Hurricane|p1a: Indeedee\n|-damage|p1a: Indeedee|0 fnt\n|faint|p1a: Indeedee\n|\n|upkeep\n|inactive|RBLT Pokevin has 120 seconds left.\n|\n|t:|1726435914\n|switch|p1a: Ogerpon|Ogerpon-Cornerstone, L76, F|247/247\n|turn|15\n|j| Rblt G\n|\n|t:|1726435922\n|switch|p2a: Sawsbuck|Sawsbuck-Winter, L88, M|190/284\n|move|p1a: Ogerpon|Ivy Cudgel|p2a: Sawsbuck|[anim] Ivy Cudgel Rock\n|-damage|p2a: Sawsbuck|51/284\n|\n|upkeep\n|turn|16\n|j| rblt hiye\n|inactive|RBLT Pokevin has 120 seconds left.\n|\n|t:|1726435938\n|switch|p1a: Torkoal|Torkoal, L88, M|217/266\n|-weather|SunnyDay|[from] ability: Drought|[of] p1a: Torkoal\n|move|p2a: Sawsbuck|Swords Dance|p2a: Sawsbuck\n|-boost|p2a: Sawsbuck|atk|2\n|\n|-weather|SunnyDay|[upkeep]\n|upkeep\n|turn|17\n|inactive|RBLT Pokevin has 120 seconds left.\n|j| davidelbello\n|\n|t:|1726435951\n|move|p2a: Sawsbuck|High Horsepower|p1a: Torkoal\n|-supereffective|p1a: Torkoal\n|-damage|p1a: Torkoal|0 fnt\n|faint|p1a: Torkoal\n|-damage|p2a: Sawsbuck|23/284|[from] item: Life Orb\n|\n|-weather|SunnyDay|[upkeep]\n|upkeep\n|j| Kinetic\n|inactive|RBLT Pokevin has 120 seconds left.\n|\n|t:|1726435963\n|switch|p1a: Giratina|Giratina, L75|349/349 slp\n|-ability|p1a: Giratina|Pressure\n|turn|18\n|\n|t:|1726435967\n|move|p2a: Sawsbuck|Horn Leech|p1a: Giratina\n|-resisted|p1a: Giratina\n|-damage|p1a: Giratina|245/349 slp\n|-heal|p2a: Sawsbuck|75/284|[from] drain|[of] p1a: Giratina\n|-damage|p2a: Sawsbuck|47/284|[from] item: Life Orb\n|cant|p1a: Giratina|slp\n|move|p1a: Giratina|Sleep Talk|p1a: Giratina\n|move|p1a: Giratina|Rest||[from]move: Sleep Talk|[still]\n|-fail|p1a: Giratina\n|\n|-weather|SunnyDay|[upkeep]\n|-heal|p1a: Giratina|266/349 slp|[from] item: Leftovers\n|-fieldend|move: Psychic Terrain\n|upkeep\n|turn|19\n|\n|t:|1726435978\n|move|p2a: Sawsbuck|High Horsepower|p1a: Giratina\n|-damage|p1a: Giratina|107/349 slp\n|-damage|p2a: Sawsbuck|19/284|[from] item: Life Orb\n|cant|p1a: Giratina|slp\n|move|p1a: Giratina|Sleep Talk|p1a: Giratina\n|move|p1a: Giratina|Dragon Tail|p2a: Sawsbuck|[from]move: Sleep Talk\n|-damage|p2a: Sawsbuck|0 fnt\n|faint|p2a: Sawsbuck\n|\n|-weather|SunnyDay|[upkeep]\n|-heal|p1a: Giratina|128/349 slp|[from] item: Leftovers\n|upkeep\n|l|+RL\n|j| DiputadesIndecises\n|\n|t:|1726435997\n|switch|p2a: Cryogonal|Cryogonal, L89|253/287\n|turn|20\n|\n|t:|1726436022\n|switch|p2a: Noctowl|Noctowl, L95, F|277/344\n|-curestatus|p1a: Giratina|slp|[msg]\n|move|p1a: Giratina|Dragon Tail|p2a: Noctowl\n|-damage|p2a: Noctowl|211/344\n|drag|p2a: Cryogonal|Cryogonal, L89|253/287\n|\n|-weather|none\n|-heal|p1a: Giratina|149/349|[from] item: Leftovers\n|upkeep\n|turn|21\n|\n|t:|1726436036\n|switch|p1a: Heracross|Heracross, L80, F|231/259\n|move|p2a: Cryogonal|Freeze-Dry|p1a: Heracross\n|-damage|p1a: Heracross|149/259\n|\n|upkeep\n|turn|22\n|j| Peum\n|\n|t:|1726436047\n|switch|p2a: Eelektross|Eelektross, L87, M|290/290\n|move|p1a: Heracross|Close Combat|p2a: Eelektross\n|-crit|p2a: Eelektross\n|-damage|p2a: Eelektross|0 fnt\n|-unboost|p1a: Heracross|def|1\n|-unboost|p1a: Heracross|spd|1\n|faint|p2a: Eelektross\n|-ability|p1a: Heracross|Moxie|boost\n|-boost|p1a: Heracross|atk|1\n|\n|upkeep\n|\n|t:|1726436050\n|switch|p2a: Noctowl|Noctowl, L95, F|211/344\n|turn|23\n|\n|t:|1726436065\n|switch|p1a: Giratina|Giratina, L75|149/349\n|-ability|p1a: Giratina|Pressure\n|move|p2a: Noctowl|Hurricane|p1a: Giratina\n|-damage|p1a: Giratina|20/349\n|-start|p1a: Giratina|confusion\n|\n|-heal|p1a: Giratina|41/349|[from] item: Leftovers\n|upkeep\n|turn|24\n|l| RBLT Unstoppable\n|\n|t:|1726436081\n|move|p2a: Noctowl|Hurricane|p1a: Giratina\n|-damage|p1a: Giratina|0 fnt\n|faint|p1a: Giratina\n|\n|upkeep\n|\n|t:|1726436085\n|switch|p1a: Ogerpon|Ogerpon-Cornerstone, L76, F|247/247\n|turn|25\n|\n|t:|1726436091\n|move|p1a: Ogerpon|Ivy Cudgel|p2a: Noctowl|[anim] Ivy Cudgel Rock\n|-supereffective|p2a: Noctowl\n|-damage|p2a: Noctowl|0 fnt\n|faint|p2a: Noctowl\n|\n|upkeep\n|\n|t:|1726436094\n|switch|p2a: Cryogonal|Cryogonal, L89|253/287\n|turn|26\n|inactive|RBLT Pokevin has 120 seconds left.\n|\n|t:|1726436136\n|switch|p1a: Primarina|Primarina, L83, M|268/268\n|move|p2a: Cryogonal|Freeze-Dry|p1a: Primarina\n|-supereffective|p1a: Primarina\n|-damage|p1a: Primarina|142/268\n|\n|upkeep\n|turn|27\n|\n|t:|1726436146\n|move|p2a: Cryogonal|Freeze-Dry|p1a: Primarina\n|-supereffective|p1a: Primarina\n|-damage|p1a: Primarina|10/268\n|move|p1a: Primarina|Flip Turn|p2a: Cryogonal\n|-damage|p2a: Cryogonal|148/287\n|\n|t:|1726436149\n|switch|p1a: Heracross|Heracross, L80, F|149/259|[from] Flip Turn\n|\n|upkeep\n|turn|28\n|j| Revival Tour\n|\n|t:|1726436172\n|switch|p2a: Golem|Golem-Alola, L93, M|263/300\n|move|p1a: Heracross|Close Combat|p2a: Golem\n|-supereffective|p2a: Golem\n|-damage|p2a: Golem|0 fnt\n|-unboost|p1a: Heracross|def|1\n|-unboost|p1a: Heracross|spd|1\n|faint|p2a: Golem\n|-ability|p1a: Heracross|Moxie|boost\n|-boost|p1a: Heracross|atk|1\n|\n|upkeep\n|\n|t:|1726436173\n|switch|p2a: Cryogonal|Cryogonal, L89|148/287\n|turn|29\n|l| rblt hiye\n|\n|t:|1726436193\n|move|p2a: Cryogonal|Recover|p2a: Cryogonal\n|-heal|p2a: Cryogonal|287/287\n|move|p1a: Heracross|Close Combat|p2a: Cryogonal\n|-supereffective|p2a: Cryogonal\n|-damage|p2a: Cryogonal|0 fnt\n|-unboost|p1a: Heracross|def|1\n|-unboost|p1a: Heracross|spd|1\n|faint|p2a: Cryogonal\n|\n|win|RBLT Pokevin\n|raw|RBLT Pokevin's rating: 2348 &rarr; <strong>2377</strong><br />(+29 for winning)\n|raw|RBLT MDB2's rating: 2522 &rarr; <strong>2493</strong><br />(-29 for losing)\n|c|\u2606RBLT Pokevin|gg\n|l| RBLT Twix\n|c|\u2606RBLT MDB2|gg\n|j| RBLT chiefbeef1234\n|l| Kinetic\n|l| Revival Tour\n|l| sealed ruins\n|l| davidelbello\n|l| Rblt G\n|l|+Chains of Markov\n|l| RBLT chiefbeef1234\n|l| hammy358\n|j| sealed ruins\n|l| sealed ruins\n|l|\u2606RBLT Pokevin\n|player|p1|\n|l| RBLT Ilex\n|l|\u2606RBLT MDB2\n|player|p2|\n|l| RBLT raulcan\n|l| RBLT London\n|j|\u2606RBLT Pokevin\n|player|p1|RBLT Pokevin|n-masters|\n", "inputlog": ">version abcf08933808d3fb39dbc2b54a8665d830b47482\n>start {\"formatid\":\"gen9randombattle\",\"seed\":[55939,31070,38960,15654],\"rated\":\"Rated battle\"}\n>player p1 {\"name\":\"RBLT Pokevin\",\"avatar\":\"n-masters\",\"rating\":2348,\"seed\":[11785,14988,41094,71]}\n>player p2 {\"name\":\"RBLT MDB2\",\"avatar\":\"#vgcpliiizoruas\",\"rating\":2522,\"seed\":[34353,19970,64083,9916]}\n>chat \u2606RBLT MDB2|hf\n>chat \u2606RBLT Pokevin|u2\n>p1 switch 4\n>p2 move hurricane\n>p1 move expandingforce\n>p2 switch 2\n>p1 switch 3\n>p2 move freezedry\n>p1 move stealthrock\n>p2 switch 3\n>p1 switch 2\n>p2 move facade\n>p1 move shadowball\n>p2 switch 2\n>p1 move dragontail\n>p2 move hypervoice\n>p1 move dragontail\n>p2 move willowisp\n>p1 move dragontail\n>p2 switch 3\n>p1 move dragontail\n>p2 move highhorsepower\n>p1 move rest\n>p2 move rapidspin\n>p1 switch 4\n>p2 move rapidspin\n>p1 move closecombat\n>p2 switch 4\n>p2 switch 2\n>p1 switch 3\n>p2 move hurricane\n>p1 switch 6\n>p1 move ivycudgel\n>p2 switch 6\n>p1 switch 2\n>p2 move swordsdance\n>p1 move stealthrock\n>p2 move highhorsepower\n>p1 switch 4\n>p1 move sleeptalk\n>p2 move hornleech\n>p1 move sleeptalk\n>p2 move highhorsepower\n>p2 switch 4\n>p1 move dragontail\n>p2 switch 6\n>p1 switch 3\n>p2 move freezedry\n>p1 move closecombat\n>p2 switch 5\n>p2 switch 6\n>p1 switch 3\n>p2 move hurricane\n>p1 move rest\n>p2 move hurricane\n>p1 switch 2\n>p1 move ivycudgel\n>p2 move hypervoice\n>p2 switch 5\n>p1 switch 5\n>p2 move freezedry\n>p1 move flipturn\n>p2 move freezedry\n>p1 switch 3\n>p1 move closecombat\n>p2 switch 3\n>p2 switch 3\n>p1 move closecombat\n>p2 move recover", "uploadtime": 1726436206, "views": 103, "formatid": "gen9randombattle", "rating": 2377, "private": 0, "password": null}