{"id": "gen9randombattle-2260817102", "format": "[Gen 9] Random Battle", "players": ["chae1", "MochcanL"], "log": "|j|\u2606chae1\n|j|\u2606MochcanL\n|t:|1733897368\n|gametype|singles\n|player|p1|chae1|erika|2091\n|player|p2|MochcanL|furisodegirl-black|2040\n|teamsize|p1|6\n|teamsize|p2|6\n|gen|9\n|tier|[Gen 9] Random Battle\n|rated|\n|rule|Species Clause: Limit one of each Pok\u00e9mon\n|rule|HP Percentage Mod: HP is shown in percentages\n|rule|Sleep Clause Mod: Limit one foe put to sleep\n|rule|Illusion Level Mod: Illusion disguises the Pok\u00e9mon's true level\n|\n|t:|1733897368\n|start\n|switch|p1a: Leafeon|Leafeon, L88, F|258/258\n|switch|p2a: Skeledirge|Skeledirge, L79, F|294/294\n|turn|1\n|inactive|Battle timer is ON: inactive players will automatically lose when time's up. (requested by MochcanL)\n|inactive|MochcanL has 120 seconds left.\n|\n|t:|1733897404\n|switch|p1a: Phione|Phione, L91|293/293\n|move|p2a: Skeledirge|Flame Charge|p1a: Phione\n|-resisted|p1a: Phione\n|-damage|p1a: Phione|275/293\n|-boost|p2a: Skeledirge|spe|1\n|\n|-heal|p1a: Phione|293/293|[from] item: Leftovers\n|upkeep\n|turn|2\n|inactive|MochcanL has 120 seconds left.\n|\n|t:|1733897434\n|move|p2a: Skeledirge|Torch Song|p1a: Phione\n|-resisted|p1a: Phione\n|-damage|p1a: Phione|254/293\n|-boost|p2a: Skeledirge|spa|1\n|move|p1a: Phione|Scald|p2a: Skeledirge\n|-supereffective|p2a: Skeledirge\n|-damage|p2a: Skeledirge|78/294\n|\n|-heal|p1a: Phione|272/293|[from] item: Leftovers\n|upkeep\n|turn|3\n|j| reszrin\n|\n|t:|1733897444\n|-terastallize|p2a: Skeledirge|Water\n|move|p2a: Skeledirge|Slack Off|p2a: Skeledirge\n|-heal|p2a: Skeledirge|225/294\n|move|p1a: Phione|Scald|p2a: Skeledirge\n|-resisted|p2a: Skeledirge\n|-damage|p2a: Skeledirge|174/294\n|\n|-heal|p1a: Phione|290/293|[from] item: Leftovers\n|upkeep\n|turn|4\n|inactive|MochcanL has 120 seconds left.\n|\n|t:|1733897461\n|switch|p2a: Wugtrio|Wugtrio, L91, M|212/212\n|move|p1a: Phione|Grass Knot|p2a: Wugtrio\n|-supereffective|p2a: Wugtrio\n|-damage|p2a: Wugtrio|182/212\n|-ability|p2a: Wugtrio|Gooey\n|-unboost|p1a: Phione|spe|1\n|\n|-heal|p1a: Phione|293/293|[from] item: Leftovers\n|upkeep\n|turn|5\n|inactive|MochcanL has 120 seconds left.\n|\n|t:|1733897475\n|switch|p1a: Leafeon|Leafeon, L88, F|258/258\n|move|p2a: Wugtrio|Throat Chop|p1a: Leafeon\n|-damage|p1a: Leafeon|186/258\n|-start|p1a: Leafeon|Throat Chop|[silent]\n|\n|-heal|p1a: Leafeon|202/258|[from] item: Leftovers\n|upkeep\n|turn|6\n|\n|t:|1733897483\n|switch|p2a: Torterra|Torterra, L78, M|276/276\n|move|p1a: Leafeon|Leaf Blade|p2a: Torterra\n|-damage|p2a: Torterra|159/276\n|\n|-heal|p1a: Leafeon|218/258|[from] item: Leftovers\n|-end|p1a: Leafeon|Throat Chop|[silent]\n|upkeep\n|turn|7\n|inactive|MochcanL has 120 seconds left.\n|\n|t:|1733897501\n|move|p1a: Leafeon|Knock Off|p2a: Torterra\n|-damage|p2a: Torterra|76/276\n|-enditem|p2a: Torterra|Loaded Dice|[from] move: Knock Off|[of] p1a: Leafeon\n|move|p2a: Torterra|Shell Smash|p2a: Torterra\n|-unboost|p2a: Torterra|def|1\n|-unboost|p2a: Torterra|spd|1\n|-boost|p2a: Torterra|atk|2\n|-boost|p2a: Torterra|spa|2\n|-boost|p2a: Torterra|spe|2\n|\n|-heal|p1a: Leafeon|234/258|[from] item: Leftovers\n|upkeep\n|turn|8\n|\n|t:|1733897507\n|move|p2a: Torterra|Headlong Rush|p1a: Leafeon\n|-resisted|p1a: Leafeon\n|-damage|p1a: Leafeon|144/258\n|-unboost|p2a: Torterra|def|1\n|-unboost|p2a: Torterra|spd|1\n|move|p1a: Leafeon|Leaf Blade|p2a: Torterra\n|-damage|p2a: Torterra|0 fnt\n|faint|p2a: Torterra\n|\n|-heal|p1a: Leafeon|160/258|[from] item: Leftovers\n|upkeep\n|inactive|MochcanL has 120 seconds left.\n|\n|t:|1733897525\n|switch|p2a: Heatran|Heatran, L79, F|273/273\n|-item|p2a: Heatran|Air Balloon\n|turn|9\n|\n|t:|1733897535\n|switch|p1a: Phione|Phione, L91|293/293\n|move|p2a: Heatran|Stealth Rock|p1a: Phione\n|-sidestart|p1: chae1|move: Stealth Rock\n|\n|upkeep\n|turn|10\n|inactive|MochcanL has 120 seconds left.\n|\n|t:|1733897561\n|switch|p2a: Klawf|Klawf, L90, F|272/272\n|move|p1a: Phione|Scald|p2a: Klawf\n|-supereffective|p2a: Klawf\n|-damage|p2a: Klawf|30/272\n|-status|p2a: Klawf|brn\n|-ability|p2a: Klawf|Anger Shell|boost\n|-boost|p2a: Klawf|atk|1\n|-boost|p2a: Klawf|spa|1\n|-boost|p2a: Klawf|spe|1\n|-unboost|p2a: Klawf|def|1\n|-unboost|p2a: Klawf|spd|1\n|\n|-damage|p2a: Klawf|13/272 brn|[from] brn\n|upkeep\n|turn|11\n|\n|t:|1733897579\n|switch|p1a: Annihilape|Annihilape, L76, M|292/292\n|-damage|p1a: Annihilape|274/292|[from] Stealth Rock\n|move|p2a: Klawf|Knock Off|p1a: Annihilape\n|-damage|p1a: Annihilape|199/292\n|-enditem|p1a: Annihilape|Leftovers|[from] move: Knock Off|[of] p2a: Klawf\n|\n|-damage|p2a: Klawf|0 fnt|[from] brn\n|faint|p2a: Klawf\n|upkeep\n|\n|t:|1733897585\n|switch|p2a: Skeledirge|Skeledirge, L79, F, tera:Water|174/294\n|turn|12\n|\n|t:|1733897590\n|switch|p1a: Phione|Phione, L91|293/293\n|-damage|p1a: Phione|257/293|[from] Stealth Rock\n|move|p2a: Skeledirge|Shadow Ball|p1a: Phione\n|-damage|p1a: Phione|173/293\n|-unboost|p1a: Phione|spd|1\n|\n|-heal|p1a: Phione|191/293|[from] item: Leftovers\n|upkeep\n|turn|13\n|\n|t:|1733897596\n|move|p1a: Phione|Grass Knot|p2a: Skeledirge\n|-supereffective|p2a: Skeledirge\n|-damage|p2a: Skeledirge|0 fnt\n|faint|p2a: Skeledirge\n|\n|-heal|p1a: Phione|209/293|[from] item: Leftovers\n|upkeep\n|\n|t:|1733897601\n|switch|p2a: Dudunsparce|Dudunsparce, L83, M|343/343\n|turn|14\n|\n|t:|1733897609\n|switch|p1a: Annihilape|Annihilape, L76, M|199/292\n|-damage|p1a: Annihilape|181/292|[from] Stealth Rock\n|move|p2a: Dudunsparce|Glare|p1a: Annihilape\n|-status|p1a: Annihilape|par\n|\n|upkeep\n|turn|15\n|\n|t:|1733897613\n|move|p2a: Dudunsparce|Earthquake|p1a: Annihilape\n|-damage|p1a: Annihilape|95/292 par\n|move|p1a: Annihilape|Drain Punch|p2a: Dudunsparce\n|-supereffective|p2a: Dudunsparce\n|-damage|p2a: Dudunsparce|169/343\n|-heal|p1a: Annihilape|182/292 par|[from] drain|[of] p2a: Dudunsparce\n|\n|-heal|p2a: Dudunsparce|190/343|[from] item: Leftovers\n|upkeep\n|turn|16\n|\n|t:|1733897621\n|move|p2a: Dudunsparce|Earthquake|p1a: Annihilape\n|-damage|p1a: Annihilape|97/292 par\n|move|p1a: Annihilape|Drain Punch|p2a: Dudunsparce\n|-supereffective|p2a: Dudunsparce\n|-damage|p2a: Dudunsparce|20/343\n|-heal|p1a: Annihilape|182/292 par|[from] drain|[of] p2a: Dudunsparce\n|\n|-heal|p2a: Dudunsparce|41/343|[from] item: Leftovers\n|upkeep\n|turn|17\n|\n|t:|1733897628\n|move|p2a: Dudunsparce|Earthquake|p1a: Annihilape\n|-damage|p1a: Annihilape|90/292 par\n|move|p1a: Annihilape|Drain Punch|p2a: Dudunsparce\n|-supereffective|p2a: Dudunsparce\n|-damage|p2a: Dudunsparce|0 fnt\n|-heal|p1a: Annihilape|111/292 par|[from] drain|[of] p2a: Dudunsparce\n|faint|p2a: Dudunsparce\n|\n|upkeep\n|\n|t:|1733897633\n|switch|p2a: Wugtrio|Wugtrio, L91, M|182/212\n|turn|18\n|\n|t:|1733897639\n|move|p2a: Wugtrio|Throat Chop|p1a: Annihilape\n|-damage|p1a: Annihilape|0 fnt\n|faint|p1a: Annihilape\n|\n|upkeep\n|\n|t:|1733897643\n|switch|p1a: Honchkrow|Honchkrow, L86, M|312/312\n|turn|19\n|\n|t:|1733897652\n|switch|p2a: Heatran|Heatran, L79, F|273/273\n|-item|p2a: Heatran|Air Balloon\n|move|p1a: Honchkrow|Lash Out|p2a: Heatran\n|-damage|p2a: Heatran|179/273\n|-enditem|p2a: Heatran|Air Balloon\n|\n|upkeep\n|turn|20\n|\n|t:|1733897662\n|move|p1a: Honchkrow|Lash Out|p2a: Heatran\n|-damage|p2a: Heatran|85/273\n|move|p2a: Heatran|Heavy Slam|p1a: Honchkrow\n|-damage|p1a: Honchkrow|159/312\n|\n|upkeep\n|turn|21\n|\n|t:|1733897666\n|move|p1a: Honchkrow|Lash Out|p2a: Heatran\n|-damage|p2a: Heatran|0 fnt\n|faint|p2a: Heatran\n|-ability|p1a: Honchkrow|Moxie|boost\n|-boost|p1a: Honchkrow|atk|1\n|\n|upkeep\n|\n|t:|1733897667\n|switch|p2a: Wugtrio|Wugtrio, L91, M|182/212\n|turn|22\n|\n|t:|1733897670\n|move|p1a: Honchkrow|Sucker Punch|p2a: Wugtrio\n|-damage|p2a: Wugtrio|0 fnt\n|-ability|p2a: Wugtrio|Gooey\n|-unboost|p1a: Honchkrow|spe|1\n|faint|p2a: Wugtrio\n|\n|win|chae1\n|raw|chae1's rating: 2091 &rarr; <strong>2108</strong><br />(+17 for winning)\n|raw|MochcanL's rating: 2040 &rarr; <strong>2023</strong><br />(-17 for losing)\n", "inputlog": ">version bfd83cad13791eb5a5a409923076391caf6fb4d4\n>start {\"formatid\":\"gen9randombattle\",\"seed\":[37354,27525,19798,29944],\"rated\":\"Rated battle\"}\n>player p1 {\"name\":\"chae1\",\"avatar\":\"erika\",\"rating\":2091,\"seed\":[60887,17799,10175,23699]}\n>player p2 {\"name\":\"MochcanL\",\"avatar\":\"furisodegirl-black\",\"rating\":2040,\"seed\":[19106,61584,25997,4769]}\n>p1 switch 2\n>p2 move flamecharge\n>p1 move scald\n>p2 move torchsong\n>p1 move scald\n>p2 move slackoff terastallize\n>p1 move grassknot\n>p2 switch 2\n>p1 switch 2\n>p2 move throatchop\n>p1 move leafblade\n>p2 switch 5\n>p1 move knockoff\n>p2 move shellsmash\n>p1 move leafblade\n>p2 move headlongrush\n>p2 switch 4\n>p1 switch 2\n>p2 move stealthrock\n>p1 move scald\n>p2 switch 3\n>p1 switch 4\n>p2 move knockoff\n>p2 switch 2\n>p1 switch 4\n>p2 move shadowball\n>p1 move grassknot\n>p2 move shadowball\n>p2 switch 6\n>p1 switch 4\n>p2 move glare\n>p1 move drainpunch\n>p2 move earthquake\n>p1 move drainpunch\n>p2 move earthquake\n>p1 move drainpunch\n>p2 move earthquake\n>p2 switch 5\n>p1 move ragefist\n>p2 move throatchop\n>p1 switch 5\n>p1 move lashout\n>p2 switch 3\n>p1 move lashout\n>p2 move heavyslam\n>p1 move lashout\n>p2 move heavyslam\n>p2 switch 3\n>p1 move suckerpunch\n>p2 move liquidation", "uploadtime": 1733897671, "views": 2, "formatid": "gen9randombattle", "rating": 2023, "private": 0, "password": null}