{"id": "gen9randombattle-2260842455", "format": "[Gen 9] Random Battle", "players": ["enstrom", "AikonZ_Test"], "log": "|j|\u203denstrom\n|j|\u2606AikonZ_Test\n|t:|1733902414\n|gametype|singles\n|player|p1|enstrom|rancher|2125\n|player|p2|AikonZ_Test|veteran|2263\n|teamsize|p1|6\n|teamsize|p2|6\n|gen|9\n|tier|[Gen 9] Random Battle\n|rated|\n|rule|Species Clause: Limit one of each Pok\u00e9mon\n|rule|HP Percentage Mod: HP is shown in percentages\n|rule|Sleep Clause Mod: Limit one foe put to sleep\n|rule|Illusion Level Mod: Illusion disguises the Pok\u00e9mon's true level\n|\n|t:|1733902414\n|start\n|switch|p1a: Wugtrio|Wugtrio, L91, M|212/212\n|switch|p2a: Regieleki|Regieleki, L79|256/256\n|turn|1\n|inactive|Battle timer is ON: inactive players will automatically lose when time's up. (requested by enstrom)\n|\n|t:|1733902439\n|switch|p1a: Dipplin|Dipplin, L88, F|284/284\n|move|p2a: Regieleki|Volt Switch|p1a: Dipplin\n|-resisted|p1a: Dipplin\n|-crit|p1a: Dipplin\n|-damage|p1a: Dipplin|255/284\n|\n|t:|1733902444\n|switch|p2a: Overqwil|Overqwil, L82, F|274/274|[from] Volt Switch\n|-ability|p2a: Overqwil|Intimidate|boost\n|-unboost|p1a: Dipplin|atk|1\n|\n|upkeep\n|turn|2\n|inactive|enstrom has 120 seconds left.\n|\n|t:|1733902478\n|move|p2a: Overqwil|Swords Dance|p2a: Overqwil\n|-boost|p2a: Overqwil|atk|2\n|move|p1a: Dipplin|Dragon Pulse|p2a: Overqwil\n|-crit|p2a: Overqwil\n|-damage|p2a: Overqwil|94/274\n|\n|upkeep\n|turn|3\n|\n|t:|1733902496\n|switch|p1a: Iron Crown|Iron Crown, L78|268/268\n|-terastallize|p2a: Overqwil|Dragon\n|move|p2a: Overqwil|Scale Shot|p1a: Iron Crown\n|-resisted|p1a: Iron Crown\n|-damage|p1a: Iron Crown|238/268\n|-resisted|p1a: Iron Crown\n|-damage|p1a: Iron Crown|210/268\n|-resisted|p1a: Iron Crown\n|-damage|p1a: Iron Crown|180/268\n|-resisted|p1a: Iron Crown\n|-damage|p1a: Iron Crown|154/268\n|-resisted|p1a: Iron Crown\n|-damage|p1a: Iron Crown|129/268\n|-hitcount|p1a: Iron Crown|5\n|-unboost|p2a: Overqwil|def|1\n|-boost|p2a: Overqwil|spe|1\n|\n|upkeep\n|turn|4\n|inactive|enstrom has 120 seconds left.\n|\n|t:|1733902513\n|-terastallize|p1a: Iron Crown|Fighting\n|move|p2a: Overqwil|Crunch|p1a: Iron Crown\n|-resisted|p1a: Iron Crown\n|-crit|p1a: Iron Crown\n|-damage|p1a: Iron Crown|1/268\n|move|p1a: Iron Crown|Psyshock|p2a: Overqwil\n|-damage|p2a: Overqwil|0 fnt\n|faint|p2a: Overqwil\n|\n|upkeep\n|\n|t:|1733902521\n|switch|p2a: Regieleki|Regieleki, L79|256/256\n|turn|5\n|\n|t:|1733902528\n|-end|p1a: Iron Crown|Quark Drive|[silent]\n|switch|p1a: Dipplin|Dipplin, L88, F|255/284\n|move|p2a: Regieleki|Volt Switch|p1a: Dipplin\n|-resisted|p1a: Dipplin\n|-damage|p1a: Dipplin|237/284\n|\n|t:|1733902544\n|switch|p2a: Mesprit|Mesprit, L85|275/275|[from] Volt Switch\n|\n|upkeep\n|turn|6\n|inactive|enstrom has 120 seconds left.\n|\n|t:|1733902576\n|switch|p1a: Slowbro|Slowbro-Galar, L87, F|307/307\n|move|p2a: Mesprit|Thunder Wave|p1a: Slowbro|[miss]\n|-miss|p2a: Mesprit|p1a: Slowbro\n|\n|upkeep\n|turn|7\n|inactive|enstrom has 120 seconds left.\n|\n|t:|1733902585\n|move|p2a: Mesprit|U-turn|p1a: Slowbro\n|-damage|p1a: Slowbro|255/307\n|\n|t:|1733902587\n|switch|p2a: Ting-Lu|Ting-Lu, L78|370/370|[from] U-turn\n|-ability|p2a: Ting-Lu|Vessel of Ruin\n|move|p1a: Slowbro|Foul Play|p2a: Ting-Lu\n|-resisted|p2a: Ting-Lu\n|-damage|p2a: Ting-Lu|344/370\n|\n|-heal|p2a: Ting-Lu|367/370|[from] item: Leftovers\n|upkeep\n|turn|8\n|inactive|enstrom has 120 seconds left.\n|\n|t:|1733902605\n|switch|p1a: Dipplin|Dipplin, L88, F|237/284\n|move|p2a: Ting-Lu|Stealth Rock|p1a: Dipplin\n|-sidestart|p1: enstrom|move: Stealth Rock\n|\n|-heal|p2a: Ting-Lu|370/370|[from] item: Leftovers\n|upkeep\n|turn|9\n|\n|t:|1733902612\n|move|p1a: Dipplin|Giga Drain|p2a: Ting-Lu\n|-supereffective|p2a: Ting-Lu\n|-damage|p2a: Ting-Lu|220/370\n|-heal|p1a: Dipplin|284/284|[from] drain|[of] p2a: Ting-Lu\n|move|p2a: Ting-Lu|Spikes|p1a: Dipplin\n|-sidestart|p1: enstrom|Spikes\n|\n|-heal|p2a: Ting-Lu|243/370|[from] item: Leftovers\n|upkeep\n|turn|10\n|\n|t:|1733902627\n|switch|p2a: Mesprit|Mesprit, L85|275/275\n|move|p1a: Dipplin|Giga Drain|p2a: Mesprit\n|-damage|p2a: Mesprit|199/275\n|\n|-heal|p2a: Mesprit|216/275|[from] item: Leftovers\n|upkeep\n|turn|11\n|\n|t:|1733902635\n|move|p2a: Mesprit|Encore|p1a: Dipplin\n|-start|p1a: Dipplin|Encore\n|move|p1a: Dipplin|Giga Drain|p2a: Mesprit\n|-damage|p2a: Mesprit|144/275\n|\n|-heal|p2a: Mesprit|161/275|[from] item: Leftovers\n|upkeep\n|turn|12\n|\n|t:|1733902642\n|move|p2a: Mesprit|Psychic Noise|p1a: Dipplin\n|-damage|p1a: Dipplin|223/284\n|-start|p1a: Dipplin|move: Heal Block\n|cant|p1a: Dipplin|move: Heal Block|Giga Drain\n|\n|-heal|p2a: Mesprit|178/275|[from] item: Leftovers\n|upkeep\n|turn|13\n|inactive|enstrom has 120 seconds left.\n|\n|t:|1733902688\n|switch|p1a: Volcanion|Volcanion, L79|255/255\n|-damage|p1a: Volcanion|192/255|[from] Stealth Rock\n|-damage|p1a: Volcanion|161/255|[from] Spikes\n|move|p2a: Mesprit|U-turn|p1a: Volcanion\n|-resisted|p1a: Volcanion\n|-damage|p1a: Volcanion|140/255\n|inactive|AikonZ_Test has 120 seconds left.\n|\n|t:|1733902719\n|switch|p2a: Zekrom|Zekrom, L71|259/259|[from] U-turn\n|-ability|p2a: Zekrom|Teravolt\n|\n|upkeep\n|turn|14\n|\n|t:|1733902732\n|move|p2a: Zekrom|Dragon Dance|p2a: Zekrom\n|-boost|p2a: Zekrom|atk|1\n|-boost|p2a: Zekrom|spe|1\n|move|p1a: Volcanion|Earth Power|p2a: Zekrom\n|-supereffective|p2a: Zekrom\n|-damage|p2a: Zekrom|35/259\n|\n|-heal|p2a: Zekrom|51/259|[from] item: Leftovers\n|upkeep\n|turn|15\n|inactive|AikonZ_Test has 120 seconds left.\n|\n|t:|1733902751\n|move|p2a: Zekrom|Outrage|p1a: Volcanion\n|-damage|p1a: Volcanion|0 fnt\n|faint|p1a: Volcanion\n|\n|-heal|p2a: Zekrom|67/259|[from] item: Leftovers\n|upkeep\n|inactive|enstrom has 90 seconds left.\n|\n|t:|1733902779\n|switch|p1a: Wugtrio|Wugtrio, L91, M|212/212\n|-damage|p1a: Wugtrio|186/212|[from] Stealth Rock\n|-damage|p1a: Wugtrio|160/212|[from] Spikes\n|turn|16\n|inactive|enstrom has 90 seconds left.\n|\n|t:|1733902785\n|move|p1a: Wugtrio|Liquidation|p2a: Zekrom\n|-resisted|p2a: Zekrom\n|-damage|p2a: Zekrom|0 fnt\n|faint|p2a: Zekrom\n|\n|upkeep\n|\n|t:|1733902794\n|switch|p2a: Regieleki|Regieleki, L79|256/256\n|turn|17\n|\n|t:|1733902803\n|switch|p1a: Dipplin|Dipplin, L88, F|223/284\n|-damage|p1a: Dipplin|188/284|[from] Stealth Rock\n|-damage|p1a: Dipplin|153/284|[from] Spikes\n|move|p2a: Regieleki|Volt Switch|p1a: Dipplin\n|-resisted|p1a: Dipplin\n|-damage|p1a: Dipplin|136/284\n|\n|t:|1733902820\n|switch|p2a: Mesprit|Mesprit, L85|178/275|[from] Volt Switch\n|\n|-heal|p2a: Mesprit|195/275|[from] item: Leftovers\n|upkeep\n|turn|18\n|\n|t:|1733902841\n|switch|p1a: Iron Crown|Iron Crown, L78, tera:Fighting|1/268\n|-damage|p1a: Iron Crown|0 fnt|[from] Stealth Rock\n|faint|p1a: Iron Crown\n|-end|p1a: Iron Crown|Quark Drive|[silent]\n|move|p2a: Mesprit|Psychic Noise|p1: Iron Crown|[notarget]\n|-fail|p2a: Mesprit\n|\n|-heal|p2a: Mesprit|212/275|[from] item: Leftovers\n|upkeep\n|inactive|enstrom has 90 seconds left.\n|\n|t:|1733902859\n|switch|p1a: Wugtrio|Wugtrio, L91, M|160/212\n|-damage|p1a: Wugtrio|134/212|[from] Stealth Rock\n|-damage|p1a: Wugtrio|108/212|[from] Spikes\n|turn|19\n|\n|t:|1733902870\n|move|p1a: Wugtrio|Liquidation|p2a: Mesprit\n|-crit|p2a: Mesprit\n|-damage|p2a: Mesprit|20/275\n|move|p2a: Mesprit|U-turn|p1a: Wugtrio\n|-damage|p1a: Wugtrio|35/212\n|-ability|p1a: Wugtrio|Gooey\n|-unboost|p2a: Mesprit|spe|1\n|\n|t:|1733902876\n|switch|p2a: Regieleki|Regieleki, L79|256/256|[from] U-turn\n|\n|upkeep\n|turn|20\n|\n|t:|1733902882\n|move|p2a: Regieleki|Volt Switch|p1a: Wugtrio\n|-supereffective|p1a: Wugtrio\n|-damage|p1a: Wugtrio|0 fnt\n|faint|p1a: Wugtrio\n|\n|t:|1733902887\n|switch|p2a: Mesprit|Mesprit, L85|20/275|[from] Volt Switch\n|\n|-heal|p2a: Mesprit|37/275|[from] item: Leftovers\n|upkeep\n|\n|t:|1733902892\n|switch|p1a: Houndstone|Houndstone, L86, F|264/264\n|-damage|p1a: Houndstone|231/264|[from] Stealth Rock\n|-damage|p1a: Houndstone|198/264|[from] Spikes\n|turn|21\n|inactive|enstrom has 120 seconds left.\n|\n|t:|1733902903\n|switch|p2a: Ting-Lu|Ting-Lu, L78|243/370\n|-ability|p2a: Ting-Lu|Vessel of Ruin\n|move|p1a: Houndstone|Play Rough|p2a: Ting-Lu\n|-supereffective|p2a: Ting-Lu\n|-damage|p2a: Ting-Lu|139/370\n|\n|-heal|p2a: Ting-Lu|162/370|[from] item: Leftovers\n|upkeep\n|turn|22\n|\n|t:|1733902919\n|move|p1a: Houndstone|Body Press|p2a: Ting-Lu\n|-supereffective|p2a: Ting-Lu\n|-damage|p2a: Ting-Lu|66/370\n|move|p2a: Ting-Lu|Earthquake|p1a: Houndstone\n|-damage|p1a: Houndstone|101/264\n|\n|-heal|p2a: Ting-Lu|89/370|[from] item: Leftovers\n|upkeep\n|turn|23\n|inactive|AikonZ_Test has 120 seconds left.\n|\n|t:|1733902950\n|move|p1a: Houndstone|Body Press|p2a: Ting-Lu\n|-supereffective|p2a: Ting-Lu\n|-damage|p2a: Ting-Lu|0 fnt\n|faint|p2a: Ting-Lu\n|\n|upkeep\n|\n|t:|1733902952\n|switch|p2a: Regieleki|Regieleki, L79|256/256\n|turn|24\n|inactive|enstrom has 120 seconds left.\n|\n|t:|1733902982\n|move|p2a: Regieleki|Volt Switch|p1a: Houndstone\n|-damage|p1a: Houndstone|38/264\n|\n|t:|1733902989\n|switch|p2a: Falinks|Falinks, L84|246/246|[from] Volt Switch\n|move|p1a: Houndstone|Poltergeist|p2a: Falinks\n|-activate|p2a: Falinks|move: Poltergeist|Life Orb\n|-damage|p2a: Falinks|140/246\n|\n|upkeep\n|turn|25\n|inactive|enstrom has 120 seconds left.\n|inactive|AikonZ_Test has 120 seconds left.\n|\n|t:|1733903007\n|move|p2a: Falinks|Knock Off|p1a: Houndstone\n|-supereffective|p1a: Houndstone\n|-damage|p1a: Houndstone|0 fnt\n|-enditem|p1a: Houndstone|Assault Vest|[from] move: Knock Off|[of] p2a: Falinks\n|faint|p1a: Houndstone\n|-damage|p2a: Falinks|116/246|[from] item: Life Orb\n|\n|upkeep\n|inactive|enstrom has 120 seconds left.\n|\n|t:|1733903014\n|switch|p1a: Slowbro|Slowbro-Galar, L87, F|307/307\n|-damage|p1a: Slowbro|269/307|[from] Stealth Rock\n|-damage|p1a: Slowbro|231/307|[from] Spikes\n|turn|26\n|\n|t:|1733903023\n|move|p2a: Falinks|Knock Off|p1a: Slowbro\n|-supereffective|p1a: Slowbro\n|-damage|p1a: Slowbro|57/307\n|-enditem|p1a: Slowbro|Assault Vest|[from] move: Knock Off|[of] p2a: Falinks\n|-damage|p2a: Falinks|92/246|[from] item: Life Orb\n|move|p1a: Slowbro|Psychic|p2a: Falinks\n|-supereffective|p2a: Falinks\n|-damage|p2a: Falinks|0 fnt\n|faint|p2a: Falinks\n|\n|upkeep\n|inactive|AikonZ_Test has 120 seconds left.\n|\n|t:|1733903039\n|switch|p2a: Mesprit|Mesprit, L85|37/275\n|turn|27\n|\n|t:|1733903050\n|move|p2a: Mesprit|Psychic Noise|p1a: Slowbro\n|-damage|p1a: Slowbro|0 fnt\n|faint|p1a: Slowbro\n|\n|-heal|p2a: Mesprit|54/275|[from] item: Leftovers\n|upkeep\n|\n|t:|1733903052\n|switch|p1a: Dipplin|Dipplin, L88, F|136/284\n|-damage|p1a: Dipplin|101/284|[from] Stealth Rock\n|-damage|p1a: Dipplin|66/284|[from] Spikes\n|turn|28\n|\n|t:|1733903058\n|move|p1a: Dipplin|Sucker Punch|p2a: Mesprit\n|-supereffective|p2a: Mesprit\n|-damage|p2a: Mesprit|0 fnt\n|faint|p2a: Mesprit\n|\n|upkeep\n|\n|t:|1733903061\n|switch|p2a: Regieleki|Regieleki, L79|256/256\n|turn|29\n|\n|t:|1733903067\n|move|p2a: Regieleki|Explosion|p1a: Dipplin\n|-damage|p1a: Dipplin|0 fnt\n|faint|p2a: Regieleki\n|faint|p1a: Dipplin\n|\n|win|enstrom\n|raw|enstrom's rating: 2125 &rarr; <strong>2153</strong><br />(+28 for winning)\n|raw|AikonZ_Test's rating: 2263 &rarr; <strong>2235</strong><br />(-28 for losing)\n", "inputlog": ">version bfd83cad13791eb5a5a409923076391caf6fb4d4\n>start {\"formatid\":\"gen9randombattle\",\"seed\":[1348,54896,44238,36785],\"rated\":\"Rated battle\"}\n>player p1 {\"name\":\"enstrom\",\"avatar\":\"rancher\",\"rating\":2125,\"seed\":[45772,40904,47522,6966]}\n>player p2 {\"name\":\"AikonZ_Test\",\"avatar\":\"veteran\",\"rating\":2263,\"seed\":[40066,13891,20062,15363]}\n>p1 switch 2\n>p2 move voltswitch\n>p2 switch 2\n>p1 move dragonpulse\n>p2 move swordsdance\n>p1 switch 3\n>p2 move scaleshot terastallize\n>p1 move psyshock terastallize\n>p2 move crunch\n>p2 switch 2\n>p1 switch 3\n>p2 move voltswitch\n>p2 switch 5\n>p1 switch 6\n>p2 move thunderwave\n>p1 move foulplay\n>p2 move uturn\n>p2 switch 3\n>p1 switch 6\n>p2 move stealthrock\n>p1 move gigadrain\n>p2 move spikes\n>p1 move gigadrain\n>p2 switch 3\n>p1 move dragonpulse\n>p2 move encore\n>p1 move gigadrain\n>p2 move psychicnoise\n>p1 switch 5\n>p2 move uturn\n>p2 switch 4\n>p1 move earthpower\n>p2 move dragondance\n>p1 move earthpower\n>p2 move outrage\n>p1 switch 2\n>p1 move liquidation\n>p2 move outrage\n>p2 switch 5\n>p1 switch 5\n>p2 move voltswitch\n>p2 switch 4\n>p1 switch 3\n>p2 move psychicnoise\n>p1 switch 5\n>p1 move liquidation\n>p2 move uturn\n>p2 switch 4\n>p1 move liquidation\n>p2 move voltswitch\n>p2 switch 4\n>p1 switch 4\n>p1 move playrough\n>p2 switch 3\n>p1 move bodypress\n>p2 move earthquake\n>p1 move bodypress\n>p2 move earthquake\n>p2 switch 4\n>p1 move poltergeist\n>p2 move voltswitch\n>p2 switch 6\n>p1 move playrough\n>p2 move knockoff\n>p1 switch 6\n>p1 move psychic\n>p2 move knockoff\n>p2 switch 3\n>p1 move shellsidearm\n>p2 move psychicnoise\n>p1 switch 3\n>p1 move suckerpunch\n>p2 move psychicnoise\n>p2 switch 6\n>p1 move recover\n>p2 move explosion", "uploadtime": 1733903075, "views": 1, "formatid": "gen9randombattle", "rating": 2153, "private": 0, "password": null}