{"id": "gen9randombattle-2136974527", "format": "[Gen 9] Random Battle", "players": ["Vitoran", "Freeeky"], "log": "|j|\u2606Vitoran\n|j|\u2606Freeeky\n|t:|1717533965\n|gametype|singles\n|player|p1|Vitoran|nemona-v|2247\n|player|p2|Freeeky|emmet|2228\n|teamsize|p1|6\n|teamsize|p2|6\n|gen|9\n|tier|[Gen 9] Random Battle\n|rated|\n|rule|Species Clause: Limit one of each Pok\u00e9mon\n|rule|HP Percentage Mod: HP is shown in percentages\n|rule|Sleep Clause Mod: Limit one foe put to sleep\n|rule|Illusion Level Mod: Illusion disguises the Pok\u00e9mon's true level\n|\n|t:|1717533965\n|start\n|switch|p1a: Medicham|Medicham, L86, M|243/243\n|switch|p2a: Magcargo|Magcargo, L94, F|265/265\n|turn|1\n|inactive|Battle timer is ON: inactive players will automatically lose when time's up. (requested by Freeeky)\n|inactive|Vitoran also wants the timer to be on.\n|c|\u2606Vitoran|glhf\n|inactive|Vitoran has 120 seconds left.\n|\n|t:|1717534008\n|move|p1a: Medicham|Close Combat|p2a: Magcargo\n|-supereffective|p2a: Magcargo\n|-damage|p2a: Magcargo|0 fnt\n|-unboost|p1a: Medicham|def|1\n|-unboost|p1a: Medicham|spd|1\n|faint|p2a: Magcargo\n|\n|upkeep\n|\n|t:|1717534022\n|switch|p2a: Pincurchin|Pincurchin, L99, F|255/255\n|-fieldstart|move: Electric Terrain|[from] ability: Electric Surge|[of] p2a: Pincurchin\n|turn|2\n|\n|t:|1717534032\n|move|p1a: Medicham|Close Combat|p2a: Pincurchin\n|-damage|p2a: Pincurchin|41/255\n|-unboost|p1a: Medicham|def|1\n|-unboost|p1a: Medicham|spd|1\n|move|p2a: Pincurchin|Zing Zap|p1a: Medicham\n|-damage|p1a: Medicham|0 fnt\n|faint|p1a: Medicham\n|\n|-heal|p2a: Pincurchin|56/255|[from] item: Leftovers\n|upkeep\n|\n|t:|1717534048\n|switch|p1a: Golurk|Golurk, L87|297/297\n|turn|3\n|\n|t:|1717534063\n|move|p1a: Golurk|Stealth Rock|p2a: Pincurchin\n|-sidestart|p2: Freeeky|move: Stealth Rock\n|move|p2a: Pincurchin|Liquidation|p1a: Golurk\n|-supereffective|p1a: Golurk\n|-damage|p1a: Golurk|109/297\n|\n|-heal|p2a: Pincurchin|71/255|[from] item: Leftovers\n|upkeep\n|turn|4\n|\n|t:|1717534069\n|move|p1a: Golurk|Poltergeist|p2a: Pincurchin\n|-activate|p2a: Pincurchin|move: Poltergeist|Leftovers\n|-crit|p2a: Pincurchin\n|-damage|p2a: Pincurchin|0 fnt\n|faint|p2a: Pincurchin\n|-damage|p1a: Golurk|80/297|[from] item: Life Orb\n|\n|upkeep\n|\n|t:|1717534078\n|switch|p2a: Keldeo|Keldeo-Resolute, L79|273/273\n|-damage|p2a: Keldeo|256/273|[from] Stealth Rock\n|turn|5\n|\n|t:|1717534089\n|move|p2a: Keldeo|Flip Turn|p1a: Golurk\n|-supereffective|p1a: Golurk\n|-damage|p1a: Golurk|0 fnt\n|faint|p1a: Golurk\n|\n|t:|1717534094\n|switch|p2a: Raikou|Raikou, L81|278/278|[from] Flip Turn\n|-damage|p2a: Raikou|244/278|[from] Stealth Rock\n|-ability|p2a: Raikou|Pressure\n|\n|upkeep\n|inactive|Vitoran has 120 seconds left.\n|inactive|Vitoran has 90 seconds left.\n|c|\u2606Freeeky|Zzzzzz\n|\n|t:|1717534159\n|switch|p1a: Arceus|Arceus-Poison, L72|292/292\n|turn|6\n|inactive|Vitoran has 90 seconds left.\n|c|\u2606Vitoran|imagine thinking in a mons game right?\n|\n|t:|1717534190\n|move|p2a: Raikou|Thunderbolt|p1a: Arceus\n|-damage|p1a: Arceus|126/292\n|move|p1a: Arceus|Gunk Shot|p2a: Raikou|[miss]\n|-miss|p1a: Arceus|p2a: Raikou\n|\n|-fieldend|move: Electric Terrain\n|upkeep\n|turn|7\n|c|\u2606Freeeky|Imagine caring about a mons game\n|c|\u2606Freeeky|randbats at that\n|c|\u2606Vitoran|i mean yeah\n|\n|t:|1717534218\n|move|p2a: Raikou|Thunderbolt|p1a: Arceus\n|-damage|p1a: Arceus|0 fnt\n|faint|p1a: Arceus\n|\n|upkeep\n|c|\u2606Vitoran|i'm investing my time here\n|c|\u2606Vitoran|why wouldnt i care lmao\n|\n|t:|1717534234\n|switch|p1a: Gengar|Gengar, L81, F|230/230\n|turn|8\n|c|\u2606Freeeky|Well with all that thinking it didn\u2019t seem to work\n|c|\u2606Freeeky|So good job!\n|\n|t:|1717534253\n|move|p2a: Raikou|Thunderbolt|p1a: Gengar\n|-damage|p1a: Gengar|46/230\n|move|p1a: Gengar|Sludge Wave|p2a: Raikou\n|-damage|p2a: Raikou|96/278\n|-damage|p1a: Gengar|23/230|[from] item: Life Orb\n|\n|upkeep\n|turn|9\n|c|\u2606Vitoran|thanks man\n|c|\u2606Vitoran|that was a skillful gunk shot dodge i have to say\n|c|\u2606Vitoran|almost as smart as staying in on turn 1\n|inactive|Vitoran has 60 seconds left.\n|\n|t:|1717534273\n|move|p2a: Raikou|Thunderbolt|p1a: Gengar\n|-damage|p1a: Gengar|0 fnt\n|-start|p2a: Raikou|Disable|Thunderbolt|[from] ability: Cursed Body|[of] p1a: Gengar\n|faint|p1a: Gengar\n|\n|upkeep\n|inactive|Vitoran has 60 seconds left.\n|c|\u2606Freeeky|Should\u2019ve thought about a better option\n|\n|t:|1717534281\n|switch|p1a: Regieleki|Regieleki, L78|253/253\n|turn|10\n|\n|t:|1717534286\n|switch|p2a: Bellossom|Bellossom, L84, F|263/263\n|-damage|p2a: Bellossom|231/263|[from] Stealth Rock\n|move|p1a: Regieleki|Thunderbolt|p2a: Bellossom\n|-resisted|p2a: Bellossom\n|-damage|p2a: Bellossom|169/263\n|-status|p2a: Bellossom|par\n|\n|-heal|p2a: Bellossom|185/263 par|[from] item: Leftovers\n|upkeep\n|turn|11\n|\n|t:|1717534295\n|move|p1a: Regieleki|Volt Switch|p2a: Bellossom\n|-resisted|p2a: Bellossom\n|-damage|p2a: Bellossom|143/263 par\n|\n|t:|1717534299\n|switch|p1a: Avalugg|Avalugg, L88, M|310/310|[from] Volt Switch\n|move|p2a: Bellossom|Giga Drain|p1a: Avalugg\n|-damage|p1a: Avalugg|192/310\n|-heal|p2a: Bellossom|202/263 par|[from] drain|[of] p1a: Avalugg\n|\n|-heal|p2a: Bellossom|218/263 par|[from] item: Leftovers\n|upkeep\n|turn|12\n|\n|t:|1717534307\n|switch|p1a: Regieleki|Regieleki, L78|253/253\n|switch|p2a: Politoed|Politoed, L88, F|302/302\n|-damage|p2a: Politoed|265/302|[from] Stealth Rock\n|-weather|RainDance|[from] ability: Drizzle|[of] p2a: Politoed\n|\n|-weather|RainDance|[upkeep]\n|upkeep\n|turn|13\n|inactive|Vitoran has 90 seconds left.\n|\n|t:|1717534317\n|switch|p2a: Bellossom|Bellossom, L84, F|218/263 par\n|-damage|p2a: Bellossom|186/263 par|[from] Stealth Rock\n|-terastallize|p1a: Regieleki|Electric\n|move|p1a: Regieleki|Thunderbolt|p2a: Bellossom\n|-resisted|p2a: Bellossom\n|-damage|p2a: Bellossom|112/263 par\n|\n|-weather|RainDance|[upkeep]\n|-heal|p2a: Bellossom|128/263 par|[from] item: Leftovers\n|upkeep\n|turn|14\n|inactive|Vitoran has 90 seconds left.\n|\n|t:|1717534327\n|move|p1a: Regieleki|Volt Switch|p2a: Bellossom\n|-resisted|p2a: Bellossom\n|-damage|p2a: Bellossom|71/263 par\n|\n|t:|1717534330\n|switch|p1a: Avalugg|Avalugg, L88, M|192/310|[from] Volt Switch\n|move|p2a: Bellossom|Sludge Bomb|p1a: Avalugg\n|-damage|p1a: Avalugg|102/310\n|\n|-weather|RainDance|[upkeep]\n|-heal|p2a: Bellossom|87/263 par|[from] item: Leftovers\n|upkeep\n|turn|15\n|\n|t:|1717534341\n|move|p1a: Avalugg|Body Press|p2a: Bellossom\n|-damage|p2a: Bellossom|0 fnt\n|faint|p2a: Bellossom\n|\n|-weather|RainDance|[upkeep]\n|upkeep\n|\n|t:|1717534345\n|switch|p2a: Keldeo|Keldeo-Resolute, L79|256/273\n|-damage|p2a: Keldeo|239/273|[from] Stealth Rock\n|turn|16\n|\n|t:|1717534351\n|move|p2a: Keldeo|Secret Sword|p1a: Avalugg\n|-supereffective|p1a: Avalugg\n|-damage|p1a: Avalugg|0 fnt\n|faint|p1a: Avalugg\n|\n|-weather|none\n|upkeep\n|\n|t:|1717534353\n|switch|p1a: Regieleki|Regieleki, L78, tera:Electric|253/253\n|turn|17\n|\n|t:|1717534359\n|-terastallize|p2a: Keldeo|Fighting\n|move|p1a: Regieleki|Thunderbolt|p2a: Keldeo\n|-damage|p2a: Keldeo|47/273\n|move|p2a: Keldeo|Secret Sword|p1a: Regieleki\n|-damage|p1a: Regieleki|0 fnt\n|faint|p1a: Regieleki\n|\n|win|Freeeky\n|raw|Vitoran's rating: 2247 &rarr; <strong>2226</strong><br />(-21 for losing)\n|raw|Freeeky's rating: 2228 &rarr; <strong>2249</strong><br />(+21 for winning)\n|c|\u2606Vitoran|gg\n|l|\u2606Freeeky\n|player|p2|\n", "inputlog": ">version 44ea4080b22383dffbfbbbc072caa3821a8e16c7\n>start {\"formatid\":\"gen9randombattle\",\"seed\":[27192,26954,51208,20222],\"rated\":\"Rated battle\"}\n>player p1 {\"name\":\"Vitoran\",\"avatar\":\"nemona-v\",\"rating\":2247,\"seed\":[12188,28006,26001,38692]}\n>player p2 {\"name\":\"Freeeky\",\"avatar\":\"emmet\",\"rating\":2228,\"seed\":[30665,55625,43021,15960]}\n>chat \u2606Vitoran|glhf\n>p1 move closecombat\n>p2 move stealthrock\n>p2 switch 4\n>p1 move closecombat\n>p2 move zingzap\n>p1 switch 2\n>p1 move stealthrock\n>p2 move liquidation\n>p1 move poltergeist\n>p2 move liquidation\n>p2 switch 3\n>p1 move poltergeist\n>p2 move flipturn\n>p2 switch 2\n>chat \u2606Freeeky|Zzzzzz\n>p1 switch 4\n>chat \u2606Vitoran|imagine thinking in a mons game right?\n>p1 move gunkshot\n>p2 move thunderbolt\n>chat \u2606Freeeky|Imagine caring about a mons game\n>chat \u2606Freeeky|randbats at that\n>chat \u2606Vitoran|i mean yeah\n>p1 move gunkshot\n>p2 move thunderbolt\n>chat \u2606Vitoran|i'm investing my time here\n>chat \u2606Vitoran|why wouldnt i care lmao\n>p1 switch 6\n>chat \u2606Freeeky|Well with all that thinking it didn\u2019t seem to work\n>chat \u2606Freeeky|So good job!\n>p1 move sludgewave\n>p2 move thunderbolt\n>chat \u2606Vitoran|thanks man\n>chat \u2606Vitoran|that was a skillful gunk shot dodge i have to say\n>chat \u2606Vitoran|almost as smart as staying in on turn 1\n>p1 move sludgewave\n>p2 move thunderbolt\n>chat \u2606Freeeky|Should\u2019ve thought about a better option\n>p1 switch 3\n>p1 move thunderbolt\n>p2 switch 6\n>p1 move voltswitch\n>p2 move gigadrain\n>p1 switch 5\n>p1 switch 5\n>p2 switch 5\n>p1 move thunderbolt terastallize\n>p2 switch 5\n>p1 move voltswitch\n>p2 move sludgebomb\n>p1 switch 5\n>p1 move bodypress\n>p2 move strengthsap\n>p2 switch 2\n>p1 move bodypress\n>p2 move secretsword\n>p1 switch 5\n>p1 move thunderbolt\n>p2 move secretsword terastallize", "uploadtime": 1717534396, "views": 195, "formatid": "gen9randombattle", "rating": 2226, "private": 0, "password": null}