{"id": "gen9randombattle-2260760731", "format": "[Gen 9] Random Battle", "players": ["vampservleader", "Lrice.exe"], "log": "|j|\u2606vampservleader\n|j|\u2606Lrice.exe\n|t:|1733888127\n|gametype|singles\n|player|p1|vampservleader|volkner|1461\n|player|p2|Lrice.exe|lance|1447\n|teamsize|p1|6\n|teamsize|p2|6\n|gen|9\n|tier|[Gen 9] Random Battle\n|rated|\n|rule|Species Clause: Limit one of each Pok\u00e9mon\n|rule|HP Percentage Mod: HP is shown in percentages\n|rule|Sleep Clause Mod: Limit one foe put to sleep\n|rule|Illusion Level Mod: Illusion disguises the Pok\u00e9mon's true level\n|\n|t:|1733888127\n|start\n|switch|p1a: Manaphy|Manaphy, L78|284/284\n|switch|p2a: Diancie|Diancie, L82|216/216\n|turn|1\n|\n|t:|1733888137\n|move|p1a: Manaphy|Tail Glow|p1a: Manaphy\n|-boost|p1a: Manaphy|spa|3\n|move|p2a: Diancie|Stealth Rock|p1a: Manaphy\n|-sidestart|p1: vampservleader|move: Stealth Rock\n|\n|upkeep\n|turn|2\n|\n|t:|1733888151\n|switch|p2a: Rillaboom|Rillaboom, L79, M|288/288\n|-fieldstart|move: Grassy Terrain|[from] ability: Grassy Surge|[of] p2a: Rillaboom\n|move|p1a: Manaphy|Surf|p2a: Rillaboom\n|-resisted|p2a: Rillaboom\n|-damage|p2a: Rillaboom|153/288\n|\n|-heal|p2a: Rillaboom|171/288|[from] Grassy Terrain\n|upkeep\n|turn|3\n|\n|t:|1733888170\n|-terastallize|p1a: Manaphy|Grass\n|move|p1a: Manaphy|Tail Glow|p1a: Manaphy\n|-boost|p1a: Manaphy|spa|3\n|move|p2a: Rillaboom|Wood Hammer|p1a: Manaphy\n|-resisted|p1a: Manaphy\n|-damage|p1a: Manaphy|179/284\n|-damage|p2a: Rillaboom|136/288|[from] Recoil\n|-damage|p2a: Rillaboom|108/288|[from] item: Life Orb\n|\n|-heal|p1a: Manaphy|196/284|[from] Grassy Terrain\n|-heal|p1a: Manaphy|213/284|[from] item: Leftovers\n|-heal|p2a: Rillaboom|126/288|[from] Grassy Terrain\n|upkeep\n|turn|4\n|\n|t:|1733888197\n|move|p1a: Manaphy|Surf|p2a: Rillaboom\n|-resisted|p2a: Rillaboom\n|-damage|p2a: Rillaboom|0 fnt\n|faint|p2a: Rillaboom\n|\n|-heal|p1a: Manaphy|230/284|[from] Grassy Terrain\n|-heal|p1a: Manaphy|247/284|[from] item: Leftovers\n|upkeep\n|\n|t:|1733888208\n|switch|p2a: Weavile|Weavile, L79, M|240/240\n|turn|5\n|\n|t:|1733888219\n|move|p2a: Weavile|Triple Axel|p1a: Manaphy|[miss]\n|-miss|p2a: Weavile|p1a: Manaphy\n|move|p1a: Manaphy|Energy Ball|p2a: Weavile\n|-damage|p2a: Weavile|0 fnt\n|faint|p2a: Weavile\n|\n|-heal|p1a: Manaphy|264/284|[from] Grassy Terrain\n|-heal|p1a: Manaphy|281/284|[from] item: Leftovers\n|upkeep\n|c|\u2606vampservleader|unlucky\n|\n|t:|1733888228\n|switch|p2a: Houndoom|Houndoom, L87, F|272/272\n|turn|6\n|\n|t:|1733888236\n|move|p2a: Houndoom|Fire Blast|p1a: Manaphy\n|-supereffective|p1a: Manaphy\n|-damage|p1a: Manaphy|11/284\n|move|p1a: Manaphy|Surf|p2a: Houndoom\n|-supereffective|p2a: Houndoom\n|-damage|p2a: Houndoom|0 fnt\n|faint|p2a: Houndoom\n|\n|-heal|p1a: Manaphy|28/284|[from] Grassy Terrain\n|-heal|p1a: Manaphy|45/284|[from] item: Leftovers\n|-fieldend|move: Grassy Terrain\n|upkeep\n|\n|t:|1733888260\n|switch|p2a: Iron Hands|Iron Hands, L79|373/373\n|turn|7\n|\n|t:|1733888279\n|move|p1a: Manaphy|Energy Ball|p2a: Iron Hands\n|-crit|p2a: Iron Hands\n|-damage|p2a: Iron Hands|0 fnt\n|faint|p2a: Iron Hands\n|-end|p2a: Iron Hands|Quark Drive|[silent]\n|\n|-heal|p1a: Manaphy|62/284|[from] item: Leftovers\n|upkeep\n|-message|Lrice.exe forfeited.\n|\n|win|vampservleader\n|raw|vampservleader's rating: 1461 &rarr; <strong>1480</strong><br />(+19 for winning)\n|raw|Lrice.exe's rating: 1447 &rarr; <strong>1428</strong><br />(-19 for losing)\n|l|\u2606Lrice.exe\n|player|p2|\n", "inputlog": ">version bfd83cad13791eb5a5a409923076391caf6fb4d4\n>start {\"formatid\":\"gen9randombattle\",\"seed\":[54000,34213,9974,57779],\"rated\":\"Rated battle\"}\n>player p1 {\"name\":\"vampservleader\",\"avatar\":\"volkner\",\"rating\":1461,\"seed\":[45477,60583,43723,3679]}\n>player p2 {\"name\":\"Lrice.exe\",\"avatar\":\"lance\",\"rating\":1447,\"seed\":[22148,34641,59003,34578]}\n>p1 move tailglow\n>p2 move stealthrock\n>p1 move surf\n>p2 switch 4\n>p1 move tailglow terastallize\n>p2 move woodhammer\n>p1 move surf\n>p2 move woodhammer\n>p2 switch 3\n>p1 move energyball\n>p2 move tripleaxel\n>chat \u2606vampservleader|unlucky\n>p2 switch 5\n>p1 move surf\n>p2 move fireblast\n>p2 switch 2\n>p1 move energyball\n>p2 move voltswitch\n>forcelose p2", "uploadtime": 1733888290, "views": 9, "formatid": "gen9randombattle", "rating": 1428, "private": 0, "password": null}