{"id": "gen9randombattle-2144294190", "format": "[Gen 9] Random Battle", "players": ["Jonuz", "MichaelderBeste2"], "log": "|badge|p2|gold|gen9randombattle|3-1\n|uhtml|medal-msg|<div class=\"broadcast-blue\">Curious what those medals under the avatar are? PS now has Ladder Seasons! For more information, check out the <a href=\"https://www.smogon.com/forums/threads/3740067/\">thread on Smogon.</a></div>\n|j|\u2606Jonuz\n|j|\u2606MichaelderBeste2\n|t:|1718536565\n|gametype|singles\n|player|p1|Jonuz|265|2264\n|player|p2|MichaelderBeste2|#splxivclassiest2|2473\n|teamsize|p1|6\n|teamsize|p2|6\n|gen|9\n|tier|[Gen 9] Random Battle\n|rated|\n|rule|Species Clause: Limit one of each Pok\u00e9mon\n|rule|HP Percentage Mod: HP is shown in percentages\n|rule|Sleep Clause Mod: Limit one foe put to sleep\n|rule|Illusion Level Mod: Illusion disguises the Pok\u00e9mon's true level\n|\n|t:|1718536565\n|start\n|switch|p1a: Tropius|Tropius, L91, F|328/328\n|switch|p2a: Passimian|Passimian, L83, F|302/302\n|turn|1\n|inactive|Battle timer is ON: inactive players will automatically lose when time's up. (requested by Jonuz)\n|\n|t:|1718536574\n|move|p1a: Tropius|Protect|p1a: Tropius\n|-singleturn|p1a: Tropius|Protect\n|move|p2a: Passimian|Knock Off|p1a: Tropius\n|-activate|p1a: Tropius|move: Protect\n|\n|upkeep\n|turn|2\n|\n|t:|1718536583\n|switch|p1a: Masquerain|Masquerain, L87, M|264/264\n|-ability|p1a: Masquerain|Intimidate|boost\n|-unboost|p2a: Passimian|atk|1\n|-ability|p2a: Passimian|Defiant|boost\n|-boost|p2a: Passimian|atk|2\n|move|p2a: Passimian|Knock Off|p1a: Masquerain\n|-damage|p1a: Masquerain|115/264\n|-enditem|p1a: Masquerain|Heavy-Duty Boots|[from] move: Knock Off|[of] p2a: Passimian\n|\n|upkeep\n|turn|3\n|\n|t:|1718536588\n|move|p2a: Passimian|Knock Off|p1a: Masquerain\n|-damage|p1a: Masquerain|24/264\n|move|p1a: Masquerain|Hurricane|p2a: Passimian\n|-supereffective|p2a: Passimian\n|-damage|p2a: Passimian|0 fnt\n|faint|p2a: Passimian\n|\n|upkeep\n|\n|t:|1718536591\n|switch|p2a: Glalie|Glalie, L96, F|309/309\n|turn|4\n|\n|t:|1718536602\n|move|p2a: Glalie|Spikes|p1a: Masquerain\n|-sidestart|p1: Jonuz|Spikes\n|move|p1a: Masquerain|Hurricane|p2a: Glalie\n|-damage|p2a: Glalie|192/309\n|\n|upkeep\n|turn|5\n|\n|t:|1718536605\n|move|p2a: Glalie|Freeze-Dry|p1a: Masquerain\n|-supereffective|p1a: Masquerain\n|-damage|p1a: Masquerain|0 fnt\n|faint|p1a: Masquerain\n|\n|upkeep\n|j| darrox123\n|\n|t:|1718536619\n|switch|p1a: Bastiodon|Bastiodon, L89, F|252/252\n|-damage|p1a: Bastiodon|221/252|[from] Spikes\n|turn|6\n|\n|t:|1718536627\n|move|p2a: Glalie|Earthquake|p1a: Bastiodon\n|-supereffective|p1a: Bastiodon\n|-damage|p1a: Bastiodon|57/252\n|move|p1a: Bastiodon|Body Press|p2a: Glalie\n|-supereffective|p2a: Glalie\n|-damage|p2a: Glalie|4/309\n|\n|upkeep\n|turn|7\n|\n|t:|1718536639\n|switch|p1a: Rotom|Rotom, L87|229/229\n|move|p2a: Glalie|Earthquake|p1a: Rotom\n|-immune|p1a: Rotom|[from] ability: Levitate\n|\n|upkeep\n|turn|8\n|\n|t:|1718536643\n|switch|p2a: Pachirisu|Pachirisu, L96, F|271/271\n|move|p1a: Rotom|Thunderbolt|p2a: Pachirisu\n|-immune|p2a: Pachirisu|[from] ability: Volt Absorb\n|\n|upkeep\n|turn|9\n|\n|t:|1718536666\n|move|p2a: Pachirisu|U-turn|p1a: Rotom\n|-resisted|p1a: Rotom\n|-damage|p1a: Rotom|209/229\n|\n|t:|1718536674\n|switch|p2a: Emboar|Emboar, L84, M|322/322|[from] U-turn\n|move|p1a: Rotom|Shadow Ball|p2a: Emboar\n|-damage|p2a: Emboar|219/322\n|-damage|p1a: Rotom|187/229|[from] item: Life Orb\n|\n|upkeep\n|turn|10\n|\n|t:|1718536680\n|switch|p1a: Uxie|Uxie, L83|260/260\n|move|p2a: Emboar|Knock Off|p1a: Uxie\n|-supereffective|p1a: Uxie\n|-damage|p1a: Uxie|144/260\n|-enditem|p1a: Uxie|Leftovers|[from] move: Knock Off|[of] p2a: Emboar\n|\n|upkeep\n|turn|11\n|\n|t:|1718536685\n|switch|p2a: Perrserker|Perrserker, L89, F|269/269\n|move|p1a: Uxie|Stealth Rock|p2a: Perrserker\n|-sidestart|p2: MichaelderBeste2|move: Stealth Rock\n|\n|upkeep\n|turn|12\n|\n|t:|1718536689\n|move|p1a: Uxie|Yawn|p2a: Perrserker\n|-start|p2a: Perrserker|move: Yawn|[of] p1a: Uxie\n|move|p2a: Perrserker|Stealth Rock|p1a: Uxie\n|-sidestart|p1: Jonuz|move: Stealth Rock\n|\n|upkeep\n|turn|13\n|\n|t:|1718536697\n|switch|p2a: Pachirisu|Pachirisu, L96, F|271/271\n|move|p1a: Uxie|Psychic Noise|p2a: Pachirisu\n|-damage|p2a: Pachirisu|217/271\n|-start|p2a: Pachirisu|move: Heal Block\n|\n|upkeep\n|turn|14\n|\n|t:|1718536701\n|move|p2a: Pachirisu|Super Fang|p1a: Uxie\n|-damage|p1a: Uxie|72/260\n|move|p1a: Uxie|U-turn|p2a: Pachirisu\n|-damage|p2a: Pachirisu|172/271\n|\n|t:|1718536707\n|switch|p1a: Rotom|Rotom, L87|187/229|[from] U-turn\n|-damage|p1a: Rotom|159/229|[from] Stealth Rock\n|\n|-end|p2a: Pachirisu|move: Heal Block\n|upkeep\n|turn|15\n|\n|t:|1718536712\n|move|p2a: Pachirisu|Thunderbolt|p1a: Rotom\n|-resisted|p1a: Rotom\n|-damage|p1a: Rotom|117/229\n|move|p1a: Rotom|Shadow Ball|p2a: Pachirisu\n|-damage|p2a: Pachirisu|75/271\n|-damage|p1a: Rotom|95/229|[from] item: Life Orb\n|\n|upkeep\n|turn|16\n|\n|t:|1718536718\n|move|p2a: Pachirisu|Thunderbolt|p1a: Rotom\n|-resisted|p1a: Rotom\n|-damage|p1a: Rotom|58/229\n|move|p1a: Rotom|Shadow Ball|p2a: Pachirisu\n|-damage|p2a: Pachirisu|0 fnt\n|faint|p2a: Pachirisu\n|-damage|p1a: Rotom|36/229|[from] item: Life Orb\n|\n|upkeep\n|\n|t:|1718536724\n|switch|p2a: Glaceon|Glaceon, L94, F|275/275\n|turn|17\n|\n|t:|1718536731\n|move|p1a: Rotom|Thunderbolt|p2a: Glaceon\n|-damage|p2a: Glaceon|158/275\n|-damage|p1a: Rotom|14/229|[from] item: Life Orb\n|move|p2a: Glaceon|Wish|p2a: Glaceon\n|\n|upkeep\n|turn|18\n|\n|t:|1718536736\n|move|p1a: Rotom|Thunderbolt|p2a: Glaceon\n|-damage|p2a: Glaceon|53/275\n|-damage|p1a: Rotom|0 fnt|[from] item: Life Orb\n|faint|p1a: Rotom\n|move|p2a: Glaceon|Freeze-Dry|p1: Rotom|[notarget]\n|-fail|p2a: Glaceon\n|\n|-heal|p2a: Glaceon|190/275|[from] move: Wish|[wisher] Glaceon\n|upkeep\n|\n|t:|1718536741\n|switch|p1a: Chi-Yu|Chi-Yu, L77|211/211\n|-ability|p1a: Chi-Yu|Beads of Ruin\n|turn|19\n|\n|t:|1718536754\n|-terastallize|p2a: Glaceon|Water\n|move|p1a: Chi-Yu|Dark Pulse|p2a: Glaceon\n|-damage|p2a: Glaceon|78/275\n|cant|p2a: Glaceon|flinch\n|\n|upkeep\n|turn|20\n|c|\u2606Jonuz|Mb\n|\n|t:|1718536773\n|move|p1a: Chi-Yu|Dark Pulse|p2a: Glaceon\n|-damage|p2a: Glaceon|0 fnt\n|faint|p2a: Glaceon\n|\n|upkeep\n|\n|t:|1718536778\n|switch|p2a: Emboar|Emboar, L84, M|219/322\n|-damage|p2a: Emboar|179/322|[from] Stealth Rock\n|turn|21\n|\n|t:|1718536790\n|switch|p1a: Bastiodon|Bastiodon, L89, F|57/252\n|-damage|p1a: Bastiodon|26/252|[from] Spikes\n|-damage|p1a: Bastiodon|11/252|[from] Stealth Rock\n|move|p2a: Emboar|Close Combat|p1a: Bastiodon\n|-supereffective|p1a: Bastiodon\n|-damage|p1a: Bastiodon|0 fnt\n|-unboost|p2a: Emboar|def|1\n|-unboost|p2a: Emboar|spd|1\n|faint|p1a: Bastiodon\n|\n|upkeep\n|\n|t:|1718536795\n|switch|p1a: Chi-Yu|Chi-Yu, L77|211/211\n|-ability|p1a: Chi-Yu|Beads of Ruin\n|turn|22\n|\n|t:|1718536798\n|switch|p2a: Perrserker|Perrserker, L89, F|269/269\n|-damage|p2a: Perrserker|253/269|[from] Stealth Rock\n|move|p1a: Chi-Yu|Psychic|p2a: Perrserker\n|-resisted|p2a: Perrserker\n|-damage|p2a: Perrserker|192/269\n|\n|upkeep\n|turn|23\n|\n|t:|1718536804\n|move|p1a: Chi-Yu|Fire Blast|p2a: Perrserker\n|-supereffective|p2a: Perrserker\n|-damage|p2a: Perrserker|0 fnt\n|faint|p2a: Perrserker\n|\n|upkeep\n|\n|t:|1718536806\n|switch|p2a: Glalie|Glalie, L96, F|4/309\n|turn|24\n|\n|t:|1718536813\n|-terastallize|p1a: Chi-Yu|Dark\n|move|p2a: Glalie|Freeze-Dry|p1a: Chi-Yu\n|-crit|p1a: Chi-Yu\n|-damage|p1a: Chi-Yu|108/211\n|move|p1a: Chi-Yu|Dark Pulse|p2a: Glalie\n|-damage|p2a: Glalie|0 fnt\n|faint|p2a: Glalie\n|\n|upkeep\n|\n|t:|1718536815\n|switch|p2a: Emboar|Emboar, L84, M|179/322\n|-damage|p2a: Emboar|139/322|[from] Stealth Rock\n|turn|25\n|\n|t:|1718536819\n|move|p1a: Chi-Yu|Psychic|p2a: Emboar\n|-supereffective|p2a: Emboar\n|-damage|p2a: Emboar|0 fnt\n|faint|p2a: Emboar\n|\n|win|Jonuz\n|raw|Jonuz's rating: 2264 &rarr; <strong>2295</strong><br />(+31 for winning)\n|raw|MichaelderBeste2's rating: 2473 &rarr; <strong>2442</strong><br />(-31 for losing)\n|l|\u2606MichaelderBeste2\n|player|p2|\n|l| darrox123\n", "inputlog": ">version f332f6e66c888c6399c77e4ee9d4d682fcd18d40\n>start {\"formatid\":\"gen9randombattle\",\"seed\":[57544,28008,46573,50356],\"rated\":\"Rated battle\"}\n>player p1 {\"name\":\"Jonuz\",\"avatar\":\"265\",\"rating\":2264,\"seed\":[10718,25680,59071,20634]}\n>player p2 {\"name\":\"MichaelderBeste2\",\"avatar\":\"#splxivclassiest2\",\"rating\":2473,\"seed\":[56360,15035,36391,2390]}\n>p1 move protect\n>p2 move knockoff\n>p1 switch 3\n>p2 move knockoff\n>p1 move hurricane\n>p2 move knockoff\n>p2 switch 3\n>p1 move hurricane\n>p2 move spikes\n>p1 move quiverdance\n>p2 move freezedry\n>p1 switch 2\n>p1 move bodypress\n>p2 move earthquake\n>p1 switch 5\n>p2 move earthquake\n>p1 move thunderbolt\n>p2 switch 2\n>p1 move shadowball\n>p2 move uturn\n>p2 switch 5\n>p1 switch 6\n>p2 move knockoff\n>p1 move stealthrock\n>p2 switch 4\n>p1 move yawn\n>p2 move stealthrock\n>p1 move psychicnoise\n>p2 switch 5\n>p1 move uturn\n>p2 move superfang\n>p1 switch 6\n>p1 move shadowball\n>p2 move thunderbolt\n>p1 move shadowball\n>p2 move thunderbolt\n>p2 switch 6\n>p1 move thunderbolt\n>p2 move wish\n>p1 move thunderbolt\n>p2 move freezedry\n>p1 switch 4\n>p1 move darkpulse\n>p2 move yawn terastallize\n>chat \u2606Jonuz|Mb\n>p1 move darkpulse\n>p2 move yawn\n>p2 switch 4\n>p1 switch 5\n>p2 move closecombat\n>p1 switch 5\n>p1 move psychic\n>p2 switch 5\n>p1 move fireblast\n>p2 move closecombat\n>p2 switch 2\n>p1 move darkpulse terastallize\n>p2 move freezedry\n>p2 switch 5\n>p1 move psychic\n>p2 move closecombat", "uploadtime": 1718536837, "views": 225, "formatid": "gen9randombattle", "rating": 2295, "private": 0, "password": null}