{"id": "gen9randombattle-2260571205", "format": "[Gen 9] Random Battle", "players": ["nidraciR", "Poscidion"], "log": "|j|\u2606nidraciR\n|j|\u203dPoscidion\n|t:|1733864743\n|gametype|singles\n|player|p1|nidraciR|169|1440\n|player|p2|Poscidion|102|1447\n|teamsize|p1|6\n|teamsize|p2|6\n|gen|9\n|tier|[Gen 9] Random Battle\n|rated|\n|rule|Species Clause: Limit one of each Pok\u00e9mon\n|rule|HP Percentage Mod: HP is shown in percentages\n|rule|Sleep Clause Mod: Limit one foe put to sleep\n|rule|Illusion Level Mod: Illusion disguises the Pok\u00e9mon's true level\n|\n|t:|1733864743\n|start\n|switch|p1a: Wo-Chien|Wo-Chien, L83|277/277\n|switch|p2a: Weavile|Weavile, L79, M|240/240\n|-ability|p1a: Wo-Chien|Tablets of Ruin\n|turn|1\n|inactive|Battle timer is ON: inactive players will automatically lose when time's up. (requested by nidraciR)\n|\n|t:|1733864759\n|switch|p1a: Heatran|Heatran, L79, M|273/273\n|-item|p1a: Heatran|Air Balloon\n|move|p2a: Weavile|Swords Dance|p2a: Weavile\n|-boost|p2a: Weavile|atk|2\n|\n|upkeep\n|turn|2\n|\n|t:|1733864772\n|move|p2a: Weavile|Knock Off|p1a: Heatran\n|-damage|p1a: Heatran|90/273\n|-enditem|p1a: Heatran|Air Balloon\n|move|p1a: Heatran|Flash Cannon|p2a: Weavile\n|-supereffective|p2a: Weavile\n|-damage|p2a: Weavile|28/240\n|\n|upkeep\n|turn|3\n|\n|t:|1733864779\n|move|p2a: Weavile|Knock Off|p1a: Heatran\n|-damage|p1a: Heatran|0 fnt\n|faint|p1a: Heatran\n|\n|upkeep\n|\n|t:|1733864782\n|switch|p1a: Barraskewda|Barraskewda, L81, M|231/231\n|turn|4\n|\n|t:|1733864802\n|switch|p2a: Araquanid|Araquanid, L82, M|246/246\n|move|p1a: Barraskewda|Flip Turn|p2a: Araquanid\n|-resisted|p2a: Araquanid\n|-damage|p2a: Araquanid|189/246\n|\n|t:|1733864814\n|switch|p1a: Wo-Chien|Wo-Chien, L83|277/277|[from] Flip Turn\n|-ability|p1a: Wo-Chien|Tablets of Ruin\n|\n|upkeep\n|turn|5\n|\n|t:|1733864822\n|move|p1a: Wo-Chien|Leech Seed|p2a: Araquanid\n|-start|p2a: Araquanid|move: Leech Seed\n|move|p2a: Araquanid|Leech Life|p1a: Wo-Chien\n|-supereffective|p1a: Wo-Chien\n|-damage|p1a: Wo-Chien|117/277\n|-heal|p2a: Araquanid|246/246|[from] drain|[of] p1a: Wo-Chien\n|\n|-heal|p1a: Wo-Chien|134/277|[from] item: Leftovers\n|-damage|p2a: Araquanid|216/246|[from] Leech Seed|[of] p1a: Wo-Chien\n|-heal|p1a: Wo-Chien|164/277|[silent]\n|upkeep\n|turn|6\n|\n|t:|1733864834\n|move|p1a: Wo-Chien|Knock Off|p2a: Araquanid\n|-damage|p2a: Araquanid|129/246\n|-enditem|p2a: Araquanid|Heavy-Duty Boots|[from] move: Knock Off|[of] p1a: Wo-Chien\n|move|p2a: Araquanid|Sticky Web|p1a: Wo-Chien\n|-sidestart|p1: nidraciR|move: Sticky Web\n|\n|-heal|p1a: Wo-Chien|181/277|[from] item: Leftovers\n|-damage|p2a: Araquanid|99/246|[from] Leech Seed|[of] p1a: Wo-Chien\n|-heal|p1a: Wo-Chien|211/277|[silent]\n|upkeep\n|turn|7\n|\n|t:|1733864842\n|switch|p2a: Toxtricity|Toxtricity, L82, F|257/257\n|move|p1a: Wo-Chien|Ruination|p2a: Toxtricity\n|-damage|p2a: Toxtricity|129/257\n|\n|-heal|p1a: Wo-Chien|228/277|[from] item: Leftovers\n|upkeep\n|turn|8\n|\n|t:|1733864851\n|move|p2a: Toxtricity|Sludge Wave|p1a: Wo-Chien\n|-supereffective|p1a: Wo-Chien\n|-damage|p1a: Wo-Chien|0 fnt\n|faint|p1a: Wo-Chien\n|\n|upkeep\n|\n|t:|1733864858\n|switch|p1a: Empoleon|Empoleon, L84, F|278/278\n|-activate|p1a: Empoleon|move: Sticky Web\n|-unboost|p1a: Empoleon|spe|1\n|-ability|p1a: Empoleon|Competitive|boost\n|-boost|p1a: Empoleon|spa|2\n|turn|9\n|\n|t:|1733864864\n|switch|p2a: Araquanid|Araquanid, L82, M|99/246\n|move|p1a: Empoleon|Surf|p2a: Araquanid\n|-resisted|p2a: Araquanid\n|-damage|p2a: Araquanid|24/246\n|\n|upkeep\n|turn|10\n|\n|t:|1733864876\n|move|p2a: Araquanid|Hydro Pump|p1a: Empoleon|[miss]\n|-miss|p2a: Araquanid|p1a: Empoleon\n|move|p1a: Empoleon|Surf|p2a: Araquanid\n|-resisted|p2a: Araquanid\n|-damage|p2a: Araquanid|0 fnt\n|faint|p2a: Araquanid\n|\n|upkeep\n|\n|t:|1733864891\n|switch|p2a: Toxtricity|Toxtricity, L82, F|129/257\n|turn|11\n|\n|t:|1733864899\n|move|p2a: Toxtricity|Volt Switch|p1a: Empoleon\n|-supereffective|p1a: Empoleon\n|-damage|p1a: Empoleon|68/278\n|\n|t:|1733864907\n|switch|p2a: Hoopa|Hoopa, L85|275/275|[from] Volt Switch\n|move|p1a: Empoleon|Surf|p2a: Hoopa\n|-damage|p2a: Hoopa|131/275\n|\n|-heal|p1a: Empoleon|85/278|[from] item: Leftovers\n|upkeep\n|turn|12\n|\n|t:|1733864917\n|move|p2a: Hoopa|Shadow Ball|p1a: Empoleon\n|-damage|p1a: Empoleon|0 fnt\n|faint|p1a: Empoleon\n|-damage|p2a: Hoopa|104/275|[from] item: Life Orb\n|\n|upkeep\n|\n|t:|1733864923\n|switch|p1a: Iron Hands|Iron Hands, L79|373/373\n|-activate|p1a: Iron Hands|move: Sticky Web\n|-unboost|p1a: Iron Hands|spe|1\n|turn|13\n|\n|t:|1733864932\n|move|p2a: Hoopa|Psychic|p1a: Iron Hands\n|-supereffective|p1a: Iron Hands\n|-damage|p1a: Iron Hands|45/373\n|-damage|p2a: Hoopa|77/275|[from] item: Life Orb\n|move|p1a: Iron Hands|Thunder Punch|p2a: Hoopa\n|-damage|p2a: Hoopa|0 fnt\n|faint|p2a: Hoopa\n|\n|upkeep\n|\n|t:|1733864940\n|switch|p2a: Weavile|Weavile, L79, M|28/240\n|turn|14\n|\n|t:|1733864945\n|move|p2a: Weavile|Knock Off|p1a: Iron Hands\n|-resisted|p1a: Iron Hands\n|-damage|p1a: Iron Hands|0 fnt\n|-enditem|p1a: Iron Hands|Assault Vest|[from] move: Knock Off|[of] p2a: Weavile\n|faint|p1a: Iron Hands\n|-end|p1a: Iron Hands|Quark Drive|[silent]\n|\n|upkeep\n|\n|t:|1733864948\n|switch|p1a: Barraskewda|Barraskewda, L81, M|231/231\n|-activate|p1a: Barraskewda|move: Sticky Web\n|-unboost|p1a: Barraskewda|spe|1\n|turn|15\n|\n|t:|1733864953\n|move|p2a: Weavile|Knock Off|p1a: Barraskewda\n|-damage|p1a: Barraskewda|93/231\n|-enditem|p1a: Barraskewda|Choice Band|[from] move: Knock Off|[of] p2a: Weavile\n|move|p1a: Barraskewda|Flip Turn|p2a: Weavile\n|-damage|p2a: Weavile|0 fnt\n|faint|p2a: Weavile\n|\n|t:|1733864956\n|switch|p1a: Torterra|Torterra, L78, F|276/276|[from] Flip Turn\n|-activate|p1a: Torterra|move: Sticky Web\n|-unboost|p1a: Torterra|spe|1\n|\n|upkeep\n|\n|t:|1733864962\n|switch|p2a: Cetitan|Cetitan, L82, F|413/413\n|turn|16\n|\n|t:|1733864974\n|move|p2a: Cetitan|Icicle Crash|p1a: Torterra\n|-supereffective|p1a: Torterra\n|-damage|p1a: Torterra|0 fnt\n|faint|p1a: Torterra\n|\n|upkeep\n|\n|t:|1733864976\n|switch|p1a: Barraskewda|Barraskewda, L81, M|93/231\n|-activate|p1a: Barraskewda|move: Sticky Web\n|-unboost|p1a: Barraskewda|spe|1\n|turn|17\n|\n|t:|1733864983\n|-terastallize|p1a: Barraskewda|Water\n|move|p1a: Barraskewda|Waterfall|p2a: Cetitan\n|-damage|p2a: Cetitan|251/413\n|move|p2a: Cetitan|Superpower|p1a: Barraskewda\n|-damage|p1a: Barraskewda|0 fnt\n|-unboost|p2a: Cetitan|atk|1\n|-unboost|p2a: Cetitan|def|1\n|faint|p1a: Barraskewda\n|-damage|p2a: Cetitan|210/413|[from] item: Life Orb\n|\n|win|Poscidion\n|raw|nidraciR's rating: 1440 &rarr; <strong>1420</strong><br />(-20 for losing)\n|raw|Poscidion's rating: 1447 &rarr; <strong>1467</strong><br />(+20 for winning)\n|l|\u2606nidraciR\n|player|p1|\n", "inputlog": ">version bfd83cad13791eb5a5a409923076391caf6fb4d4\n>start {\"formatid\":\"gen9randombattle\",\"seed\":[23437,63569,22536,55609],\"rated\":\"Rated battle\"}\n>player p1 {\"name\":\"nidraciR\",\"avatar\":\"169\",\"rating\":1440,\"seed\":[52530,747,47193,47344]}\n>player p2 {\"name\":\"Poscidion\",\"avatar\":\"102\",\"rating\":1447,\"seed\":[33474,7591,20936,54223]}\n>p1 switch 4\n>p2 move swordsdance\n>p1 move flashcannon\n>p2 move knockoff\n>p1 move flashcannon\n>p2 move knockoff\n>p1 switch 2\n>p1 move flipturn\n>p2 switch 6\n>p1 switch 4\n>p1 move leechseed\n>p2 move leechlife\n>p1 move knockoff\n>p2 move stickyweb\n>p1 move ruination\n>p2 switch 5\n>p1 move knockoff\n>p2 move sludgewave\n>p1 switch 5\n>p1 move surf\n>p2 switch 5\n>p1 move surf\n>p2 move hydropump\n>p2 switch 5\n>p1 move surf\n>p2 move voltswitch\n>p2 switch 3\n>p1 move roost\n>p2 move shadowball\n>p1 switch 6\n>p1 move thunderpunch\n>p2 move psychic\n>p2 switch 6\n>p1 move voltswitch\n>p2 move knockoff\n>p1 switch 4\n>p1 move flipturn\n>p2 move knockoff\n>p1 switch 3\n>p2 switch 2\n>p1 move shellsmash\n>p2 move iciclecrash\n>p1 switch 3\n>p1 move waterfall terastallize\n>p2 move superpower", "uploadtime": 1733864996, "views": 1, "formatid": "gen9randombattle", "rating": 1420, "private": 0, "password": null}