{"id": "gen9randombattle-2260897841", "format": "[Gen 9] Random Battle", "players": ["ibamakoto", "Gorgooloo"], "log": "|j|\u2606ibamakoto\n|j|\u2606Gorgooloo\n|t:|1733913030\n|gametype|singles\n|player|p1|ibamakoto|erika|1360\n|player|p2|Gorgooloo|2|1359\n|teamsize|p1|6\n|teamsize|p2|6\n|gen|9\n|tier|[Gen 9] Random Battle\n|rated|\n|rule|Species Clause: Limit one of each Pok\u00e9mon\n|rule|HP Percentage Mod: HP is shown in percentages\n|rule|Sleep Clause Mod: Limit one foe put to sleep\n|rule|Illusion Level Mod: Illusion disguises the Pok\u00e9mon's true level\n|\n|t:|1733913030\n|start\n|switch|p1a: Sceptile|Sceptile, L87, M|264/264\n|switch|p2a: Galvantula|Galvantula, L82, M|249/249\n|turn|1\n|inactive|Battle timer is ON: inactive players will automatically lose when time's up. (requested by Gorgooloo)\n|inactive|ibamakoto has 120 seconds left.\n|inactive|Gorgooloo has 120 seconds left.\n|inactive|ibamakoto has 90 seconds left.\n|\n|t:|1733913091\n|switch|p1a: Rampardos|Rampardos, L90, F|321/321\n|move|p2a: Galvantula|Bug Buzz|p1a: Rampardos\n|-damage|p1a: Rampardos|188/321\n|\n|upkeep\n|turn|2\n|\n|t:|1733913107\n|move|p1a: Rampardos|Rock Slide|p2a: Galvantula\n|-supereffective|p2a: Galvantula\n|-enditem|p2a: Galvantula|Focus Sash\n|-damage|p2a: Galvantula|1/249\n|move|p2a: Galvantula|Volt Switch|p1a: Rampardos\n|-damage|p1a: Rampardos|94/321\n|inactive|Gorgooloo has 120 seconds left.\n|\n|t:|1733913132\n|switch|p2a: Mamoswine|Mamoswine, L81, M|311/311|[from] Volt Switch\n|\n|upkeep\n|turn|3\n|\n|t:|1733913139\n|move|p2a: Mamoswine|Ice Shard|p1a: Rampardos\n|-damage|p1a: Rampardos|0 fnt\n|faint|p1a: Rampardos\n|\n|upkeep\n|inactive|ibamakoto has 120 seconds left.\n|\n|t:|1733913173\n|switch|p1a: Hypno|Hypno, L95, F|315/315\n|turn|4\n|\n|t:|1733913185\n|switch|p2a: Smeargle|Smeargle, L95, F|258/258\n|move|p1a: Hypno|Encore||[still]\n|-fail|p1a: Hypno\n|\n|upkeep\n|turn|5\n|\n|t:|1733913202\n|switch|p1a: Sceptile|Sceptile, L87, M|264/264\n|move|p2a: Smeargle|Ceaseless Edge|p1a: Sceptile\n|-damage|p1a: Sceptile|238/264\n|-sidestart|p1: ibamakoto|Spikes\n|\n|-heal|p1a: Sceptile|254/264|[from] item: Leftovers\n|upkeep\n|turn|6\n|\n|t:|1733913216\n|move|p1a: Sceptile|Substitute|p1a: Sceptile\n|-start|p1a: Sceptile|Substitute\n|-damage|p1a: Sceptile|188/264\n|move|p2a: Smeargle|Stealth Rock|p1a: Sceptile\n|-sidestart|p1: ibamakoto|move: Stealth Rock\n|\n|-heal|p1a: Sceptile|204/264|[from] item: Leftovers\n|upkeep\n|turn|7\n|inactive|ibamakoto has 120 seconds left.\n|\n|t:|1733913235\n|move|p1a: Sceptile|Giga Drain|p2a: Smeargle\n|-damage|p2a: Smeargle|123/258\n|-heal|p1a: Sceptile|264/264|[from] drain|[of] p2a: Smeargle\n|move|p2a: Smeargle|Whirlwind|p1a: Sceptile\n|drag|p1a: Decidueye|Decidueye-Hisui, L87, M|295/295\n|-damage|p1a: Decidueye|259/295|[from] Spikes\n|-damage|p1a: Decidueye|241/295|[from] Stealth Rock\n|\n|-heal|p1a: Decidueye|259/295|[from] item: Leftovers\n|upkeep\n|turn|8\n|inactive|ibamakoto has 120 seconds left.\n|\n|t:|1733913250\n|move|p2a: Smeargle|Ceaseless Edge|p1a: Decidueye\n|-resisted|p1a: Decidueye\n|-damage|p1a: Decidueye|246/295\n|-sidestart|p1: ibamakoto|Spikes\n|move|p1a: Decidueye|Triple Arrows|p2a: Smeargle\n|-supereffective|p2a: Smeargle\n|-damage|p2a: Smeargle|0 fnt\n|faint|p2a: Smeargle\n|\n|-heal|p1a: Decidueye|264/295|[from] item: Leftovers\n|upkeep\n|\n|t:|1733913265\n|switch|p2a: Plusle|Plusle, L95, F|268/268\n|turn|9\n|inactive|ibamakoto has 120 seconds left.\n|\n|t:|1733913278\n|move|p2a: Plusle|Alluring Voice|p1a: Decidueye\n|-supereffective|p1a: Decidueye\n|-damage|p1a: Decidueye|92/295\n|-damage|p2a: Plusle|242/268|[from] item: Life Orb\n|move|p1a: Decidueye|Triple Arrows|p2a: Plusle\n|-damage|p2a: Plusle|56/268\n|\n|-heal|p1a: Decidueye|110/295|[from] item: Leftovers\n|upkeep\n|turn|10\n|\n|t:|1733913286\n|move|p1a: Decidueye|Sucker Punch|p2a: Plusle\n|-damage|p2a: Plusle|0 fnt\n|faint|p2a: Plusle\n|\n|-heal|p1a: Decidueye|128/295|[from] item: Leftovers\n|upkeep\n|\n|t:|1733913294\n|switch|p2a: Zamazenta|Zamazenta, L71|248/248\n|-ability|p2a: Zamazenta|Dauntless Shield|boost\n|-boost|p2a: Zamazenta|def|1\n|turn|11\n|\n|t:|1733913306\n|move|p2a: Zamazenta|Psychic Fangs|p1a: Decidueye\n|-supereffective|p1a: Decidueye\n|-damage|p1a: Decidueye|0 fnt\n|faint|p1a: Decidueye\n|\n|upkeep\n|\n|t:|1733913318\n|switch|p1a: Sceptile|Sceptile, L87, M|264/264\n|-damage|p1a: Sceptile|220/264|[from] Spikes\n|-damage|p1a: Sceptile|187/264|[from] Stealth Rock\n|turn|12\n|\n|t:|1733913326\n|move|p1a: Sceptile|Leech Seed|p2a: Zamazenta\n|-start|p2a: Zamazenta|move: Leech Seed\n|move|p2a: Zamazenta|Psychic Fangs|p1a: Sceptile\n|-damage|p1a: Sceptile|95/264\n|\n|-heal|p1a: Sceptile|111/264|[from] item: Leftovers\n|-damage|p2a: Zamazenta|217/248|[from] Leech Seed|[of] p1a: Sceptile\n|-heal|p1a: Sceptile|142/264|[silent]\n|upkeep\n|turn|13\n|\n|t:|1733913334\n|switch|p2a: Galvantula|Galvantula, L82, M|1/249\n|move|p1a: Sceptile|Substitute|p1a: Sceptile\n|-start|p1a: Sceptile|Substitute\n|-damage|p1a: Sceptile|76/264\n|\n|-heal|p1a: Sceptile|92/264|[from] item: Leftovers\n|upkeep\n|turn|14\n|\n|t:|1733913343\n|move|p1a: Sceptile|Giga Drain|p2a: Galvantula\n|-resisted|p2a: Galvantula\n|-damage|p2a: Galvantula|0 fnt\n|-heal|p1a: Sceptile|93/264|[from] drain|[of] p2a: Galvantula\n|faint|p2a: Galvantula\n|\n|-heal|p1a: Sceptile|109/264|[from] item: Leftovers\n|upkeep\n|\n|t:|1733913349\n|switch|p2a: Mamoswine|Mamoswine, L81, M|311/311\n|turn|15\n|\n|t:|1733913362\n|-terastallize|p1a: Sceptile|Steel\n|move|p2a: Mamoswine|Ice Shard|p1a: Sceptile\n|-resisted|p1a: Sceptile\n|-activate|p1a: Sceptile|move: Substitute|[damage]\n|move|p1a: Sceptile|Giga Drain|p2a: Mamoswine\n|-supereffective|p2a: Mamoswine\n|-damage|p2a: Mamoswine|69/311\n|-heal|p1a: Sceptile|230/264|[from] drain|[of] p2a: Mamoswine\n|\n|-heal|p1a: Sceptile|246/264|[from] item: Leftovers\n|upkeep\n|turn|16\n|\n|t:|1733913374\n|switch|p2a: Garganacl|Garganacl, L80, M|291/291\n|move|p1a: Sceptile|Giga Drain|p2a: Garganacl\n|-supereffective|p2a: Garganacl\n|-damage|p2a: Garganacl|117/291\n|-heal|p1a: Sceptile|264/264|[from] drain|[of] p2a: Garganacl\n|\n|-heal|p2a: Garganacl|135/291|[from] item: Leftovers\n|upkeep\n|turn|17\n|\n|t:|1733913396\n|-terastallize|p2a: Garganacl|Dragon\n|move|p1a: Sceptile|Leech Seed|p2a: Garganacl\n|-start|p2a: Garganacl|move: Leech Seed\n|move|p2a: Garganacl|Body Press|p1a: Sceptile\n|-supereffective|p1a: Sceptile\n|-end|p1a: Sceptile|Substitute\n|\n|-heal|p2a: Garganacl|153/291|[from] item: Leftovers\n|-damage|p2a: Garganacl|117/291|[from] Leech Seed|[of] p1a: Sceptile\n|upkeep\n|turn|18\n|\n|t:|1733913415\n|move|p1a: Sceptile|Substitute|p1a: Sceptile\n|-start|p1a: Sceptile|Substitute\n|-damage|p1a: Sceptile|198/264\n|move|p2a: Garganacl|Recover|p2a: Garganacl\n|-heal|p2a: Garganacl|263/291\n|\n|-heal|p1a: Sceptile|214/264|[from] item: Leftovers\n|-heal|p2a: Garganacl|281/291|[from] item: Leftovers\n|-damage|p2a: Garganacl|245/291|[from] Leech Seed|[of] p1a: Sceptile\n|-heal|p1a: Sceptile|250/264|[silent]\n|upkeep\n|turn|19\n|\n|t:|1733913427\n|move|p1a: Sceptile|Focus Blast|p2a: Garganacl\n|-damage|p2a: Garganacl|142/291\n|move|p2a: Garganacl|Iron Defense|p2a: Garganacl\n|-boost|p2a: Garganacl|def|2\n|\n|-heal|p1a: Sceptile|264/264|[from] item: Leftovers\n|-heal|p2a: Garganacl|160/291|[from] item: Leftovers\n|-damage|p2a: Garganacl|124/291|[from] Leech Seed|[of] p1a: Sceptile\n|upkeep\n|turn|20\n|\n|t:|1733913438\n|move|p1a: Sceptile|Focus Blast|p2a: Garganacl|[miss]\n|-miss|p1a: Sceptile|p2a: Garganacl\n|move|p2a: Garganacl|Recover|p2a: Garganacl\n|-heal|p2a: Garganacl|270/291\n|\n|-heal|p2a: Garganacl|288/291|[from] item: Leftovers\n|-damage|p2a: Garganacl|252/291|[from] Leech Seed|[of] p1a: Sceptile\n|upkeep\n|turn|21\n|\n|t:|1733913445\n|move|p1a: Sceptile|Focus Blast|p2a: Garganacl|[miss]\n|-miss|p1a: Sceptile|p2a: Garganacl\n|move|p2a: Garganacl|Body Press|p1a: Sceptile\n|-supereffective|p1a: Sceptile\n|-end|p1a: Sceptile|Substitute\n|\n|-heal|p2a: Garganacl|270/291|[from] item: Leftovers\n|-damage|p2a: Garganacl|234/291|[from] Leech Seed|[of] p1a: Sceptile\n|upkeep\n|turn|22\n|\n|t:|1733913455\n|move|p1a: Sceptile|Substitute|p1a: Sceptile\n|-start|p1a: Sceptile|Substitute\n|-damage|p1a: Sceptile|198/264\n|move|p2a: Garganacl|Body Press|p1a: Sceptile\n|-supereffective|p1a: Sceptile\n|-end|p1a: Sceptile|Substitute\n|\n|-heal|p1a: Sceptile|214/264|[from] item: Leftovers\n|-heal|p2a: Garganacl|252/291|[from] item: Leftovers\n|-damage|p2a: Garganacl|216/291|[from] Leech Seed|[of] p1a: Sceptile\n|-heal|p1a: Sceptile|250/264|[silent]\n|upkeep\n|turn|23\n|\n|t:|1733913467\n|move|p1a: Sceptile|Substitute|p1a: Sceptile\n|-start|p1a: Sceptile|Substitute\n|-damage|p1a: Sceptile|184/264\n|move|p2a: Garganacl|Iron Defense|p2a: Garganacl\n|-boost|p2a: Garganacl|def|2\n|\n|-heal|p1a: Sceptile|200/264|[from] item: Leftovers\n|-heal|p2a: Garganacl|234/291|[from] item: Leftovers\n|-damage|p2a: Garganacl|198/291|[from] Leech Seed|[of] p1a: Sceptile\n|-heal|p1a: Sceptile|236/264|[silent]\n|upkeep\n|turn|24\n|\n|t:|1733913488\n|move|p1a: Sceptile|Focus Blast|p2a: Garganacl|[miss]\n|-miss|p1a: Sceptile|p2a: Garganacl\n|move|p2a: Garganacl|Iron Defense|p2a: Garganacl\n|-boost|p2a: Garganacl|def|2\n|\n|-heal|p1a: Sceptile|252/264|[from] item: Leftovers\n|-heal|p2a: Garganacl|216/291|[from] item: Leftovers\n|-damage|p2a: Garganacl|180/291|[from] Leech Seed|[of] p1a: Sceptile\n|-heal|p1a: Sceptile|264/264|[silent]\n|upkeep\n|turn|25\n|\n|t:|1733913498\n|move|p1a: Sceptile|Focus Blast|p2a: Garganacl|[miss]\n|-miss|p1a: Sceptile|p2a: Garganacl\n|move|p2a: Garganacl|Recover|p2a: Garganacl\n|-heal|p2a: Garganacl|291/291\n|\n|-damage|p2a: Garganacl|255/291|[from] Leech Seed|[of] p1a: Sceptile\n|upkeep\n|turn|26\n|\n|t:|1733913503\n|move|p1a: Sceptile|Focus Blast|p2a: Garganacl\n|-damage|p2a: Garganacl|161/291\n|move|p2a: Garganacl|Body Press|p1a: Sceptile\n|-supereffective|p1a: Sceptile\n|-end|p1a: Sceptile|Substitute\n|\n|-heal|p2a: Garganacl|179/291|[from] item: Leftovers\n|-damage|p2a: Garganacl|143/291|[from] Leech Seed|[of] p1a: Sceptile\n|upkeep\n|turn|27\n|\n|t:|1733913512\n|move|p1a: Sceptile|Substitute|p1a: Sceptile\n|-start|p1a: Sceptile|Substitute\n|-damage|p1a: Sceptile|198/264\n|move|p2a: Garganacl|Body Press|p1a: Sceptile\n|-supereffective|p1a: Sceptile\n|-end|p1a: Sceptile|Substitute\n|\n|-heal|p1a: Sceptile|214/264|[from] item: Leftovers\n|-heal|p2a: Garganacl|161/291|[from] item: Leftovers\n|-damage|p2a: Garganacl|125/291|[from] Leech Seed|[of] p1a: Sceptile\n|-heal|p1a: Sceptile|250/264|[silent]\n|upkeep\n|turn|28\n|\n|t:|1733913519\n|move|p1a: Sceptile|Substitute|p1a: Sceptile\n|-start|p1a: Sceptile|Substitute\n|-damage|p1a: Sceptile|184/264\n|move|p2a: Garganacl|Recover|p2a: Garganacl\n|-heal|p2a: Garganacl|271/291\n|\n|-heal|p1a: Sceptile|200/264|[from] item: Leftovers\n|-heal|p2a: Garganacl|289/291|[from] item: Leftovers\n|-damage|p2a: Garganacl|253/291|[from] Leech Seed|[of] p1a: Sceptile\n|-heal|p1a: Sceptile|236/264|[silent]\n|upkeep\n|turn|29\n|\n|t:|1733913525\n|move|p1a: Sceptile|Giga Drain|p2a: Garganacl\n|-resisted|p2a: Garganacl\n|-damage|p2a: Garganacl|207/291\n|-heal|p1a: Sceptile|259/264|[from] drain|[of] p2a: Garganacl\n|move|p2a: Garganacl|Body Press|p1a: Sceptile\n|-supereffective|p1a: Sceptile\n|-end|p1a: Sceptile|Substitute\n|\n|-heal|p1a: Sceptile|264/264|[from] item: Leftovers\n|-heal|p2a: Garganacl|225/291|[from] item: Leftovers\n|-damage|p2a: Garganacl|189/291|[from] Leech Seed|[of] p1a: Sceptile\n|upkeep\n|turn|30\n|\n|t:|1733913532\n|move|p1a: Sceptile|Substitute|p1a: Sceptile\n|-start|p1a: Sceptile|Substitute\n|-damage|p1a: Sceptile|198/264\n|move|p2a: Garganacl|Body Press|p1a: Sceptile\n|-supereffective|p1a: Sceptile\n|-end|p1a: Sceptile|Substitute\n|\n|-heal|p1a: Sceptile|214/264|[from] item: Leftovers\n|-heal|p2a: Garganacl|207/291|[from] item: Leftovers\n|-damage|p2a: Garganacl|171/291|[from] Leech Seed|[of] p1a: Sceptile\n|-heal|p1a: Sceptile|250/264|[silent]\n|upkeep\n|turn|31\n|\n|t:|1733913545\n|move|p1a: Sceptile|Substitute|p1a: Sceptile\n|-start|p1a: Sceptile|Substitute\n|-damage|p1a: Sceptile|184/264\n|move|p2a: Garganacl|Body Press|p1a: Sceptile\n|-supereffective|p1a: Sceptile\n|-end|p1a: Sceptile|Substitute\n|\n|-heal|p1a: Sceptile|200/264|[from] item: Leftovers\n|-heal|p2a: Garganacl|189/291|[from] item: Leftovers\n|-damage|p2a: Garganacl|153/291|[from] Leech Seed|[of] p1a: Sceptile\n|-heal|p1a: Sceptile|236/264|[silent]\n|upkeep\n|turn|32\n|\n|t:|1733913554\n|move|p1a: Sceptile|Substitute|p1a: Sceptile\n|-start|p1a: Sceptile|Substitute\n|-damage|p1a: Sceptile|170/264\n|move|p2a: Garganacl|Body Press|p1a: Sceptile\n|-supereffective|p1a: Sceptile\n|-end|p1a: Sceptile|Substitute\n|\n|-heal|p1a: Sceptile|186/264|[from] item: Leftovers\n|-heal|p2a: Garganacl|171/291|[from] item: Leftovers\n|-damage|p2a: Garganacl|135/291|[from] Leech Seed|[of] p1a: Sceptile\n|-heal|p1a: Sceptile|222/264|[silent]\n|upkeep\n|turn|33\n|\n|t:|1733913565\n|move|p1a: Sceptile|Substitute|p1a: Sceptile\n|-start|p1a: Sceptile|Substitute\n|-damage|p1a: Sceptile|156/264\n|move|p2a: Garganacl|Body Press|p1a: Sceptile\n|-supereffective|p1a: Sceptile\n|-end|p1a: Sceptile|Substitute\n|\n|-heal|p1a: Sceptile|172/264|[from] item: Leftovers\n|-heal|p2a: Garganacl|153/291|[from] item: Leftovers\n|-damage|p2a: Garganacl|117/291|[from] Leech Seed|[of] p1a: Sceptile\n|-heal|p1a: Sceptile|208/264|[silent]\n|upkeep\n|turn|34\n|\n|t:|1733913582\n|move|p1a: Sceptile|Substitute|p1a: Sceptile\n|-start|p1a: Sceptile|Substitute\n|-damage|p1a: Sceptile|142/264\n|move|p2a: Garganacl|Recover|p2a: Garganacl\n|-heal|p2a: Garganacl|263/291\n|\n|-heal|p1a: Sceptile|158/264|[from] item: Leftovers\n|-heal|p2a: Garganacl|281/291|[from] item: Leftovers\n|-damage|p2a: Garganacl|245/291|[from] Leech Seed|[of] p1a: Sceptile\n|-heal|p1a: Sceptile|194/264|[silent]\n|upkeep\n|turn|35\n|\n|t:|1733913596\n|move|p1a: Sceptile|Giga Drain|p2a: Garganacl\n|-resisted|p2a: Garganacl\n|-damage|p2a: Garganacl|200/291\n|-heal|p1a: Sceptile|217/264|[from] drain|[of] p2a: Garganacl\n|move|p2a: Garganacl|Body Press|p1a: Sceptile\n|-supereffective|p1a: Sceptile\n|-end|p1a: Sceptile|Substitute\n|\n|-heal|p1a: Sceptile|233/264|[from] item: Leftovers\n|-heal|p2a: Garganacl|218/291|[from] item: Leftovers\n|-damage|p2a: Garganacl|182/291|[from] Leech Seed|[of] p1a: Sceptile\n|-heal|p1a: Sceptile|264/264|[silent]\n|upkeep\n|turn|36\n|\n|t:|1733913613\n|move|p1a: Sceptile|Substitute|p1a: Sceptile\n|-start|p1a: Sceptile|Substitute\n|-damage|p1a: Sceptile|198/264\n|move|p2a: Garganacl|Salt Cure|p1a: Sceptile\n|-resisted|p1a: Sceptile\n|-activate|p1a: Sceptile|move: Substitute|[damage]\n|\n|-heal|p1a: Sceptile|214/264|[from] item: Leftovers\n|-heal|p2a: Garganacl|200/291|[from] item: Leftovers\n|-damage|p2a: Garganacl|164/291|[from] Leech Seed|[of] p1a: Sceptile\n|-heal|p1a: Sceptile|250/264|[silent]\n|upkeep\n|turn|37\n|\n|t:|1733913621\n|move|p1a: Sceptile|Giga Drain|p2a: Garganacl\n|-resisted|p2a: Garganacl\n|-damage|p2a: Garganacl|116/291\n|-heal|p1a: Sceptile|264/264|[from] drain|[of] p2a: Garganacl\n|move|p2a: Garganacl|Salt Cure|p1a: Sceptile\n|-resisted|p1a: Sceptile\n|-activate|p1a: Sceptile|move: Substitute|[damage]\n|\n|-heal|p2a: Garganacl|134/291|[from] item: Leftovers\n|-damage|p2a: Garganacl|98/291|[from] Leech Seed|[of] p1a: Sceptile\n|upkeep\n|turn|38\n|\n|t:|1733913631\n|move|p1a: Sceptile|Giga Drain|p2a: Garganacl\n|-resisted|p2a: Garganacl\n|-damage|p2a: Garganacl|50/291\n|move|p2a: Garganacl|Recover|p2a: Garganacl\n|-heal|p2a: Garganacl|196/291\n|\n|-heal|p2a: Garganacl|214/291|[from] item: Leftovers\n|-damage|p2a: Garganacl|178/291|[from] Leech Seed|[of] p1a: Sceptile\n|upkeep\n|turn|39\n|\n|t:|1733913639\n|move|p1a: Sceptile|Giga Drain|p2a: Garganacl\n|-resisted|p2a: Garganacl\n|-damage|p2a: Garganacl|132/291\n|move|p2a: Garganacl|Body Press|p1a: Sceptile\n|-supereffective|p1a: Sceptile\n|-end|p1a: Sceptile|Substitute\n|\n|-heal|p2a: Garganacl|150/291|[from] item: Leftovers\n|-damage|p2a: Garganacl|114/291|[from] Leech Seed|[of] p1a: Sceptile\n|upkeep\n|turn|40\n|\n|t:|1733913646\n|move|p1a: Sceptile|Substitute|p1a: Sceptile\n|-start|p1a: Sceptile|Substitute\n|-damage|p1a: Sceptile|198/264\n|move|p2a: Garganacl|Body Press|p1a: Sceptile\n|-supereffective|p1a: Sceptile\n|-end|p1a: Sceptile|Substitute\n|\n|-heal|p1a: Sceptile|214/264|[from] item: Leftovers\n|-heal|p2a: Garganacl|132/291|[from] item: Leftovers\n|-damage|p2a: Garganacl|96/291|[from] Leech Seed|[of] p1a: Sceptile\n|-heal|p1a: Sceptile|250/264|[silent]\n|upkeep\n|turn|41\n|\n|t:|1733913655\n|move|p1a: Sceptile|Substitute|p1a: Sceptile\n|-start|p1a: Sceptile|Substitute\n|-damage|p1a: Sceptile|184/264\n|move|p2a: Garganacl|Recover|p2a: Garganacl\n|-heal|p2a: Garganacl|242/291\n|\n|-heal|p1a: Sceptile|200/264|[from] item: Leftovers\n|-heal|p2a: Garganacl|260/291|[from] item: Leftovers\n|-damage|p2a: Garganacl|224/291|[from] Leech Seed|[of] p1a: Sceptile\n|-heal|p1a: Sceptile|236/264|[silent]\n|upkeep\n|turn|42\n|\n|t:|1733913662\n|move|p1a: Sceptile|Giga Drain|p2a: Garganacl\n|-resisted|p2a: Garganacl\n|-damage|p2a: Garganacl|182/291\n|-heal|p1a: Sceptile|257/264|[from] drain|[of] p2a: Garganacl\n|move|p2a: Garganacl|Body Press|p1a: Sceptile\n|-supereffective|p1a: Sceptile\n|-end|p1a: Sceptile|Substitute\n|\n|-heal|p1a: Sceptile|264/264|[from] item: Leftovers\n|-heal|p2a: Garganacl|200/291|[from] item: Leftovers\n|-damage|p2a: Garganacl|164/291|[from] Leech Seed|[of] p1a: Sceptile\n|upkeep\n|turn|43\n|\n|t:|1733913670\n|move|p1a: Sceptile|Substitute|p1a: Sceptile\n|-start|p1a: Sceptile|Substitute\n|-damage|p1a: Sceptile|198/264\n|move|p2a: Garganacl|Body Press|p1a: Sceptile\n|-supereffective|p1a: Sceptile\n|-end|p1a: Sceptile|Substitute\n|\n|-heal|p1a: Sceptile|214/264|[from] item: Leftovers\n|-heal|p2a: Garganacl|182/291|[from] item: Leftovers\n|-damage|p2a: Garganacl|146/291|[from] Leech Seed|[of] p1a: Sceptile\n|-heal|p1a: Sceptile|250/264|[silent]\n|upkeep\n|turn|44\n|c|\u2606Gorgooloo|no mor subs for you\n|inactive|ibamakoto has 120 seconds left.\n|\n|t:|1733913728\n|move|p1a: Sceptile|Focus Blast|p2a: Garganacl\n|-damage|p2a: Garganacl|39/291\n|move|p2a: Garganacl|Recover|p2a: Garganacl\n|-heal|p2a: Garganacl|185/291\n|\n|-heal|p1a: Sceptile|264/264|[from] item: Leftovers\n|-heal|p2a: Garganacl|203/291|[from] item: Leftovers\n|-damage|p2a: Garganacl|167/291|[from] Leech Seed|[of] p1a: Sceptile\n|upkeep\n|turn|45\n|\n|t:|1733913742\n|move|p1a: Sceptile|Focus Blast|p2a: Garganacl|[miss]\n|-miss|p1a: Sceptile|p2a: Garganacl\n|move|p2a: Garganacl|Body Press|p1a: Sceptile\n|-supereffective|p1a: Sceptile\n|-damage|p1a: Sceptile|0 fnt\n|faint|p1a: Sceptile\n|\n|-heal|p2a: Garganacl|185/291|[from] item: Leftovers\n|upkeep\n|inactive|ibamakoto has 90 seconds left.\n|inactive|ibamakoto has 60 seconds left.\n|\n|t:|1733913784\n|switch|p1a: Thundurus|Thundurus, L80, M|258/258\n|-damage|p1a: Thundurus|194/258|[from] Stealth Rock\n|turn|46\n|\n|t:|1733913795\n|move|p1a: Thundurus|Knock Off|p2a: Garganacl\n|-damage|p2a: Garganacl|171/291\n|-enditem|p2a: Garganacl|Leftovers|[from] move: Knock Off|[of] p1a: Thundurus\n|move|p2a: Garganacl|Salt Cure|p1a: Thundurus\n|-supereffective|p1a: Thundurus\n|-damage|p1a: Thundurus|96/258\n|-start|p1a: Thundurus|Salt Cure\n|\n|-damage|p2a: Garganacl|135/291|[from] Leech Seed|[of] p1a: Thundurus\n|-heal|p1a: Thundurus|132/258|[silent]\n|-damage|p1a: Thundurus|100/258|[from] Salt Cure\n|upkeep\n|turn|47\n|inactive|ibamakoto has 60 seconds left.\n|\n|t:|1733913816\n|switch|p2a: Mamoswine|Mamoswine, L81, M|69/311\n|move|p1a: Thundurus|Thunderbolt|p2a: Mamoswine\n|-immune|p2a: Mamoswine\n|\n|-damage|p1a: Thundurus|68/258|[from] Salt Cure\n|upkeep\n|turn|48\n|inactive|ibamakoto has 60 seconds left.\n|\n|t:|1733913837\n|switch|p1a: Zebstrika|Zebstrika, L87, F|272/272\n|-damage|p1a: Zebstrika|227/272|[from] Spikes\n|-damage|p1a: Zebstrika|193/272|[from] Stealth Rock\n|move|p2a: Mamoswine|Ice Shard|p1a: Zebstrika\n|-damage|p1a: Zebstrika|100/272\n|\n|upkeep\n|turn|49\n|\n|t:|1733913848\n|switch|p2a: Garganacl|Garganacl, L80, M, tera:Dragon|135/291\n|move|p1a: Zebstrika|High Horsepower|p2a: Garganacl\n|-damage|p2a: Garganacl|64/291\n|-damage|p1a: Zebstrika|73/272|[from] item: Life Orb\n|\n|upkeep\n|turn|50\n|\n|t:|1733913860\n|move|p1a: Zebstrika|High Horsepower|p2a: Garganacl\n|-damage|p2a: Garganacl|0 fnt\n|faint|p2a: Garganacl\n|-damage|p1a: Zebstrika|46/272|[from] item: Life Orb\n|\n|upkeep\n|\n|t:|1733913869\n|switch|p2a: Mamoswine|Mamoswine, L81, M|69/311\n|turn|51\n|\n|t:|1733913875\n|move|p2a: Mamoswine|Ice Shard|p1a: Zebstrika\n|-damage|p1a: Zebstrika|0 fnt\n|faint|p1a: Zebstrika\n|\n|upkeep\n|\n|t:|1733913899\n|switch|p1a: Hypno|Hypno, L95, F|315/315\n|-damage|p1a: Hypno|263/315|[from] Spikes\n|-damage|p1a: Hypno|224/315|[from] Stealth Rock\n|turn|52\n|\n|t:|1733913913\n|switch|p2a: Zamazenta|Zamazenta, L71|217/248\n|move|p1a: Hypno|Psychic Noise|p2a: Zamazenta\n|-supereffective|p2a: Zamazenta\n|-damage|p2a: Zamazenta|67/248\n|-start|p2a: Zamazenta|move: Heal Block\n|\n|-heal|p1a: Hypno|243/315|[from] item: Leftovers\n|upkeep\n|turn|53\n|inactive|ibamakoto has 30 seconds left.\n|\n|t:|1733913935\n|move|p2a: Zamazenta|Crunch|p1a: Hypno\n|-supereffective|p1a: Hypno\n|-damage|p1a: Hypno|95/315\n|move|p1a: Hypno|Psychic Noise|p2a: Zamazenta\n|-supereffective|p2a: Zamazenta\n|-damage|p2a: Zamazenta|0 fnt\n|faint|p2a: Zamazenta\n|\n|-heal|p1a: Hypno|114/315|[from] item: Leftovers\n|upkeep\n|\n|t:|1733913940\n|switch|p2a: Mamoswine|Mamoswine, L81, M|69/311\n|turn|54\n|\n|t:|1733913945\n|move|p2a: Mamoswine|Ice Shard|p1a: Hypno\n|-damage|p1a: Hypno|41/315\n|move|p1a: Hypno|Psychic Noise|p2a: Mamoswine\n|-damage|p2a: Mamoswine|0 fnt\n|faint|p2a: Mamoswine\n|\n|win|ibamakoto\n|raw|ibamakoto's rating: 1360 &rarr; <strong>1380</strong><br />(+20 for winning)\n|raw|Gorgooloo's rating: 1359 &rarr; <strong>1339</strong><br />(-20 for losing)\n|l|\u2606Gorgooloo\n|player|p2|\n", "inputlog": ">version bfd83cad13791eb5a5a409923076391caf6fb4d4\n>start {\"formatid\":\"gen9randombattle\",\"seed\":[35467,53035,42047,62125],\"rated\":\"Rated battle\"}\n>player p1 {\"name\":\"ibamakoto\",\"avatar\":\"erika\",\"rating\":1360,\"seed\":[7539,31161,25896,41915]}\n>player p2 {\"name\":\"Gorgooloo\",\"avatar\":\"2\",\"rating\":1359,\"seed\":[19223,20967,29978,46324]}\n>p1 switch 5\n>p2 move bugbuzz\n>p1 move rockslide\n>p2 move voltswitch\n>p2 switch 4\n>p1 move rockslide\n>p2 move iceshard\n>p1 switch 2\n>p1 move encore\n>p2 switch 3\n>p1 switch 5\n>p2 move ceaselessedge\n>p1 move substitute\n>p2 move stealthrock\n>p1 move gigadrain\n>p2 move whirlwind\n>p1 move triplearrows\n>p2 move ceaselessedge\n>p2 switch 5\n>p1 move triplearrows\n>p2 move alluringvoice\n>p1 move suckerpunch\n>p2 move alluringvoice\n>p2 switch 2\n>p1 move roost\n>p2 move psychicfangs\n>p1 switch 3\n>p1 move leechseed\n>p2 move psychicfangs\n>p1 move substitute\n>p2 switch 4\n>p1 move gigadrain\n>p2 move bugbuzz\n>p2 switch 3\n>p1 move gigadrain terastallize\n>p2 move iceshard\n>p1 move gigadrain\n>p2 switch 6\n>p1 move leechseed\n>p2 move bodypress terastallize\n>p1 move substitute\n>p2 move recover\n>p1 move focusblast\n>p2 move irondefense\n>p1 move focusblast\n>p2 move recover\n>p1 move focusblast\n>p2 move bodypress\n>p1 move substitute\n>p2 move bodypress\n>p1 move substitute\n>p2 move irondefense\n>p1 move focusblast\n>p2 move irondefense\n>p1 move focusblast\n>p2 move recover\n>p1 move focusblast\n>p2 move bodypress\n>p1 move substitute\n>p2 move bodypress\n>p1 move substitute\n>p2 move recover\n>p1 move gigadrain\n>p2 move bodypress\n>p1 move substitute\n>p2 move bodypress\n>p1 move substitute\n>p2 move bodypress\n>p1 move substitute\n>p2 move bodypress\n>p1 move substitute\n>p2 move bodypress\n>p1 move substitute\n>p2 move recover\n>p1 move gigadrain\n>p2 move bodypress\n>p1 move substitute\n>p2 move saltcure\n>p1 move gigadrain\n>p2 move saltcure\n>p1 move gigadrain\n>p2 move recover\n>p1 move gigadrain\n>p2 move bodypress\n>p1 move substitute\n>p2 move bodypress\n>p1 move substitute\n>p2 move recover\n>p1 move gigadrain\n>p2 move bodypress\n>p1 move substitute\n>p2 move bodypress\n>chat \u2606Gorgooloo|no mor subs for you\n>p1 move focusblast\n>p2 move recover\n>p1 move focusblast\n>p2 move bodypress\n>p1 switch 4\n>p1 move knockoff\n>p2 move saltcure\n>p1 move thunderbolt\n>p2 switch 6\n>p1 switch 6\n>p2 move iceshard\n>p1 move highhorsepower\n>p2 switch 6\n>p1 move highhorsepower\n>p2 move saltcure\n>p2 switch 6\n>p1 move overheat\n>p2 move iceshard\n>p1 switch 5\n>p1 move psychicnoise\n>p2 switch 4\n>p1 move psychicnoise\n>p2 move crunch\n>p2 switch 4\n>p1 move psychicnoise\n>p2 move iceshard", "uploadtime": 1733913954, "views": 1, "formatid": "gen9randombattle", "rating": 1339, "private": 0, "password": null}