{"id": "gen9randombattle-2128909749", "format": "[Gen 9] Random Battle", "players": ["bmence", "Mayqueen NyanNyan"], "log": "|j|\u203dbmence\n|j|\u2606Mayqueen NyanNyan\n|t:|1716474353\n|gametype|singles\n|player|p1|bmence|1|2235\n|player|p2|Mayqueen NyanNyan|2|2238\n|teamsize|p1|6\n|teamsize|p2|6\n|gen|9\n|tier|[Gen 9] Random Battle\n|rated|\n|rule|Species Clause: Limit one of each Pok\u00e9mon\n|rule|HP Percentage Mod: HP is shown in percentages\n|rule|Sleep Clause Mod: Limit one foe put to sleep\n|rule|Illusion Level Mod: Illusion disguises the Pok\u00e9mon's true level\n|\n|t:|1716474353\n|start\n|switch|p1a: Iron Valiant|Iron Valiant, L79|247/247\n|switch|p2a: Walking Wake|Walking Wake, L79|286/286\n|turn|1\n|\n|t:|1716474381\n|-end|p2a: Walking Wake|Protosynthesis|[silent]\n|switch|p2a: Muk|Muk, L86, F|321/321\n|move|p1a: Iron Valiant|Calm Mind|p1a: Iron Valiant\n|-boost|p1a: Iron Valiant|spa|1\n|-boost|p1a: Iron Valiant|spd|1\n|\n|upkeep\n|turn|2\n|\n|t:|1716474387\n|move|p1a: Iron Valiant|Psychic|p2a: Muk\n|-supereffective|p2a: Muk\n|-damage|p2a: Muk|103/321\n|-damage|p1a: Iron Valiant|223/247|[from] item: Life Orb\n|move|p2a: Muk|Gunk Shot|p1a: Iron Valiant\n|-supereffective|p1a: Iron Valiant\n|-damage|p1a: Iron Valiant|0 fnt\n|faint|p1a: Iron Valiant\n|-end|p1a: Iron Valiant|Quark Drive|[silent]\n|\n|-heal|p2a: Muk|123/321|[from] item: Leftovers\n|upkeep\n|\n|t:|1716474400\n|switch|p1a: Latias|Latias, L79, F|256/256\n|turn|3\n|\n|t:|1716474410\n|switch|p2a: Magearna|Magearna, L77|250/250\n|move|p1a: Latias|Psyshock|p2a: Magearna\n|-resisted|p2a: Magearna\n|-damage|p2a: Magearna|208/250\n|\n|-heal|p2a: Magearna|223/250|[from] item: Leftovers\n|upkeep\n|turn|4\n|\n|t:|1716474418\n|switch|p1a: Incineroar|Incineroar, L84, F|297/297\n|-ability|p1a: Incineroar|Intimidate|boost\n|-unboost|p2a: Magearna|atk|1\n|move|p2a: Magearna|Fleur Cannon|p1a: Incineroar\n|-damage|p1a: Incineroar|153/297\n|-unboost|p2a: Magearna|spa|2\n|\n|-heal|p2a: Magearna|238/250|[from] item: Leftovers\n|upkeep\n|turn|5\n|inactive|Battle timer is ON: inactive players will automatically lose when time's up. (requested by Mayqueen NyanNyan)\n|\n|t:|1716474457\n|switch|p2a: Muk|Muk, L86, F|123/321\n|move|p1a: Incineroar|Knock Off|p2a: Muk\n|-damage|p2a: Muk|0 fnt\n|-enditem|p2a: Muk|Leftovers|[from] move: Knock Off|[of] p1a: Incineroar\n|faint|p2a: Muk\n|\n|upkeep\n|\n|t:|1716474486\n|switch|p2a: Walking Wake|Walking Wake, L79|286/286\n|turn|6\n|\n|t:|1716474516\n|switch|p1a: Exeggutor|Exeggutor, L89, M|312/312\n|move|p2a: Walking Wake|Hydro Steam|p1a: Exeggutor\n|-resisted|p1a: Exeggutor\n|-damage|p1a: Exeggutor|247/312\n|-damage|p2a: Walking Wake|258/286|[from] item: Life Orb\n|\n|upkeep\n|turn|7\n|\n|t:|1716474522\n|move|p2a: Walking Wake|Flamethrower|p1a: Exeggutor\n|-supereffective|p1a: Exeggutor\n|-damage|p1a: Exeggutor|70/312\n|-enditem|p1a: Exeggutor|Sitrus Berry|[eat]\n|-heal|p1a: Exeggutor|148/312|[from] item: Sitrus Berry\n|-damage|p2a: Walking Wake|230/286|[from] item: Life Orb\n|move|p1a: Exeggutor|Leech Seed|p2a: Walking Wake\n|-start|p2a: Walking Wake|move: Leech Seed\n|\n|-damage|p2a: Walking Wake|195/286|[from] Leech Seed|[of] p1a: Exeggutor\n|-heal|p1a: Exeggutor|183/312|[silent]\n|upkeep\n|turn|8\n|\n|t:|1716474543\n|-end|p2a: Walking Wake|Protosynthesis|[silent]\n|switch|p2a: Manaphy|Manaphy, L78|284/284\n|move|p1a: Exeggutor|Protect||[still]\n|-fail|p1a: Exeggutor\n|\n|-item|p1a: Exeggutor|Sitrus Berry|[from] ability: Harvest\n|upkeep\n|turn|9\n|\n|t:|1716474553\n|move|p2a: Manaphy|Ice Beam|p1a: Exeggutor\n|-supereffective|p1a: Exeggutor\n|-damage|p1a: Exeggutor|65/312\n|-enditem|p1a: Exeggutor|Sitrus Berry|[eat]\n|-heal|p1a: Exeggutor|143/312|[from] item: Sitrus Berry\n|move|p1a: Exeggutor|Leech Seed|p2a: Manaphy\n|-start|p2a: Manaphy|move: Leech Seed\n|\n|-damage|p2a: Manaphy|249/284|[from] Leech Seed|[of] p1a: Exeggutor\n|-heal|p1a: Exeggutor|178/312|[silent]\n|-item|p1a: Exeggutor|Sitrus Berry|[from] ability: Harvest\n|upkeep\n|turn|10\n|\n|t:|1716474564\n|switch|p2a: Magearna|Magearna, L77|238/250\n|move|p1a: Exeggutor|Substitute|p1a: Exeggutor\n|-start|p1a: Exeggutor|Substitute\n|-damage|p1a: Exeggutor|100/312\n|-enditem|p1a: Exeggutor|Sitrus Berry|[eat]\n|-heal|p1a: Exeggutor|178/312|[from] item: Sitrus Berry\n|\n|-heal|p2a: Magearna|250/250|[from] item: Leftovers\n|-item|p1a: Exeggutor|Sitrus Berry|[from] ability: Harvest\n|upkeep\n|turn|11\n|\n|t:|1716474569\n|move|p1a: Exeggutor|Leech Seed|p2a: Magearna|[miss]\n|-miss|p1a: Exeggutor|p2a: Magearna\n|move|p2a: Magearna|Flash Cannon|p1a: Exeggutor\n|-end|p1a: Exeggutor|Substitute\n|\n|upkeep\n|turn|12\n|\n|t:|1716474581\n|move|p1a: Exeggutor|Leech Seed|p2a: Magearna\n|-start|p2a: Magearna|move: Leech Seed\n|move|p2a: Magearna|Calm Mind|p2a: Magearna\n|-boost|p2a: Magearna|spa|1\n|-boost|p2a: Magearna|spd|1\n|\n|-damage|p2a: Magearna|219/250|[from] Leech Seed|[of] p1a: Exeggutor\n|-heal|p1a: Exeggutor|209/312|[silent]\n|upkeep\n|turn|13\n|\n|t:|1716474588\n|move|p1a: Exeggutor|Substitute|p1a: Exeggutor\n|-start|p1a: Exeggutor|Substitute\n|-damage|p1a: Exeggutor|131/312\n|-enditem|p1a: Exeggutor|Sitrus Berry|[eat]\n|-heal|p1a: Exeggutor|209/312|[from] item: Sitrus Berry\n|move|p2a: Magearna|Flash Cannon|p1a: Exeggutor\n|-end|p1a: Exeggutor|Substitute\n|\n|-heal|p2a: Magearna|234/250|[from] item: Leftovers\n|-damage|p2a: Magearna|203/250|[from] Leech Seed|[of] p1a: Exeggutor\n|-heal|p1a: Exeggutor|240/312|[silent]\n|-item|p1a: Exeggutor|Sitrus Berry|[from] ability: Harvest\n|upkeep\n|turn|14\n|\n|t:|1716474593\n|move|p1a: Exeggutor|Protect|p1a: Exeggutor\n|-singleturn|p1a: Exeggutor|Protect\n|move|p2a: Magearna|Flash Cannon|p1a: Exeggutor\n|-activate|p1a: Exeggutor|move: Protect\n|\n|-heal|p2a: Magearna|218/250|[from] item: Leftovers\n|-damage|p2a: Magearna|187/250|[from] Leech Seed|[of] p1a: Exeggutor\n|-heal|p1a: Exeggutor|271/312|[silent]\n|upkeep\n|turn|15\n|\n|t:|1716474598\n|move|p1a: Exeggutor|Substitute|p1a: Exeggutor\n|-start|p1a: Exeggutor|Substitute\n|-damage|p1a: Exeggutor|193/312\n|move|p2a: Magearna|Flash Cannon|p1a: Exeggutor\n|-end|p1a: Exeggutor|Substitute\n|\n|-heal|p2a: Magearna|202/250|[from] item: Leftovers\n|-damage|p2a: Magearna|171/250|[from] Leech Seed|[of] p1a: Exeggutor\n|-heal|p1a: Exeggutor|224/312|[silent]\n|upkeep\n|turn|16\n|\n|t:|1716474603\n|move|p1a: Exeggutor|Protect|p1a: Exeggutor\n|-singleturn|p1a: Exeggutor|Protect\n|move|p2a: Magearna|Shift Gear|p2a: Magearna\n|-boost|p2a: Magearna|spe|2\n|-boost|p2a: Magearna|atk|1\n|\n|-heal|p2a: Magearna|186/250|[from] item: Leftovers\n|-damage|p2a: Magearna|155/250|[from] Leech Seed|[of] p1a: Exeggutor\n|-heal|p1a: Exeggutor|255/312|[silent]\n|upkeep\n|turn|17\n|\n|t:|1716474611\n|-terastallize|p1a: Exeggutor|Steel\n|move|p2a: Magearna|Fleur Cannon|p1a: Exeggutor\n|-resisted|p1a: Exeggutor\n|-damage|p1a: Exeggutor|139/312\n|-unboost|p2a: Magearna|spa|2\n|-enditem|p1a: Exeggutor|Sitrus Berry|[eat]\n|-heal|p1a: Exeggutor|217/312|[from] item: Sitrus Berry\n|move|p1a: Exeggutor|Substitute|p1a: Exeggutor\n|-start|p1a: Exeggutor|Substitute\n|-damage|p1a: Exeggutor|139/312\n|\n|-heal|p2a: Magearna|170/250|[from] item: Leftovers\n|-damage|p2a: Magearna|139/250|[from] Leech Seed|[of] p1a: Exeggutor\n|-heal|p1a: Exeggutor|170/312|[silent]\n|upkeep\n|turn|18\n|\n|t:|1716474624\n|switch|p2a: Exeggutor|Exeggutor-Alola, L89, F|314/314\n|move|p1a: Exeggutor|Leech Seed|p2a: Exeggutor\n|-immune|p2a: Exeggutor\n|\n|-item|p1a: Exeggutor|Sitrus Berry|[from] ability: Harvest\n|upkeep\n|turn|19\n|\n|t:|1716474630\n|move|p1a: Exeggutor|Protect|p1a: Exeggutor\n|-singleturn|p1a: Exeggutor|Protect\n|move|p2a: Exeggutor|Flamethrower|p1a: Exeggutor\n|-activate|p1a: Exeggutor|move: Protect\n|\n|upkeep\n|turn|20\n|\n|t:|1716474634\n|move|p1a: Exeggutor|Psychic Noise|p2a: Exeggutor\n|-damage|p2a: Exeggutor|199/314\n|-start|p2a: Exeggutor|move: Heal Block\n|move|p2a: Exeggutor|Flamethrower|p1a: Exeggutor\n|-supereffective|p1a: Exeggutor\n|-end|p1a: Exeggutor|Substitute\n|\n|upkeep\n|turn|21\n|\n|t:|1716474643\n|switch|p1a: Incineroar|Incineroar, L84, F|153/297\n|-ability|p1a: Incineroar|Intimidate|boost\n|-unboost|p2a: Exeggutor|atk|1\n|switch|p2a: Magearna|Magearna, L77|139/250\n|\n|-heal|p2a: Magearna|154/250|[from] item: Leftovers\n|upkeep\n|turn|22\n|\n|t:|1716474657\n|switch|p2a: Walking Wake|Walking Wake, L79|195/286\n|move|p1a: Incineroar|Flare Blitz|p2a: Walking Wake\n|-resisted|p2a: Walking Wake\n|-damage|p2a: Walking Wake|156/286\n|-damage|p1a: Incineroar|140/297|[from] Recoil\n|\n|upkeep\n|turn|23\n|inactive|bmence has 120 seconds left.\n|\n|t:|1716474688\n|switch|p1a: Blastoise|Blastoise, L80, F|258/258\n|move|p2a: Walking Wake|Hydro Steam|p1a: Blastoise\n|-resisted|p1a: Blastoise\n|-damage|p1a: Blastoise|207/258\n|-damage|p2a: Walking Wake|128/286|[from] item: Life Orb\n|\n|upkeep\n|turn|24\n|\n|t:|1716474696\n|move|p2a: Walking Wake|Draco Meteor|p1a: Blastoise\n|-damage|p1a: Blastoise|22/258\n|-unboost|p2a: Walking Wake|spa|2\n|-damage|p2a: Walking Wake|100/286|[from] item: Life Orb\n|move|p1a: Blastoise|Shell Smash|p1a: Blastoise\n|-unboost|p1a: Blastoise|def|1\n|-unboost|p1a: Blastoise|spd|1\n|-boost|p1a: Blastoise|atk|2\n|-boost|p1a: Blastoise|spa|2\n|-boost|p1a: Blastoise|spe|2\n|-enditem|p1a: Blastoise|White Herb\n|-clearnegativeboost|p1a: Blastoise|[silent]\n|\n|upkeep\n|turn|25\n|\n|t:|1716474718\n|-end|p2a: Walking Wake|Protosynthesis|[silent]\n|switch|p2a: Mimikyu|Mimikyu, L79, M|216/216\n|move|p1a: Blastoise|Ice Beam|p2a: Mimikyu\n|-activate|p2a: Mimikyu|ability: Disguise\n|-damage|p2a: Mimikyu|216/216\n|detailschange|p2a: Mimikyu|Mimikyu-Busted, L79, M\n|-damage|p2a: Mimikyu|189/216|[from] pokemon: Mimikyu-Busted\n|\n|upkeep\n|turn|26\n|\n|t:|1716474727\n|move|p2a: Mimikyu|Shadow Sneak|p1a: Blastoise\n|-damage|p1a: Blastoise|0 fnt\n|faint|p1a: Blastoise\n|-damage|p2a: Mimikyu|168/216|[from] item: Life Orb\n|\n|upkeep\n|\n|t:|1716474730\n|switch|p1a: Incineroar|Incineroar, L84, F|140/297\n|-ability|p1a: Incineroar|Intimidate|boost\n|-unboost|p2a: Mimikyu|atk|1\n|turn|27\n|\n|t:|1716474736\n|move|p2a: Mimikyu|Play Rough|p1a: Incineroar\n|-crit|p1a: Incineroar\n|-damage|p1a: Incineroar|0 fnt\n|faint|p1a: Incineroar\n|-damage|p2a: Mimikyu|147/216|[from] item: Life Orb\n|\n|upkeep\n|\n|t:|1716474741\n|switch|p1a: Hawlucha|Hawlucha, L80, F|256/256\n|turn|28\n|\n|t:|1716474749\n|move|p1a: Hawlucha|Swords Dance|p1a: Hawlucha\n|-boost|p1a: Hawlucha|atk|2\n|move|p2a: Mimikyu|Play Rough|p1a: Hawlucha\n|-supereffective|p1a: Hawlucha\n|-damage|p1a: Hawlucha|97/256\n|-unboost|p1a: Hawlucha|atk|1\n|-damage|p2a: Mimikyu|126/216|[from] item: Life Orb\n|\n|upkeep\n|turn|29\n|\n|t:|1716474756\n|move|p1a: Hawlucha|Acrobatics|p2a: Mimikyu\n|-damage|p2a: Mimikyu|39/216\n|move|p2a: Mimikyu|Play Rough|p1a: Hawlucha\n|-supereffective|p1a: Hawlucha\n|-damage|p1a: Hawlucha|0 fnt\n|faint|p1a: Hawlucha\n|-damage|p2a: Mimikyu|18/216|[from] item: Life Orb\n|\n|upkeep\n|\n|t:|1716474764\n|switch|p1a: Exeggutor|Exeggutor, L89, M, tera:Steel|170/312\n|turn|30\n|\n|t:|1716474768\n|switch|p2a: Exeggutor|Exeggutor-Alola, L89, F|199/314\n|-item|p1a: Exeggutor|Sitrus Berry|[from] ability: Frisk|[of] p2a: Exeggutor|[identify]\n|move|p1a: Exeggutor|Substitute|p1a: Exeggutor\n|-start|p1a: Exeggutor|Substitute\n|-damage|p1a: Exeggutor|92/312\n|-enditem|p1a: Exeggutor|Sitrus Berry|[eat]\n|-heal|p1a: Exeggutor|170/312|[from] item: Sitrus Berry\n|\n|upkeep\n|turn|31\n|\n|t:|1716474774\n|move|p1a: Exeggutor|Protect|p1a: Exeggutor\n|-singleturn|p1a: Exeggutor|Protect\n|move|p2a: Exeggutor|Flamethrower|p1a: Exeggutor\n|-activate|p1a: Exeggutor|move: Protect\n|\n|-item|p1a: Exeggutor|Sitrus Berry|[from] ability: Harvest\n|upkeep\n|turn|32\n|\n|t:|1716474777\n|move|p1a: Exeggutor|Psychic Noise|p2a: Exeggutor\n|-damage|p2a: Exeggutor|85/314\n|-start|p2a: Exeggutor|move: Heal Block\n|move|p2a: Exeggutor|Flamethrower|p1a: Exeggutor\n|-supereffective|p1a: Exeggutor\n|-end|p1a: Exeggutor|Substitute\n|\n|upkeep\n|turn|33\n|\n|t:|1716474781\n|move|p1a: Exeggutor|Psychic Noise|p2a: Exeggutor\n|-damage|p2a: Exeggutor|0 fnt\n|faint|p2a: Exeggutor\n|\n|upkeep\n|\n|t:|1716474786\n|switch|p2a: Walking Wake|Walking Wake, L79|100/286\n|turn|34\n|\n|t:|1716474790\n|switch|p1a: Latias|Latias, L79, F|256/256\n|move|p2a: Walking Wake|Flamethrower|p1a: Latias\n|-resisted|p1a: Latias\n|-damage|p1a: Latias|220/256\n|-damage|p2a: Walking Wake|72/286|[from] item: Life Orb\n|\n|upkeep\n|turn|35\n|\n|t:|1716474794\n|switch|p1a: Exeggutor|Exeggutor, L89, M, tera:Steel|170/312\n|move|p2a: Walking Wake|Draco Meteor|p1a: Exeggutor\n|-resisted|p1a: Exeggutor\n|-damage|p1a: Exeggutor|73/312\n|-unboost|p2a: Walking Wake|spa|2\n|-enditem|p1a: Exeggutor|Sitrus Berry|[eat]\n|-heal|p1a: Exeggutor|151/312|[from] item: Sitrus Berry\n|-damage|p2a: Walking Wake|44/286|[from] item: Life Orb\n|\n|-item|p1a: Exeggutor|Sitrus Berry|[from] ability: Harvest\n|upkeep\n|-enditem|p1a: Exeggutor|Sitrus Berry|[eat]\n|-heal|p1a: Exeggutor|229/312|[from] item: Sitrus Berry\n|turn|36\n|\n|t:|1716474806\n|move|p2a: Walking Wake|Flamethrower|p1a: Exeggutor\n|-supereffective|p1a: Exeggutor\n|-damage|p1a: Exeggutor|130/312\n|-damage|p2a: Walking Wake|16/286|[from] item: Life Orb\n|move|p1a: Exeggutor|Substitute|p1a: Exeggutor\n|-start|p1a: Exeggutor|Substitute\n|-damage|p1a: Exeggutor|52/312\n|\n|-item|p1a: Exeggutor|Sitrus Berry|[from] ability: Harvest\n|upkeep\n|-enditem|p1a: Exeggutor|Sitrus Berry|[eat]\n|-heal|p1a: Exeggutor|130/312|[from] item: Sitrus Berry\n|turn|37\n|\n|t:|1716474813\n|move|p1a: Exeggutor|Protect|p1a: Exeggutor\n|-singleturn|p1a: Exeggutor|Protect\n|move|p2a: Walking Wake|Flamethrower|p1a: Exeggutor\n|-activate|p1a: Exeggutor|move: Protect\n|\n|-item|p1a: Exeggutor|Sitrus Berry|[from] ability: Harvest\n|upkeep\n|-enditem|p1a: Exeggutor|Sitrus Berry|[eat]\n|-heal|p1a: Exeggutor|208/312|[from] item: Sitrus Berry\n|turn|38\n|\n|t:|1716474818\n|move|p2a: Walking Wake|Flamethrower|p1a: Exeggutor\n|-supereffective|p1a: Exeggutor\n|-end|p1a: Exeggutor|Substitute\n|-damage|p2a: Walking Wake|0 fnt|[from] item: Life Orb\n|faint|p2a: Walking Wake\n|-end|p2a: Walking Wake|Protosynthesis|[silent]\n|move|p1a: Exeggutor|Substitute|p1a: Exeggutor\n|-start|p1a: Exeggutor|Substitute\n|-damage|p1a: Exeggutor|130/312\n|\n|upkeep\n|\n|t:|1716474835\n|switch|p2a: Manaphy|Manaphy, L78|249/284\n|turn|39\n|\n|t:|1716474838\n|move|p2a: Manaphy|Hydro Pump|p1a: Exeggutor\n|-crit|p1a: Exeggutor\n|-end|p1a: Exeggutor|Substitute\n|move|p1a: Exeggutor|Leech Seed|p2a: Manaphy\n|-start|p2a: Manaphy|move: Leech Seed\n|\n|-heal|p2a: Manaphy|266/284|[from] item: Leftovers\n|-damage|p2a: Manaphy|231/284|[from] Leech Seed|[of] p1a: Exeggutor\n|-heal|p1a: Exeggutor|165/312|[silent]\n|upkeep\n|turn|40\n|\n|t:|1716474846\n|move|p2a: Manaphy|Hydro Pump|p1a: Exeggutor\n|-damage|p1a: Exeggutor|44/312\n|move|p1a: Exeggutor|Psychic Noise|p2a: Manaphy\n|-damage|p2a: Manaphy|117/284\n|-start|p2a: Manaphy|move: Heal Block\n|\n|-damage|p2a: Manaphy|82/284|[from] Leech Seed|[of] p1a: Exeggutor\n|-heal|p1a: Exeggutor|79/312|[silent]\n|-item|p1a: Exeggutor|Sitrus Berry|[from] ability: Harvest\n|upkeep\n|-enditem|p1a: Exeggutor|Sitrus Berry|[eat]\n|-heal|p1a: Exeggutor|157/312|[from] item: Sitrus Berry\n|turn|41\n|\n|t:|1716474857\n|move|p1a: Exeggutor|Protect|p1a: Exeggutor\n|-singleturn|p1a: Exeggutor|Protect\n|move|p2a: Manaphy|Hydro Pump|p1a: Exeggutor\n|-activate|p1a: Exeggutor|move: Protect\n|\n|-damage|p2a: Manaphy|47/284|[from] Leech Seed|[of] p1a: Exeggutor\n|-heal|p1a: Exeggutor|192/312|[silent]\n|-end|p2a: Manaphy|move: Heal Block\n|-item|p1a: Exeggutor|Sitrus Berry|[from] ability: Harvest\n|upkeep\n|turn|42\n|\n|t:|1716474868\n|move|p2a: Manaphy|Hydro Pump|p1a: Exeggutor\n|-damage|p1a: Exeggutor|71/312\n|-enditem|p1a: Exeggutor|Sitrus Berry|[eat]\n|-heal|p1a: Exeggutor|149/312|[from] item: Sitrus Berry\n|move|p1a: Exeggutor|Substitute|p1a: Exeggutor\n|-start|p1a: Exeggutor|Substitute\n|-damage|p1a: Exeggutor|71/312\n|\n|-heal|p2a: Manaphy|64/284|[from] item: Leftovers\n|-damage|p2a: Manaphy|29/284|[from] Leech Seed|[of] p1a: Exeggutor\n|-heal|p1a: Exeggutor|106/312|[silent]\n|upkeep\n|turn|43\n|\n|t:|1716474879\n|switch|p2a: Mimikyu|Mimikyu-Busted, L79, M|18/216\n|move|p1a: Exeggutor|Protect||[still]\n|-fail|p1a: Exeggutor\n|\n|-item|p1a: Exeggutor|Sitrus Berry|[from] ability: Harvest\n|upkeep\n|-enditem|p1a: Exeggutor|Sitrus Berry|[eat]\n|-heal|p1a: Exeggutor|184/312|[from] item: Sitrus Berry\n|turn|44\n|\n|t:|1716474888\n|move|p2a: Mimikyu|Shadow Sneak|p1a: Exeggutor\n|-activate|p1a: Exeggutor|move: Substitute|[damage]\n|-damage|p2a: Mimikyu|0 fnt|[from] item: Life Orb\n|faint|p2a: Mimikyu\n|move|p1a: Exeggutor|Substitute|p1a: Exeggutor\n|-fail|p1a: Exeggutor|move: Substitute\n|\n|upkeep\n|\n|t:|1716474890\n|switch|p2a: Magearna|Magearna, L77|154/250\n|turn|45\n|\n|t:|1716474896\n|move|p1a: Exeggutor|Leech Seed|p2a: Magearna|[miss]\n|-miss|p1a: Exeggutor|p2a: Magearna\n|move|p2a: Magearna|Calm Mind|p2a: Magearna\n|-boost|p2a: Magearna|spa|1\n|-boost|p2a: Magearna|spd|1\n|\n|-heal|p2a: Magearna|169/250|[from] item: Leftovers\n|upkeep\n|turn|46\n|\n|t:|1716474901\n|move|p1a: Exeggutor|Leech Seed|p2a: Magearna\n|-start|p2a: Magearna|move: Leech Seed\n|move|p2a: Magearna|Flash Cannon|p1a: Exeggutor\n|-resisted|p1a: Exeggutor\n|-end|p1a: Exeggutor|Substitute\n|\n|-heal|p2a: Magearna|184/250|[from] item: Leftovers\n|-damage|p2a: Magearna|153/250|[from] Leech Seed|[of] p1a: Exeggutor\n|-heal|p1a: Exeggutor|215/312|[silent]\n|upkeep\n|turn|47\n|\n|t:|1716474909\n|switch|p2a: Manaphy|Manaphy, L78|29/284\n|move|p1a: Exeggutor|Psychic Noise|p2a: Manaphy\n|-damage|p2a: Manaphy|0 fnt\n|faint|p2a: Manaphy\n|\n|-item|p1a: Exeggutor|Sitrus Berry|[from] ability: Harvest\n|upkeep\n|\n|t:|1716474911\n|switch|p2a: Magearna|Magearna, L77|153/250\n|turn|48\n|-message|Mayqueen NyanNyan forfeited.\n|\n|win|bmence\n|raw|bmence's rating: 2235 &rarr; <strong>2255</strong><br />(+20 for winning)\n|raw|Mayqueen NyanNyan's rating: 2238 &rarr; <strong>2218</strong><br />(-20 for losing)\n|l|\u2606Mayqueen NyanNyan\n|player|p2|\n", "inputlog": ">version 7158ead19aeac8750849df2840eabb6dbec77df6\n>start {\"formatid\":\"gen9randombattle\",\"seed\":[41823,6699,11856,34335],\"rated\":\"Rated battle\"}\n>player p1 {\"name\":\"bmence\",\"avatar\":\"1\",\"rating\":2235,\"seed\":[25542,25678,14596,24776]}\n>player p2 {\"name\":\"Mayqueen NyanNyan\",\"avatar\":\"2\",\"rating\":2238,\"seed\":[16654,12365,43879,33352]}\n>p1 move calmmind\n>p2 switch 2\n>p1 move psychic\n>p2 move gunkshot\n>p1 switch 2\n>p1 move psyshock\n>p2 switch 3\n>p1 switch 4\n>p2 move fleurcannon\n>p1 move knockoff\n>p2 switch 3\n>p2 switch 2\n>p1 switch 5\n>p2 move hydrosteam\n>p1 move leechseed\n>p2 move flamethrower\n>p1 move protect\n>p2 switch 5\n>p1 move leechseed\n>p2 move icebeam\n>p1 move substitute\n>p2 switch 3\n>p1 move leechseed\n>p2 move flashcannon\n>p1 move leechseed\n>p2 move calmmind\n>p1 move substitute\n>p2 move flashcannon\n>p1 move protect\n>p2 move flashcannon\n>p1 move substitute\n>p2 move flashcannon\n>p1 move protect\n>p2 move shiftgear\n>p1 move substitute terastallize\n>p2 move fleurcannon\n>p1 move leechseed\n>p2 switch 4\n>p1 move protect\n>p2 move flamethrower\n>p1 move psychicnoise\n>p2 move flamethrower\n>p1 switch 5\n>p2 switch 4\n>p1 move flareblitz\n>p2 switch 5\n>p1 switch 6\n>p2 move hydrosteam\n>p1 move shellsmash\n>p2 move dracometeor\n>p1 move icebeam\n>p2 switch 6\n>p1 move hydropump\n>p2 move shadowsneak\n>p1 switch 6\n>p1 move knockoff\n>p2 move playrough\n>p1 switch 3\n>p1 move swordsdance\n>p2 move playrough\n>p1 move acrobatics\n>p2 move playrough\n>p1 switch 5\n>p1 move substitute\n>p2 switch 4\n>p1 move protect\n>p2 move flamethrower\n>p1 move psychicnoise\n>p2 move flamethrower\n>p1 move psychicnoise\n>p2 move flamethrower\n>p2 switch 6\n>p1 switch 4\n>p2 move flamethrower\n>p1 switch 4\n>p2 move dracometeor\n>p1 move substitute\n>p2 move flamethrower\n>p1 move protect\n>p2 move flamethrower\n>p1 move substitute\n>p2 move flamethrower\n>p2 switch 3\n>p1 move leechseed\n>p2 move hydropump\n>p1 move psychicnoise\n>p2 move hydropump\n>p1 move protect\n>p2 move hydropump\n>p1 move substitute\n>p2 move hydropump\n>p1 move protect\n>p2 switch 4\n>p1 move substitute\n>p2 move shadowsneak\n>p2 switch 5\n>p1 move leechseed\n>p2 move calmmind\n>p1 move leechseed\n>p2 move flashcannon\n>p1 move psychicnoise\n>p2 switch 4\n>p2 switch 4\n>forcelose p2", "uploadtime": 1716474918, "views": 209, "formatid": "gen9randombattle", "rating": 2218, "private": 0, "password": null}