{"id": "gen9randombattle-2260622572", "format": "[Gen 9] Random Battle", "players": ["Specs Guillotine", "blu3b3rryb4g3l"], "log": "|j|\u2606Specs Guillotine\n|j|\u2606blu3b3rryb4g3l\n|t:|1733870439\n|gametype|singles\n|player|p1|Specs Guillotine|ryuki|\n|player|p2|blu3b3rryb4g3l|grusha|\n|teamsize|p1|6\n|teamsize|p2|6\n|gen|9\n|tier|[Gen 9] Random Battle\n|rule|Species Clause: Limit one of each Pok\u00e9mon\n|rule|HP Percentage Mod: HP is shown in percentages\n|rule|Sleep Clause Mod: Limit one foe put to sleep\n|rule|Illusion Level Mod: Illusion disguises the Pok\u00e9mon's true level\n|\n|t:|1733870439\n|start\n|switch|p1a: Wigglytuff|Wigglytuff, L96, F|424/424\n|switch|p2a: Galvantula|Galvantula, L82, M|249/249\n|turn|1\n|inactive|Battle timer is ON: inactive players will automatically lose when time's up. (requested by Specs Guillotine)\n|c|\u2606blu3b3rryb4g3l|Did you challenge me by accident?\n|c|\u2606Specs Guillotine|no sorry\n|c|\u2606Specs Guillotine|i just wanted to battle someone\n|c|\u2606blu3b3rryb4g3l|All good.\n|inactive|Specs Guillotine has 270 seconds left.\n|c|\u2606Specs Guillotine|if you're busy i can forfeit\n|j| RocketGruntLudwig\n|c|\u2606blu3b3rryb4g3l|I'm up for a battle.\n|c|\u2606Specs Guillotine|ok\n|c| RocketGruntLudwig|...\n|c| RocketGruntLudwig|Squish that Galvantula!\n|\n|t:|1733870502\n|move|p2a: Galvantula|Sticky Web|p1a: Wigglytuff\n|-sidestart|p1: Specs Guillotine|move: Sticky Web\n|move|p1a: Wigglytuff|Knock Off|p2a: Galvantula\n|-damage|p2a: Galvantula|159/249\n|-enditem|p2a: Galvantula|Focus Sash|[from] move: Knock Off|[of] p1a: Wigglytuff\n|\n|upkeep\n|turn|2\n|\n|t:|1733870521\n|switch|p2a: Arcanine|Arcanine-Hisui, L80, F|283/283\n|move|p1a: Wigglytuff|Knock Off|p2a: Arcanine\n|-damage|p2a: Arcanine|200/283\n|-enditem|p2a: Arcanine|Heavy-Duty Boots|[from] move: Knock Off|[of] p1a: Wigglytuff\n|\n|upkeep\n|turn|3\n|\n|t:|1733870534\n|switch|p1a: Hariyama|Hariyama, L87, M|392/392\n|-activate|p1a: Hariyama|move: Sticky Web\n|-unboost|p1a: Hariyama|spe|1\n|move|p2a: Arcanine|Head Smash|p1a: Hariyama\n|-resisted|p1a: Hariyama\n|-damage|p1a: Hariyama|295/392\n|\n|-status|p1a: Hariyama|brn|[from] item: Flame Orb\n|upkeep\n|turn|4\n|\n|t:|1733870560\n|move|p2a: Arcanine|Morning Sun|p2a: Arcanine\n|-heal|p2a: Arcanine|283/283\n|move|p1a: Hariyama|Close Combat|p2a: Arcanine\n|-supereffective|p2a: Arcanine\n|-damage|p2a: Arcanine|0 fnt\n|-unboost|p1a: Hariyama|def|1\n|-unboost|p1a: Hariyama|spd|1\n|faint|p2a: Arcanine\n|\n|-damage|p1a: Hariyama|271/392 brn|[from] brn\n|upkeep\n|inactive|blu3b3rryb4g3l has 270 seconds left.\n|\n|t:|1733870576\n|switch|p2a: Overqwil|Overqwil, L82, F|274/274\n|-ability|p2a: Overqwil|Intimidate|boost\n|-unboost|p1a: Hariyama|atk|1\n|turn|5\n|inactive|blu3b3rryb4g3l has 270 seconds left.\n|\n|t:|1733870591\n|switch|p1a: Zacian|Zacian-Crowned, L64|225/225\n|-activate|p1a: Zacian|move: Sticky Web\n|-unboost|p1a: Zacian|spe|1\n|-ability|p1a: Zacian|Intrepid Sword|boost\n|-boost|p1a: Zacian|atk|1\n|move|p2a: Overqwil|Gunk Shot|p1a: Zacian\n|-immune|p1a: Zacian\n|\n|upkeep\n|turn|6\n|inactive|blu3b3rryb4g3l has 270 seconds left.\n|\n|t:|1733870603\n|switch|p2a: Chi-Yu|Chi-Yu, L77|211/211\n|-ability|p2a: Chi-Yu|Beads of Ruin\n|move|p1a: Zacian|Behemoth Blade|p2a: Chi-Yu\n|-resisted|p2a: Chi-Yu\n|-damage|p2a: Chi-Yu|127/211\n|\n|upkeep\n|turn|7\n|inactive|blu3b3rryb4g3l has 270 seconds left.\n|inactive|Specs Guillotine has 270 seconds left.\n|\n|t:|1733870640\n|move|p2a: Chi-Yu|Fire Blast|p1a: Zacian\n|-supereffective|p1a: Zacian\n|-damage|p1a: Zacian|0 fnt\n|faint|p1a: Zacian\n|\n|upkeep\n|\n|t:|1733870664\n|switch|p1a: Zekrom|Zekrom, L71|259/259\n|-activate|p1a: Zekrom|move: Sticky Web\n|-unboost|p1a: Zekrom|spe|1\n|-ability|p1a: Zekrom|Teravolt\n|turn|8\n|\n|t:|1733870678\n|move|p2a: Chi-Yu|Dark Pulse|p1a: Zekrom\n|-damage|p1a: Zekrom|133/259\n|cant|p1a: Zekrom|flinch\n|\n|-heal|p1a: Zekrom|149/259|[from] item: Leftovers\n|upkeep\n|turn|9\n|\n|t:|1733870682\n|move|p2a: Chi-Yu|Dark Pulse|p1a: Zekrom\n|-damage|p1a: Zekrom|7/259\n|move|p1a: Zekrom|Outrage|p2a: Chi-Yu\n|-damage|p2a: Chi-Yu|0 fnt\n|faint|p2a: Chi-Yu\n|\n|-heal|p1a: Zekrom|23/259|[from] item: Leftovers\n|upkeep\n|inactive|blu3b3rryb4g3l has 270 seconds left.\n|\n|t:|1733870709\n|switch|p2a: Calyrex|Calyrex-Shadow, L64|235/235\n|-ability|p2a: Calyrex|As One\n|-ability|p2a: Calyrex|Unnerve\n|turn|10\n|\n|t:|1733870712\n|move|p2a: Calyrex|Psyshock|p1a: Zekrom\n|-damage|p1a: Zekrom|0 fnt\n|faint|p1a: Zekrom\n|-ability|p2a: Calyrex|Grim Neigh|boost\n|-boost|p2a: Calyrex|spa|1\n|\n|upkeep\n|inactive|Specs Guillotine has 270 seconds left.\n|\n|t:|1733870731\n|switch|p1a: Wigglytuff|Wigglytuff, L96, F|424/424\n|-activate|p1a: Wigglytuff|move: Sticky Web\n|-unboost|p1a: Wigglytuff|spe|1\n|-ability|p1a: Wigglytuff|Competitive|boost\n|-boost|p1a: Wigglytuff|spa|2\n|turn|11\n|inactive|Specs Guillotine has 270 seconds left.\n|inactive|blu3b3rryb4g3l has 270 seconds left.\n|inactive|blu3b3rryb4g3l has 240 seconds left.\n|\n|t:|1733870785\n|switch|p2a: Galvantula|Galvantula, L82, M|159/249\n|move|p1a: Wigglytuff|Knock Off|p2a: Galvantula\n|-damage|p2a: Galvantula|93/249\n|\n|upkeep\n|turn|12\n|inactive|Specs Guillotine has 240 seconds left.\n|\n|t:|1733870812\n|switch|p1a: Haxorus|Haxorus, L77, F|244/244\n|-activate|p1a: Haxorus|move: Sticky Web\n|-unboost|p1a: Haxorus|spe|1\n|-ability|p1a: Haxorus|Mold Breaker\n|move|p2a: Galvantula|Thunder|p1a: Haxorus|[miss]\n|-miss|p2a: Galvantula|p1a: Haxorus\n|\n|upkeep\n|turn|13\n|\n|t:|1733870836\n|switch|p2a: Overqwil|Overqwil, L82, F|274/274\n|-ability|p2a: Overqwil|Intimidate|boost\n|-unboost|p1a: Haxorus|atk|1\n|move|p1a: Haxorus|Dragon Dance|p1a: Haxorus\n|-boost|p1a: Haxorus|atk|1\n|-boost|p1a: Haxorus|spe|1\n|\n|upkeep\n|turn|14\n|inactive|Specs Guillotine has 210 seconds left.\n|\n|t:|1733870871\n|move|p1a: Haxorus|Earthquake|p2a: Overqwil\n|-supereffective|p2a: Overqwil\n|-damage|p2a: Overqwil|114/274\n|move|p2a: Overqwil|Gunk Shot|p1a: Haxorus\n|-crit|p1a: Haxorus\n|-damage|p1a: Haxorus|10/244\n|\n|upkeep\n|turn|15\n|inactive|Specs Guillotine has 180 seconds left.\n|\n|t:|1733870897\n|move|p1a: Haxorus|Outrage|p2a: Overqwil\n|-damage|p2a: Overqwil|0 fnt\n|faint|p2a: Overqwil\n|\n|upkeep\n|inactive|blu3b3rryb4g3l has 210 seconds left.\n|\n|t:|1733870923\n|switch|p2a: Galvantula|Galvantula, L82, M|93/249\n|turn|16\n|\n|t:|1733870926\n|move|p2a: Galvantula|Giga Drain|p1a: Haxorus\n|-resisted|p1a: Haxorus\n|-damage|p1a: Haxorus|0 fnt\n|-heal|p2a: Galvantula|98/249|[from] drain|[of] p1a: Haxorus\n|faint|p1a: Haxorus\n|\n|upkeep\n|inactive|Specs Guillotine has 180 seconds left.\n|\n|t:|1733870952\n|switch|p1a: Wigglytuff|Wigglytuff, L96, F|424/424\n|-activate|p1a: Wigglytuff|move: Sticky Web\n|-unboost|p1a: Wigglytuff|spe|1\n|-ability|p1a: Wigglytuff|Competitive|boost\n|-boost|p1a: Wigglytuff|spa|2\n|turn|17\n|\n|t:|1733870958\n|move|p2a: Galvantula|Thunder|p1a: Wigglytuff\n|-damage|p1a: Wigglytuff|291/424\n|move|p1a: Wigglytuff|Wish|p1a: Wigglytuff\n|\n|-heal|p1a: Wigglytuff|317/424|[from] item: Leftovers\n|upkeep\n|turn|18\n|\n|t:|1733870965\n|switch|p1a: Hariyama|Hariyama, L87, M|271/392 brn\n|-activate|p1a: Hariyama|move: Sticky Web\n|-unboost|p1a: Hariyama|spe|1\n|move|p2a: Galvantula|Thunder|p1a: Hariyama\n|-damage|p1a: Hariyama|138/392 brn\n|\n|-heal|p1a: Hariyama|350/392 brn|[from] move: Wish|[wisher] Wigglytuff\n|-damage|p1a: Hariyama|326/392 brn|[from] brn\n|upkeep\n|turn|19\n|inactive|Specs Guillotine has 180 seconds left.\n|\n|t:|1733870995\n|move|p2a: Galvantula|Thunder|p1a: Hariyama\n|-damage|p1a: Hariyama|188/392 brn\n|move|p1a: Hariyama|Knock Off|p2a: Galvantula\n|-damage|p2a: Galvantula|0 fnt\n|faint|p2a: Galvantula\n|\n|-damage|p1a: Hariyama|164/392 brn|[from] brn\n|upkeep\n|\n|t:|1733871004\n|switch|p2a: Calyrex|Calyrex-Shadow, L64|235/235\n|-ability|p2a: Calyrex|As One\n|-ability|p2a: Calyrex|Unnerve\n|turn|20\n|\n|t:|1733871023\n|move|p2a: Calyrex|Psyshock|p1a: Hariyama\n|-supereffective|p1a: Hariyama\n|-damage|p1a: Hariyama|0 fnt\n|faint|p1a: Hariyama\n|-ability|p2a: Calyrex|Grim Neigh|boost\n|-boost|p2a: Calyrex|spa|1\n|\n|upkeep\n|\n|t:|1733871029\n|switch|p1a: Abomasnow|Abomasnow, L85, M|291/291\n|-activate|p1a: Abomasnow|move: Sticky Web\n|-unboost|p1a: Abomasnow|spe|1\n|-weather|Snow|[from] ability: Snow Warning|[of] p1a: Abomasnow\n|turn|21\n|\n|t:|1733871036\n|move|p2a: Calyrex|Psyshock|p1a: Abomasnow\n|-damage|p1a: Abomasnow|173/291\n|move|p1a: Abomasnow|Aurora Veil|p1a: Abomasnow\n|-sidestart|p1: Specs Guillotine|move: Aurora Veil\n|\n|-weather|Snow|[upkeep]\n|upkeep\n|turn|22\n|\n|t:|1733871042\n|move|p2a: Calyrex|Psyshock|p1a: Abomasnow\n|-damage|p1a: Abomasnow|112/291\n|move|p1a: Abomasnow|Blizzard|p2a: Calyrex\n|-damage|p2a: Calyrex|109/235\n|\n|-weather|Snow|[upkeep]\n|upkeep\n|turn|23\n|\n|t:|1733871049\n|move|p2a: Calyrex|Psyshock|p1a: Abomasnow\n|-damage|p1a: Abomasnow|43/291\n|move|p1a: Abomasnow|Blizzard|p2a: Calyrex\n|-damage|p2a: Calyrex|0 fnt\n|faint|p2a: Calyrex\n|\n|-weather|Snow|[upkeep]\n|upkeep\n|\n|t:|1733871054\n|switch|p2a: Dunsparce|Dunsparce, L86, F|312/312\n|turn|24\n|inactive|Specs Guillotine has 210 seconds left.\n|inactive|blu3b3rryb4g3l has 240 seconds left.\n|\n|t:|1733871077\n|-terastallize|p1a: Abomasnow|Ice\n|move|p2a: Dunsparce|Coil|p2a: Dunsparce\n|-boost|p2a: Dunsparce|atk|1\n|-boost|p2a: Dunsparce|def|1\n|-boost|p2a: Dunsparce|accuracy|1\n|move|p1a: Abomasnow|Blizzard|p2a: Dunsparce\n|-damage|p2a: Dunsparce|178/312\n|\n|-weather|Snow|[upkeep]\n|upkeep\n|turn|25\n|inactive|Specs Guillotine has 210 seconds left.\n|inactive|blu3b3rryb4g3l has 240 seconds left.\n|inactive|blu3b3rryb4g3l has 210 seconds left.\n|\n|t:|1733871119\n|move|p2a: Dunsparce|Roost|p2a: Dunsparce\n|-heal|p2a: Dunsparce|312/312\n|-singleturn|p2a: Dunsparce|move: Roost\n|move|p1a: Abomasnow|Blizzard|p2a: Dunsparce\n|-damage|p2a: Dunsparce|196/312\n|\n|-weather|none\n|upkeep\n|turn|26\n|c| RocketGruntLudwig|At least Galvantula got crushed.\n|inactive|Specs Guillotine has 210 seconds left.\n|inactive|blu3b3rryb4g3l has 210 seconds left.\n|c| RocketGruntLudwig|UNDER HARIYAMA'S FIST\n|\n|t:|1733871147\n|switch|p1a: Wigglytuff|Wigglytuff, L96, F|317/424\n|-activate|p1a: Wigglytuff|move: Sticky Web\n|-unboost|p1a: Wigglytuff|spe|1\n|-ability|p1a: Wigglytuff|Competitive|boost\n|-boost|p1a: Wigglytuff|spa|2\n|move|p2a: Dunsparce|Coil|p2a: Dunsparce\n|-boost|p2a: Dunsparce|atk|1\n|-boost|p2a: Dunsparce|def|1\n|-boost|p2a: Dunsparce|accuracy|1\n|\n|-heal|p1a: Wigglytuff|343/424|[from] item: Leftovers\n|upkeep\n|turn|27\n|inactive|blu3b3rryb4g3l has 210 seconds left.\n|\n|t:|1733871164\n|move|p2a: Dunsparce|Body Slam|p1a: Wigglytuff\n|-damage|p1a: Wigglytuff|234/424\n|-status|p1a: Wigglytuff|par\n|move|p1a: Wigglytuff|Knock Off|p2a: Dunsparce\n|-damage|p2a: Dunsparce|168/312\n|-enditem|p2a: Dunsparce|Eviolite|[from] move: Knock Off|[of] p1a: Wigglytuff\n|\n|-heal|p1a: Wigglytuff|260/424 par|[from] item: Leftovers\n|upkeep\n|turn|28\n|\n|t:|1733871174\n|move|p2a: Dunsparce|Roost|p2a: Dunsparce\n|-heal|p2a: Dunsparce|312/312\n|-singleturn|p2a: Dunsparce|move: Roost\n|move|p1a: Wigglytuff|Dazzling Gleam|p2a: Dunsparce\n|-damage|p2a: Dunsparce|77/312\n|\n|-heal|p1a: Wigglytuff|286/424 par|[from] item: Leftovers\n|-sideend|p1: Specs Guillotine|move: Aurora Veil\n|upkeep\n|turn|29\n|\n|t:|1733871181\n|move|p2a: Dunsparce|Body Slam|p1a: Wigglytuff\n|-damage|p1a: Wigglytuff|88/424 par\n|move|p1a: Wigglytuff|Dazzling Gleam|p2a: Dunsparce\n|-damage|p2a: Dunsparce|0 fnt\n|faint|p2a: Dunsparce\n|\n|win|Specs Guillotine\n|c|\u2606blu3b3rryb4g3l|gg\n|c|\u2606Specs Guillotine|thank you for the game\n|c|\u2606Specs Guillotine|gg\n|l|\u2606Specs Guillotine\n|player|p1|\n|l|\u2606blu3b3rryb4g3l\n|player|p2|\n|j|\u2606Specs Guillotine\n|player|p1|Specs Guillotine|ryuki|\n", "inputlog": ">version bfd83cad13791eb5a5a409923076391caf6fb4d4\n>start {\"formatid\":\"gen9randombattle\",\"seed\":[17262,54816,6039,50292]}\n>player p1 {\"name\":\"Specs Guillotine\",\"avatar\":\"ryuki\",\"rating\":0,\"seed\":[3845,65395,7411,61987]}\n>player p2 {\"name\":\"blu3b3rryb4g3l\",\"avatar\":\"grusha\",\"rating\":0,\"seed\":[89,4517,55731,14734]}\n>chat \u2606blu3b3rryb4g3l|Did you challenge me by accident?\n>chat \u2606Specs Guillotine|no sorry\n>chat \u2606Specs Guillotine|i just wanted to battle someone\n>chat \u2606blu3b3rryb4g3l|All good.\n>chat \u2606Specs Guillotine|if you're busy i can forfeit\n>chat \u2606blu3b3rryb4g3l|I'm up for a battle.\n>chat \u2606Specs Guillotine|ok\n>chat  RocketGruntLudwig|...\n>chat  RocketGruntLudwig|Squish that Galvantula!\n>p1 move knockoff\n>p2 move stickyweb\n>p1 move knockoff\n>p2 switch 2\n>p1 switch 6\n>p2 move headsmash\n>p1 move closecombat\n>p2 move morningsun\n>p2 switch 6\n>p1 switch 3\n>p2 move gunkshot\n>p1 move behemothblade\n>p2 switch 4\n>p1 move closecombat\n>p2 move fireblast\n>p1 switch 2\n>p1 move boltstrike\n>p2 move darkpulse\n>p1 move outrage\n>p2 move darkpulse\n>p2 switch 3\n>p1 move outrage\n>p2 move psyshock\n>p1 switch 6\n>p1 move knockoff\n>p2 switch 2\n>p1 switch 4\n>p2 move thunder\n>p1 move dragondance\n>p2 switch 4\n>p1 move earthquake\n>p2 move gunkshot\n>p1 move outrage\n>p2 move crunch\n>p2 switch 4\n>p1 move outrage\n>p2 move gigadrain\n>p1 switch 4\n>p1 move wish\n>p2 move thunder\n>p1 switch 3\n>p2 move thunder\n>p1 move knockoff\n>p2 move thunder\n>p2 switch 2\n>p1 move knockoff\n>p2 move psyshock\n>p1 switch 5\n>p1 move auroraveil\n>p2 move psyshock\n>p1 move blizzard\n>p2 move psyshock\n>p1 move blizzard\n>p2 move psyshock\n>p2 switch 5\n>p1 move blizzard terastallize\n>p2 move coil\n>p1 move blizzard\n>p2 move roost\n>chat  RocketGruntLudwig|At least Galvantula got crushed.\n>chat  RocketGruntLudwig|UNDER HARIYAMA'S FIST\n>p1 switch 3\n>p2 move coil\n>p1 move knockoff\n>p2 move bodyslam\n>p1 move dazzlinggleam\n>p2 move roost\n>p1 move dazzlinggleam\n>p2 move bodyslam", "uploadtime": 1733871198, "views": 1, "formatid": "gen9randombattle", "rating": null, "private": 0, "password": null}