{"id": "gen9randombattle-2260707913", "format": "[Gen 9] Random Battle", "players": ["vegemite360", "Rainbow1Yeti"], "log": "|j|\u2606vegemite360\n|j|\u2606Rainbow1Yeti\n|t:|1733881117\n|gametype|singles\n|player|p1|vegemite360|lance|1949\n|player|p2|Rainbow1Yeti|benga|1898\n|teamsize|p1|6\n|teamsize|p2|6\n|gen|9\n|tier|[Gen 9] Random Battle\n|rated|\n|rule|Species Clause: Limit one of each Pok\u00e9mon\n|rule|HP Percentage Mod: HP is shown in percentages\n|rule|Sleep Clause Mod: Limit one foe put to sleep\n|rule|Illusion Level Mod: Illusion disguises the Pok\u00e9mon's true level\n|\n|t:|1733881117\n|start\n|switch|p1a: Iron Crown|Iron Crown, L78|268/268\n|switch|p2a: Crawdaunt|Crawdaunt, L84, F|243/243\n|turn|1\n|inactive|Battle timer is ON: inactive players will automatically lose when time's up. (requested by vegemite360)\n|\n|t:|1733881140\n|-end|p1a: Iron Crown|Quark Drive|[silent]\n|switch|p1a: Sawsbuck|Sawsbuck-Winter, L88, F|284/284\n|switch|p2a: Chansey|Chansey, L85, F|564/564\n|\n|upkeep\n|turn|2\n|inactive|Rainbow1Yeti has 120 seconds left.\n|\n|t:|1733881183\n|move|p1a: Sawsbuck|Headbutt|p2a: Chansey\n|-crit|p2a: Chansey\n|-damage|p2a: Chansey|169/564\n|-damage|p1a: Sawsbuck|256/284|[from] item: Life Orb\n|cant|p2a: Chansey|flinch\n|\n|upkeep\n|turn|3\n|\n|t:|1733881210\n|switch|p2a: Perrserker|Perrserker, L89, F|269/269\n|move|p1a: Sawsbuck|Horn Leech|p2a: Perrserker\n|-resisted|p2a: Perrserker\n|-damage|p2a: Perrserker|221/269\n|-heal|p1a: Sawsbuck|280/284|[from] drain|[of] p2a: Perrserker\n|-damage|p1a: Sawsbuck|252/284|[from] item: Life Orb\n|\n|upkeep\n|turn|4\n|inactive|Rainbow1Yeti has 120 seconds left.\n|\n|t:|1733881223\n|switch|p1a: Iron Crown|Iron Crown, L78|268/268\n|move|p2a: Perrserker|Close Combat|p1a: Iron Crown\n|-damage|p1a: Iron Crown|108/268\n|-unboost|p2a: Perrserker|def|1\n|-unboost|p2a: Perrserker|spd|1\n|\n|-heal|p1a: Iron Crown|124/268|[from] item: Leftovers\n|upkeep\n|turn|5\n|inactive|Rainbow1Yeti has 120 seconds left.\n|\n|t:|1733881240\n|move|p1a: Iron Crown|Focus Blast|p2a: Perrserker|[miss]\n|-miss|p1a: Iron Crown|p2a: Perrserker\n|move|p2a: Perrserker|Close Combat|p1a: Iron Crown\n|-damage|p1a: Iron Crown|0 fnt\n|-unboost|p2a: Perrserker|def|1\n|-unboost|p2a: Perrserker|spd|1\n|faint|p1a: Iron Crown\n|-end|p1a: Iron Crown|Quark Drive|[silent]\n|\n|upkeep\n|\n|t:|1733881245\n|switch|p1a: Dugtrio|Dugtrio, L84, F|196/196\n|turn|6\n|inactive|Rainbow1Yeti has 120 seconds left.\n|\n|t:|1733881272\n|move|p1a: Dugtrio|Earthquake|p2a: Perrserker\n|-supereffective|p2a: Perrserker\n|-damage|p2a: Perrserker|0 fnt\n|faint|p2a: Perrserker\n|-damage|p1a: Dugtrio|177/196|[from] item: Life Orb\n|\n|upkeep\n|\n|t:|1733881283\n|switch|p2a: Scizor|Scizor, L79, F|240/240\n|turn|7\n|\n|t:|1733881297\n|switch|p1a: Sawsbuck|Sawsbuck-Winter, L88, F|252/284\n|move|p2a: Scizor|Bug Bite|p1a: Sawsbuck\n|-supereffective|p1a: Sawsbuck\n|-damage|p1a: Sawsbuck|0 fnt\n|faint|p1a: Sawsbuck\n|-damage|p2a: Scizor|216/240|[from] item: Life Orb\n|\n|upkeep\n|\n|t:|1733881306\n|switch|p1a: Gengar|Gengar, L81, M|230/230\n|turn|8\n|inactive|Rainbow1Yeti has 120 seconds left.\n|\n|t:|1733881340\n|switch|p2a: Chansey|Chansey, L85, F|169/564\n|move|p1a: Gengar|Trick|p2a: Chansey\n|-activate|p1a: Gengar|move: Trick|[of] p2a: Chansey\n|-item|p2a: Chansey|Choice Specs|[from] move: Trick\n|-item|p1a: Gengar|Eviolite|[from] move: Trick\n|\n|upkeep\n|turn|9\n|\n|t:|1733881365\n|move|p1a: Gengar|Focus Blast|p2a: Chansey\n|-supereffective|p2a: Chansey\n|-damage|p2a: Chansey|0 fnt\n|faint|p2a: Chansey\n|\n|upkeep\n|\n|t:|1733881376\n|switch|p2a: Politoed|Politoed, L88, M|302/302\n|-weather|RainDance|[from] ability: Drizzle|[of] p2a: Politoed\n|turn|10\n|\n|t:|1733881380\n|switch|p1a: Miraidon|Miraidon, L65|238/238\n|-fieldstart|move: Electric Terrain|[from] ability: Hadron Engine|[of] p1a: Miraidon\n|move|p2a: Politoed|Weather Ball|p1a: Miraidon\n|-resisted|p1a: Miraidon\n|-damage|p1a: Miraidon|104/238\n|\n|-weather|RainDance|[upkeep]\n|upkeep\n|turn|11\n|\n|t:|1733881390\n|move|p1a: Miraidon|Volt Switch|p2a: Politoed\n|-supereffective|p2a: Politoed\n|-damage|p2a: Politoed|50/302\n|\n|t:|1733881399\n|switch|p1a: Dugtrio|Dugtrio, L84, F|177/196|[from] Volt Switch\n|move|p2a: Politoed|Weather Ball|p1a: Dugtrio\n|-supereffective|p1a: Dugtrio\n|-damage|p1a: Dugtrio|0 fnt\n|faint|p1a: Dugtrio\n|\n|-weather|RainDance|[upkeep]\n|upkeep\n|\n|t:|1733881401\n|switch|p1a: Miraidon|Miraidon, L65|104/238\n|-activate|p1a: Miraidon|ability: Hadron Engine\n|turn|12\n|\n|t:|1733881407\n|move|p1a: Miraidon|Electro Drift|p2a: Politoed\n|-supereffective|p2a: Politoed\n|-damage|p2a: Politoed|0 fnt\n|faint|p2a: Politoed\n|\n|-weather|RainDance|[upkeep]\n|upkeep\n|\n|t:|1733881417\n|switch|p2a: Gallade|Gallade, L81, M|243/243\n|turn|13\n|\n|t:|1733881437\n|switch|p1a: Darkrai|Darkrai, L77|234/234\n|move|p2a: Gallade|Psycho Cut|p1a: Darkrai\n|-immune|p1a: Darkrai\n|\n|-weather|RainDance|[upkeep]\n|upkeep\n|turn|14\n|\n|t:|1733881446\n|move|p1a: Darkrai|Nasty Plot|p1a: Darkrai\n|-boost|p1a: Darkrai|spa|2\n|move|p2a: Gallade|Sacred Sword|p1a: Darkrai\n|-supereffective|p1a: Darkrai\n|-damage|p1a: Darkrai|0 fnt\n|faint|p1a: Darkrai\n|-damage|p2a: Gallade|219/243|[from] item: Life Orb\n|\n|-weather|none\n|-fieldend|move: Electric Terrain\n|upkeep\n|\n|t:|1733881452\n|switch|p1a: Gengar|Gengar, L81, M|230/230\n|turn|15\n|\n|t:|1733881457\n|-terastallize|p2a: Gallade|Fighting\n|move|p1a: Gengar|Shadow Ball|p2a: Gallade\n|-damage|p2a: Gallade|132/243\n|move|p2a: Gallade|Psycho Cut|p1a: Gengar\n|-supereffective|p1a: Gengar\n|-damage|p1a: Gengar|0 fnt\n|faint|p1a: Gengar\n|-damage|p2a: Gallade|108/243|[from] item: Life Orb\n|\n|upkeep\n|\n|t:|1733881464\n|switch|p1a: Miraidon|Miraidon, L65|104/238\n|-fieldstart|move: Electric Terrain|[from] ability: Hadron Engine|[of] p1a: Miraidon\n|turn|16\n|\n|t:|1733881467\n|move|p1a: Miraidon|Electro Drift|p2a: Gallade\n|-damage|p2a: Gallade|0 fnt\n|faint|p2a: Gallade\n|\n|upkeep\n|\n|t:|1733881469\n|switch|p2a: Scizor|Scizor, L79, F|216/240\n|turn|17\n|\n|t:|1733881473\n|-terastallize|p1a: Miraidon|Electric\n|move|p1a: Miraidon|Electro Drift|p2a: Scizor\n|-damage|p2a: Scizor|0 fnt\n|faint|p2a: Scizor\n|\n|upkeep\n|\n|t:|1733881476\n|switch|p2a: Crawdaunt|Crawdaunt, L84, F|243/243\n|turn|18\n|\n|t:|1733881477\n|move|p2a: Crawdaunt|Aqua Jet|p1a: Miraidon\n|-damage|p1a: Miraidon|5/238\n|-damage|p2a: Crawdaunt|219/243|[from] item: Life Orb\n|move|p1a: Miraidon|Electro Drift|p2a: Crawdaunt\n|-supereffective|p2a: Crawdaunt\n|-damage|p2a: Crawdaunt|0 fnt\n|faint|p2a: Crawdaunt\n|\n|win|vegemite360\n|raw|vegemite360's rating: 1949 &rarr; <strong>1966</strong><br />(+17 for winning)\n|raw|Rainbow1Yeti's rating: 1898 &rarr; <strong>1881</strong><br />(-17 for losing)\n|l|\u2606Rainbow1Yeti\n|player|p2|\n", "inputlog": ">version bfd83cad13791eb5a5a409923076391caf6fb4d4\n>start {\"formatid\":\"gen9randombattle\",\"seed\":[18563,64488,47535,21049],\"rated\":\"Rated battle\"}\n>player p1 {\"name\":\"vegemite360\",\"avatar\":\"lance\",\"rating\":1949,\"seed\":[39565,31416,65514,45310]}\n>player p2 {\"name\":\"Rainbow1Yeti\",\"avatar\":\"benga\",\"rating\":1898,\"seed\":[20145,53263,50526,30347]}\n>p1 switch 4\n>p2 switch 4\n>p1 move headbutt\n>p2 move thunderwave\n>p1 move hornleech\n>p2 switch 6\n>p1 switch 4\n>p2 move closecombat\n>p1 move focusblast\n>p2 move closecombat\n>p1 switch 5\n>p1 move earthquake\n>p2 move closecombat\n>p2 switch 3\n>p1 switch 4\n>p2 move bugbite\n>p1 switch 6\n>p1 move trick\n>p2 switch 6\n>p1 move focusblast\n>p2 move softboiled\n>p2 switch 2\n>p1 switch 3\n>p2 move weatherball\n>p1 move voltswitch\n>p2 move weatherball\n>p1 switch 4\n>p1 switch 4\n>p1 move electrodrift\n>p2 move weatherball\n>p2 switch 5\n>p1 switch 2\n>p2 move psychocut\n>p1 move nastyplot\n>p2 move sacredsword\n>p1 switch 3\n>p1 move shadowball\n>p2 move psychocut terastallize\n>p1 switch 2\n>p1 move electrodrift\n>p2 move psychocut\n>p2 switch 6\n>p1 move electrodrift terastallize\n>p2 move bugbite\n>p2 switch 4\n>p1 move electrodrift\n>p2 move aquajet", "uploadtime": 1733881488, "views": 1, "formatid": "gen9randombattle", "rating": 1881, "private": 0, "password": null}