{"id": "gen9randombattle-2260608936", "format": "[Gen 9] Random Battle", "players": ["Mr Spaz", "Cz75dual"], "log": "|j|\u2606Mr Spaz\n|j|\u2606Cz75dual\n|t:|1733868826\n|gametype|singles\n|player|p1|Mr Spaz|irida|1101\n|player|p2|Cz75dual|102|1116\n|teamsize|p1|6\n|teamsize|p2|6\n|gen|9\n|tier|[Gen 9] Random Battle\n|rated|\n|rule|Species Clause: Limit one of each Pok\u00e9mon\n|rule|HP Percentage Mod: HP is shown in percentages\n|rule|Sleep Clause Mod: Limit one foe put to sleep\n|rule|Illusion Level Mod: Illusion disguises the Pok\u00e9mon's true level\n|\n|t:|1733868826\n|start\n|switch|p1a: Banette|Banette, L93, M|270/270\n|switch|p2a: Hippowdon|Hippowdon, L82, M|311/311\n|-item|p2a: Hippowdon|Leftovers|[from] ability: Frisk|[of] p1a: Banette\n|-weather|Sandstorm|[from] ability: Sand Stream|[of] p2a: Hippowdon\n|turn|1\n|\n|t:|1733868841\n|move|p1a: Banette|Swords Dance|p1a: Banette\n|-boost|p1a: Banette|atk|2\n|move|p2a: Hippowdon|Curse|p2a: Hippowdon\n|-unboost|p2a: Hippowdon|spe|1\n|-boost|p2a: Hippowdon|atk|1\n|-boost|p2a: Hippowdon|def|1\n|\n|-weather|Sandstorm|[upkeep]\n|-damage|p1a: Banette|254/270|[from] Sandstorm\n|upkeep\n|turn|2\n|\n|t:|1733868854\n|move|p1a: Banette|Poltergeist|p2a: Hippowdon\n|-activate|p2a: Hippowdon|move: Poltergeist|Leftovers\n|-damage|p2a: Hippowdon|61/311\n|-damage|p1a: Banette|227/270|[from] item: Life Orb\n|move|p2a: Hippowdon|Curse|p2a: Hippowdon\n|-unboost|p2a: Hippowdon|spe|1\n|-boost|p2a: Hippowdon|atk|1\n|-boost|p2a: Hippowdon|def|1\n|\n|-weather|Sandstorm|[upkeep]\n|-damage|p1a: Banette|211/270|[from] Sandstorm\n|-heal|p2a: Hippowdon|80/311|[from] item: Leftovers\n|upkeep\n|turn|3\n|\n|t:|1733868870\n|switch|p2a: Maushold|Maushold, L76|238/238\n|move|p1a: Banette|Poltergeist|p2a: Maushold\n|-immune|p2a: Maushold\n|\n|-weather|Sandstorm|[upkeep]\n|-damage|p2a: Maushold|224/238|[from] Sandstorm\n|-damage|p1a: Banette|195/270|[from] Sandstorm\n|upkeep\n|turn|4\n|\n|t:|1733868882\n|move|p2a: Maushold|Bite|p1a: Banette\n|-supereffective|p1a: Banette\n|-damage|p1a: Banette|103/270\n|move|p1a: Banette|Gunk Shot|p2a: Maushold|[miss]\n|-miss|p1a: Banette|p2a: Maushold\n|\n|-weather|Sandstorm|[upkeep]\n|-damage|p2a: Maushold|210/238|[from] Sandstorm\n|-damage|p1a: Banette|87/270|[from] Sandstorm\n|upkeep\n|turn|5\n|\n|t:|1733868894\n|move|p2a: Maushold|Bite|p1a: Banette\n|-supereffective|p1a: Banette\n|-damage|p1a: Banette|0 fnt\n|faint|p1a: Banette\n|\n|-weather|none\n|upkeep\n|\n|t:|1733868909\n|switch|p1a: Komala|Komala, L89, F|260/260\n|-ability|p1a: Komala|Comatose\n|turn|6\n|\n|t:|1733868917\n|move|p2a: Maushold|Tidy Up|p2a: Maushold\n|-boost|p2a: Maushold|atk|1\n|-boost|p2a: Maushold|spe|1\n|move|p1a: Komala|Knock Off|p2a: Maushold\n|-damage|p2a: Maushold|54/238\n|-enditem|p2a: Maushold|Wide Lens|[from] move: Knock Off|[of] p1a: Komala\n|\n|upkeep\n|turn|7\n|\n|t:|1733868927\n|move|p2a: Maushold|Population Bomb|p1a: Komala\n|-damage|p1a: Komala|220/260\n|-damage|p1a: Komala|181/260\n|-damage|p1a: Komala|145/260\n|-damage|p1a: Komala|103/260\n|-damage|p1a: Komala|66/260\n|-damage|p1a: Komala|27/260\n|-damage|p1a: Komala|0 fnt\n|faint|p1a: Komala\n|-hitcount|p1: Komala|7\n|\n|upkeep\n|\n|t:|1733868939\n|switch|p1a: Exeggutor|Exeggutor, L89, F|312/312\n|turn|8\n|\n|t:|1733868942\n|move|p2a: Maushold|Bite|p1a: Exeggutor\n|-supereffective|p1a: Exeggutor\n|-damage|p1a: Exeggutor|186/312\n|move|p1a: Exeggutor|Giga Drain|p2a: Maushold\n|-damage|p2a: Maushold|0 fnt\n|-heal|p1a: Exeggutor|213/312|[from] drain|[of] p2a: Maushold\n|faint|p2a: Maushold\n|\n|upkeep\n|\n|t:|1733868958\n|switch|p2a: Greninja|Greninja, L80, M|246/246\n|turn|9\n|\n|t:|1733868965\n|move|p2a: Greninja|Ice Beam|p1a: Exeggutor\n|-start|p2a: Greninja|typechange|Ice|[from] ability: Protean\n|-supereffective|p1a: Exeggutor\n|-damage|p1a: Exeggutor|0 fnt\n|faint|p1a: Exeggutor\n|\n|upkeep\n|\n|t:|1733868976\n|switch|p1a: Chimecho|Chimecho, L93, F|290/290\n|turn|10\n|\n|t:|1733868982\n|switch|p2a: Hippowdon|Hippowdon, L82, M|80/311\n|-weather|Sandstorm|[from] ability: Sand Stream|[of] p2a: Hippowdon\n|move|p1a: Chimecho|Psychic Noise|p2a: Hippowdon\n|-damage|p2a: Hippowdon|0 fnt\n|faint|p2a: Hippowdon\n|\n|-weather|Sandstorm|[upkeep]\n|-damage|p1a: Chimecho|272/290|[from] Sandstorm\n|-heal|p1a: Chimecho|290/290|[from] item: Leftovers\n|upkeep\n|\n|t:|1733868997\n|switch|p2a: Whiscash|Whiscash, L88, F|337/337\n|turn|11\n|\n|t:|1733869007\n|move|p1a: Chimecho|Psychic Noise|p2a: Whiscash\n|-damage|p2a: Whiscash|222/337\n|-start|p2a: Whiscash|move: Heal Block\n|move|p2a: Whiscash|Hydro Pump|p1a: Chimecho\n|-damage|p1a: Chimecho|196/290\n|\n|-weather|Sandstorm|[upkeep]\n|-damage|p1a: Chimecho|178/290|[from] Sandstorm\n|-heal|p1a: Chimecho|196/290|[from] item: Leftovers\n|upkeep\n|turn|12\n|\n|t:|1733869021\n|move|p1a: Chimecho|Psychic Noise|p2a: Whiscash\n|-damage|p2a: Whiscash|111/337\n|move|p2a: Whiscash|Hydro Pump|p1a: Chimecho\n|-damage|p1a: Chimecho|103/290\n|\n|-weather|Sandstorm|[upkeep]\n|-damage|p1a: Chimecho|85/290|[from] Sandstorm\n|-heal|p1a: Chimecho|103/290|[from] item: Leftovers\n|-end|p2a: Whiscash|move: Heal Block\n|upkeep\n|turn|13\n|\n|t:|1733869033\n|move|p1a: Chimecho|Psychic Noise|p2a: Whiscash\n|-damage|p2a: Whiscash|0 fnt\n|faint|p2a: Whiscash\n|\n|-weather|Sandstorm|[upkeep]\n|-damage|p1a: Chimecho|85/290|[from] Sandstorm\n|-heal|p1a: Chimecho|103/290|[from] item: Leftovers\n|upkeep\n|\n|t:|1733869043\n|switch|p2a: Greninja|Greninja, L80, M|246/246\n|turn|14\n|\n|t:|1733869048\n|move|p2a: Greninja|Dark Pulse|p1a: Chimecho\n|-start|p2a: Greninja|typechange|Dark|[from] ability: Protean\n|-supereffective|p1a: Chimecho\n|-damage|p1a: Chimecho|0 fnt\n|faint|p1a: Chimecho\n|\n|-weather|none\n|upkeep\n|\n|t:|1733869053\n|switch|p1a: Phione|Phione, L91|293/293\n|turn|15\n|\n|t:|1733869062\n|move|p2a: Greninja|Dark Pulse|p1a: Phione\n|-damage|p1a: Phione|170/293\n|move|p1a: Phione|Take Heart|p1a: Phione\n|-boost|p1a: Phione|spa|1\n|-boost|p1a: Phione|spd|1\n|\n|-heal|p1a: Phione|188/293|[from] item: Leftovers\n|upkeep\n|turn|16\n|\n|t:|1733869072\n|move|p2a: Greninja|Dark Pulse|p1a: Phione\n|-damage|p1a: Phione|107/293\n|move|p1a: Phione|Rest|p1a: Phione\n|-status|p1a: Phione|slp|[from] move: Rest\n|-heal|p1a: Phione|293/293 slp|[silent]\n|\n|upkeep\n|turn|17\n|\n|t:|1733869086\n|switch|p2a: Regidrago|Regidrago, L77|435/435\n|cant|p1a: Phione|slp\n|move|p1a: Phione|Sleep Talk|p1a: Phione\n|move|p1a: Phione|Scald|p2a: Regidrago|[from]move: Sleep Talk\n|-resisted|p2a: Regidrago\n|-damage|p2a: Regidrago|339/435\n|\n|upkeep\n|turn|18\n|\n|t:|1733869104\n|cant|p1a: Phione|slp\n|move|p1a: Phione|Sleep Talk|p1a: Phione\n|move|p1a: Phione|Rest||[from]move: Sleep Talk|[still]\n|-fail|p1a: Phione\n|move|p2a: Regidrago|Dragon Claw|p1a: Phione\n|-damage|p1a: Phione|145/293 slp\n|-damage|p2a: Regidrago|296/435|[from] item: Life Orb\n|\n|-heal|p1a: Phione|163/293 slp|[from] item: Leftovers\n|upkeep\n|turn|19\n|\n|t:|1733869117\n|-curestatus|p1a: Phione|slp|[msg]\n|move|p1a: Phione|Scald|p2a: Regidrago\n|-resisted|p2a: Regidrago\n|-damage|p2a: Regidrago|186/435\n|move|p2a: Regidrago|Dragon Claw|p1a: Phione\n|-damage|p1a: Phione|17/293\n|-damage|p2a: Regidrago|143/435|[from] item: Life Orb\n|\n|-heal|p1a: Phione|35/293|[from] item: Leftovers\n|upkeep\n|turn|20\n|\n|t:|1733869134\n|switch|p2a: Greninja|Greninja, L80, M|246/246\n|move|p1a: Phione|Rest|p1a: Phione\n|-status|p1a: Phione|slp|[from] move: Rest\n|-heal|p1a: Phione|293/293 slp|[silent]\n|\n|upkeep\n|turn|21\n|\n|t:|1733869146\n|move|p2a: Greninja|Grass Knot|p1a: Phione\n|-start|p2a: Greninja|typechange|Grass|[from] ability: Protean\n|-supereffective|p1a: Phione\n|-crit|p1a: Phione\n|-damage|p1a: Phione|201/293 slp\n|cant|p1a: Phione|slp\n|move|p1a: Phione|Sleep Talk|p1a: Phione\n|move|p1a: Phione|Rest||[from]move: Sleep Talk|[still]\n|-fail|p1a: Phione\n|\n|-heal|p1a: Phione|219/293 slp|[from] item: Leftovers\n|upkeep\n|turn|22\n|\n|t:|1733869161\n|-terastallize|p1a: Phione|Steel\n|move|p2a: Greninja|Grass Knot|p1a: Phione\n|-resisted|p1a: Phione\n|-damage|p1a: Phione|209/293 slp\n|cant|p1a: Phione|slp\n|move|p1a: Phione|Sleep Talk|p1a: Phione\n|move|p1a: Phione|Rest||[from]move: Sleep Talk|[still]\n|-fail|p1a: Phione\n|\n|-heal|p1a: Phione|227/293 slp|[from] item: Leftovers\n|upkeep\n|turn|23\n|\n|t:|1733869175\n|switch|p2a: Regidrago|Regidrago, L77|143/435\n|-curestatus|p1a: Phione|slp|[msg]\n|move|p1a: Phione|Take Heart|p1a: Phione\n|-boost|p1a: Phione|spa|1\n|-boost|p1a: Phione|spd|1\n|\n|-heal|p1a: Phione|245/293|[from] item: Leftovers\n|upkeep\n|turn|24\n|\n|t:|1733869187\n|move|p1a: Phione|Scald|p2a: Regidrago\n|-resisted|p2a: Regidrago\n|-damage|p2a: Regidrago|1/435\n|move|p2a: Regidrago|Earthquake|p1a: Phione\n|-supereffective|p1a: Phione\n|-damage|p1a: Phione|73/293\n|-damage|p2a: Regidrago|0 fnt|[from] item: Life Orb\n|faint|p2a: Regidrago\n|\n|-heal|p1a: Phione|91/293|[from] item: Leftovers\n|upkeep\n|\n|t:|1733869200\n|switch|p2a: Orthworm|Orthworm, L88, M|266/266\n|turn|25\n|\n|t:|1733869208\n|move|p1a: Phione|Rest|p1a: Phione\n|-status|p1a: Phione|slp|[from] move: Rest\n|-heal|p1a: Phione|293/293 slp|[silent]\n|move|p2a: Orthworm|Body Press|p1a: Phione\n|-supereffective|p1a: Phione\n|-damage|p1a: Phione|133/293 slp\n|\n|-heal|p1a: Phione|151/293 slp|[from] item: Leftovers\n|upkeep\n|turn|26\n|\n|t:|1733869219\n|cant|p1a: Phione|slp\n|move|p1a: Phione|Sleep Talk|p1a: Phione\n|move|p1a: Phione|Scald|p2a: Orthworm|[from]move: Sleep Talk\n|-damage|p2a: Orthworm|23/266\n|-status|p2a: Orthworm|brn\n|move|p2a: Orthworm|Body Press|p1a: Phione\n|-supereffective|p1a: Phione\n|-damage|p1a: Phione|60/293 slp\n|\n|-heal|p1a: Phione|78/293 slp|[from] item: Leftovers\n|-damage|p2a: Orthworm|7/266 brn|[from] brn\n|upkeep\n|turn|27\n|\n|t:|1733869236\n|cant|p1a: Phione|slp\n|move|p1a: Phione|Sleep Talk|p1a: Phione\n|move|p1a: Phione|Rest||[from]move: Sleep Talk|[still]\n|-fail|p1a: Phione\n|move|p2a: Orthworm|Shed Tail|p2a: Orthworm\n|-fail|p2a: Orthworm|move: Shed Tail|[weak]\n|\n|-heal|p1a: Phione|96/293 slp|[from] item: Leftovers\n|-damage|p2a: Orthworm|0 fnt|[from] brn\n|faint|p2a: Orthworm\n|upkeep\n|\n|t:|1733869249\n|switch|p2a: Greninja|Greninja, L80, M|246/246\n|turn|28\n|\n|t:|1733869260\n|-terastallize|p2a: Greninja|Dark\n|move|p2a: Greninja|Ice Beam|p1a: Phione\n|-resisted|p1a: Phione\n|-damage|p1a: Phione|73/293 slp\n|-curestatus|p1a: Phione|slp|[msg]\n|move|p1a: Phione|Rest|p1a: Phione\n|-status|p1a: Phione|slp|[from] move: Rest\n|-heal|p1a: Phione|293/293 slp|[silent]\n|\n|upkeep\n|turn|29\n|-message|Cz75dual forfeited.\n|\n|win|Mr Spaz\n|raw|Mr Spaz's rating: 1101 &rarr; <strong>1127</strong><br />(+26 for winning)\n|raw|Cz75dual's rating: 1116 &rarr; <strong>1090</strong><br />(-26 for losing)\n|l|\u2606Cz75dual\n|player|p2|\n", "inputlog": ">version bfd83cad13791eb5a5a409923076391caf6fb4d4\n>start {\"formatid\":\"gen9randombattle\",\"seed\":[54841,2352,15256,33405],\"rated\":\"Rated battle\"}\n>player p1 {\"name\":\"Mr Spaz\",\"avatar\":\"irida\",\"rating\":1101,\"seed\":[8231,14663,59845,7730]}\n>player p2 {\"name\":\"Cz75dual\",\"avatar\":\"102\",\"rating\":1116,\"seed\":[29760,16239,5547,12577]}\n>p1 move swordsdance\n>p2 move curse\n>p1 move poltergeist\n>p2 move curse\n>p1 move poltergeist\n>p2 switch 2\n>p1 move gunkshot\n>p2 move bite\n>p1 move gunkshot\n>p2 move bite\n>p1 switch 4\n>p1 move knockoff\n>p2 move tidyup\n>p1 move knockoff\n>p2 move populationbomb\n>p1 switch 5\n>p1 move gigadrain\n>p2 move bite\n>p2 switch 6\n>p1 move calmmind\n>p2 move icebeam\n>p1 switch 6\n>p1 move psychicnoise\n>p2 switch 2\n>p2 switch 3\n>p1 move psychicnoise\n>p2 move hydropump\n>p1 move psychicnoise\n>p2 move hydropump\n>p1 move psychicnoise\n>p2 move hydropump\n>p2 switch 2\n>p1 move recover\n>p2 move darkpulse\n>p1 switch 3\n>p1 move takeheart\n>p2 move darkpulse\n>p1 move rest\n>p2 move darkpulse\n>p1 move sleeptalk\n>p2 switch 4\n>p1 move sleeptalk\n>p2 move dragonclaw\n>p1 move scald\n>p2 move dragonclaw\n>p1 move rest\n>p2 switch 4\n>p1 move sleeptalk\n>p2 move grassknot\n>p1 move sleeptalk terastallize\n>p2 move grassknot\n>p1 move takeheart\n>p2 switch 4\n>p1 move scald\n>p2 move earthquake\n>p2 switch 5\n>p1 move rest\n>p2 move bodypress\n>p1 move sleeptalk\n>p2 move bodypress\n>p1 move sleeptalk\n>p2 move shedtail\n>p2 switch 4\n>p1 move rest\n>p2 move icebeam terastallize\n>forcelose p2", "uploadtime": 1733869275, "views": 2, "formatid": "gen9randombattle", "rating": 1090, "private": 0, "password": null}