{"id": "gen9randombattle-2160718474", "format": "[Gen 9] Random Battle", "players": ["Vitoran", "FaZe Alec Baldwin"], "log": "|badge|p1|bronze|gen9randombattle|100-2\n|uhtml|medal-msg|<div class=\"broadcast-blue\">Curious what those medals under the avatar are? PS now has Ladder Seasons! For more information, check out the <a href=\"https://www.smogon.com/forums/threads/3740067/\">thread on Smogon.</a></div>\n|j|\u2606Vitoran\n|j|\u203dFaZe Alec Baldwin\n|t:|1720959229\n|gametype|singles\n|player|p1|Vitoran|nemona-v|2359\n|player|p2|FaZe Alec Baldwin|drayden|2251\n|teamsize|p1|6\n|teamsize|p2|6\n|gen|9\n|tier|[Gen 9] Random Battle\n|rated|\n|rule|Species Clause: Limit one of each Pok\u00e9mon\n|rule|HP Percentage Mod: HP is shown in percentages\n|rule|Sleep Clause Mod: Limit one foe put to sleep\n|rule|Illusion Level Mod: Illusion disguises the Pok\u00e9mon's true level\n|\n|t:|1720959229\n|start\n|switch|p1a: Moltres|Moltres-Galar, L79|271/271\n|switch|p2a: Gyarados|Gyarados, L79, F|280/280\n|-ability|p2a: Gyarados|Intimidate|boost\n|-unboost|p1a: Moltres|atk|1\n|turn|1\n|inactive|Battle timer is ON: inactive players will automatically lose when time's up. (requested by Vitoran)\n|j| Daudix\n|c|\u2606Vitoran|glhf\n|inactive|Vitoran has 120 seconds left.\n|\n|t:|1720959277\n|move|p1a: Moltres|Nasty Plot|p1a: Moltres\n|-boost|p1a: Moltres|spa|2\n|move|p2a: Gyarados|Dragon Dance|p2a: Gyarados\n|-boost|p2a: Gyarados|atk|1\n|-boost|p2a: Gyarados|spe|1\n|\n|upkeep\n|turn|2\n|inactive|Vitoran has 120 seconds left.\n|inactive|FaZe Alec Baldwin has 120 seconds left.\n|\n|t:|1720959321\n|-terastallize|p1a: Moltres|Dark\n|move|p2a: Gyarados|Dragon Dance|p2a: Gyarados\n|-boost|p2a: Gyarados|atk|1\n|-boost|p2a: Gyarados|spe|1\n|move|p1a: Moltres|Fiery Wrath|p2a: Gyarados\n|-damage|p2a: Gyarados|60/280\n|\n|upkeep\n|turn|3\n|\n|t:|1720959329\n|move|p2a: Gyarados|Waterfall|p1a: Moltres\n|-damage|p1a: Moltres|79/271\n|-ability|p1a: Moltres|Berserk|boost\n|-boost|p1a: Moltres|spa|1\n|move|p1a: Moltres|Fiery Wrath|p2a: Gyarados\n|-damage|p2a: Gyarados|0 fnt\n|faint|p2a: Gyarados\n|\n|upkeep\n|\n|t:|1720959358\n|switch|p2a: Lokix|Lokix, L82, F|251/251\n|turn|4\n|\n|t:|1720959366\n|switch|p1a: Amoonguss|Amoonguss, L82, F|321/321\n|move|p2a: Lokix|Knock Off|p1a: Amoonguss\n|-damage|p1a: Amoonguss|157/321\n|-damage|p2a: Lokix|210/251|[from] item: Rocky Helmet|[of] p1a: Amoonguss\n|-enditem|p1a: Amoonguss|Rocky Helmet|[from] move: Knock Off|[of] p2a: Lokix\n|-damage|p2a: Lokix|185/251|[from] item: Life Orb\n|\n|upkeep\n|turn|5\n|\n|t:|1720959380\n|switch|p2a: Cacturne|Cacturne, L92, F|278/278\n|move|p1a: Amoonguss|Spore|p2a: Cacturne\n|-immune|p2a: Cacturne\n|\n|upkeep\n|turn|6\n|\n|t:|1720959390\n|move|p2a: Cacturne|Swords Dance|p2a: Cacturne\n|-boost|p2a: Cacturne|atk|2\n|move|p1a: Amoonguss|Sludge Bomb|p2a: Cacturne\n|-supereffective|p2a: Cacturne\n|-damage|p2a: Cacturne|62/278\n|\n|upkeep\n|turn|7\n|\n|t:|1720959412\n|switch|p1a: Moltres|Moltres-Galar, L79, tera:Dark|79/271\n|move|p2a: Cacturne|Seed Bomb|p1a: Moltres\n|-damage|p1a: Moltres|0 fnt\n|faint|p1a: Moltres\n|-damage|p2a: Cacturne|35/278|[from] item: Life Orb\n|\n|upkeep\n|inactive|Vitoran has 120 seconds left.\n|\n|t:|1720959441\n|switch|p1a: Blaziken|Blaziken, L76, M|247/247\n|turn|8\n|\n|t:|1720959445\n|move|p2a: Cacturne|Sucker Punch|p1a: Blaziken\n|-resisted|p1a: Blaziken\n|-damage|p1a: Blaziken|69/247\n|-damage|p2a: Cacturne|8/278|[from] item: Life Orb\n|move|p1a: Blaziken|Knock Off|p2a: Cacturne\n|-resisted|p2a: Cacturne\n|-damage|p2a: Cacturne|0 fnt\n|-enditem|p2a: Cacturne|Life Orb|[from] move: Knock Off|[of] p1a: Blaziken\n|faint|p2a: Cacturne\n|-damage|p1a: Blaziken|45/247|[from] item: Life Orb\n|\n|-ability|p1a: Blaziken|Speed Boost|boost\n|-boost|p1a: Blaziken|spe|1\n|upkeep\n|\n|t:|1720959458\n|switch|p2a: Lokix|Lokix, L82, F|185/251\n|turn|9\n|\n|t:|1720959461\n|move|p1a: Blaziken|Protect|p1a: Blaziken\n|-singleturn|p1a: Blaziken|Protect\n|move|p2a: Lokix|Sucker Punch||[still]\n|-fail|p2a: Lokix\n|\n|-ability|p1a: Blaziken|Speed Boost|boost\n|-boost|p1a: Blaziken|spe|1\n|upkeep\n|turn|10\n|inactive|Vitoran has 120 seconds left.\n|\n|t:|1720959501\n|switch|p1a: Amoonguss|Amoonguss, L82, F|264/321\n|move|p2a: Lokix|Sucker Punch||[still]\n|-fail|p2a: Lokix\n|\n|upkeep\n|turn|11\n|inactive|FaZe Alec Baldwin has 120 seconds left.\n|\n|t:|1720959519\n|switch|p2a: Golem|Golem-Alola, L93, M|300/300\n|move|p1a: Amoonguss|Spore|p2a: Golem\n|-status|p2a: Golem|slp|[from] move: Spore\n|\n|upkeep\n|turn|12\n|inactive|FaZe Alec Baldwin has 120 seconds left.\n|inactive|Vitoran has 120 seconds left.\n|\n|t:|1720959542\n|switch|p2a: Staraptor|Staraptor, L79, F|263/263\n|move|p1a: Amoonguss|Giga Drain|p2a: Staraptor\n|-resisted|p2a: Staraptor\n|-damage|p2a: Staraptor|212/263\n|-heal|p1a: Amoonguss|290/321|[from] drain|[of] p2a: Staraptor\n|\n|upkeep\n|turn|13\n|inactive|Vitoran has 120 seconds left.\n|inactive|FaZe Alec Baldwin has 120 seconds left.\n|\n|t:|1720959557\n|switch|p1a: Ampharos|Ampharos, L88, F|302/302\n|move|p2a: Staraptor|Brave Bird|p1a: Ampharos\n|-resisted|p1a: Ampharos\n|-damage|p1a: Ampharos|185/302\n|-damage|p2a: Staraptor|173/263|[from] Recoil\n|\n|upkeep\n|turn|14\n|inactive|Vitoran has 120 seconds left.\n|\n|t:|1720959571\n|switch|p2a: Golem|Golem-Alola, L93, M|300/300 slp\n|move|p1a: Ampharos|Dazzling Gleam|p2a: Golem\n|-damage|p2a: Golem|187/300 slp\n|-damage|p1a: Ampharos|155/302|[from] item: Life Orb\n|\n|upkeep\n|turn|15\n|inactive|FaZe Alec Baldwin has 120 seconds left.\n|\n|t:|1720959588\n|switch|p2a: Staraptor|Staraptor, L79, F|173/263\n|move|p1a: Ampharos|Focus Blast|p2a: Staraptor\n|-damage|p2a: Staraptor|0 fnt\n|faint|p2a: Staraptor\n|-damage|p1a: Ampharos|125/302|[from] item: Life Orb\n|\n|upkeep\n|\n|t:|1720959597\n|switch|p2a: Lokix|Lokix, L82, F|185/251\n|turn|16\n|\n|t:|1720959605\n|move|p2a: Lokix|Leech Life|p1a: Ampharos\n|-damage|p1a: Ampharos|18/302\n|-heal|p2a: Lokix|239/251|[from] drain|[of] p1a: Ampharos\n|-status|p2a: Lokix|par|[from] ability: Static|[of] p1a: Ampharos\n|-damage|p2a: Lokix|214/251 par|[from] item: Life Orb\n|move|p1a: Ampharos|Dazzling Gleam|p2a: Lokix\n|-supereffective|p2a: Lokix\n|-damage|p2a: Lokix|0 fnt\n|faint|p2a: Lokix\n|-damage|p1a: Ampharos|0 fnt|[from] item: Life Orb\n|faint|p1a: Ampharos\n|\n|upkeep\n|inactive|FaZe Alec Baldwin has 120 seconds left.\n|inactive|FaZe Alec Baldwin has 90 seconds left.\n|inactive|FaZe Alec Baldwin has 60 seconds left.\n|inactive|FaZe Alec Baldwin has 30 seconds left.\n|inactive|FaZe Alec Baldwin has 20 seconds left.\n|inactive|FaZe Alec Baldwin has 15 seconds left.\n|inactive|FaZe Alec Baldwin has 10 seconds left.\n|inactive|FaZe Alec Baldwin has 5 seconds left.\n|-message|FaZe Alec Baldwin lost due to inactivity.\n|\n|win|Vitoran\n|raw|Vitoran's rating: 2359 &rarr; <strong>2373</strong><br />(+14 for winning)\n|raw|FaZe Alec Baldwin's rating: 2251 &rarr; <strong>2237</strong><br />(-14 for losing)\n|l|\u203dFaZe Alec Baldwin\n|player|p2|\n|c|\u2606Vitoran|gg\n", "inputlog": ">version f7ad7c1b8a6ce355e8dbcd95eca255f5f71ead83\n>start {\"formatid\":\"gen9randombattle\",\"seed\":[55859,34395,8311,24161],\"rated\":\"Rated battle\"}\n>player p1 {\"name\":\"Vitoran\",\"avatar\":\"nemona-v\",\"rating\":2359,\"seed\":[51834,50558,4037,34431]}\n>player p2 {\"name\":\"FaZe Alec Baldwin\",\"avatar\":\"drayden\",\"rating\":2251,\"seed\":[41375,38443,60167,13266]}\n>chat \u2606Vitoran|glhf\n>p1 move nastyplot\n>p2 move dragondance\n>p1 move fierywrath terastallize\n>p2 move dragondance\n>p1 move fierywrath\n>p2 move waterfall\n>p2 switch 5\n>p1 switch 4\n>p2 move knockoff\n>p1 move spore\n>p2 switch 2\n>p1 move sludgebomb\n>p2 move swordsdance\n>p1 switch 4\n>p2 move seedbomb\n>p1 switch 2\n>p1 move knockoff\n>p2 move suckerpunch\n>p2 switch 2\n>p1 move protect\n>p2 move suckerpunch\n>p1 switch 4\n>p2 move suckerpunch\n>p1 move spore\n>p2 switch 6\n>p1 move gigadrain\n>p2 switch 3\n>p1 switch 3\n>p2 move bravebird\n>p1 move dazzlinggleam\n>p2 switch 3\n>p1 move focusblast\n>p2 switch 3\n>p2 switch 6\n>p1 move dazzlinggleam\n>p2 move leechlife\n>forcelose p2", "uploadtime": 1720959738, "views": 162, "formatid": "gen9randombattle", "rating": 2237, "private": 0, "password": null}