{"id": "gen9randombattle-2122979662", "format": "[Gen 9] Random Battle", "players": ["nocomment3", "sylvee1"], "log": "|j|\u2606nocomment3\n|j|\u2606sylvee1\n|t:|1715497702\n|gametype|singles\n|player|p1|nocomment3|266|2257\n|player|p2|sylvee1|serena-masters2|2256\n|teamsize|p1|6\n|teamsize|p2|6\n|gen|9\n|tier|[Gen 9] Random Battle\n|rated|\n|rule|Species Clause: Limit one of each Pok\u00e9mon\n|rule|HP Percentage Mod: HP is shown in percentages\n|rule|Sleep Clause Mod: Limit one foe put to sleep\n|rule|Illusion Level Mod: Illusion disguises the Pok\u00e9mon's true level\n|\n|t:|1715497702\n|start\n|switch|p1a: Regigigas|Regigigas, L84|322/322\n|switch|p2a: Koraidon|Koraidon, L64|235/235\n|-start|p1a: Regigigas|ability: Slow Start\n|-weather|SunnyDay|[from] ability: Orichalcum Pulse|[of] p2a: Koraidon\n|-activate|p2a: Koraidon|Orichalcum Pulse|[source]\n|turn|1\n|inactive|Battle timer is ON: inactive players will automatically lose when time's up. (requested by sylvee1)\n|\n|t:|1715497712\n|move|p2a: Koraidon|Swords Dance|p2a: Koraidon\n|-boost|p2a: Koraidon|atk|2\n|move|p1a: Regigigas|Body Slam|p2a: Koraidon\n|-damage|p2a: Koraidon|168/235\n|\n|-weather|SunnyDay|[upkeep]\n|upkeep\n|turn|2\n|\n|t:|1715497727\n|-end|p1a: Regigigas|Slow Start|[silent]\n|switch|p1a: Scream Tail|Scream Tail, L84|330/330\n|-activate|p1a: Scream Tail|ability: Protosynthesis\n|-start|p1a: Scream Tail|protosynthesisspd\n|move|p2a: Koraidon|Collision Course|p1a: Scream Tail\n|-resisted|p1a: Scream Tail\n|-damage|p1a: Scream Tail|277/330\n|\n|-weather|SunnyDay|[upkeep]\n|-heal|p1a: Scream Tail|297/330|[from] item: Leftovers\n|upkeep\n|turn|3\n|\n|t:|1715497738\n|switch|p2a: Mudsdale|Mudsdale, L84, M|305/305\n|move|p1a: Scream Tail|Thunder Wave|p2a: Mudsdale\n|-immune|p2a: Mudsdale\n|\n|-weather|SunnyDay|[upkeep]\n|-heal|p1a: Scream Tail|317/330|[from] item: Leftovers\n|upkeep\n|turn|4\n|\n|t:|1715497745\n|-end|p1a: Scream Tail|Protosynthesis|[silent]\n|switch|p1a: Breloom|Breloom, L82, M|233/233\n|move|p2a: Mudsdale|Stealth Rock|p1a: Breloom\n|-sidestart|p1: nocomment3|move: Stealth Rock\n|\n|-weather|SunnyDay|[upkeep]\n|upkeep\n|turn|5\n|\n|t:|1715497749\n|switch|p2a: Volbeat|Volbeat, L90, M|263/263\n|move|p1a: Breloom|Swords Dance|p1a: Breloom\n|-boost|p1a: Breloom|atk|2\n|\n|-weather|none\n|upkeep\n|turn|6\n|\n|t:|1715497756\n|switch|p1a: Staraptor|Staraptor, L79, M|263/263\n|-damage|p1a: Staraptor|198/263|[from] Stealth Rock\n|move|p2a: Volbeat|Encore||[still]\n|-fail|p2a: Volbeat\n|\n|upkeep\n|turn|7\n|\n|t:|1715497764\n|move|p1a: Staraptor|Brave Bird|p2a: Volbeat\n|-supereffective|p2a: Volbeat\n|-damage|p2a: Volbeat|0 fnt\n|faint|p2a: Volbeat\n|-damage|p1a: Staraptor|111/263|[from] Recoil\n|\n|upkeep\n|\n|t:|1715497772\n|switch|p2a: Koraidon|Koraidon, L64|168/235\n|-weather|SunnyDay|[from] ability: Orichalcum Pulse|[of] p2a: Koraidon\n|-activate|p2a: Koraidon|Orichalcum Pulse|[source]\n|turn|8\n|\n|t:|1715497778\n|switch|p1a: Scream Tail|Scream Tail, L84|317/330\n|-damage|p1a: Scream Tail|276/330|[from] Stealth Rock\n|-activate|p1a: Scream Tail|ability: Protosynthesis\n|-start|p1a: Scream Tail|protosynthesisspd\n|move|p2a: Koraidon|Flare Blitz|p1a: Scream Tail\n|-damage|p1a: Scream Tail|151/330\n|-damage|p2a: Koraidon|127/235|[from] Recoil\n|\n|-weather|SunnyDay|[upkeep]\n|-heal|p1a: Scream Tail|171/330|[from] item: Leftovers\n|upkeep\n|turn|9\n|\n|t:|1715497792\n|-terastallize|p2a: Koraidon|Fire\n|move|p1a: Scream Tail|Wish|p1a: Scream Tail\n|move|p2a: Koraidon|Flare Blitz|p1a: Scream Tail\n|-damage|p1a: Scream Tail|0 fnt\n|faint|p1a: Scream Tail\n|-end|p1a: Scream Tail|Protosynthesis|[silent]\n|-damage|p2a: Koraidon|71/235|[from] Recoil\n|\n|-weather|SunnyDay|[upkeep]\n|upkeep\n|\n|t:|1715497807\n|switch|p1a: Breloom|Breloom, L82, M|233/233\n|-damage|p1a: Breloom|219/233|[from] Stealth Rock\n|turn|10\n|\n|t:|1715497818\n|switch|p2a: Falinks|Falinks, L85|249/249\n|move|p1a: Breloom|Mach Punch|p2a: Falinks\n|-damage|p2a: Falinks|158/249\n|-damage|p1a: Breloom|196/233|[from] item: Life Orb\n|\n|-weather|SunnyDay|[upkeep]\n|-heal|p1a: Breloom|233/233|[from] move: Wish|[wisher] Scream Tail\n|upkeep\n|turn|11\n|\n|t:|1715497831\n|switch|p1a: Regigigas|Regigigas, L84|322/322\n|-damage|p1a: Regigigas|282/322|[from] Stealth Rock\n|-start|p1a: Regigigas|ability: Slow Start\n|move|p2a: Falinks|Knock Off|p1a: Regigigas\n|-crit|p1a: Regigigas\n|-damage|p1a: Regigigas|165/322\n|-enditem|p1a: Regigigas|Leftovers|[from] move: Knock Off|[of] p2a: Falinks\n|-damage|p2a: Falinks|134/249|[from] item: Life Orb\n|\n|-weather|SunnyDay|[upkeep]\n|upkeep\n|turn|12\n|\n|t:|1715497840\n|move|p2a: Falinks|No Retreat|p2a: Falinks\n|-boost|p2a: Falinks|atk|1\n|-boost|p2a: Falinks|def|1\n|-boost|p2a: Falinks|spa|1\n|-boost|p2a: Falinks|spd|1\n|-boost|p2a: Falinks|spe|1\n|-start|p2a: Falinks|move: No Retreat\n|move|p1a: Regigigas|Body Slam|p2a: Falinks\n|-damage|p2a: Falinks|91/249\n|-status|p2a: Falinks|par\n|\n|-weather|none\n|upkeep\n|turn|13\n|\n|t:|1715497846\n|move|p2a: Falinks|Close Combat|p1a: Regigigas\n|-supereffective|p1a: Regigigas\n|-damage|p1a: Regigigas|0 fnt\n|-unboost|p2a: Falinks|def|1\n|-unboost|p2a: Falinks|spd|1\n|faint|p1a: Regigigas\n|-end|p1a: Regigigas|Slow Start|[silent]\n|-damage|p2a: Falinks|67/249 par|[from] item: Life Orb\n|\n|upkeep\n|\n|t:|1715497857\n|switch|p1a: Breloom|Breloom, L82, M|233/233\n|-damage|p1a: Breloom|219/233|[from] Stealth Rock\n|turn|14\n|\n|t:|1715497861\n|move|p1a: Breloom|Bullet Seed|p2a: Falinks\n|-damage|p2a: Falinks|12/249 par\n|-crit|p2a: Falinks\n|-damage|p2a: Falinks|0 fnt\n|faint|p2a: Falinks\n|-hitcount|p2: Falinks|2\n|-damage|p1a: Breloom|196/233|[from] item: Life Orb\n|\n|upkeep\n|\n|t:|1715497872\n|switch|p2a: Malamar|Malamar, L82, M|275/275\n|turn|15\n|\n|t:|1715497888\n|switch|p1a: Hydreigon|Hydreigon, L79, F|275/275\n|-damage|p1a: Hydreigon|241/275|[from] Stealth Rock\n|move|p2a: Malamar|Superpower|p1a: Hydreigon\n|-supereffective|p1a: Hydreigon\n|-damage|p1a: Hydreigon|69/275\n|-boost|p2a: Malamar|atk|1\n|-boost|p2a: Malamar|def|1\n|\n|upkeep\n|turn|16\n|\n|t:|1715497897\n|move|p1a: Hydreigon|Draco Meteor|p2a: Malamar\n|-damage|p2a: Malamar|71/275\n|-unboost|p1a: Hydreigon|spa|2\n|-damage|p1a: Hydreigon|42/275|[from] item: Life Orb\n|move|p2a: Malamar|Rest|p2a: Malamar\n|-status|p2a: Malamar|slp|[from] move: Rest\n|-heal|p2a: Malamar|275/275 slp|[silent]\n|-enditem|p2a: Malamar|Chesto Berry|[eat]\n|-curestatus|p2a: Malamar|slp|[msg]\n|\n|upkeep\n|turn|17\n|\n|t:|1715497911\n|switch|p1a: Gyarados|Gyarados, L79, F|280/280\n|-ability|p1a: Gyarados|Intimidate|boost\n|-boost|p2a: Malamar|atk|1\n|move|p2a: Malamar|Superpower|p1a: Gyarados\n|-resisted|p1a: Gyarados\n|-damage|p1a: Gyarados|196/280\n|-boost|p2a: Malamar|atk|1\n|-boost|p2a: Malamar|def|1\n|\n|upkeep\n|turn|18\n|\n|t:|1715497919\n|move|p1a: Gyarados|Waterfall|p2a: Malamar\n|-damage|p2a: Malamar|229/275\n|move|p2a: Malamar|Knock Off|p1a: Gyarados\n|-damage|p1a: Gyarados|0 fnt\n|-enditem|p1a: Gyarados|Heavy-Duty Boots|[from] move: Knock Off|[of] p2a: Malamar\n|faint|p1a: Gyarados\n|\n|upkeep\n|\n|t:|1715497923\n|switch|p1a: Hydreigon|Hydreigon, L79, F|42/275\n|-damage|p1a: Hydreigon|8/275|[from] Stealth Rock\n|turn|19\n|\n|t:|1715497935\n|switch|p2a: Phione|Phione, L90|290/290\n|move|p1a: Hydreigon|Draco Meteor|p2a: Phione\n|-damage|p2a: Phione|102/290\n|-unboost|p1a: Hydreigon|spa|2\n|-damage|p1a: Hydreigon|0 fnt|[from] item: Life Orb\n|faint|p1a: Hydreigon\n|\n|-heal|p2a: Phione|120/290|[from] item: Leftovers\n|upkeep\n|\n|t:|1715497941\n|switch|p1a: Breloom|Breloom, L82, M|196/233\n|-damage|p1a: Breloom|182/233|[from] Stealth Rock\n|turn|20\n|\n|t:|1715497948\n|-terastallize|p1a: Breloom|Rock\n|move|p2a: Phione|Scald|p1a: Breloom\n|-supereffective|p1a: Breloom\n|-damage|p1a: Breloom|0 fnt\n|faint|p1a: Breloom\n|\n|-heal|p2a: Phione|138/290|[from] item: Leftovers\n|upkeep\n|-message|nocomment3 forfeited.\n|\n|win|sylvee1\n|raw|nocomment3's rating: 2257 &rarr; <strong>2237</strong><br />(-20 for losing)\n|raw|sylvee1's rating: 2256 &rarr; <strong>2276</strong><br />(+20 for winning)\n|l|\u2606nocomment3\n|player|p1|\n", "inputlog": ">version 80ea9d1f890aa30f79744790e00b820c91be1203\n>start {\"formatid\":\"gen9randombattle\",\"seed\":[6304,39070,46199,34830],\"rated\":\"Rated battle\"}\n>player p1 {\"name\":\"nocomment3\",\"avatar\":\"266\",\"rating\":2257,\"seed\":[50740,57028,27545,11592]}\n>player p2 {\"name\":\"sylvee1\",\"avatar\":\"serena-masters2\",\"rating\":2256,\"seed\":[47284,29665,60564,55374]}\n>p1 move bodyslam\n>p2 move swordsdance\n>p1 switch 6\n>p2 move collisioncourse\n>p1 move thunderwave\n>p2 switch 6\n>p1 switch 4\n>p2 move stealthrock\n>p1 move swordsdance\n>p2 switch 4\n>p1 switch 5\n>p2 move encore\n>p1 move bravebird\n>p2 move uturn\n>p2 switch 6\n>p1 switch 4\n>p2 move flareblitz\n>p1 move wish\n>p2 move flareblitz terastallize\n>p1 switch 5\n>p1 move machpunch\n>p2 switch 5\n>p1 switch 6\n>p2 move knockoff\n>p1 move bodyslam\n>p2 move noretreat\n>p1 move substitute\n>p2 move closecombat\n>p1 switch 6\n>p1 move bulletseed\n>p2 move closecombat\n>p2 switch 3\n>p1 switch 2\n>p2 move superpower\n>p1 move dracometeor\n>p2 move rest\n>p1 switch 3\n>p2 move superpower\n>p1 move waterfall\n>p2 move knockoff\n>p1 switch 3\n>p1 move dracometeor\n>p2 switch 2\n>p1 switch 2\n>p1 move swordsdance terastallize\n>p2 move scald\n>forcelose p1", "uploadtime": 1715497957, "views": 230, "formatid": "gen9randombattle", "rating": 2237, "private": 0, "password": null}