{"id": "gen9randombattle-2205590690", "format": "[Gen 9] Random Battle", "players": ["Flocanin83", "MunchyAxolotls"], "log": "|j|\u203dFlocanin83\n|j|\u2606MunchyAxolotls\n|t:|1726804812\n|gametype|singles\n|player|p1|Flocanin83|artist-gen4|2235\n|player|p2|MunchyAxolotls|lillie-masters2|2194\n|teamsize|p1|6\n|teamsize|p2|6\n|gen|9\n|tier|[Gen 9] Random Battle\n|rated|\n|rule|Species Clause: Limit one of each Pok\u00e9mon\n|rule|HP Percentage Mod: HP is shown in percentages\n|rule|Sleep Clause Mod: Limit one foe put to sleep\n|rule|Illusion Level Mod: Illusion disguises the Pok\u00e9mon's true level\n|\n|t:|1726804812\n|start\n|switch|p1a: Clodsire|Clodsire, L81, M|343/343\n|switch|p2a: Stonjourner|Stonjourner, L91, F|330/330\n|turn|1\n|inactive|Battle timer is ON: inactive players will automatically lose when time's up. (requested by MunchyAxolotls)\n|\n|t:|1726804828\n|move|p2a: Stonjourner|Stealth Rock|p1a: Clodsire\n|-sidestart|p1: Flocanin83|move: Stealth Rock\n|move|p1a: Clodsire|Earthquake|p2a: Stonjourner\n|-supereffective|p2a: Stonjourner\n|-damage|p2a: Stonjourner|228/330\n|\n|upkeep\n|turn|2\n|\n|t:|1726804833\n|switch|p1a: Skarmory|Skarmory, L80, F|235/235\n|-damage|p1a: Skarmory|206/235|[from] Stealth Rock\n|move|p2a: Stonjourner|Earthquake|p1a: Skarmory\n|-immune|p1a: Skarmory\n|\n|upkeep\n|turn|3\n|\n|t:|1726804839\n|move|p2a: Stonjourner|Heat Crash|p1a: Skarmory\n|-supereffective|p1a: Skarmory\n|-damage|p1a: Skarmory|0 fnt\n|-damage|p2a: Stonjourner|173/330|[from] item: Rocky Helmet|[of] p1a: Skarmory\n|faint|p1a: Skarmory\n|-damage|p2a: Stonjourner|140/330|[from] item: Life Orb\n|\n|upkeep\n|\n|t:|1726804845\n|switch|p1a: Drifblim|Drifblim, L86, F|398/398\n|turn|4\n|\n|t:|1726804852\n|switch|p2a: Maushold|Maushold-Four, L76|238/238\n|move|p1a: Drifblim|Shadow Ball|p2a: Maushold\n|-immune|p2a: Maushold\n|\n|upkeep\n|turn|5\n|\n|t:|1726804856\n|move|p2a: Maushold|Encore|p1a: Drifblim\n|-start|p1a: Drifblim|Encore\n|move|p1a: Drifblim|Shadow Ball|p2a: Maushold\n|-immune|p2a: Maushold\n|\n|upkeep\n|turn|6\n|\n|t:|1726804863\n|switch|p1a: Groudon|Groudon, L72|263/263\n|-damage|p1a: Groudon|247/263|[from] Stealth Rock\n|-weather|SunnyDay|[from] ability: Drought|[of] p1a: Groudon\n|move|p2a: Maushold|Tidy Up|p2a: Maushold\n|-sideend|p1: Flocanin83|Stealth Rock\n|-activate|p2a: Maushold|move: Tidy Up\n|-boost|p2a: Maushold|atk|1\n|-boost|p2a: Maushold|spe|1\n|\n|-weather|SunnyDay|[upkeep]\n|-heal|p1a: Groudon|263/263|[from] item: Leftovers\n|upkeep\n|turn|7\n|\n|t:|1726804867\n|move|p2a: Maushold|Population Bomb|p1a: Groudon\n|-damage|p1a: Groudon|238/263\n|-damage|p1a: Groudon|210/263\n|-damage|p1a: Groudon|185/263\n|-damage|p1a: Groudon|157/263\n|-damage|p1a: Groudon|129/263\n|-damage|p1a: Groudon|101/263\n|-damage|p1a: Groudon|74/263\n|-damage|p1a: Groudon|49/263\n|-damage|p1a: Groudon|21/263\n|-hitcount|p1a: Groudon|9\n|move|p1a: Groudon|Will-O-Wisp|p2a: Maushold\n|-status|p2a: Maushold|brn\n|\n|-weather|SunnyDay|[upkeep]\n|-heal|p1a: Groudon|37/263|[from] item: Leftovers\n|-damage|p2a: Maushold|224/238 brn|[from] brn\n|upkeep\n|turn|8\n|\n|t:|1726804873\n|switch|p1a: Drifblim|Drifblim, L86, F|398/398\n|move|p2a: Maushold|Population Bomb|p1a: Drifblim\n|-immune|p1a: Drifblim\n|\n|-weather|SunnyDay|[upkeep]\n|-damage|p2a: Maushold|210/238 brn|[from] brn\n|upkeep\n|turn|9\n|\n|t:|1726804878\n|move|p2a: Maushold|Bite|p1a: Drifblim\n|-supereffective|p1a: Drifblim\n|-damage|p1a: Drifblim|301/398\n|move|p1a: Drifblim|Defog|p2a: Maushold\n|-unboost|p2a: Maushold|evasion|1\n|\n|-weather|SunnyDay|[upkeep]\n|-damage|p2a: Maushold|196/238 brn|[from] brn\n|upkeep\n|turn|10\n|\n|t:|1726804882\n|switch|p1a: Groudon|Groudon, L72|37/263\n|move|p2a: Maushold|Encore||[still]\n|-fail|p2a: Maushold\n|\n|-weather|none\n|-heal|p1a: Groudon|53/263|[from] item: Leftovers\n|-damage|p2a: Maushold|182/238 brn|[from] brn\n|upkeep\n|turn|11\n|\n|t:|1726804884\n|switch|p1a: Drifblim|Drifblim, L86, F|301/398\n|move|p2a: Maushold|Population Bomb|p1a: Drifblim\n|-immune|p1a: Drifblim\n|\n|-damage|p2a: Maushold|168/238 brn|[from] brn\n|upkeep\n|turn|12\n|\n|t:|1726804887\n|move|p2a: Maushold|Bite|p1a: Drifblim\n|-supereffective|p1a: Drifblim\n|-damage|p1a: Drifblim|194/398\n|cant|p1a: Drifblim|flinch\n|\n|-damage|p2a: Maushold|154/238 brn|[from] brn\n|upkeep\n|turn|13\n|\n|t:|1726804890\n|move|p2a: Maushold|Bite|p1a: Drifblim\n|-supereffective|p1a: Drifblim\n|-damage|p1a: Drifblim|86/398\n|move|p1a: Drifblim|Strength Sap|p2a: Maushold\n|-unboost|p2a: Maushold|atk|1\n|-heal|p1a: Drifblim|323/398\n|\n|-damage|p2a: Maushold|140/238 brn|[from] brn\n|upkeep\n|turn|14\n|\n|t:|1726804897\n|switch|p1a: Groudon|Groudon, L72|53/263\n|-weather|SunnyDay|[from] ability: Drought|[of] p1a: Groudon\n|move|p2a: Maushold|Encore||[still]\n|-fail|p2a: Maushold\n|\n|-weather|SunnyDay|[upkeep]\n|-heal|p1a: Groudon|69/263|[from] item: Leftovers\n|-damage|p2a: Maushold|126/238 brn|[from] brn\n|upkeep\n|turn|15\n|\n|t:|1726804900\n|switch|p1a: Drifblim|Drifblim, L86, F|323/398\n|move|p2a: Maushold|Tidy Up|p2a: Maushold\n|-boost|p2a: Maushold|atk|1\n|-boost|p2a: Maushold|spe|1\n|\n|-weather|SunnyDay|[upkeep]\n|-damage|p2a: Maushold|112/238 brn|[from] brn\n|upkeep\n|turn|16\n|\n|t:|1726804903\n|move|p2a: Maushold|Bite|p1a: Drifblim\n|-supereffective|p1a: Drifblim\n|-damage|p1a: Drifblim|214/398\n|move|p1a: Drifblim|Air Slash|p2a: Maushold\n|-damage|p2a: Maushold|10/238 brn\n|\n|-weather|SunnyDay|[upkeep]\n|-damage|p2a: Maushold|0 fnt|[from] brn\n|faint|p2a: Maushold\n|upkeep\n|\n|t:|1726804921\n|switch|p2a: Feraligatr|Feraligatr, L79, M|264/264\n|turn|17\n|\n|t:|1726804932\n|move|p1a: Drifblim|Strength Sap|p2a: Feraligatr\n|-unboost|p2a: Feraligatr|atk|1\n|-heal|p1a: Drifblim|398/398\n|move|p2a: Feraligatr|Dragon Dance|p2a: Feraligatr\n|-boost|p2a: Feraligatr|atk|1\n|-boost|p2a: Feraligatr|spe|1\n|\n|-weather|SunnyDay|[upkeep]\n|upkeep\n|turn|18\n|\n|t:|1726804938\n|move|p2a: Feraligatr|Dragon Dance|p2a: Feraligatr\n|-boost|p2a: Feraligatr|atk|1\n|-boost|p2a: Feraligatr|spe|1\n|move|p1a: Drifblim|Shadow Ball|p2a: Feraligatr\n|-damage|p2a: Feraligatr|176/264\n|-unboost|p2a: Feraligatr|spd|1\n|\n|-weather|none\n|upkeep\n|turn|19\n|\n|t:|1726804941\n|move|p2a: Feraligatr|Ice Punch|p1a: Drifblim\n|-supereffective|p1a: Drifblim\n|-damage|p1a: Drifblim|31/398\n|move|p1a: Drifblim|Shadow Ball|p2a: Feraligatr\n|-damage|p2a: Feraligatr|46/264\n|\n|upkeep\n|turn|20\n|\n|t:|1726804945\n|move|p2a: Feraligatr|Liquidation|p1a: Drifblim\n|-damage|p1a: Drifblim|0 fnt\n|-damage|p2a: Feraligatr|0 fnt|[from] ability: Aftermath|[of] p1a: Drifblim\n|faint|p1a: Drifblim\n|faint|p2a: Feraligatr\n|\n|upkeep\n|\n|t:|1726804952\n|switch|p1a: Minun|Minun, L95, M|268/268\n|switch|p2a: Stonjourner|Stonjourner, L91, F|140/330\n|turn|21\n|\n|t:|1726804961\n|switch|p2a: Sandaconda|Sandaconda, L84, F|258/258\n|move|p1a: Minun|Grass Knot|p2a: Sandaconda\n|-supereffective|p2a: Sandaconda\n|-crit|p2a: Sandaconda\n|-damage|p2a: Sandaconda|0 fnt\n|faint|p2a: Sandaconda\n|-damage|p1a: Minun|242/268|[from] item: Life Orb\n|\n|upkeep\n|\n|t:|1726804963\n|switch|p2a: Conkeldurr|Conkeldurr, L80, M|299/299\n|turn|22\n|\n|t:|1726804968\n|switch|p1a: Groudon|Groudon, L72|69/263\n|-weather|SunnyDay|[from] ability: Drought|[of] p1a: Groudon\n|move|p2a: Conkeldurr|Close Combat|p1a: Groudon\n|-damage|p1a: Groudon|0 fnt\n|-unboost|p2a: Conkeldurr|def|1\n|-unboost|p2a: Conkeldurr|spd|1\n|faint|p1a: Groudon\n|\n|-weather|SunnyDay|[upkeep]\n|-status|p2a: Conkeldurr|brn|[from] item: Flame Orb\n|upkeep\n|\n|t:|1726804976\n|switch|p1a: Falinks|Falinks, L85|249/249\n|turn|23\n|\n|t:|1726804987\n|move|p1a: Falinks|No Retreat|p1a: Falinks\n|-boost|p1a: Falinks|atk|1\n|-boost|p1a: Falinks|def|1\n|-boost|p1a: Falinks|spa|1\n|-boost|p1a: Falinks|spd|1\n|-boost|p1a: Falinks|spe|1\n|-start|p1a: Falinks|move: No Retreat\n|move|p2a: Conkeldurr|Close Combat|p1a: Falinks\n|-damage|p1a: Falinks|107/249\n|-unboost|p2a: Conkeldurr|def|1\n|-unboost|p2a: Conkeldurr|spd|1\n|\n|-weather|SunnyDay|[upkeep]\n|-damage|p2a: Conkeldurr|281/299 brn|[from] brn\n|upkeep\n|turn|24\n|\n|t:|1726805001\n|switch|p2a: Stonjourner|Stonjourner, L91, F|140/330\n|move|p1a: Falinks|Close Combat|p2a: Stonjourner\n|-supereffective|p2a: Stonjourner\n|-damage|p2a: Stonjourner|0 fnt\n|-unboost|p1a: Falinks|def|1\n|-unboost|p1a: Falinks|spd|1\n|faint|p2a: Stonjourner\n|-damage|p1a: Falinks|83/249|[from] item: Life Orb\n|\n|-weather|SunnyDay|[upkeep]\n|upkeep\n|\n|t:|1726805004\n|switch|p2a: Masquerain|Masquerain, L87, M|264/264\n|-ability|p2a: Masquerain|Intimidate|boost\n|-unboost|p1a: Falinks|atk|1\n|-ability|p1a: Falinks|Defiant|boost\n|-boost|p1a: Falinks|atk|2\n|turn|25\n|\n|t:|1726805015\n|move|p1a: Falinks|Iron Head|p2a: Masquerain\n|-damage|p2a: Masquerain|87/264\n|-damage|p1a: Falinks|59/249|[from] item: Life Orb\n|cant|p2a: Masquerain|flinch\n|\n|-weather|SunnyDay|[upkeep]\n|upkeep\n|turn|26\n|\n|t:|1726805020\n|move|p1a: Falinks|Iron Head|p2a: Masquerain\n|-crit|p2a: Masquerain\n|-damage|p2a: Masquerain|0 fnt\n|faint|p2a: Masquerain\n|-damage|p1a: Falinks|35/249|[from] item: Life Orb\n|\n|-weather|none\n|upkeep\n|\n|t:|1726805022\n|switch|p2a: Conkeldurr|Conkeldurr, L80, M|281/299 brn\n|turn|27\n|\n|t:|1726805025\n|move|p2a: Conkeldurr|Mach Punch|p1a: Falinks\n|-damage|p1a: Falinks|0 fnt\n|faint|p1a: Falinks\n|\n|-damage|p2a: Conkeldurr|263/299 brn|[from] brn\n|upkeep\n|\n|t:|1726805027\n|switch|p1a: Minun|Minun, L95, M|242/268\n|turn|28\n|\n|t:|1726805030\n|-terastallize|p2a: Conkeldurr|Normal\n|move|p1a: Minun|Alluring Voice|p2a: Conkeldurr\n|-damage|p2a: Conkeldurr|160/299 brn\n|-damage|p1a: Minun|216/268|[from] item: Life Orb\n|move|p2a: Conkeldurr|Facade|p1a: Minun\n|-damage|p1a: Minun|0 fnt\n|faint|p1a: Minun\n|\n|-damage|p2a: Conkeldurr|142/299 brn|[from] brn\n|upkeep\n|\n|t:|1726805033\n|switch|p1a: Clodsire|Clodsire, L81, M|343/343\n|turn|29\n|\n|t:|1726805036\n|move|p2a: Conkeldurr|Facade|p1a: Clodsire\n|-crit|p1a: Clodsire\n|-damage|p1a: Clodsire|0 fnt\n|faint|p1a: Clodsire\n|\n|win|MunchyAxolotls\n|raw|Flocanin83's rating: 2235 &rarr; <strong>2213</strong><br />(-22 for losing)\n|raw|MunchyAxolotls's rating: 2194 &rarr; <strong>2216</strong><br />(+22 for winning)\n|l|\u2606MunchyAxolotls\n|player|p2|\n|l|\u203dFlocanin83\n|player|p1|\n|j|\u2606MunchyAxolotls\n|player|p2|MunchyAxolotls|lillie-masters2|\n", "inputlog": ">version ddf5848a381b6afa3b8db755b9bdef59b522c4eb\n>start {\"formatid\":\"gen9randombattle\",\"seed\":[45904,50559,46732,30233],\"rated\":\"Rated battle\"}\n>player p1 {\"name\":\"Flocanin83\",\"avatar\":\"artist-gen4\",\"rating\":2235,\"seed\":[16538,33512,6677,10156]}\n>player p2 {\"name\":\"MunchyAxolotls\",\"avatar\":\"lillie-masters2\",\"rating\":2194,\"seed\":[34321,43696,11102,41053]}\n>p1 move earthquake\n>p2 move stealthrock\n>p1 switch 5\n>p2 move earthquake\n>p1 move roost\n>p2 move heatcrash\n>p1 switch 4\n>p1 move shadowball\n>p2 switch 5\n>p1 move defog\n>p2 move encore\n>p1 switch 2\n>p2 move tidyup\n>p1 move willowisp\n>p2 move populationbomb\n>p1 switch 2\n>p2 move populationbomb\n>p1 move defog\n>p2 move bite\n>p1 switch 2\n>p2 move encore\n>p1 switch 2\n>p2 move populationbomb\n>p1 move strengthsap\n>p2 move bite\n>p1 move strengthsap\n>p2 move bite\n>p1 switch 2\n>p2 move encore\n>p1 switch 2\n>p2 move tidyup\n>p1 move airslash\n>p2 move bite\n>p2 switch 4\n>p1 move strengthsap\n>p2 move dragondance\n>p1 move shadowball\n>p2 move dragondance\n>p1 move shadowball\n>p2 move icepunch\n>p1 move shadowball\n>p2 move liquidation\n>p1 switch 6\n>p2 switch 5\n>p1 move grassknot\n>p2 switch 6\n>p2 switch 3\n>p1 switch 2\n>p2 move closecombat\n>p1 switch 3\n>p1 move noretreat\n>p2 move closecombat\n>p1 move closecombat\n>p2 switch 6\n>p2 switch 2\n>p1 move ironhead\n>p2 move quiverdance\n>p1 move ironhead\n>p2 move quiverdance\n>p2 switch 6\n>p1 move closecombat\n>p2 move machpunch\n>p1 switch 2\n>p1 move alluringvoice\n>p2 move facade terastallize\n>p1 switch 5\n>p1 move earthquake\n>p2 move facade", "uploadtime": 1726805063, "views": 107, "formatid": "gen9randombattle", "rating": 2213, "private": 0, "password": null}