{"id": "gen9randombattle-2260038332", "format": "[Gen 9] Random Battle", "players": ["JOGADOR BR 085", "JuanKamata"], "log": "|j|\u2606JOGADOR BR 085\n|j|\u2606JuanKamata\n|t:|1733794249\n|gametype|singles\n|player|p1|JOGADOR BR 085|ninjaboy|1078\n|player|p2|JuanKamata|lucas|1128\n|teamsize|p1|6\n|teamsize|p2|6\n|gen|9\n|tier|[Gen 9] Random Battle\n|rated|\n|rule|Species Clause: Limit one of each Pok\u00e9mon\n|rule|HP Percentage Mod: HP is shown in percentages\n|rule|Sleep Clause Mod: Limit one foe put to sleep\n|rule|Illusion Level Mod: Illusion disguises the Pok\u00e9mon's true level\n|\n|t:|1733794249\n|start\n|switch|p1a: Lucario|Lucario, L84, M|255/255\n|switch|p2a: Lumineon|Lumineon, L93, M|279/279\n|turn|1\n|inactive|Battle timer is ON: inactive players will automatically lose when time's up. (requested by JOGADOR BR 085)\n|\n|t:|1733794257\n|move|p2a: Lumineon|Alluring Voice|p1a: Lucario\n|-damage|p1a: Lucario|159/255\n|move|p1a: Lucario|Swords Dance|p1a: Lucario\n|-boost|p1a: Lucario|atk|2\n|\n|upkeep\n|turn|2\n|\n|t:|1733794263\n|move|p2a: Lumineon|Alluring Voice|p1a: Lucario\n|-damage|p1a: Lucario|61/255\n|move|p1a: Lucario|Close Combat|p2a: Lumineon\n|-damage|p2a: Lumineon|0 fnt\n|-unboost|p1a: Lucario|def|1\n|-unboost|p1a: Lucario|spd|1\n|faint|p2a: Lumineon\n|-damage|p1a: Lucario|36/255|[from] item: Life Orb\n|\n|upkeep\n|\n|t:|1733794278\n|switch|p2a: Mismagius|Mismagius, L86, F|243/243\n|turn|3\n|\n|t:|1733794284\n|move|p2a: Mismagius|Dazzling Gleam|p1a: Lucario\n|-damage|p1a: Lucario|0 fnt\n|faint|p1a: Lucario\n|\n|upkeep\n|\n|t:|1733794292\n|switch|p1a: Magearna|Magearna, L77|250/250\n|turn|4\n|\n|t:|1733794302\n|switch|p2a: Raichu|Raichu-Alola, L87, F|246/246\n|move|p1a: Magearna|Shift Gear|p1a: Magearna\n|-boost|p1a: Magearna|spe|2\n|-boost|p1a: Magearna|atk|1\n|\n|upkeep\n|turn|5\n|\n|t:|1733794310\n|move|p1a: Magearna|Iron Head|p2a: Raichu\n|-resisted|p2a: Raichu\n|-damage|p2a: Raichu|167/246\n|move|p2a: Raichu|Focus Blast|p1a: Magearna\n|-damage|p1a: Magearna|146/250\n|-damage|p2a: Raichu|143/246|[from] item: Life Orb\n|\n|upkeep\n|turn|6\n|\n|t:|1733794317\n|move|p1a: Magearna|Fleur Cannon|p2a: Raichu\n|-damage|p2a: Raichu|4/246\n|-unboost|p1a: Magearna|spa|2\n|move|p2a: Raichu|Nasty Plot|p2a: Raichu\n|-boost|p2a: Raichu|spa|2\n|\n|upkeep\n|turn|7\n|\n|t:|1733794322\n|move|p1a: Magearna|Iron Head|p2a: Raichu\n|-resisted|p2a: Raichu\n|-damage|p2a: Raichu|0 fnt\n|faint|p2a: Raichu\n|-ability|p1a: Magearna|Soul-Heart|boost\n|-boost|p1a: Magearna|spa|1\n|\n|upkeep\n|\n|t:|1733794325\n|switch|p2a: Mismagius|Mismagius, L86, F|243/243\n|turn|8\n|\n|t:|1733794330\n|move|p1a: Magearna|Fleur Cannon|p2a: Mismagius\n|-damage|p2a: Mismagius|153/243\n|-unboost|p1a: Magearna|spa|2\n|move|p2a: Mismagius|Trick|p1a: Magearna\n|-activate|p2a: Mismagius|move: Trick|[of] p1a: Magearna\n|-item|p1a: Magearna|Choice Specs|[from] move: Trick\n|-item|p2a: Mismagius|Weakness Policy|[from] move: Trick\n|\n|upkeep\n|turn|9\n|\n|t:|1733794349\n|move|p1a: Magearna|Iron Head|p2a: Mismagius\n|-damage|p2a: Mismagius|14/243\n|move|p2a: Mismagius|Shadow Ball|p1a: Magearna\n|-damage|p1a: Magearna|58/250\n|\n|upkeep\n|turn|10\n|\n|t:|1733794357\n|move|p1a: Magearna|Iron Head|p2a: Mismagius\n|-damage|p2a: Mismagius|0 fnt\n|faint|p2a: Mismagius\n|-ability|p1a: Magearna|Soul-Heart|boost\n|-boost|p1a: Magearna|spa|1\n|\n|upkeep\n|\n|t:|1733794370\n|switch|p2a: Kommo-o|Kommo-o, L78, F|245/245\n|turn|11\n|\n|t:|1733794377\n|move|p1a: Magearna|Iron Head|p2a: Kommo-o\n|-damage|p2a: Kommo-o|160/245\n|move|p2a: Kommo-o|Swords Dance|p2a: Kommo-o\n|-boost|p2a: Kommo-o|atk|2\n|\n|upkeep\n|turn|12\n|\n|t:|1733794401\n|move|p1a: Magearna|Iron Head|p2a: Kommo-o\n|-damage|p2a: Kommo-o|66/245\n|move|p2a: Kommo-o|Swords Dance|p2a: Kommo-o\n|-boost|p2a: Kommo-o|atk|2\n|\n|upkeep\n|turn|13\n|\n|t:|1733794406\n|-terastallize|p2a: Kommo-o|Steel\n|move|p1a: Magearna|Iron Head|p2a: Kommo-o\n|-resisted|p2a: Kommo-o\n|-damage|p2a: Kommo-o|22/245\n|move|p2a: Kommo-o|Iron Head|p1a: Magearna\n|-damage|p1a: Magearna|0 fnt\n|faint|p1a: Magearna\n|\n|upkeep\n|\n|t:|1733794415\n|switch|p1a: Espathra|Espathra, L80, M|283/283\n|turn|14\n|\n|t:|1733794418\n|move|p1a: Espathra|Stored Power|p2a: Kommo-o\n|-resisted|p2a: Kommo-o\n|-damage|p2a: Kommo-o|13/245\n|move|p2a: Kommo-o|Scale Shot|p1a: Espathra\n|-damage|p1a: Espathra|172/283\n|-damage|p1a: Espathra|58/283\n|-damage|p1a: Espathra|0 fnt\n|faint|p1a: Espathra\n|-hitcount|p1: Espathra|3\n|-unboost|p2a: Kommo-o|def|1\n|-boost|p2a: Kommo-o|spe|1\n|\n|upkeep\n|\n|t:|1733794424\n|switch|p1a: Alcremie|Alcremie, L90, F|263/263\n|turn|15\n|\n|t:|1733794428\n|move|p2a: Kommo-o|Iron Head|p1a: Alcremie\n|-supereffective|p1a: Alcremie\n|-damage|p1a: Alcremie|0 fnt\n|faint|p1a: Alcremie\n|\n|upkeep\n|-message|JOGADOR BR 085 forfeited.\n|\n|win|JuanKamata\n|raw|JOGADOR BR 085's rating: 1078 &rarr; <strong>1059</strong><br />(-19 for losing)\n|raw|JuanKamata's rating: 1128 &rarr; <strong>1149</strong><br />(+21 for winning)\n|l|\u2606JOGADOR BR 085\n|player|p1|\n", "inputlog": ">version bfd83cad13791eb5a5a409923076391caf6fb4d4\n>start {\"formatid\":\"gen9randombattle\",\"seed\":[28281,49323,28050,65366],\"rated\":\"Rated battle\"}\n>player p1 {\"name\":\"JOGADOR BR 085\",\"avatar\":\"ninjaboy\",\"rating\":1078,\"seed\":[1043,17078,4863,21274]}\n>player p2 {\"name\":\"JuanKamata\",\"avatar\":\"lucas\",\"rating\":1128,\"seed\":[43446,847,21704,39649]}\n>p1 move swordsdance\n>p2 move alluringvoice\n>p1 move closecombat\n>p2 move alluringvoice\n>p2 switch 4\n>p1 move meteormash\n>p2 move dazzlinggleam\n>p1 switch 4\n>p1 move shiftgear\n>p2 switch 6\n>p1 move ironhead\n>p2 move focusblast\n>p1 move fleurcannon\n>p2 move nastyplot\n>p1 move ironhead\n>p2 move thunderbolt\n>p2 switch 6\n>p1 move fleurcannon\n>p2 move trick\n>p1 move ironhead\n>p2 move shadowball\n>p1 move ironhead\n>p2 move shadowball\n>p2 switch 3\n>p1 move ironhead\n>p2 move swordsdance\n>p1 move ironhead\n>p2 move swordsdance\n>p1 move ironhead\n>p2 move ironhead terastallize\n>p1 switch 2\n>p1 move storedpower\n>p2 move scaleshot\n>p1 switch 5\n>p1 move alluringvoice\n>p2 move ironhead\n>forcelose p1", "uploadtime": 1733794439, "views": 4, "formatid": "gen9randombattle", "rating": 1059, "private": 0, "password": null}