{"id": "gen9randombattle-2133795597", "format": "[Gen 9] Random Battle", "players": ["Norman3!", "chemcoop"], "log": "|badge|p1|bronze|gen9randombattle|100-1\n|uhtml|medal-msg|<div class=\"broadcast-blue\">Curious what those medals under the avatar are? PS now has Ladder Seasons! For more information, check out the <a href=\"https://www.smogon.com/forums/threads/3740067/\">thread on Smogon.</a></div>\n|badge|p2|bronze|gen9randombattle|100-1\n|uhtml|medal-msg|<div class=\"broadcast-blue\">Curious what those medals under the avatar are? PS now has Ladder Seasons! For more information, check out the <a href=\"https://www.smogon.com/forums/threads/3740067/\">thread on Smogon.</a></div>\n|j|\u203dNorman3!\n|j|\u2606chemcoop\n|t:|1717103851\n|gametype|singles\n|player|p1|Norman3!|101|2332\n|player|p2|chemcoop|#chemcoop|2264\n|teamsize|p1|6\n|teamsize|p2|6\n|gen|9\n|tier|[Gen 9] Random Battle\n|rated|\n|rule|Species Clause: Limit one of each Pok\u00e9mon\n|rule|HP Percentage Mod: HP is shown in percentages\n|rule|Sleep Clause Mod: Limit one foe put to sleep\n|rule|Illusion Level Mod: Illusion disguises the Pok\u00e9mon's true level\n|\n|t:|1717103851\n|start\n|switch|p1a: Weezing|Weezing, L88, M|258/258\n|switch|p2a: Registeel|Registeel, L82|265/265\n|turn|1\n|inactive|Battle timer is ON: inactive players will automatically lose when time's up. (requested by Norman3!)\n|\n|t:|1717103886\n|switch|p2a: Articuno|Articuno, L86|295/295\n|-ability|p2a: Articuno|Pressure\n|move|p1a: Weezing|Toxic Spikes|p2a: Articuno\n|-sidestart|p2: chemcoop|move: Toxic Spikes\n|\n|upkeep\n|turn|2\n|\n|t:|1717103891\n|move|p2a: Articuno|Freeze-Dry|p1a: Weezing\n|-damage|p1a: Weezing|176/258\n|move|p1a: Weezing|Fire Blast|p2a: Articuno\n|-supereffective|p2a: Articuno\n|-damage|p2a: Articuno|183/295\n|\n|-heal|p1a: Weezing|192/258|[from] item: Leftovers\n|upkeep\n|turn|3\n|\n|t:|1717103908\n|move|p2a: Articuno|Freeze-Dry|p1a: Weezing\n|-damage|p1a: Weezing|108/258\n|move|p1a: Weezing|Sludge Bomb|p2a: Articuno\n|-damage|p2a: Articuno|111/295\n|\n|-heal|p1a: Weezing|124/258|[from] item: Leftovers\n|upkeep\n|turn|4\n|\n|t:|1717103912\n|move|p2a: Articuno|Freeze-Dry|p1a: Weezing\n|-damage|p1a: Weezing|42/258\n|move|p1a: Weezing|Fire Blast|p2a: Articuno\n|-supereffective|p2a: Articuno\n|-damage|p2a: Articuno|0 fnt\n|faint|p2a: Articuno\n|\n|-heal|p1a: Weezing|58/258|[from] item: Leftovers\n|upkeep\n|\n|t:|1717103917\n|switch|p2a: Ceruledge|Ceruledge, L78, F|245/245\n|turn|5\n|\n|t:|1717103927\n|move|p2a: Ceruledge|Bitter Blade|p1a: Weezing\n|-damage|p1a: Weezing|0 fnt\n|faint|p1a: Weezing\n|\n|upkeep\n|\n|t:|1717103932\n|switch|p1a: Clawitzer|Clawitzer, L86, F|262/262\n|turn|6\n|\n|t:|1717103948\n|move|p2a: Ceruledge|Poltergeist|p1a: Clawitzer\n|-activate|p1a: Clawitzer|move: Poltergeist|Choice Specs\n|-damage|p1a: Clawitzer|151/262\n|move|p1a: Clawitzer|Water Pulse|p2a: Ceruledge\n|-supereffective|p2a: Ceruledge\n|-damage|p2a: Ceruledge|0 fnt\n|faint|p2a: Ceruledge\n|\n|upkeep\n|\n|t:|1717103951\n|switch|p2a: Pincurchin|Pincurchin, L99, M|255/255\n|-status|p2a: Pincurchin|psn\n|-fieldstart|move: Electric Terrain|[from] ability: Electric Surge|[of] p2a: Pincurchin\n|turn|7\n|\n|t:|1717103954\n|switch|p1a: Plusle|Plusle, L95, F|268/268\n|move|p2a: Pincurchin|Toxic Spikes|p1a: Plusle\n|-sidestart|p1: Norman3!|move: Toxic Spikes\n|\n|-damage|p2a: Pincurchin|224/255 psn|[from] psn\n|upkeep\n|turn|8\n|\n|t:|1717103977\n|switch|p2a: Houndstone|Houndstone, L86, M|264/264\n|-status|p2a: Houndstone|psn\n|move|p1a: Plusle|Nasty Plot|p1a: Plusle\n|-boost|p1a: Plusle|spa|2\n|\n|-damage|p2a: Houndstone|231/264 psn|[from] psn\n|upkeep\n|turn|9\n|\n|t:|1717103982\n|-terastallize|p1a: Plusle|Electric\n|move|p1a: Plusle|Thunderbolt|p2a: Houndstone\n|-damage|p2a: Houndstone|0 fnt\n|faint|p2a: Houndstone\n|-damage|p1a: Plusle|242/268|[from] item: Life Orb\n|\n|upkeep\n|\n|t:|1717103993\n|switch|p2a: Registeel|Registeel, L82|265/265\n|turn|10\n|\n|t:|1717103996\n|move|p1a: Plusle|Thunderbolt|p2a: Registeel\n|-damage|p2a: Registeel|0 fnt\n|faint|p2a: Registeel\n|-damage|p1a: Plusle|216/268|[from] item: Life Orb\n|\n|upkeep\n|\n|t:|1717103999\n|switch|p2a: Pincurchin|Pincurchin, L99, M|224/255 psn\n|turn|11\n|j| TiltAccount2\n|\n|t:|1717104002\n|move|p1a: Plusle|Thunderbolt|p2a: Pincurchin\n|-resisted|p2a: Pincurchin\n|-damage|p2a: Pincurchin|0 fnt\n|faint|p2a: Pincurchin\n|-damage|p1a: Plusle|190/268|[from] item: Life Orb\n|\n|-fieldend|move: Electric Terrain\n|upkeep\n|\n|t:|1717104005\n|switch|p2a: Greninja|Greninja, L80, M|246/246\n|-status|p2a: Greninja|psn\n|turn|12\n|\n|t:|1717104009\n|-terastallize|p2a: Greninja|Poison\n|move|p2a: Greninja|Gunk Shot|p1a: Plusle|[miss]\n|-miss|p2a: Greninja|p1a: Plusle\n|move|p1a: Plusle|Thunderbolt|p2a: Greninja\n|-damage|p2a: Greninja|0 fnt\n|faint|p2a: Greninja\n|-damage|p1a: Plusle|164/268|[from] item: Life Orb\n|\n|win|Norman3!\n|raw|Norman3!'s rating: 2332 &rarr; <strong>2348</strong><br />(+16 for winning)\n|raw|chemcoop's rating: 2264 &rarr; <strong>2248</strong><br />(-16 for losing)\n|c|\u2606chemcoop|jesus\n|c|\u2606chemcoop|why not\n|l|\u2606chemcoop\n|player|p2|\n", "inputlog": ">version 82ceab39522df80d6289bc3fb83a311a02ed08de\n>start {\"formatid\":\"gen9randombattle\",\"seed\":[48233,64042,34359,7999],\"rated\":\"Rated battle\"}\n>player p1 {\"name\":\"Norman3!\",\"avatar\":\"101\",\"rating\":2332,\"seed\":[19861,64307,61496,5940]}\n>player p2 {\"name\":\"chemcoop\",\"avatar\":\"#chemcoop\",\"rating\":2264,\"seed\":[59013,17003,21986,3848]}\n>p1 move toxicspikes\n>p2 switch 5\n>p1 move fireblast\n>p2 move freezedry\n>p1 move sludgebomb\n>p2 move freezedry\n>p1 move fireblast\n>p2 move freezedry\n>p2 switch 4\n>p1 move painsplit\n>p2 move bitterblade\n>p1 switch 3\n>p1 move waterpulse\n>p2 move poltergeist\n>p2 switch 2\n>p1 switch 5\n>p2 move toxicspikes\n>p1 move nastyplot\n>p2 switch 6\n>p1 move thunderbolt terastallize\n>p2 move poltergeist\n>p2 switch 5\n>p1 move thunderbolt\n>p2 move bodypress\n>p2 switch 6\n>p1 move thunderbolt\n>p2 move scald\n>p2 switch 3\n>p1 move thunderbolt\n>p2 move gunkshot terastallize", "uploadtime": 1717104026, "views": 218, "formatid": "gen9randombattle", "rating": 2248, "private": 0, "password": null}