{"id": "gen9randombattle-2172418546", "format": "[Gen 9] Random Battle", "players": ["rowaban", "divine.lathe"], "log": "|j|\u2606rowaban\n|j|\u2606divine.lathe\n|t:|1722653029\n|gametype|singles\n|player|p1|rowaban|will|2217\n|player|p2|divine.lathe|unknownf|2304\n|teamsize|p1|6\n|teamsize|p2|6\n|gen|9\n|tier|[Gen 9] Random Battle\n|rated|\n|rule|Species Clause: Limit one of each Pok\u00e9mon\n|rule|HP Percentage Mod: HP is shown in percentages\n|rule|Sleep Clause Mod: Limit one foe put to sleep\n|rule|Illusion Level Mod: Illusion disguises the Pok\u00e9mon's true level\n|\n|t:|1722653029\n|start\n|switch|p1a: Roaring Moon|Roaring Moon, L72|270/270\n|switch|p2a: Toedscruel|Toedscruel, L87, F|281/281\n|turn|1\n|inactive|Battle timer is ON: inactive players will automatically lose when time's up. (requested by rowaban)\n|\n|t:|1722653045\n|switch|p2a: Clefable|Clefable, L83, M|293/293\n|move|p1a: Roaring Moon|U-turn|p2a: Clefable\n|-resisted|p2a: Clefable\n|-damage|p2a: Clefable|247/293\n|\n|t:|1722653058\n|-end|p1a: Roaring Moon|Protosynthesis|[silent]\n|switch|p1a: Lucario|Lucario, L84, F|255/255|[from] U-turn\n|\n|-heal|p2a: Clefable|265/293|[from] item: Leftovers\n|upkeep\n|turn|2\n|\n|t:|1722653064\n|switch|p2a: Grumpig|Grumpig, L92, M|297/297\n|move|p1a: Lucario|Flash Cannon|p2a: Grumpig\n|-damage|p2a: Grumpig|206/297\n|-damage|p1a: Lucario|230/255|[from] item: Life Orb\n|\n|upkeep\n|turn|3\n|\n|t:|1722653082\n|move|p2a: Grumpig|Focus Blast|p1a: Lucario|[miss]\n|-miss|p2a: Grumpig|p1a: Lucario\n|move|p1a: Lucario|Flash Cannon|p2a: Grumpig\n|-damage|p2a: Grumpig|105/297\n|-damage|p1a: Lucario|205/255|[from] item: Life Orb\n|\n|upkeep\n|turn|4\n|\n|t:|1722653087\n|switch|p1a: Calyrex|Calyrex-Shadow, L64|235/235\n|-ability|p1a: Calyrex|As One\n|-ability|p1a: Calyrex|Unnerve\n|move|p2a: Grumpig|Focus Blast|p1a: Calyrex\n|-immune|p1a: Calyrex\n|\n|upkeep\n|turn|5\n|\n|t:|1722653092\n|switch|p2a: Toedscruel|Toedscruel, L87, F|281/281\n|move|p1a: Calyrex|Astral Barrage|p2a: Toedscruel\n|-damage|p2a: Toedscruel|194/281\n|\n|upkeep\n|turn|6\n|\n|t:|1722653105\n|switch|p1a: Virizion|Virizion, L82|283/283\n|move|p2a: Toedscruel|Knock Off|p1a: Virizion\n|-resisted|p1a: Virizion\n|-damage|p1a: Virizion|249/283\n|-ability|p1a: Virizion|Justified|boost\n|-boost|p1a: Virizion|atk|1\n|-enditem|p1a: Virizion|Life Orb|[from] move: Knock Off|[of] p2a: Toedscruel\n|\n|upkeep\n|turn|7\n|\n|t:|1722653116\n|switch|p2a: Clefable|Clefable, L83, M|265/293\n|move|p1a: Virizion|Close Combat|p2a: Clefable\n|-resisted|p2a: Clefable\n|-damage|p2a: Clefable|202/293\n|-unboost|p1a: Virizion|def|1\n|-unboost|p1a: Virizion|spd|1\n|\n|-heal|p2a: Clefable|220/293|[from] item: Leftovers\n|upkeep\n|turn|8\n|\n|t:|1722653122\n|move|p1a: Virizion|Leaf Blade|p2a: Clefable\n|-crit|p2a: Clefable\n|-damage|p2a: Clefable|64/293\n|move|p2a: Clefable|Moonblast|p1a: Virizion\n|-supereffective|p1a: Virizion\n|-damage|p1a: Virizion|93/283\n|-unboost|p1a: Virizion|spa|1\n|\n|-heal|p2a: Clefable|82/293|[from] item: Leftovers\n|upkeep\n|turn|9\n|c|\u2606divine.lathe|:<\n|inactive|divine.lathe has 120 seconds left.\n|j| CutePokesOnly\n|\n|t:|1722653179\n|switch|p2a: Grumpig|Grumpig, L92, M|105/297\n|move|p1a: Virizion|Leaf Blade|p2a: Grumpig\n|-damage|p2a: Grumpig|0 fnt\n|faint|p2a: Grumpig\n|\n|upkeep\n|\n|t:|1722653188\n|switch|p2a: Kricketune|Kricketune, L99, M|312/312\n|turn|10\n|\n|t:|1722653198\n|-terastallize|p1a: Virizion|Rock\n|move|p1a: Virizion|Stone Edge|p2a: Kricketune\n|-supereffective|p2a: Kricketune\n|-damage|p2a: Kricketune|0 fnt\n|faint|p2a: Kricketune\n|\n|upkeep\n|\n|t:|1722653212\n|switch|p2a: Rotom|Rotom-Mow, L86|226/226\n|turn|11\n|\n|t:|1722653218\n|move|p2a: Rotom|Thunderbolt|p1a: Virizion\n|-damage|p1a: Virizion|0 fnt\n|faint|p1a: Virizion\n|\n|upkeep\n|\n|t:|1722653247\n|switch|p1a: Ogerpon|Ogerpon-Hearthflame, L74, F|239/239\n|-ability|p1a: Ogerpon|Mold Breaker\n|turn|12\n|\n|t:|1722653269\n|switch|p2a: Haxorus|Haxorus, L77, M|244/244\n|-ability|p2a: Haxorus|Mold Breaker\n|move|p1a: Ogerpon|Swords Dance|p1a: Ogerpon\n|-boost|p1a: Ogerpon|atk|2\n|\n|upkeep\n|turn|13\n|\n|t:|1722653275\n|move|p1a: Ogerpon|Knock Off|p2a: Haxorus\n|-crit|p2a: Haxorus\n|-damage|p2a: Haxorus|0 fnt\n|-enditem|p2a: Haxorus|Loaded Dice|[from] move: Knock Off|[of] p1a: Ogerpon\n|faint|p2a: Haxorus\n|\n|upkeep\n|c|\u2606divine.lathe|:<\n|c|\u2606divine.lathe|why\n|c|\u2606rowaban|i just evil laughed\n|\n|t:|1722653290\n|switch|p2a: Clefable|Clefable, L83, M|82/293\n|turn|14\n|\n|t:|1722653296\n|-terastallize|p2a: Clefable|Fire\n|move|p1a: Ogerpon|Ivy Cudgel|p2a: Clefable|[anim] Ivy Cudgel Fire\n|-resisted|p2a: Clefable\n|-damage|p2a: Clefable|0 fnt\n|faint|p2a: Clefable\n|\n|upkeep\n|c|\u2606divine.lathe|gg\n|-message|divine.lathe forfeited.\n|\n|win|rowaban\n|raw|rowaban's rating: 2217 &rarr; <strong>2242</strong><br />(+25 for winning)\n|raw|divine.lathe's rating: 2304 &rarr; <strong>2279</strong><br />(-25 for losing)\n|l|\u2606divine.lathe\n|player|p2|\n|l| CutePokesOnly\n", "inputlog": ">version 98564e9644caa9c97c27b095d93861c6c551fe73\n>start {\"formatid\":\"gen9randombattle\",\"seed\":[63603,47066,2442,55783],\"rated\":\"Rated battle\"}\n>player p1 {\"name\":\"rowaban\",\"avatar\":\"will\",\"rating\":2217,\"seed\":[13666,4524,61220,40412]}\n>player p2 {\"name\":\"divine.lathe\",\"avatar\":\"unknownf\",\"rating\":2304,\"seed\":[56976,52090,60755,20713]}\n>p1 move uturn\n>p2 switch 6\n>p1 switch 2\n>p1 move flashcannon\n>p2 switch 3\n>p1 move flashcannon\n>p2 move focusblast\n>p1 switch 5\n>p2 move focusblast\n>p1 move astralbarrage\n>p2 switch 6\n>p1 switch 3\n>p2 move knockoff\n>p1 move closecombat\n>p2 switch 3\n>p1 move leafblade\n>p2 move moonblast\n>chat \u2606divine.lathe|:<\n>p1 move leafblade\n>p2 switch 6\n>p2 switch 4\n>p1 move stoneedge terastallize\n>p2 move pounce\n>p2 switch 2\n>p1 move closecombat\n>p2 move thunderbolt\n>p1 switch 4\n>p1 move swordsdance\n>p2 switch 5\n>p1 move knockoff\n>p2 move scaleshot\n>chat \u2606divine.lathe|:<\n>chat \u2606divine.lathe|why\n>chat \u2606rowaban|i just evil laughed\n>p2 switch 6\n>p1 move ivycudgel\n>p2 move moonlight terastallize\n>chat \u2606divine.lathe|gg\n>forcelose p2", "uploadtime": 1722653314, "views": 155, "formatid": "gen9randombattle", "rating": 2242, "private": 0, "password": null}