{"id": "gen9randombattle-2260561896", "format": "[Gen 9] Random Battle", "players": ["bvnlokjnm", "Lkvs"], "log": "|j|\u2606bvnlokjnm\n|j|\u2606Lkvs\n|t:|1733863780\n|gametype|singles\n|player|p1|bvnlokjnm|102|1000\n|player|p2|Lkvs|birdkeeper-gen4dp|1041\n|teamsize|p1|6\n|teamsize|p2|6\n|gen|9\n|tier|[Gen 9] Random Battle\n|rated|\n|rule|Species Clause: Limit one of each Pok\u00e9mon\n|rule|HP Percentage Mod: HP is shown in percentages\n|rule|Sleep Clause Mod: Limit one foe put to sleep\n|rule|Illusion Level Mod: Illusion disguises the Pok\u00e9mon's true level\n|\n|t:|1733863780\n|start\n|switch|p1a: Illumise|Illumise, L91, F|266/266\n|switch|p2a: Toxtricity|Toxtricity, L82, F|257/257\n|turn|1\n|\n|t:|1733863811\n|switch|p1a: Iron Crown|Iron Crown, L78|268/268\n|move|p2a: Toxtricity|Overdrive|p1a: Iron Crown\n|-damage|p1a: Iron Crown|156/268\n|-enditem|p2a: Toxtricity|Throat Spray\n|-boost|p2a: Toxtricity|spa|1|[from] item: Throat Spray\n|\n|upkeep\n|turn|2\n|\n|t:|1733863821\n|move|p1a: Iron Crown|Psyshock|p2a: Toxtricity\n|-supereffective|p2a: Toxtricity\n|-damage|p2a: Toxtricity|0 fnt\n|faint|p2a: Toxtricity\n|\n|upkeep\n|\n|t:|1733863828\n|switch|p2a: Gothitelle|Gothitelle, L90, F|272/272\n|turn|3\n|\n|t:|1733863842\n|move|p1a: Iron Crown|Psyshock|p2a: Gothitelle\n|-resisted|p2a: Gothitelle\n|-damage|p2a: Gothitelle|212/272\n|move|p2a: Gothitelle|Calm Mind|p2a: Gothitelle\n|-boost|p2a: Gothitelle|spa|1\n|-boost|p2a: Gothitelle|spd|1\n|\n|-heal|p2a: Gothitelle|229/272|[from] item: Leftovers\n|upkeep\n|turn|4\n|\n|t:|1733863854\n|move|p1a: Iron Crown|Psyshock|p2a: Gothitelle\n|-resisted|p2a: Gothitelle\n|-damage|p2a: Gothitelle|166/272\n|move|p2a: Gothitelle|Calm Mind|p2a: Gothitelle\n|-boost|p2a: Gothitelle|spa|1\n|-boost|p2a: Gothitelle|spd|1\n|\n|-heal|p2a: Gothitelle|183/272|[from] item: Leftovers\n|upkeep\n|turn|5\n|\n|t:|1733863861\n|move|p1a: Iron Crown|Psyshock|p2a: Gothitelle\n|-resisted|p2a: Gothitelle\n|-damage|p2a: Gothitelle|120/272\n|move|p2a: Gothitelle|Dark Pulse|p1a: Iron Crown\n|-supereffective|p1a: Iron Crown\n|-crit|p1a: Iron Crown\n|-damage|p1a: Iron Crown|0 fnt\n|faint|p1a: Iron Crown\n|-end|p1a: Iron Crown|Quark Drive|[silent]\n|\n|-heal|p2a: Gothitelle|137/272|[from] item: Leftovers\n|upkeep\n|\n|t:|1733863873\n|switch|p1a: Chi-Yu|Chi-Yu, L77|211/211\n|-ability|p1a: Chi-Yu|Beads of Ruin\n|turn|6\n|\n|t:|1733863880\n|move|p1a: Chi-Yu|Dark Pulse|p2a: Gothitelle\n|-supereffective|p2a: Gothitelle\n|-damage|p2a: Gothitelle|35/272\n|move|p2a: Gothitelle|Thunderbolt|p1a: Chi-Yu\n|-damage|p1a: Chi-Yu|94/211\n|\n|-heal|p2a: Gothitelle|52/272|[from] item: Leftovers\n|upkeep\n|turn|7\n|\n|t:|1733863887\n|move|p1a: Chi-Yu|Dark Pulse|p2a: Gothitelle\n|-supereffective|p2a: Gothitelle\n|-damage|p2a: Gothitelle|0 fnt\n|faint|p2a: Gothitelle\n|\n|upkeep\n|\n|t:|1733863900\n|switch|p2a: Umbreon|Umbreon, L84, F|297/297\n|turn|8\n|\n|t:|1733863906\n|switch|p1a: Annihilape|Annihilape, L76, F|292/292\n|move|p2a: Umbreon|Toxic|p1a: Annihilape\n|-status|p1a: Annihilape|tox\n|\n|-damage|p1a: Annihilape|274/292 tox|[from] psn\n|upkeep\n|turn|9\n|\n|t:|1733863938\n|switch|p2a: Sceptile|Sceptile, L87, F|264/264\n|move|p1a: Annihilape|Bulk Up|p1a: Annihilape\n|-boost|p1a: Annihilape|atk|1\n|-boost|p1a: Annihilape|def|1\n|\n|-heal|p1a: Annihilape|292/292 tox|[from] item: Leftovers\n|-damage|p1a: Annihilape|256/292 tox|[from] psn\n|upkeep\n|turn|10\n|\n|t:|1733863959\n|switch|p1a: Salamence|Salamence, L77, M|273/273\n|move|p2a: Sceptile|Leech Seed|p1a: Salamence\n|-start|p1a: Salamence|move: Leech Seed\n|\n|-damage|p1a: Salamence|239/273|[from] Leech Seed|[of] p2a: Sceptile\n|upkeep\n|turn|11\n|\n|t:|1733863973\n|switch|p2a: Umbreon|Umbreon, L84, F|297/297\n|move|p1a: Salamence|Dragon Dance|p1a: Salamence\n|-boost|p1a: Salamence|atk|1\n|-boost|p1a: Salamence|spe|1\n|\n|-damage|p1a: Salamence|205/273|[from] Leech Seed|[of] p2a: Umbreon\n|upkeep\n|turn|12\n|\n|t:|1733863990\n|move|p1a: Salamence|Outrage|p2a: Umbreon\n|-damage|p2a: Umbreon|113/297\n|move|p2a: Umbreon|Wish|p2a: Umbreon\n|\n|-heal|p2a: Umbreon|131/297|[from] item: Leftovers\n|-damage|p1a: Salamence|171/273|[from] Leech Seed|[of] p2a: Umbreon\n|-heal|p2a: Umbreon|165/297|[silent]\n|upkeep\n|turn|13\n|\n|t:|1733863998\n|move|p2a: Umbreon|Protect|p2a: Umbreon\n|-singleturn|p2a: Umbreon|Protect\n|move|p1a: Salamence|Outrage|p2a: Umbreon|[from]lockedmove\n|-activate|p2a: Umbreon|move: Protect\n|-start|p1a: Salamence|confusion|[fatigue]\n|\n|-heal|p2a: Umbreon|297/297|[from] move: Wish|[wisher] Umbreon\n|-damage|p1a: Salamence|137/273|[from] Leech Seed|[of] p2a: Umbreon\n|upkeep\n|turn|14\n|\n|t:|1733864011\n|switch|p1a: Annihilape|Annihilape, L76, F|256/292 tox\n|move|p2a: Umbreon|Wish|p2a: Umbreon\n|\n|-heal|p1a: Annihilape|274/292 tox|[from] item: Leftovers\n|-damage|p1a: Annihilape|256/292 tox|[from] psn\n|upkeep\n|turn|15\n|\n|t:|1733864017\n|switch|p2a: Sceptile|Sceptile, L87, F|264/264\n|move|p1a: Annihilape|Bulk Up|p1a: Annihilape\n|-boost|p1a: Annihilape|atk|1\n|-boost|p1a: Annihilape|def|1\n|\n|-heal|p1a: Annihilape|274/292 tox|[from] item: Leftovers\n|-damage|p1a: Annihilape|238/292 tox|[from] psn\n|upkeep\n|turn|16\n|\n|t:|1733864030\n|move|p2a: Sceptile|Leech Seed|p1a: Annihilape\n|-start|p1a: Annihilape|move: Leech Seed\n|move|p1a: Annihilape|Taunt|p2a: Sceptile\n|-start|p2a: Sceptile|move: Taunt\n|\n|-heal|p1a: Annihilape|256/292 tox|[from] item: Leftovers\n|-damage|p1a: Annihilape|220/292 tox|[from] Leech Seed|[of] p2a: Sceptile\n|-damage|p1a: Annihilape|166/292 tox|[from] psn\n|upkeep\n|turn|17\n|\n|t:|1733864040\n|switch|p2a: Ho-Oh|Ho-Oh, L71|268/268\n|switch|p1a: Salamence|Salamence, L77, M|137/273\n|\n|upkeep\n|turn|18\n|\n|t:|1733864052\n|move|p1a: Salamence|Dragon Dance|p1a: Salamence\n|-boost|p1a: Salamence|atk|1\n|-boost|p1a: Salamence|spe|1\n|move|p2a: Ho-Oh|Sacred Fire|p1a: Salamence\n|-resisted|p1a: Salamence\n|-damage|p1a: Salamence|83/273\n|\n|upkeep\n|turn|19\n|\n|t:|1733864060\n|move|p1a: Salamence|Dragon Dance|p1a: Salamence\n|-boost|p1a: Salamence|atk|1\n|-boost|p1a: Salamence|spe|1\n|move|p2a: Ho-Oh|Brave Bird|p1a: Salamence\n|-damage|p1a: Salamence|0 fnt\n|faint|p1a: Salamence\n|-damage|p2a: Ho-Oh|241/268|[from] Recoil\n|\n|upkeep\n|\n|t:|1733864069\n|switch|p1a: Illumise|Illumise, L91, F|266/266\n|turn|20\n|\n|t:|1733864072\n|switch|p2a: Umbreon|Umbreon, L84, F|297/297\n|move|p1a: Illumise|Thunder Wave|p2a: Umbreon\n|-hint|Since gen 7, Dark is immune to Prankster moves.\n|-immune|p2a: Umbreon\n|\n|upkeep\n|turn|21\n|\n|t:|1733864082\n|move|p2a: Umbreon|Protect|p2a: Umbreon\n|-singleturn|p2a: Umbreon|Protect\n|move|p1a: Illumise|Bug Buzz|p2a: Umbreon\n|-activate|p2a: Umbreon|move: Protect\n|\n|upkeep\n|turn|22\n|\n|t:|1733864088\n|move|p1a: Illumise|Bug Buzz|p2a: Umbreon\n|-supereffective|p2a: Umbreon\n|-damage|p2a: Umbreon|169/297\n|move|p2a: Umbreon|Toxic|p1a: Illumise\n|-status|p1a: Illumise|tox\n|\n|-heal|p2a: Umbreon|187/297|[from] item: Leftovers\n|-damage|p1a: Illumise|250/266 tox|[from] psn\n|upkeep\n|turn|23\n|\n|t:|1733864098\n|move|p2a: Umbreon|Protect|p2a: Umbreon\n|-singleturn|p2a: Umbreon|Protect\n|move|p1a: Illumise|Encore|p2a: Umbreon\n|-activate|p2a: Umbreon|move: Protect\n|\n|-heal|p2a: Umbreon|205/297|[from] item: Leftovers\n|-damage|p1a: Illumise|218/266 tox|[from] psn\n|upkeep\n|turn|24\n|\n|t:|1733864105\n|move|p1a: Illumise|Bug Buzz|p2a: Umbreon\n|-supereffective|p2a: Umbreon\n|-damage|p2a: Umbreon|65/297\n|move|p2a: Umbreon|Wish|p2a: Umbreon\n|\n|-heal|p2a: Umbreon|83/297|[from] item: Leftovers\n|-damage|p1a: Illumise|170/266 tox|[from] psn\n|upkeep\n|turn|25\n|\n|t:|1733864114\n|move|p2a: Umbreon|Protect|p2a: Umbreon\n|-singleturn|p2a: Umbreon|Protect\n|move|p1a: Illumise|Roost|p1a: Illumise\n|-heal|p1a: Illumise|266/266 tox\n|-singleturn|p1a: Illumise|move: Roost\n|\n|-heal|p2a: Umbreon|231/297|[from] move: Wish|[wisher] Umbreon\n|-heal|p2a: Umbreon|249/297|[from] item: Leftovers\n|-damage|p1a: Illumise|202/266 tox|[from] psn\n|upkeep\n|turn|26\n|\n|t:|1733864129\n|move|p1a: Illumise|Bug Buzz|p2a: Umbreon\n|-supereffective|p2a: Umbreon\n|-damage|p2a: Umbreon|111/297\n|move|p2a: Umbreon|Wish|p2a: Umbreon\n|\n|-heal|p2a: Umbreon|129/297|[from] item: Leftovers\n|-damage|p1a: Illumise|122/266 tox|[from] psn\n|upkeep\n|turn|27\n|\n|t:|1733864143\n|switch|p1a: Annihilape|Annihilape, L76, F|166/292 tox\n|move|p2a: Umbreon|Protect||[still]\n|-fail|p2a: Umbreon\n|\n|-heal|p2a: Umbreon|277/297|[from] move: Wish|[wisher] Umbreon\n|-heal|p1a: Annihilape|184/292 tox|[from] item: Leftovers\n|-heal|p2a: Umbreon|295/297|[from] item: Leftovers\n|-damage|p1a: Annihilape|166/292 tox|[from] psn\n|upkeep\n|turn|28\n|\n|t:|1733864156\n|switch|p2a: Sceptile|Sceptile, L87, F|264/264\n|move|p1a: Annihilape|Drain Punch|p2a: Sceptile\n|-damage|p2a: Sceptile|180/264\n|-heal|p1a: Annihilape|208/292 tox|[from] drain|[of] p2a: Sceptile\n|\n|-heal|p2a: Sceptile|196/264|[from] item: Leftovers\n|-heal|p1a: Annihilape|226/292 tox|[from] item: Leftovers\n|-damage|p1a: Annihilape|190/292 tox|[from] psn\n|upkeep\n|turn|29\n|\n|t:|1733864172\n|switch|p1a: Virizion|Virizion, L82|283/283\n|move|p2a: Sceptile|Leech Seed|p1a: Virizion\n|-immune|p1a: Virizion\n|\n|-heal|p2a: Sceptile|212/264|[from] item: Leftovers\n|upkeep\n|turn|30\n|\n|t:|1733864178\n|switch|p2a: Qwilfish|Qwilfish, L86, F|252/252\n|-ability|p2a: Qwilfish|Intimidate|boost\n|-unboost|p1a: Virizion|atk|1\n|move|p1a: Virizion|Swords Dance|p1a: Virizion\n|-boost|p1a: Virizion|atk|2\n|\n|upkeep\n|turn|31\n|\n|t:|1733864196\n|-terastallize|p1a: Virizion|Rock\n|move|p1a: Virizion|Stone Edge|p2a: Qwilfish|[miss]\n|-miss|p1a: Virizion|p2a: Qwilfish\n|move|p2a: Qwilfish|Thunder Wave|p1a: Virizion\n|-status|p1a: Virizion|par\n|\n|upkeep\n|turn|32\n|\n|t:|1733864203\n|move|p2a: Qwilfish|Waterfall|p1a: Virizion\n|-supereffective|p1a: Virizion\n|-damage|p1a: Virizion|85/283 par\n|move|p1a: Virizion|Stone Edge|p2a: Qwilfish\n|-damage|p2a: Qwilfish|79/252\n|-damage|p1a: Virizion|57/283 par|[from] item: Life Orb\n|\n|-heal|p2a: Qwilfish|94/252|[from] item: Leftovers\n|upkeep\n|turn|33\n|\n|t:|1733864213\n|switch|p1a: Illumise|Illumise, L91, F|122/266 tox\n|move|p2a: Qwilfish|Waterfall|p1a: Illumise\n|-damage|p1a: Illumise|35/266 tox\n|\n|-heal|p2a: Qwilfish|109/252|[from] item: Leftovers\n|-damage|p1a: Illumise|19/266 tox|[from] psn\n|upkeep\n|turn|34\n|\n|t:|1733864221\n|move|p1a: Illumise|Roost|p1a: Illumise\n|-heal|p1a: Illumise|152/266 tox\n|-singleturn|p1a: Illumise|move: Roost\n|move|p2a: Qwilfish|Waterfall|p1a: Illumise\n|-damage|p1a: Illumise|65/266 tox\n|\n|-heal|p2a: Qwilfish|124/252|[from] item: Leftovers\n|-damage|p1a: Illumise|33/266 tox|[from] psn\n|upkeep\n|turn|35\n|\n|t:|1733864231\n|move|p1a: Illumise|Bug Buzz|p2a: Qwilfish\n|-resisted|p2a: Qwilfish\n|-damage|p2a: Qwilfish|58/252\n|move|p2a: Qwilfish|Waterfall|p1a: Illumise\n|-damage|p1a: Illumise|0 fnt\n|faint|p1a: Illumise\n|\n|-heal|p2a: Qwilfish|73/252|[from] item: Leftovers\n|upkeep\n|\n|t:|1733864250\n|switch|p1a: Chi-Yu|Chi-Yu, L77|94/211\n|-ability|p1a: Chi-Yu|Beads of Ruin\n|turn|36\n|\n|t:|1733864277\n|move|p1a: Chi-Yu|Flamethrower|p2a: Qwilfish\n|-resisted|p2a: Qwilfish\n|-damage|p2a: Qwilfish|0 fnt\n|faint|p2a: Qwilfish\n|\n|upkeep\n|\n|t:|1733864279\n|switch|p2a: Ho-Oh|Ho-Oh, L71|268/268\n|turn|37\n|\n|t:|1733864300\n|switch|p1a: Virizion|Virizion, L82, tera:Rock|57/283 par\n|move|p2a: Ho-Oh|Earthquake|p1a: Virizion\n|-supereffective|p1a: Virizion\n|-damage|p1a: Virizion|0 fnt\n|faint|p1a: Virizion\n|\n|upkeep\n|\n|t:|1733864313\n|switch|p1a: Annihilape|Annihilape, L76, F|190/292 tox\n|turn|38\n|\n|t:|1733864330\n|move|p1a: Annihilape|Drain Punch|p2a: Ho-Oh\n|-resisted|p2a: Ho-Oh\n|-damage|p2a: Ho-Oh|227/268\n|-heal|p1a: Annihilape|211/292 tox|[from] drain|[of] p2a: Ho-Oh\n|move|p2a: Ho-Oh|Brave Bird|p1a: Annihilape\n|-supereffective|p1a: Annihilape\n|-damage|p1a: Annihilape|0 fnt\n|faint|p1a: Annihilape\n|-damage|p2a: Ho-Oh|157/268|[from] Recoil\n|\n|upkeep\n|\n|t:|1733864340\n|switch|p1a: Chi-Yu|Chi-Yu, L77|94/211\n|-ability|p1a: Chi-Yu|Beads of Ruin\n|turn|39\n|\n|t:|1733864346\n|move|p1a: Chi-Yu|Dark Pulse|p2a: Ho-Oh\n|-damage|p2a: Ho-Oh|61/268\n|cant|p2a: Ho-Oh|flinch\n|\n|upkeep\n|turn|40\n|\n|t:|1733864351\n|move|p1a: Chi-Yu|Dark Pulse|p2a: Ho-Oh\n|-damage|p2a: Ho-Oh|0 fnt\n|faint|p2a: Ho-Oh\n|\n|upkeep\n|\n|t:|1733864354\n|switch|p2a: Sceptile|Sceptile, L87, F|212/264\n|turn|41\n|\n|t:|1733864357\n|move|p1a: Chi-Yu|Dark Pulse|p2a: Sceptile\n|-damage|p2a: Sceptile|86/264\n|move|p2a: Sceptile|Focus Blast|p1a: Chi-Yu\n|-supereffective|p1a: Chi-Yu\n|-damage|p1a: Chi-Yu|0 fnt\n|faint|p1a: Chi-Yu\n|\n|win|Lkvs\n|raw|bvnlokjnm's rating: 1041 &rarr; <strong>1026</strong><br />(-15 for losing)\n|raw|Lkvs's rating: 1071 &rarr; <strong>1098</strong><br />(+27 for winning)\n", "inputlog": ">version bfd83cad13791eb5a5a409923076391caf6fb4d4\n>start {\"formatid\":\"gen9randombattle\",\"seed\":[14968,62527,54575,60778],\"rated\":\"Rated battle\"}\n>player p1 {\"name\":\"bvnlokjnm\",\"avatar\":\"102\",\"rating\":1000,\"seed\":[12875,33629,8168,33278]}\n>player p2 {\"name\":\"Lkvs\",\"avatar\":\"birdkeeper-gen4dp\",\"rating\":1041,\"seed\":[56386,31156,19246,5476]}\n>p1 switch 2\n>p2 move overdrive\n>p1 move psyshock\n>p2 move shiftgear\n>p2 switch 5\n>p1 move psyshock\n>p2 move calmmind\n>p1 move psyshock\n>p2 move calmmind\n>p1 move psyshock\n>p2 move darkpulse\n>p1 switch 3\n>p1 move darkpulse\n>p2 move thunderbolt\n>p1 move darkpulse\n>p2 move thunderbolt\n>p2 switch 4\n>p1 switch 4\n>p2 move toxic\n>p1 move bulkup\n>p2 switch 3\n>p1 switch 5\n>p2 move leechseed\n>p1 move dragondance\n>p2 switch 3\n>p1 move outrage\n>p2 move wish\n>p1 move outrage\n>p2 move protect\n>p1 switch 5\n>p2 move wish\n>p1 move bulkup\n>p2 switch 3\n>p1 move taunt\n>p2 move leechseed\n>p1 switch 5\n>p2 switch 2\n>p1 move dragondance\n>p2 move sacredfire\n>p1 move dragondance\n>p2 move bravebird\n>p1 switch 2\n>p1 move thunderwave\n>p2 switch 3\n>p1 move bugbuzz\n>p2 move protect\n>p1 move bugbuzz\n>p2 move toxic\n>p1 move encore\n>p2 move protect\n>p1 move bugbuzz\n>p2 move wish\n>p1 move roost\n>p2 move protect\n>p1 move bugbuzz\n>p2 move wish\n>p1 switch 5\n>p2 move protect\n>p1 move drainpunch\n>p2 switch 2\n>p1 switch 6\n>p2 move leechseed\n>p1 move swordsdance\n>p2 switch 6\n>p1 move stoneedge terastallize\n>p2 move thunderwave\n>p1 move stoneedge\n>p2 move waterfall\n>p1 switch 5\n>p2 move waterfall\n>p1 move roost\n>p2 move waterfall\n>p1 move bugbuzz\n>p2 move waterfall\n>p1 switch 4\n>p1 move flamethrower\n>p2 move waterfall\n>p2 switch 3\n>p1 switch 5\n>p2 move earthquake\n>p1 switch 6\n>p1 move drainpunch\n>p2 move bravebird\n>p1 switch 5\n>p1 move darkpulse\n>p2 move earthquake\n>p1 move darkpulse\n>p2 move earthquake\n>p2 switch 6\n>p1 move darkpulse\n>p2 move focusblast", "uploadtime": 1733864373, "views": 1, "formatid": "gen9randombattle", "rating": 1026, "private": 0, "password": null}