{"id": "gen9randombattle-2260545581", "format": "[Gen 9] Random Battle", "players": ["Frikipulpo", "fortnite mafia"], "log": "|j|\u2606Frikipulpo\n|j|\u2606fortnite mafia\n|t:|1733862110\n|gametype|singles\n|player|p1|Frikipulpo|benga|1532\n|player|p2|fortnite mafia|madame|1505\n|teamsize|p1|6\n|teamsize|p2|6\n|gen|9\n|tier|[Gen 9] Random Battle\n|rated|\n|rule|Species Clause: Limit one of each Pok\u00e9mon\n|rule|HP Percentage Mod: HP is shown in percentages\n|rule|Sleep Clause Mod: Limit one foe put to sleep\n|rule|Illusion Level Mod: Illusion disguises the Pok\u00e9mon's true level\n|\n|t:|1733862110\n|start\n|switch|p1a: Incineroar|Incineroar, L82, M|290/290\n|switch|p2a: Snorlax|Snorlax, L82, M|397/397\n|-ability|p1a: Incineroar|Intimidate|boost\n|-unboost|p2a: Snorlax|atk|1\n|turn|1\n|\n|t:|1733862146\n|switch|p2a: Magcargo|Magcargo, L95, F|268/268\n|move|p1a: Incineroar|Knock Off|p2a: Magcargo\n|-damage|p2a: Magcargo|186/268\n|-enditem|p2a: Magcargo|Heavy-Duty Boots|[from] move: Knock Off|[of] p1a: Incineroar\n|\n|upkeep\n|turn|2\n|\n|t:|1733862155\n|switch|p1a: Vaporeon|Vaporeon, L86, M|364/364\n|move|p2a: Magcargo|Yawn|p1a: Vaporeon\n|-start|p1a: Vaporeon|move: Yawn|[of] p2a: Magcargo\n|\n|upkeep\n|turn|3\n|\n|t:|1733862173\n|switch|p1a: Umbreon|Umbreon, L84, M|297/297\n|switch|p2a: Samurott|Samurott, L88, M|310/310\n|\n|upkeep\n|turn|4\n|\n|t:|1733862183\n|switch|p2a: Snorlax|Snorlax, L82, M|397/397\n|move|p1a: Umbreon|Toxic|p2a: Snorlax\n|-status|p2a: Snorlax|tox\n|\n|-damage|p2a: Snorlax|373/397 tox|[from] psn\n|upkeep\n|turn|5\n|\n|t:|1733862194\n|switch|p1a: Incineroar|Incineroar, L82, M|290/290\n|-ability|p1a: Incineroar|Intimidate|boost\n|-unboost|p2a: Snorlax|atk|1\n|move|p2a: Snorlax|Curse|p2a: Snorlax\n|-unboost|p2a: Snorlax|spe|1\n|-boost|p2a: Snorlax|atk|1\n|-boost|p2a: Snorlax|def|1\n|\n|-heal|p2a: Snorlax|397/397 tox|[from] item: Leftovers\n|-damage|p2a: Snorlax|349/397 tox|[from] psn\n|upkeep\n|turn|6\n|\n|t:|1733862202\n|switch|p1a: Arcanine|Arcanine, L84, M|288/288\n|-ability|p1a: Arcanine|Intimidate|boost\n|-unboost|p2a: Snorlax|atk|1\n|move|p2a: Snorlax|Curse|p2a: Snorlax\n|-unboost|p2a: Snorlax|spe|1\n|-boost|p2a: Snorlax|atk|1\n|-boost|p2a: Snorlax|def|1\n|\n|-heal|p2a: Snorlax|373/397 tox|[from] item: Leftovers\n|-damage|p2a: Snorlax|301/397 tox|[from] psn\n|upkeep\n|turn|7\n|\n|t:|1733862206\n|switch|p1a: Incineroar|Incineroar, L82, M|290/290\n|-ability|p1a: Incineroar|Intimidate|boost\n|-unboost|p2a: Snorlax|atk|1\n|move|p2a: Snorlax|Curse|p2a: Snorlax\n|-unboost|p2a: Snorlax|spe|1\n|-boost|p2a: Snorlax|atk|1\n|-boost|p2a: Snorlax|def|1\n|\n|-heal|p2a: Snorlax|325/397 tox|[from] item: Leftovers\n|-damage|p2a: Snorlax|229/397 tox|[from] psn\n|upkeep\n|turn|8\n|\n|t:|1733862211\n|switch|p1a: Arcanine|Arcanine, L84, M|288/288\n|-ability|p1a: Arcanine|Intimidate|boost\n|-unboost|p2a: Snorlax|atk|1\n|move|p2a: Snorlax|Curse|p2a: Snorlax\n|-unboost|p2a: Snorlax|spe|1\n|-boost|p2a: Snorlax|atk|1\n|-boost|p2a: Snorlax|def|1\n|\n|-heal|p2a: Snorlax|253/397 tox|[from] item: Leftovers\n|-damage|p2a: Snorlax|133/397 tox|[from] psn\n|upkeep\n|turn|9\n|\n|t:|1733862213\n|switch|p1a: Incineroar|Incineroar, L82, M|290/290\n|-ability|p1a: Incineroar|Intimidate|boost\n|-unboost|p2a: Snorlax|atk|1\n|move|p2a: Snorlax|Rest|p2a: Snorlax\n|-status|p2a: Snorlax|slp|[from] move: Rest\n|-heal|p2a: Snorlax|397/397 slp|[silent]\n|\n|upkeep\n|turn|10\n|\n|t:|1733862232\n|move|p1a: Incineroar|Swords Dance|p1a: Incineroar\n|-boost|p1a: Incineroar|atk|2\n|cant|p2a: Snorlax|slp\n|move|p2a: Snorlax|Sleep Talk|p2a: Snorlax\n|move|p2a: Snorlax|Body Slam|p1a: Incineroar|[from]move: Sleep Talk\n|-damage|p1a: Incineroar|229/290\n|-status|p1a: Incineroar|par\n|\n|upkeep\n|turn|11\n|\n|t:|1733862239\n|move|p1a: Incineroar|Trailblaze|p2a: Snorlax\n|-damage|p2a: Snorlax|365/397 slp\n|-boost|p1a: Incineroar|spe|1\n|cant|p2a: Snorlax|slp\n|move|p2a: Snorlax|Sleep Talk|p2a: Snorlax\n|move|p2a: Snorlax|Rest||[from]move: Sleep Talk|[still]\n|-fail|p2a: Snorlax\n|\n|-heal|p2a: Snorlax|389/397 slp|[from] item: Leftovers\n|upkeep\n|turn|12\n|\n|t:|1733862247\n|move|p1a: Incineroar|Knock Off|p2a: Snorlax\n|-damage|p2a: Snorlax|286/397 slp\n|-enditem|p2a: Snorlax|Leftovers|[from] move: Knock Off|[of] p1a: Incineroar\n|-curestatus|p2a: Snorlax|slp|[msg]\n|move|p2a: Snorlax|Curse|p2a: Snorlax\n|-unboost|p2a: Snorlax|spe|1\n|-boost|p2a: Snorlax|atk|1\n|-boost|p2a: Snorlax|def|1\n|\n|upkeep\n|turn|13\n|\n|t:|1733862258\n|move|p1a: Incineroar|Flare Blitz|p2a: Snorlax\n|-damage|p2a: Snorlax|240/397\n|-status|p2a: Snorlax|brn\n|-damage|p1a: Incineroar|214/290 par|[from] Recoil\n|move|p2a: Snorlax|Curse|p2a: Snorlax\n|-unboost|p2a: Snorlax|spe|1\n|-boost|p2a: Snorlax|atk|1\n|-boost|p2a: Snorlax|def|1\n|\n|-damage|p2a: Snorlax|216/397 brn|[from] brn\n|upkeep\n|turn|14\n|\n|t:|1733862268\n|switch|p1a: Umbreon|Umbreon, L84, M|297/297\n|move|p2a: Snorlax|Rest|p2a: Snorlax\n|-status|p2a: Snorlax|slp|[from] move: Rest\n|-heal|p2a: Snorlax|397/397 slp|[silent]\n|\n|upkeep\n|turn|15\n|\n|t:|1733862272\n|move|p1a: Umbreon|Foul Play|p2a: Snorlax\n|-damage|p2a: Snorlax|348/397 slp\n|cant|p2a: Snorlax|slp\n|move|p2a: Snorlax|Sleep Talk|p2a: Snorlax\n|move|p2a: Snorlax|Rest||[from]move: Sleep Talk|[still]\n|-fail|p2a: Snorlax\n|\n|upkeep\n|turn|16\n|\n|t:|1733862278\n|move|p1a: Umbreon|Foul Play|p2a: Snorlax\n|-damage|p2a: Snorlax|297/397 slp\n|cant|p2a: Snorlax|slp\n|move|p2a: Snorlax|Sleep Talk|p2a: Snorlax\n|move|p2a: Snorlax|Curse|p2a: Snorlax|[from]move: Sleep Talk\n|-boost|p2a: Snorlax|atk|1\n|\n|upkeep\n|turn|17\n|\n|t:|1733862289\n|switch|p1a: Arcanine|Arcanine, L84, M|288/288\n|-ability|p1a: Arcanine|Intimidate|boost\n|-unboost|p2a: Snorlax|atk|1\n|-curestatus|p2a: Snorlax|slp|[msg]\n|move|p2a: Snorlax|Body Slam|p1a: Arcanine\n|-damage|p1a: Arcanine|146/288\n|\n|upkeep\n|turn|18\n|\n|t:|1733862296\n|switch|p1a: Incineroar|Incineroar, L82, M|214/290 par\n|-ability|p1a: Incineroar|Intimidate|boost\n|-unboost|p2a: Snorlax|atk|1\n|move|p2a: Snorlax|Body Slam|p1a: Incineroar\n|-damage|p1a: Incineroar|111/290 par\n|\n|upkeep\n|turn|19\n|\n|t:|1733862304\n|switch|p1a: Arcanine|Arcanine, L84, M|146/288\n|-ability|p1a: Arcanine|Intimidate|boost\n|-unboost|p2a: Snorlax|atk|1\n|move|p2a: Snorlax|Curse|p2a: Snorlax\n|-boost|p2a: Snorlax|atk|1\n|\n|upkeep\n|turn|20\n|\n|t:|1733862310\n|move|p1a: Arcanine|Morning Sun|p1a: Arcanine\n|-heal|p1a: Arcanine|288/288\n|move|p2a: Snorlax|Body Slam|p1a: Arcanine\n|-damage|p1a: Arcanine|191/288\n|\n|upkeep\n|turn|21\n|\n|t:|1733862318\n|switch|p1a: Incineroar|Incineroar, L82, M|111/290 par\n|-ability|p1a: Incineroar|Intimidate|boost\n|-unboost|p2a: Snorlax|atk|1\n|move|p2a: Snorlax|Body Slam|p1a: Incineroar\n|-crit|p1a: Incineroar\n|-damage|p1a: Incineroar|0 fnt\n|faint|p1a: Incineroar\n|\n|upkeep\n|\n|t:|1733862329\n|switch|p1a: Vaporeon|Vaporeon, L86, M|364/364\n|turn|22\n|c|\u2606fortnite mafia|gs bro\n|\n|t:|1733862332\n|move|p1a: Vaporeon|Scald|p2a: Snorlax\n|-damage|p2a: Snorlax|210/397\n|move|p2a: Snorlax|Body Slam|p1a: Vaporeon\n|-damage|p1a: Vaporeon|285/364\n|\n|-heal|p1a: Vaporeon|307/364|[from] item: Leftovers\n|upkeep\n|turn|23\n|\n|t:|1733862338\n|move|p1a: Vaporeon|Scald|p2a: Snorlax\n|-damage|p2a: Snorlax|120/397\n|move|p2a: Snorlax|Body Slam|p1a: Vaporeon\n|-damage|p1a: Vaporeon|232/364\n|-status|p1a: Vaporeon|par\n|\n|-heal|p1a: Vaporeon|254/364 par|[from] item: Leftovers\n|upkeep\n|turn|24\n|\n|t:|1733862341\n|move|p1a: Vaporeon|Scald|p2a: Snorlax\n|-damage|p2a: Snorlax|39/397\n|move|p2a: Snorlax|Rest|p2a: Snorlax\n|-status|p2a: Snorlax|slp|[from] move: Rest\n|-heal|p2a: Snorlax|397/397 slp|[silent]\n|\n|-heal|p1a: Vaporeon|276/364 par|[from] item: Leftovers\n|upkeep\n|turn|25\n|\n|t:|1733862354\n|switch|p1a: Umbreon|Umbreon, L84, M|297/297\n|cant|p2a: Snorlax|slp\n|move|p2a: Snorlax|Sleep Talk|p2a: Snorlax\n|move|p2a: Snorlax|Rest||[from]move: Sleep Talk|[still]\n|-fail|p2a: Snorlax\n|\n|upkeep\n|turn|26\n|\n|t:|1733862365\n|move|p1a: Umbreon|Foul Play|p2a: Snorlax\n|-damage|p2a: Snorlax|372/397 slp\n|cant|p2a: Snorlax|slp\n|move|p2a: Snorlax|Sleep Talk|p2a: Snorlax\n|move|p2a: Snorlax|Body Slam|p1a: Umbreon|[from]move: Sleep Talk\n|-damage|p1a: Umbreon|240/297\n|\n|-heal|p1a: Umbreon|258/297|[from] item: Leftovers\n|upkeep\n|turn|27\n|\n|t:|1733862387\n|switch|p1a: Arcanine|Arcanine, L84, M|191/288\n|-ability|p1a: Arcanine|Intimidate|boost\n|-unboost|p2a: Snorlax|atk|1\n|-curestatus|p2a: Snorlax|slp|[msg]\n|move|p2a: Snorlax|Body Slam|p1a: Arcanine\n|-damage|p1a: Arcanine|142/288\n|\n|upkeep\n|turn|28\n|inactive|Battle timer is ON: inactive players will automatically lose when time's up. (requested by fortnite mafia)\n|\n|t:|1733862437\n|switch|p1a: Vaporeon|Vaporeon, L86, M|276/364 par\n|switch|p2a: Magcargo|Magcargo, L95, F|186/268\n|\n|-heal|p1a: Vaporeon|298/364 par|[from] item: Leftovers\n|upkeep\n|turn|29\n|\n|t:|1733862446\n|switch|p2a: Sunflora|Sunflora, F|312/312\n|move|p1a: Vaporeon|Scald|p2a: Sunflora\n|-resisted|p2a: Sunflora\n|-damage|p2a: Sunflora|272/312\n|-status|p2a: Sunflora|brn\n|\n|-heal|p1a: Vaporeon|320/364 par|[from] item: Leftovers\n|-damage|p2a: Sunflora|253/312 brn|[from] brn\n|upkeep\n|turn|30\n|\n|t:|1733862454\n|switch|p1a: Umbreon|Umbreon, L84, M|258/297\n|move|p2a: Sunflora|Earth Power|p1a: Umbreon\n|-damage|p1a: Umbreon|153/297\n|\n|-heal|p1a: Umbreon|171/297|[from] item: Leftovers\n|-damage|p2a: Sunflora|234/312 brn|[from] brn\n|upkeep\n|turn|31\n|\n|t:|1733862464\n|switch|p2a: Snorlax|Snorlax, L82, M|372/397\n|move|p1a: Umbreon|Wish|p1a: Umbreon\n|\n|-heal|p1a: Umbreon|189/297|[from] item: Leftovers\n|upkeep\n|turn|32\n|\n|t:|1733862471\n|switch|p1a: Arcanine|Arcanine, L84, M|142/288\n|-ability|p1a: Arcanine|Intimidate|boost\n|-unboost|p2a: Snorlax|atk|1\n|move|p2a: Snorlax|Curse|p2a: Snorlax\n|-unboost|p2a: Snorlax|spe|1\n|-boost|p2a: Snorlax|atk|1\n|-boost|p2a: Snorlax|def|1\n|\n|-heal|p1a: Arcanine|288/288|[from] move: Wish|[wisher] Umbreon\n|upkeep\n|turn|33\n|\n|t:|1733862479\n|move|p1a: Arcanine|Close Combat|p2a: Snorlax\n|-supereffective|p2a: Snorlax\n|-damage|p2a: Snorlax|218/397\n|-unboost|p1a: Arcanine|def|1\n|-unboost|p1a: Arcanine|spd|1\n|move|p2a: Snorlax|Curse|p2a: Snorlax\n|-unboost|p2a: Snorlax|spe|1\n|-boost|p2a: Snorlax|atk|1\n|-boost|p2a: Snorlax|def|1\n|\n|upkeep\n|turn|34\n|\n|t:|1733862487\n|switch|p1a: Umbreon|Umbreon, L84, M|189/297\n|move|p2a: Snorlax|Rest|p2a: Snorlax\n|-status|p2a: Snorlax|slp|[from] move: Rest\n|-heal|p2a: Snorlax|397/397 slp|[silent]\n|\n|-heal|p1a: Umbreon|207/297|[from] item: Leftovers\n|upkeep\n|turn|35\n|\n|t:|1733862492\n|move|p1a: Umbreon|Foul Play|p2a: Snorlax\n|-damage|p2a: Snorlax|294/397 slp\n|cant|p2a: Snorlax|slp\n|move|p2a: Snorlax|Sleep Talk|p2a: Snorlax\n|move|p2a: Snorlax|Curse|p2a: Snorlax|[from]move: Sleep Talk\n|-unboost|p2a: Snorlax|spe|1\n|-boost|p2a: Snorlax|atk|1\n|-boost|p2a: Snorlax|def|1\n|\n|-heal|p1a: Umbreon|225/297|[from] item: Leftovers\n|upkeep\n|turn|36\n|\n|t:|1733862500\n|move|p1a: Umbreon|Foul Play|p2a: Snorlax\n|-crit|p2a: Snorlax\n|-damage|p2a: Snorlax|0 fnt\n|faint|p2a: Snorlax\n|\n|-heal|p1a: Umbreon|243/297|[from] item: Leftovers\n|upkeep\n|\n|t:|1733862506\n|switch|p2a: Flamigo|Flamigo, L82, M|269/269\n|turn|37\n|\n|t:|1733862517\n|move|p2a: Flamigo|Swords Dance|p2a: Flamigo\n|-boost|p2a: Flamigo|atk|2\n|move|p1a: Umbreon|Toxic|p2a: Flamigo\n|-status|p2a: Flamigo|tox\n|\n|-heal|p1a: Umbreon|261/297|[from] item: Leftovers\n|-damage|p2a: Flamigo|253/269 tox|[from] psn\n|upkeep\n|turn|38\n|\n|t:|1733862525\n|move|p2a: Flamigo|Close Combat|p1a: Umbreon\n|-supereffective|p1a: Umbreon\n|-damage|p1a: Umbreon|0 fnt\n|-unboost|p2a: Flamigo|def|1\n|-unboost|p2a: Flamigo|spd|1\n|faint|p1a: Umbreon\n|-damage|p2a: Flamigo|227/269 tox|[from] item: Life Orb\n|\n|-damage|p2a: Flamigo|195/269 tox|[from] psn\n|upkeep\n|\n|t:|1733862531\n|switch|p1a: Mamoswine|Mamoswine, L81, F|311/311\n|turn|39\n|\n|t:|1733862535\n|move|p1a: Mamoswine|Ice Shard|p2a: Flamigo\n|-supereffective|p2a: Flamigo\n|-damage|p2a: Flamigo|0 fnt\n|faint|p2a: Flamigo\n|-damage|p1a: Mamoswine|280/311|[from] item: Life Orb\n|\n|upkeep\n|\n|t:|1733862538\n|switch|p2a: Samurott|Samurott, L88, M|310/310\n|turn|40\n|\n|t:|1733862546\n|switch|p1a: Vaporeon|Vaporeon, L86, M|320/364 par\n|move|p2a: Samurott|Knock Off|p1a: Vaporeon\n|-damage|p1a: Vaporeon|190/364 par\n|-enditem|p1a: Vaporeon|Leftovers|[from] move: Knock Off|[of] p2a: Samurott\n|-damage|p2a: Samurott|279/310|[from] item: Life Orb\n|\n|upkeep\n|turn|41\n|\n|t:|1733862552\n|switch|p2a: Sunflora|Sunflora, F|234/312 brn\n|move|p1a: Vaporeon|Wish|p1a: Vaporeon\n|\n|-damage|p2a: Sunflora|215/312 brn|[from] brn\n|upkeep\n|turn|42\n|\n|t:|1733862562\n|switch|p1a: Sunflora|Sunflora, M|312/312\n|move|p2a: Sunflora|Leaf Storm|p1a: Sunflora\n|-resisted|p1a: Sunflora\n|-damage|p1a: Sunflora|177/312\n|-unboost|p2a: Sunflora|spa|2\n|\n|-heal|p1a: Sunflora|312/312|[from] move: Wish|[wisher] Vaporeon\n|-damage|p2a: Sunflora|196/312 brn|[from] brn\n|upkeep\n|turn|43\n|\n|t:|1733862568\n|switch|p2a: Magcargo|Magcargo, L95, F|186/268\n|move|p1a: Sunflora|Sunny Day|p1a: Sunflora\n|-weather|SunnyDay\n|\n|-weather|SunnyDay|[upkeep]\n|upkeep\n|turn|44\n|\n|t:|1733862571\n|move|p1a: Sunflora|Earth Power|p2a: Magcargo\n|-supereffective|p2a: Magcargo\n|-damage|p2a: Magcargo|0 fnt\n|faint|p2a: Magcargo\n|-damage|p1a: Sunflora|281/312|[from] item: Life Orb\n|\n|-weather|SunnyDay|[upkeep]\n|upkeep\n|\n|t:|1733862581\n|switch|p2a: Sunflora|Sunflora, F|196/312 brn\n|turn|45\n|\n|t:|1733862592\n|switch|p1a: Mamoswine|Mamoswine, L81, F|280/311\n|move|p2a: Sunflora|Sludge Bomb|p1a: Mamoswine\n|-resisted|p1a: Mamoswine\n|-damage|p1a: Mamoswine|180/311\n|-status|p1a: Mamoswine|psn\n|\n|-weather|SunnyDay|[upkeep]\n|-damage|p1a: Mamoswine|142/311 psn|[from] psn\n|-damage|p2a: Sunflora|177/312 brn|[from] brn\n|upkeep\n|turn|46\n|\n|t:|1733862600\n|switch|p2a: Samurott|Samurott, L88, M|279/310\n|move|p1a: Mamoswine|Ice Shard|p2a: Samurott\n|-resisted|p2a: Samurott\n|-damage|p2a: Samurott|248/310\n|-damage|p1a: Mamoswine|111/311 psn|[from] item: Life Orb\n|\n|-weather|SunnyDay|[upkeep]\n|-damage|p1a: Mamoswine|73/311 psn|[from] psn\n|upkeep\n|turn|47\n|\n|t:|1733862608\n|switch|p1a: Vaporeon|Vaporeon, L86, M|190/364 par\n|move|p2a: Samurott|Swords Dance|p2a: Samurott\n|-boost|p2a: Samurott|atk|2\n|\n|-weather|none\n|upkeep\n|turn|48\n|\n|t:|1733862612\n|move|p2a: Samurott|Knock Off|p1a: Vaporeon\n|-damage|p1a: Vaporeon|25/364 par\n|-damage|p2a: Samurott|217/310|[from] item: Life Orb\n|move|p1a: Vaporeon|Scald|p2a: Samurott\n|-resisted|p2a: Samurott\n|-damage|p2a: Samurott|159/310\n|\n|upkeep\n|turn|49\n|\n|t:|1733862616\n|move|p2a: Samurott|Knock Off|p1a: Vaporeon\n|-damage|p1a: Vaporeon|0 fnt\n|faint|p1a: Vaporeon\n|-damage|p2a: Samurott|128/310|[from] item: Life Orb\n|\n|upkeep\n|\n|t:|1733862627\n|switch|p1a: Arcanine|Arcanine, L84, M|288/288\n|-ability|p1a: Arcanine|Intimidate|boost\n|-unboost|p2a: Samurott|atk|1\n|turn|50\n|\n|t:|1733862639\n|move|p2a: Samurott|Aqua Jet|p1a: Arcanine\n|-supereffective|p1a: Arcanine\n|-damage|p1a: Arcanine|106/288\n|-damage|p2a: Samurott|97/310|[from] item: Life Orb\n|move|p1a: Arcanine|Close Combat|p2a: Samurott\n|-damage|p2a: Samurott|6/310\n|-unboost|p1a: Arcanine|def|1\n|-unboost|p1a: Arcanine|spd|1\n|\n|upkeep\n|turn|51\n|\n|t:|1733862647\n|move|p1a: Arcanine|Extreme Speed|p2a: Samurott\n|-damage|p2a: Samurott|0 fnt\n|faint|p2a: Samurott\n|\n|upkeep\n|\n|t:|1733862653\n|switch|p2a: Sunflora|Sunflora, F|177/312 brn\n|turn|52\n|\n|t:|1733862666\n|switch|p1a: Mamoswine|Mamoswine, L81, F|73/311 psn\n|move|p2a: Sunflora|Sludge Bomb|p1a: Mamoswine\n|-resisted|p1a: Mamoswine\n|-damage|p1a: Mamoswine|0 fnt\n|faint|p1a: Mamoswine\n|\n|-damage|p2a: Sunflora|158/312 brn|[from] brn\n|upkeep\n|\n|t:|1733862673\n|switch|p1a: Arcanine|Arcanine, L84, M|106/288\n|-ability|p1a: Arcanine|Intimidate|boost\n|-unboost|p2a: Sunflora|atk|1\n|turn|53\n|\n|t:|1733862678\n|move|p1a: Arcanine|Flare Blitz|p2a: Sunflora\n|-supereffective|p2a: Sunflora\n|-damage|p2a: Sunflora|0 fnt\n|faint|p2a: Sunflora\n|-damage|p1a: Arcanine|54/288|[from] Recoil\n|\n|upkeep\n|\n|t:|1733862681\n|switch|p2a: Wigglytuff|Wigglytuff, L96, F|424/424\n|turn|54\n|\n|t:|1733862690\n|move|p1a: Arcanine|Morning Sun|p1a: Arcanine\n|-heal|p1a: Arcanine|198/288\n|move|p2a: Wigglytuff|Wish|p2a: Wigglytuff\n|\n|upkeep\n|turn|55\n|\n|t:|1733862695\n|move|p1a: Arcanine|Flare Blitz|p2a: Wigglytuff\n|-damage|p2a: Wigglytuff|243/424\n|-damage|p1a: Arcanine|138/288|[from] Recoil\n|move|p2a: Wigglytuff|Thunder Wave|p1a: Arcanine\n|-status|p1a: Arcanine|par\n|\n|-heal|p2a: Wigglytuff|424/424|[from] move: Wish|[wisher] Wigglytuff\n|upkeep\n|turn|56\n|\n|t:|1733862701\n|move|p2a: Wigglytuff|Dazzling Gleam|p1a: Arcanine\n|-resisted|p1a: Arcanine\n|-damage|p1a: Arcanine|82/288 par\n|move|p1a: Arcanine|Morning Sun|p1a: Arcanine\n|-heal|p1a: Arcanine|226/288 par\n|\n|upkeep\n|turn|57\n|\n|t:|1733862704\n|move|p2a: Wigglytuff|Dazzling Gleam|p1a: Arcanine\n|-resisted|p1a: Arcanine\n|-damage|p1a: Arcanine|172/288 par\n|move|p1a: Arcanine|Flare Blitz|p2a: Wigglytuff\n|-damage|p2a: Wigglytuff|222/424\n|-damage|p1a: Arcanine|105/288 par|[from] Recoil\n|\n|-heal|p2a: Wigglytuff|248/424|[from] item: Leftovers\n|upkeep\n|turn|58\n|\n|t:|1733862708\n|move|p2a: Wigglytuff|Wish|p2a: Wigglytuff\n|move|p1a: Arcanine|Morning Sun|p1a: Arcanine\n|-heal|p1a: Arcanine|249/288 par\n|\n|-heal|p2a: Wigglytuff|274/424|[from] item: Leftovers\n|upkeep\n|turn|59\n|\n|t:|1733862711\n|move|p2a: Wigglytuff|Dazzling Gleam|p1a: Arcanine\n|-resisted|p1a: Arcanine\n|-damage|p1a: Arcanine|199/288 par\n|move|p1a: Arcanine|Flare Blitz|p2a: Wigglytuff\n|-damage|p2a: Wigglytuff|85/424\n|-damage|p1a: Arcanine|137/288 par|[from] Recoil\n|\n|-heal|p2a: Wigglytuff|297/424|[from] move: Wish|[wisher] Wigglytuff\n|-heal|p2a: Wigglytuff|323/424|[from] item: Leftovers\n|upkeep\n|turn|60\n|\n|t:|1733862716\n|move|p2a: Wigglytuff|Dazzling Gleam|p1a: Arcanine\n|-resisted|p1a: Arcanine\n|-damage|p1a: Arcanine|85/288 par\n|move|p1a: Arcanine|Morning Sun|p1a: Arcanine\n|-heal|p1a: Arcanine|229/288 par\n|\n|-heal|p2a: Wigglytuff|349/424|[from] item: Leftovers\n|upkeep\n|turn|61\n|\n|t:|1733862719\n|move|p2a: Wigglytuff|Wish|p2a: Wigglytuff\n|move|p1a: Arcanine|Flare Blitz|p2a: Wigglytuff\n|-damage|p2a: Wigglytuff|142/424\n|-damage|p1a: Arcanine|161/288 par|[from] Recoil\n|\n|-heal|p2a: Wigglytuff|168/424|[from] item: Leftovers\n|upkeep\n|turn|62\n|\n|t:|1733862723\n|move|p2a: Wigglytuff|Protect|p2a: Wigglytuff\n|-singleturn|p2a: Wigglytuff|Protect\n|move|p1a: Arcanine|Flare Blitz|p2a: Wigglytuff\n|-activate|p2a: Wigglytuff|move: Protect\n|\n|-heal|p2a: Wigglytuff|380/424|[from] move: Wish|[wisher] Wigglytuff\n|-heal|p2a: Wigglytuff|406/424|[from] item: Leftovers\n|upkeep\n|turn|63\n|\n|t:|1733862726\n|move|p2a: Wigglytuff|Wish|p2a: Wigglytuff\n|move|p1a: Arcanine|Flare Blitz|p2a: Wigglytuff\n|-damage|p2a: Wigglytuff|205/424\n|-damage|p1a: Arcanine|95/288 par|[from] Recoil\n|\n|-heal|p2a: Wigglytuff|231/424|[from] item: Leftovers\n|upkeep\n|turn|64\n|\n|t:|1733862728\n|move|p2a: Wigglytuff|Dazzling Gleam|p1a: Arcanine\n|-resisted|p1a: Arcanine\n|-damage|p1a: Arcanine|45/288 par\n|cant|p1a: Arcanine|par\n|\n|-heal|p2a: Wigglytuff|424/424|[from] move: Wish|[wisher] Wigglytuff\n|upkeep\n|turn|65\n|\n|t:|1733862730\n|move|p2a: Wigglytuff|Dazzling Gleam|p1a: Arcanine\n|-resisted|p1a: Arcanine\n|-damage|p1a: Arcanine|0 fnt\n|faint|p1a: Arcanine\n|\n|upkeep\n|\n|t:|1733862733\n|switch|p1a: Sunflora|Sunflora, M|281/312\n|turn|66\n|\n|t:|1733862745\n|-terastallize|p1a: Sunflora|Fire\n|move|p2a: Wigglytuff|Thunder Wave|p1a: Sunflora\n|-status|p1a: Sunflora|par\n|move|p1a: Sunflora|Sunny Day|p1a: Sunflora\n|-weather|SunnyDay\n|\n|-weather|SunnyDay|[upkeep]\n|upkeep\n|turn|67\n|\n|t:|1733862750\n|move|p2a: Wigglytuff|Wish|p2a: Wigglytuff\n|move|p1a: Sunflora|Weather Ball|p2a: Wigglytuff\n|-damage|p2a: Wigglytuff|0 fnt\n|faint|p2a: Wigglytuff\n|-damage|p1a: Sunflora|250/312 par|[from] item: Life Orb\n|\n|win|Frikipulpo\n|raw|Frikipulpo's rating: 1532 &rarr; <strong>1550</strong><br />(+18 for winning)\n|raw|fortnite mafia's rating: 1505 &rarr; <strong>1487</strong><br />(-18 for losing)\n|c|\u2606Frikipulpo|gg\n|l|\u2606fortnite mafia\n|player|p2|\n", "inputlog": ">version bfd83cad13791eb5a5a409923076391caf6fb4d4\n>start {\"formatid\":\"gen9randombattle\",\"seed\":[59003,13917,30399,35106],\"rated\":\"Rated battle\"}\n>player p1 {\"name\":\"Frikipulpo\",\"avatar\":\"benga\",\"rating\":1532,\"seed\":[25909,57229,56529,37887]}\n>player p2 {\"name\":\"fortnite mafia\",\"avatar\":\"madame\",\"rating\":1505,\"seed\":[34938,34780,62248,36552]}\n>p1 move knockoff\n>p2 switch 4\n>p1 switch 2\n>p2 move yawn\n>p1 switch 3\n>p2 switch 3\n>p1 move toxic\n>p2 switch 4\n>p1 switch 2\n>p2 move curse\n>p1 switch 5\n>p2 move curse\n>p1 switch 5\n>p2 move curse\n>p1 switch 5\n>p2 move curse\n>p1 switch 5\n>p2 move rest\n>p1 move swordsdance\n>p2 move sleeptalk\n>p1 move trailblaze\n>p2 move sleeptalk\n>p1 move knockoff\n>p2 move curse\n>p1 move flareblitz\n>p2 move curse\n>p1 switch 2\n>p2 move rest\n>p1 move foulplay\n>p2 move sleeptalk\n>p1 move foulplay\n>p2 move sleeptalk\n>p1 switch 5\n>p2 move bodyslam\n>p1 switch 2\n>p2 move bodyslam\n>p1 switch 2\n>p2 move curse\n>p1 move morningsun\n>p2 move bodyslam\n>p1 switch 2\n>p2 move bodyslam\n>p1 switch 3\n>chat \u2606fortnite mafia|gs bro\n>p1 move scald\n>p2 move bodyslam\n>p1 move scald\n>p2 move bodyslam\n>p1 move scald\n>p2 move rest\n>p1 switch 5\n>p2 move sleeptalk\n>p1 move foulplay\n>p2 move sleeptalk\n>p1 switch 2\n>p2 move bodyslam\n>p1 switch 5\n>p2 switch 3\n>p1 move scald\n>p2 switch 5\n>p1 switch 2\n>p2 move earthpower\n>p1 move wish\n>p2 switch 3\n>p1 switch 5\n>p2 move curse\n>p1 move closecombat\n>p2 move curse\n>p1 switch 5\n>p2 move rest\n>p1 move foulplay\n>p2 move sleeptalk\n>p1 move foulplay\n>p2 move sleeptalk\n>p2 switch 6\n>p1 move toxic\n>p2 move swordsdance\n>p1 move foulplay\n>p2 move closecombat\n>p1 switch 6\n>p1 move iceshard\n>p2 move closecombat\n>p2 switch 4\n>p1 switch 2\n>p2 move knockoff\n>p1 move wish\n>p2 switch 3\n>p1 switch 4\n>p2 move leafstorm\n>p1 move sunnyday\n>p2 switch 5\n>p1 move earthpower\n>p2 move lavaplume\n>p2 switch 5\n>p1 switch 2\n>p2 move sludgebomb\n>p1 move iceshard\n>p2 switch 3\n>p1 switch 4\n>p2 move swordsdance\n>p1 move scald\n>p2 move knockoff\n>p1 move scald\n>p2 move knockoff\n>p1 switch 5\n>p1 move closecombat\n>p2 move aquajet\n>p1 move extremespeed\n>p2 move knockoff\n>p2 switch 3\n>p1 switch 4\n>p2 move sludgebomb\n>p1 switch 4\n>p1 move flareblitz\n>p2 move sludgebomb\n>p2 switch 2\n>p1 move morningsun\n>p2 move wish\n>p1 move flareblitz\n>p2 move thunderwave\n>p1 move morningsun\n>p2 move dazzlinggleam\n>p1 move flareblitz\n>p2 move dazzlinggleam\n>p1 move morningsun\n>p2 move wish\n>p1 move flareblitz\n>p2 move dazzlinggleam\n>p1 move morningsun\n>p2 move dazzlinggleam\n>p1 move flareblitz\n>p2 move wish\n>p1 move flareblitz\n>p2 move protect\n>p1 move flareblitz\n>p2 move wish\n>p1 move morningsun\n>p2 move dazzlinggleam\n>p1 move morningsun\n>p2 move dazzlinggleam\n>p1 switch 2\n>p1 move sunnyday terastallize\n>p2 move thunderwave\n>p1 move weatherball\n>p2 move wish", "uploadtime": 1733862765, "views": 1, "formatid": "gen9randombattle", "rating": 1487, "private": 0, "password": null}