{"id": "gen9randombattle-2202502560", "format": "[Gen 9] Random Battle", "players": ["Revival Tour", "RBLT JustOut"], "log": "|badge|p1|bronze|gen9randombattle|100-2\n|uhtml|medal-msg|<div class=\"broadcast-blue\">Curious what those medals under the avatar are? PS now has Ladder Seasons! For more information, check out the <a href=\"https://www.smogon.com/forums/threads/3740067/\">thread on Smogon.</a></div>\n|badge|p2|silver|gen9randombattle|30-2\n|uhtml|medal-msg|<div class=\"broadcast-blue\">Curious what those medals under the avatar are? PS now has Ladder Seasons! For more information, check out the <a href=\"https://www.smogon.com/forums/threads/3740067/\">thread on Smogon.</a></div>\n|j|\u2606Revival Tour\n|j|\u2606RBLT JustOut\n|t:|1726449662\n|gametype|singles\n|player|p1|Revival Tour|2|2396\n|player|p2|RBLT JustOut|265|2440\n|teamsize|p1|6\n|teamsize|p2|6\n|gen|9\n|tier|[Gen 9] Random Battle\n|rated|\n|rule|Species Clause: Limit one of each Pok\u00e9mon\n|rule|HP Percentage Mod: HP is shown in percentages\n|rule|Sleep Clause Mod: Limit one foe put to sleep\n|rule|Illusion Level Mod: Illusion disguises the Pok\u00e9mon's true level\n|\n|t:|1726449662\n|start\n|switch|p1a: Yanmega|Yanmega, L82, F|275/275\n|switch|p2a: Seviper|Seviper, L93, M|287/287\n|turn|1\n|c|\u2606RBLT JustOut|o7\n|j| konkrete321\n|c|\u2606Revival Tour|D:\n|c|\u2606RBLT JustOut|Today has not been my day\n|j| rb LTG99\n|l| konkrete321\n|j| oaklies\n|c|\u2606Revival Tour|Ye I saw you tilted back down, unfort\n|c|\u2606Revival Tour|There is always next cycle at least\u2026\n|c|\u2606RBLT JustOut|Mmm\n|c| oaklies|it aint over yet\n|c|\u2606Revival Tour|True I\u2019m a free win as well\n|c|\u2606RBLT JustOut|Doesn't help that I'm at uni atm lol\n|\n|t:|1726449752\n|move|p1a: Yanmega|Protect|p1a: Yanmega\n|-singleturn|p1a: Yanmega|Protect\n|move|p2a: Seviper|Flamethrower|p1a: Yanmega\n|-activate|p1a: Yanmega|move: Protect\n|\n|-ability|p1a: Yanmega|Speed Boost|boost\n|-boost|p1a: Yanmega|spe|1\n|upkeep\n|turn|2\n|j| RBLT Unstoppable\n|\n|t:|1726449798\n|move|p1a: Yanmega|Air Slash|p2a: Seviper\n|-damage|p2a: Seviper|176/287\n|move|p2a: Seviper|Flamethrower|p1a: Yanmega\n|-supereffective|p1a: Yanmega\n|-damage|p1a: Yanmega|47/275\n|\n|-ability|p1a: Yanmega|Speed Boost|boost\n|-boost|p1a: Yanmega|spe|1\n|upkeep\n|turn|3\n|\n|t:|1726449811\n|switch|p1a: Terrakion|Terrakion, L79|273/273\n|switch|p2a: Primarina|Primarina, L83, F|268/268\n|\n|upkeep\n|turn|4\n|c|\u2606Revival Tour|I\u2019m getting sauced already\n|c|\u2606RBLT JustOut|Inadvertently\n|\n|t:|1726449855\n|switch|p1a: Lurantis|Lurantis, L87, F|264/264\n|move|p2a: Primarina|Moonblast|p1a: Lurantis\n|-damage|p1a: Lurantis|141/264\n|\n|-heal|p1a: Lurantis|157/264|[from] item: Leftovers\n|upkeep\n|turn|5\n|c| oaklies|as u should\n|\n|t:|1726449871\n|switch|p2a: Tauros|Tauros-Paldea-Blaze, L81, M|254/254\n|-ability|p2a: Tauros|Intimidate|boost\n|-boost|p1a: Lurantis|atk|1\n|move|p1a: Lurantis|Synthesis|p1a: Lurantis\n|-heal|p1a: Lurantis|264/264\n|\n|upkeep\n|turn|6\n|\n|t:|1726449878\n|switch|p1a: Alomomola|Alomomola, L87, M|429/429\n|move|p2a: Tauros|Flare Blitz|p1a: Alomomola\n|-resisted|p1a: Alomomola\n|-damage|p1a: Alomomola|336/429\n|-damage|p2a: Tauros|223/254|[from] Recoil\n|\n|upkeep\n|turn|7\n|\n|t:|1726449890\n|switch|p2a: Volcanion|Volcanion, L79|255/255\n|move|p1a: Alomomola|Wish|p1a: Alomomola\n|\n|upkeep\n|turn|8\n|c|\u2606Revival Tour|Evil\n|\n|t:|1726449902\n|switch|p1a: Jolteon|Jolteon, L84, M|246/246\n|move|p2a: Volcanion|Steam Eruption|p1a: Jolteon\n|-damage|p1a: Jolteon|116/246\n|-status|p1a: Jolteon|brn\n|\n|-heal|p1a: Jolteon|246/246 brn|[from] move: Wish|[wisher] Alomomola\n|-damage|p1a: Jolteon|231/246 brn|[from] brn\n|upkeep\n|turn|9\n|c|\u2606RBLT JustOut|That's me\n|\n|t:|1726449940\n|switch|p2a: Brute Bonnet|Brute Bonnet, L81|312/312\n|move|p1a: Jolteon|Volt Switch|p2a: Brute Bonnet\n|-resisted|p2a: Brute Bonnet\n|-damage|p2a: Brute Bonnet|254/312\n|\n|t:|1726449954\n|switch|p1a: Terrakion|Terrakion, L79|273/273|[from] Volt Switch\n|\n|-heal|p2a: Brute Bonnet|273/312|[from] item: Leftovers\n|upkeep\n|turn|10\n|l| RBLT Unstoppable\n|j| RBLT Unstoppable\n|\n|t:|1726450001\n|switch|p1a: Lurantis|Lurantis, L87, F|264/264\n|-end|p2a: Brute Bonnet|Protosynthesis|[silent]\n|switch|p2a: Tauros|Tauros-Paldea-Blaze, L81, M|223/254\n|-ability|p2a: Tauros|Intimidate|boost\n|-boost|p1a: Lurantis|atk|1\n|\n|upkeep\n|turn|11\n|\n|t:|1726450009\n|switch|p1a: Alomomola|Alomomola, L87, M|429/429\n|move|p2a: Tauros|Close Combat|p1a: Alomomola\n|-damage|p1a: Alomomola|222/429\n|-unboost|p2a: Tauros|def|1\n|-unboost|p2a: Tauros|spd|1\n|\n|upkeep\n|turn|12\n|\n|t:|1726450019\n|switch|p2a: Volcanion|Volcanion, L79|255/255\n|switch|p1a: Banette|Banette, L93, M|270/270\n|\n|upkeep\n|turn|13\n|\n|t:|1726450027\n|switch|p2a: Furret|Furret, L93, M|309/309\n|-item|p1a: Banette|Life Orb|[from] ability: Frisk|[of] p2a: Furret\n|switch|p1a: Alomomola|Alomomola, L87, M|365/429\n|\n|upkeep\n|turn|14\n|j| Rblt G\n|\n|t:|1726450072\n|switch|p2a: Volcanion|Volcanion, L79|255/255\n|move|p1a: Alomomola|Flip Turn|p2a: Volcanion\n|-immune|p2a: Volcanion|[from] ability: Water Absorb\n|\n|upkeep\n|turn|15\n|l| RBLT Unstoppable\n|\n|t:|1726450093\n|move|p2a: Volcanion|Steam Eruption|p1a: Alomomola\n|-resisted|p1a: Alomomola\n|-crit|p1a: Alomomola\n|-damage|p1a: Alomomola|217/429\n|move|p1a: Alomomola|Wish|p1a: Alomomola\n|\n|upkeep\n|turn|16\n|j| RBLT Unstoppable\n|\n|t:|1726450105\n|switch|p2a: Brute Bonnet|Brute Bonnet, L81|273/312\n|switch|p1a: Jolteon|Jolteon, L84, M|231/246 brn\n|\n|-heal|p1a: Jolteon|246/246 brn|[from] move: Wish|[wisher] Alomomola\n|-heal|p2a: Brute Bonnet|292/312|[from] item: Leftovers\n|-damage|p1a: Jolteon|231/246 brn|[from] brn\n|upkeep\n|turn|17\n|\n|t:|1726450117\n|switch|p1a: Lurantis|Lurantis, L87, F|264/264\n|move|p2a: Brute Bonnet|Sucker Punch||[still]\n|-fail|p2a: Brute Bonnet\n|\n|-heal|p2a: Brute Bonnet|311/312|[from] item: Leftovers\n|upkeep\n|turn|18\n|\n|t:|1726450128\n|-end|p2a: Brute Bonnet|Protosynthesis|[silent]\n|switch|p2a: Seviper|Seviper, L93, M|176/287\n|move|p1a: Lurantis|Leaf Storm|p2a: Seviper\n|-resisted|p2a: Seviper\n|-damage|p2a: Seviper|106/287\n|-boost|p1a: Lurantis|spa|2\n|\n|upkeep\n|turn|19\n|c|\u2606Revival Tour|This is too much switching\n|c|\u2606Revival Tour|I just wanna click buttons with my brain off\n|\n|t:|1726450164\n|switch|p1a: Banette|Banette, L93, M|270/270\n|move|p2a: Seviper|Gunk Shot|p1a: Banette\n|-resisted|p1a: Banette\n|-damage|p1a: Banette|177/270\n|-status|p1a: Banette|psn\n|\n|-damage|p1a: Banette|144/270 psn|[from] psn\n|upkeep\n|turn|20\n|l| RBLT Unstoppable\n|\n|t:|1726450197\n|switch|p2a: Tauros|Tauros-Paldea-Blaze, L81, M|223/254\n|-ability|p2a: Tauros|Intimidate|boost\n|-unboost|p1a: Banette|atk|1\n|move|p1a: Banette|Gunk Shot|p2a: Tauros\n|-damage|p2a: Tauros|135/254\n|-damage|p1a: Banette|117/270 psn|[from] item: Life Orb\n|\n|-damage|p1a: Banette|84/270 psn|[from] psn\n|upkeep\n|turn|21\n|\n|t:|1726450209\n|move|p2a: Tauros|Wild Charge|p1a: Banette\n|-damage|p1a: Banette|0 fnt\n|-start|p2a: Tauros|Disable|Wild Charge|[from] ability: Cursed Body|[of] p1a: Banette\n|faint|p1a: Banette\n|-damage|p2a: Tauros|114/254|[from] Recoil\n|\n|upkeep\n|\n|t:|1726450214\n|switch|p1a: Jolteon|Jolteon, L84, M|231/246 brn\n|turn|22\n|\n|t:|1726450251\n|switch|p2a: Primarina|Primarina, L83, F|268/268\n|move|p1a: Jolteon|Volt Switch|p2a: Primarina\n|-supereffective|p2a: Primarina\n|-damage|p2a: Primarina|70/268\n|l| Rblt G\n|\n|t:|1726450266\n|switch|p1a: Terrakion|Terrakion, L79|273/273|[from] Volt Switch\n|\n|-heal|p2a: Primarina|86/268|[from] item: Leftovers\n|upkeep\n|turn|23\n|\n|t:|1726450287\n|move|p1a: Terrakion|Close Combat|p2a: Primarina\n|-resisted|p2a: Primarina\n|-damage|p2a: Primarina|0 fnt\n|-unboost|p1a: Terrakion|def|1\n|-unboost|p1a: Terrakion|spd|1\n|faint|p2a: Primarina\n|-damage|p1a: Terrakion|246/273|[from] item: Life Orb\n|\n|upkeep\n|\n|t:|1726450304\n|switch|p2a: Seviper|Seviper, L93, M|106/287\n|turn|24\n|\n|t:|1726450315\n|switch|p1a: Yanmega|Yanmega, L82, F|47/275\n|move|p2a: Seviper|Gunk Shot|p1a: Yanmega|[miss]\n|-miss|p2a: Seviper|p1a: Yanmega\n|\n|upkeep\n|turn|25\n|\n|t:|1726450327\n|switch|p2a: Furret|Furret, L93, M|309/309\n|-item|p1a: Yanmega|Heavy-Duty Boots|[from] ability: Frisk|[of] p2a: Furret\n|move|p1a: Yanmega|Protect||[still]\n|-fail|p1a: Yanmega\n|\n|-ability|p1a: Yanmega|Speed Boost|boost\n|-boost|p1a: Yanmega|spe|1\n|upkeep\n|turn|26\n|\n|t:|1726450343\n|switch|p1a: Alomomola|Alomomola, L87, M|360/429\n|move|p2a: Furret|Knock Off|p1a: Alomomola\n|-damage|p1a: Alomomola|263/429\n|-enditem|p1a: Alomomola|Heavy-Duty Boots|[from] move: Knock Off|[of] p2a: Furret\n|-damage|p2a: Furret|279/309|[from] item: Life Orb\n|\n|upkeep\n|turn|27\n|\n|t:|1726450357\n|move|p2a: Furret|Tidy Up|p2a: Furret\n|-boost|p2a: Furret|atk|1\n|-boost|p2a: Furret|spe|1\n|move|p1a: Alomomola|Scald|p2a: Furret\n|-damage|p2a: Furret|213/309\n|\n|upkeep\n|turn|28\n|\n|t:|1726450375\n|switch|p1a: Yanmega|Yanmega, L82, F|47/275\n|-terastallize|p2a: Furret|Normal\n|move|p2a: Furret|Double-Edge|p1a: Yanmega\n|-damage|p1a: Yanmega|0 fnt\n|faint|p1a: Yanmega\n|-damage|p2a: Furret|197/309|[from] Recoil\n|-damage|p2a: Furret|167/309|[from] item: Life Orb\n|\n|upkeep\n|\n|t:|1726450387\n|switch|p1a: Terrakion|Terrakion, L79|246/273\n|turn|29\n|\n|t:|1726450396\n|move|p2a: Furret|Brick Break|p1a: Terrakion\n|-supereffective|p1a: Terrakion\n|-damage|p1a: Terrakion|38/273\n|-damage|p2a: Furret|137/309|[from] item: Life Orb\n|move|p1a: Terrakion|Close Combat|p2a: Furret\n|-supereffective|p2a: Furret\n|-crit|p2a: Furret\n|-damage|p2a: Furret|0 fnt\n|-unboost|p1a: Terrakion|def|1\n|-unboost|p1a: Terrakion|spd|1\n|faint|p2a: Furret\n|-damage|p1a: Terrakion|11/273|[from] item: Life Orb\n|\n|upkeep\n|\n|t:|1726450412\n|switch|p2a: Seviper|Seviper, L93, M|106/287\n|turn|30\n|\n|t:|1726450434\n|switch|p1a: Alomomola|Alomomola, L87, M|406/429\n|move|p2a: Seviper|Flamethrower|p1a: Alomomola\n|-resisted|p1a: Alomomola\n|-damage|p1a: Alomomola|343/429\n|\n|upkeep\n|turn|31\n|\n|t:|1726450446\n|switch|p2a: Brute Bonnet|Brute Bonnet, L81|311/312\n|switch|p1a: Jolteon|Jolteon, L84, M|231/246 brn\n|\n|-heal|p2a: Brute Bonnet|312/312|[from] item: Leftovers\n|-damage|p1a: Jolteon|216/246 brn|[from] brn\n|upkeep\n|turn|32\n|\n|t:|1726450459\n|switch|p1a: Lurantis|Lurantis, L87, F|264/264\n|move|p2a: Brute Bonnet|Close Combat|p1a: Lurantis\n|-damage|p1a: Lurantis|168/264\n|-unboost|p2a: Brute Bonnet|def|1\n|-unboost|p2a: Brute Bonnet|spd|1\n|\n|-heal|p1a: Lurantis|184/264|[from] item: Leftovers\n|upkeep\n|turn|33\n|\n|t:|1726450481\n|-end|p2a: Brute Bonnet|Protosynthesis|[silent]\n|switch|p2a: Tauros|Tauros-Paldea-Blaze, L81, M|114/254\n|-ability|p2a: Tauros|Intimidate|boost\n|-boost|p1a: Lurantis|atk|1\n|move|p1a: Lurantis|Leaf Storm|p2a: Tauros\n|-resisted|p2a: Tauros\n|-damage|p2a: Tauros|41/254\n|-boost|p1a: Lurantis|spa|2\n|\n|-heal|p1a: Lurantis|200/264|[from] item: Leftovers\n|upkeep\n|turn|34\n|\n|t:|1726450503\n|switch|p1a: Alomomola|Alomomola, L87, M|429/429\n|move|p2a: Tauros|Close Combat|p1a: Alomomola\n|-damage|p1a: Alomomola|213/429\n|-unboost|p2a: Tauros|def|1\n|-unboost|p2a: Tauros|spd|1\n|\n|upkeep\n|turn|35\n|c|\u2606Revival Tour|Holy shite\n|c|\u2606Revival Tour|Strong ass boi\n|c|\u2606RBLT JustOut|Fr\n|\n|t:|1726450589\n|switch|p2a: Volcanion|Volcanion, L79|255/255\n|move|p1a: Alomomola|Protect||[still]\n|-fail|p1a: Alomomola\n|\n|upkeep\n|turn|36\n|\n|t:|1726450604\n|move|p2a: Volcanion|Sludge Bomb|p1a: Alomomola\n|-damage|p1a: Alomomola|106/429\n|move|p1a: Alomomola|Wish|p1a: Alomomola\n|\n|upkeep\n|turn|37\n|\n|t:|1726450613\n|switch|p2a: Brute Bonnet|Brute Bonnet, L81|312/312\n|move|p1a: Alomomola|Protect||[still]\n|-fail|p1a: Alomomola\n|\n|-heal|p1a: Alomomola|320/429|[from] move: Wish|[wisher] Alomomola\n|upkeep\n|turn|38\n|\n|t:|1726450631\n|switch|p1a: Lurantis|Lurantis, L87, F|200/264\n|-end|p2a: Brute Bonnet|Protosynthesis|[silent]\n|switch|p2a: Volcanion|Volcanion, L79|255/255\n|\n|-heal|p1a: Lurantis|216/264|[from] item: Leftovers\n|upkeep\n|turn|39\n|\n|t:|1726450668\n|switch|p1a: Alomomola|Alomomola, L87, M|429/429\n|move|p2a: Volcanion|Sludge Bomb|p1a: Alomomola\n|-damage|p1a: Alomomola|316/429\n|\n|upkeep\n|turn|40\n|\n|t:|1726450673\n|move|p2a: Volcanion|Sludge Bomb|p1a: Alomomola\n|-damage|p1a: Alomomola|216/429\n|-status|p1a: Alomomola|psn\n|move|p1a: Alomomola|Wish|p1a: Alomomola\n|\n|-damage|p1a: Alomomola|163/429 psn|[from] psn\n|upkeep\n|turn|41\n|\n|t:|1726450694\n|switch|p1a: Terrakion|Terrakion, L79|11/273\n|move|p2a: Volcanion|Sludge Bomb|p1a: Terrakion\n|-resisted|p1a: Terrakion\n|-damage|p1a: Terrakion|0 fnt\n|faint|p1a: Terrakion\n|\n|upkeep\n|\n|t:|1726450695\n|switch|p1a: Jolteon|Jolteon, L84, M|216/246 brn\n|turn|42\n|j| Tomonami\n|c|\u2606Revival Tour|I\u2019m washed\n|\n|t:|1726450716\n|move|p1a: Jolteon|Volt Switch|p2a: Volcanion\n|-supereffective|p2a: Volcanion\n|-damage|p2a: Volcanion|0 fnt\n|faint|p2a: Volcanion\n|c|\u2606RBLT JustOut|Nope I am\n|\n|t:|1726450722\n|switch|p1a: Alomomola|Alomomola, L87, M|306/429 psn|[from] Volt Switch\n|\n|-damage|p1a: Alomomola|253/429 psn|[from] psn\n|upkeep\n|\n|t:|1726450737\n|switch|p2a: Seviper|Seviper, L93, M|106/287\n|turn|43\n|\n|t:|1726450753\n|move|p2a: Seviper|Giga Drain|p1a: Alomomola\n|-supereffective|p1a: Alomomola\n|-damage|p1a: Alomomola|49/429 psn\n|-heal|p2a: Seviper|208/287|[from] drain|[of] p1a: Alomomola\n|move|p1a: Alomomola|Flip Turn|p2a: Seviper\n|-damage|p2a: Seviper|145/287\n|j| vsfsvsd\n|\n|t:|1726450756\n|switch|p1a: Jolteon|Jolteon, L84, M|216/246 brn|[from] Flip Turn\n|\n|-damage|p1a: Jolteon|201/246 brn|[from] brn\n|upkeep\n|turn|44\n|\n|t:|1726450777\n|switch|p2a: Brute Bonnet|Brute Bonnet, L81|312/312\n|move|p1a: Jolteon|Thunderbolt|p2a: Brute Bonnet\n|-resisted|p2a: Brute Bonnet\n|-damage|p2a: Brute Bonnet|240/312\n|\n|-heal|p2a: Brute Bonnet|259/312|[from] item: Leftovers\n|-damage|p1a: Jolteon|186/246 brn|[from] brn\n|upkeep\n|turn|45\n|\n|t:|1726450785\n|-end|p2a: Brute Bonnet|Protosynthesis|[silent]\n|switch|p2a: Seviper|Seviper, L93, M|145/287\n|move|p1a: Jolteon|Thunderbolt|p2a: Seviper\n|-damage|p2a: Seviper|0 fnt\n|faint|p2a: Seviper\n|\n|-damage|p1a: Jolteon|171/246 brn|[from] brn\n|upkeep\n|c|\u2606RBLT JustOut|:(\n|\n|t:|1726450790\n|switch|p2a: Brute Bonnet|Brute Bonnet, L81|259/312\n|turn|46\n|c|\u2606Revival Tour|;(\n|j| 45 azcvfaza\n|\n|t:|1726450851\n|switch|p1a: Lurantis|Lurantis, L87, F|216/264\n|-end|p2a: Brute Bonnet|Protosynthesis|[silent]\n|switch|p2a: Tauros|Tauros-Paldea-Blaze, L81, M|41/254\n|-ability|p2a: Tauros|Intimidate|boost\n|-boost|p1a: Lurantis|atk|1\n|\n|-heal|p1a: Lurantis|232/264|[from] item: Leftovers\n|upkeep\n|turn|47\n|\n|t:|1726450866\n|switch|p1a: Alomomola|Alomomola, L87, M|192/429 psn\n|move|p2a: Tauros|Close Combat|p1a: Alomomola\n|-damage|p1a: Alomomola|0 fnt\n|-unboost|p2a: Tauros|def|1\n|-unboost|p2a: Tauros|spd|1\n|faint|p1a: Alomomola\n|\n|upkeep\n|\n|t:|1726450870\n|switch|p1a: Jolteon|Jolteon, L84, M|171/246 brn\n|turn|48\n|c|\u2606Revival Tour|Gg\n|\n|t:|1726450890\n|move|p1a: Jolteon|Alluring Voice|p2a: Tauros\n|-damage|p2a: Tauros|0 fnt\n|faint|p2a: Tauros\n|\n|-damage|p1a: Jolteon|156/246 brn|[from] brn\n|upkeep\n|c|\u2606RBLT JustOut|gg\n|\n|t:|1726450893\n|switch|p2a: Brute Bonnet|Brute Bonnet, L81|259/312\n|turn|49\n|\n|t:|1726450902\n|-terastallize|p1a: Jolteon|Fairy\n|move|p2a: Brute Bonnet|Sucker Punch|p1a: Jolteon\n|-resisted|p1a: Jolteon\n|-damage|p1a: Jolteon|101/246 brn\n|move|p1a: Jolteon|Alluring Voice|p2a: Brute Bonnet\n|-supereffective|p2a: Brute Bonnet\n|-damage|p2a: Brute Bonnet|13/312\n|\n|-heal|p2a: Brute Bonnet|32/312|[from] item: Leftovers\n|-damage|p1a: Jolteon|86/246 brn|[from] brn\n|upkeep\n|turn|50\n|\n|t:|1726450908\n|move|p2a: Brute Bonnet|Sucker Punch|p1a: Jolteon\n|-resisted|p1a: Jolteon\n|-crit|p1a: Jolteon\n|-damage|p1a: Jolteon|6/246 brn\n|move|p1a: Jolteon|Alluring Voice|p2a: Brute Bonnet\n|-supereffective|p2a: Brute Bonnet\n|-damage|p2a: Brute Bonnet|0 fnt\n|faint|p2a: Brute Bonnet\n|-end|p2a: Brute Bonnet|Protosynthesis|[silent]\n|\n|win|Revival Tour\n|raw|Revival Tour's rating: 2396 &rarr; <strong>2416</strong><br />(+20 for winning)\n|raw|RBLT JustOut's rating: 2399 &rarr; <strong>2379</strong><br />(-20 for losing)\n", "inputlog": ">version abcf08933808d3fb39dbc2b54a8665d830b47482\n>start {\"formatid\":\"gen9randombattle\",\"seed\":[8128,48193,8088,11802],\"rated\":\"Rated battle\"}\n>player p1 {\"name\":\"Revival Tour\",\"avatar\":\"2\",\"rating\":2396,\"seed\":[32176,57790,59933,13532]}\n>player p2 {\"name\":\"RBLT JustOut\",\"avatar\":\"265\",\"rating\":2440,\"seed\":[47461,37800,62498,16475]}\n>chat \u2606RBLT JustOut|o7\n>chat \u2606Revival Tour|D:\n>chat \u2606RBLT JustOut|Today has not been my day\n>chat \u2606Revival Tour|Ye I saw you tilted back down, unfort\n>chat \u2606Revival Tour|There is always next cycle at least\u2026\n>chat \u2606RBLT JustOut|Mmm\n>chat  oaklies|it aint over yet\n>chat \u2606Revival Tour|True I\u2019m a free win as well\n>chat \u2606RBLT JustOut|Doesn't help that I'm at uni atm lol\n>p1 move protect\n>p2 move flamethrower\n>p1 move airslash\n>p2 move flamethrower\n>p1 switch 3\n>p2 switch 6\n>chat \u2606Revival Tour|I\u2019m getting sauced already\n>chat \u2606RBLT JustOut|Inadvertently\n>p1 switch 5\n>p2 move moonblast\n>chat  oaklies|as u should\n>p1 move synthesis\n>p2 switch 3\n>p1 switch 4\n>p2 move flareblitz\n>p1 move wish\n>p2 switch 2\n>chat \u2606Revival Tour|Evil\n>p1 switch 6\n>p2 move steameruption\n>chat \u2606RBLT JustOut|That's me\n>p1 move voltswitch\n>p2 switch 4\n>p1 switch 5\n>p1 switch 4\n>p2 switch 2\n>p1 switch 6\n>p2 move closecombat\n>p1 switch 2\n>p2 switch 4\n>p1 switch 2\n>p2 switch 5\n>p1 move flipturn\n>p2 switch 5\n>p1 move wish\n>p2 move steameruption\n>p1 switch 5\n>p2 switch 2\n>p1 switch 6\n>p2 move suckerpunch\n>p1 move leafstorm\n>p2 switch 6\n>chat \u2606Revival Tour|This is too much switching \n>chat \u2606Revival Tour|I just wanna click buttons with my brain off\n>p1 switch 2\n>p2 move gunkshot\n>p1 move gunkshot\n>p2 switch 4\n>p1 move gunkshot\n>p2 move wildcharge\n>p1 switch 6\n>p1 move voltswitch\n>p2 switch 3\n>p1 switch 4\n>p1 move closecombat\n>p2 move sparklingaria\n>p2 switch 4\n>p1 switch 3\n>p2 move gunkshot\n>p1 move protect\n>p2 switch 5\n>p1 switch 5\n>p2 move knockoff\n>p1 move scald\n>p2 move tidyup\n>p1 switch 5\n>p2 move doubleedge terastallize\n>p1 switch 3\n>p1 move closecombat\n>p2 move brickbreak\n>p2 switch 5\n>p1 switch 5\n>p2 move flamethrower\n>p1 switch 4\n>p2 switch 6\n>p1 switch 2\n>p2 move closecombat\n>p1 move leafstorm\n>p2 switch 3\n>p1 switch 4\n>p2 move closecombat\n>chat \u2606Revival Tour|Holy shite\n>chat \u2606Revival Tour|Strong ass boi \n>chat \u2606RBLT JustOut|Fr\n>p1 move protect\n>p2 switch 2\n>p1 move wish\n>p2 move sludgebomb\n>p1 move protect\n>p2 switch 3\n>p1 switch 4\n>p2 switch 3\n>p1 switch 4\n>p2 move sludgebomb\n>p1 move wish\n>p2 move sludgebomb\n>p1 switch 5\n>p2 move sludgebomb\n>p1 switch 2\n>chat \u2606Revival Tour|I\u2019m washed\n>p1 move voltswitch\n>p2 move sludgebomb\n>chat \u2606RBLT JustOut|Nope I am\n>p1 switch 5\n>p2 switch 6\n>p1 move flipturn\n>p2 move gigadrain\n>p1 switch 5\n>p1 move thunderbolt\n>p2 switch 3\n>p1 move thunderbolt\n>p2 switch 3\n>chat \u2606RBLT JustOut|:(\n>p2 switch 3\n>chat \u2606Revival Tour|;(\n>p1 switch 4\n>p2 switch 2\n>p1 switch 5\n>p2 move closecombat\n>p1 switch 4\n>chat \u2606Revival Tour|Gg\n>p1 move alluringvoice\n>p2 move closecombat\n>chat \u2606RBLT JustOut|gg\n>p2 switch 2\n>p1 move alluringvoice terastallize\n>p2 move suckerpunch\n>p1 move alluringvoice\n>p2 move suckerpunch", "uploadtime": 1726450910, "views": 94, "formatid": "gen9randombattle", "rating": 2379, "private": 0, "password": null}