{"id": "gen9randombattle-2108846828", "format": "[Gen 9] Random Battle", "players": ["Boris Huang - YT", "ThisIsSamsAccount"], "log": "|badge|p1|bronze|gen9randombattle|100-1\n|uhtml|medal-msg|<div class=\"broadcast-blue\">Curious what those medals under the avatar are? PS now has Ladder Seasons! For more information, check out the <a href=\"https://www.smogon.com/forums/threads/3740067/\">thread on Smogon.</a></div>\n|badge|p2|bronze|gen9randombattle|100-1\n|uhtml|medal-msg|<div class=\"broadcast-blue\">Curious what those medals under the avatar are? PS now has Ladder Seasons! For more information, check out the <a href=\"https://www.smogon.com/forums/threads/3740067/\">thread on Smogon.</a></div>\n|j|\u2606Boris Huang - YT\n|j|\u2606ThisIsSamsAccount\n|t:|1713769138\n|gametype|singles\n|player|p1|Boris Huang - YT|#rbtt7teamrayquaza|2366\n|player|p2|ThisIsSamsAccount|102|2348\n|teamsize|p1|6\n|teamsize|p2|6\n|gen|9\n|tier|[Gen 9] Random Battle\n|rated|\n|rule|Species Clause: Limit one of each Pok\u00e9mon\n|rule|HP Percentage Mod: HP is shown in percentages\n|rule|Sleep Clause Mod: Limit one foe put to sleep\n|rule|Illusion Level Mod: Illusion disguises the Pok\u00e9mon's true level\n|\n|t:|1713769138\n|start\n|switch|p1a: Lurantis|Lurantis, L88, M|266/266\n|switch|p2a: Dodrio|Dodrio, L85, M|241/241\n|turn|1\n|inactive|Battle timer is ON: inactive players will automatically lose when time's up. (requested by ThisIsSamsAccount)\n|inactive|Boris Huang - YT also wants the timer to be on.\n|\n|t:|1713769157\n|switch|p1a: Toucannon|Toucannon, L88, F|284/284\n|move|p2a: Dodrio|Brave Bird|p1a: Toucannon\n|-damage|p1a: Toucannon|137/284\n|-damage|p2a: Dodrio|192/241|[from] Recoil\n|\n|upkeep\n|turn|2\n|\n|t:|1713769178\n|switch|p2a: Hoopa|Hoopa-Unbound, L80|259/259\n|-singleturn|p1a: Toucannon|move: Beak Blast\n|move|p1a: Toucannon|Beak Blast|p2a: Hoopa\n|-damage|p2a: Hoopa|72/259\n|\n|upkeep\n|turn|3\n|\n|t:|1713769194\n|switch|p1a: Iron Treads|Iron Treads, L77|265/265\n|move|p2a: Hoopa|Hyperspace Fury|p1a: Iron Treads\n|-damage|p1a: Iron Treads|75/265\n|-unboost|p2a: Hoopa|def|1\n|\n|-heal|p1a: Iron Treads|91/265|[from] item: Leftovers\n|upkeep\n|turn|4\n|\n|t:|1713769212\n|switch|p2a: Gurdurr|Gurdurr, L85, M|283/283\n|move|p1a: Iron Treads|Stealth Rock|p2a: Gurdurr\n|-sidestart|p2: ThisIsSamsAccount|move: Stealth Rock\n|\n|-heal|p1a: Iron Treads|107/265|[from] item: Leftovers\n|upkeep\n|turn|5\n|\n|t:|1713769219\n|move|p1a: Iron Treads|Volt Switch|p2a: Gurdurr\n|-damage|p2a: Gurdurr|250/283\n|\n|t:|1713769225\n|-end|p1a: Iron Treads|Quark Drive|[silent]\n|switch|p1a: Lurantis|Lurantis, L88, M|266/266|[from] Volt Switch\n|move|p2a: Gurdurr|Defog|p1a: Lurantis\n|-boost|p1a: Lurantis|evasion|1\n|-sideend|p2: ThisIsSamsAccount|Stealth Rock|[from] move: Defog|[of] p2a: Gurdurr\n|\n|upkeep\n|turn|6\n|\n|t:|1713769238\n|switch|p2a: Sinistcha|Sinistcha, L83|254/254\n|move|p1a: Lurantis|Superpower|p2a: Sinistcha\n|-immune|p2a: Sinistcha\n|\n|upkeep\n|turn|7\n|\n|t:|1713769246\n|move|p2a: Sinistcha|Calm Mind|p2a: Sinistcha\n|-boost|p2a: Sinistcha|spa|1\n|-boost|p2a: Sinistcha|spd|1\n|move|p1a: Lurantis|Leaf Storm|p2a: Sinistcha\n|-resisted|p2a: Sinistcha\n|-damage|p2a: Sinistcha|206/254\n|-boost|p1a: Lurantis|spa|2\n|\n|-heal|p2a: Sinistcha|221/254|[from] item: Leftovers\n|upkeep\n|turn|8\n|\n|t:|1713769256\n|move|p2a: Sinistcha|Shadow Ball|p1a: Lurantis\n|-damage|p1a: Lurantis|122/266\n|move|p1a: Lurantis|Leaf Storm|p2a: Sinistcha\n|-resisted|p2a: Sinistcha\n|-crit|p2a: Sinistcha\n|-damage|p2a: Sinistcha|18/254\n|-boost|p1a: Lurantis|spa|2\n|\n|-heal|p2a: Sinistcha|33/254|[from] item: Leftovers\n|-heal|p1a: Lurantis|138/266|[from] item: Leftovers\n|upkeep\n|turn|9\n|\n|t:|1713769264\n|move|p2a: Sinistcha|Shadow Ball|p1a: Lurantis|[miss]\n|-miss|p2a: Sinistcha|p1a: Lurantis\n|move|p1a: Lurantis|Synthesis|p1a: Lurantis\n|-heal|p1a: Lurantis|266/266\n|\n|-heal|p2a: Sinistcha|48/254|[from] item: Leftovers\n|upkeep\n|turn|10\n|c|\u2606Boris Huang - YT|let's gooo\n|\n|t:|1713769270\n|move|p2a: Sinistcha|Shadow Ball|p1a: Lurantis\n|-damage|p1a: Lurantis|133/266\n|move|p1a: Lurantis|Leaf Storm|p2a: Sinistcha\n|-resisted|p2a: Sinistcha\n|-damage|p2a: Sinistcha|0 fnt\n|-boost|p1a: Lurantis|spa|2\n|faint|p2a: Sinistcha\n|\n|-heal|p1a: Lurantis|149/266|[from] item: Leftovers\n|upkeep\n|\n|t:|1713769278\n|switch|p2a: Dodrio|Dodrio, L85, M|192/241\n|turn|11\n|\n|t:|1713769284\n|move|p2a: Dodrio|Brave Bird|p1a: Lurantis|[miss]\n|-miss|p2a: Dodrio|p1a: Lurantis\n|move|p1a: Lurantis|Leaf Storm|p2a: Dodrio\n|-resisted|p2a: Dodrio\n|-damage|p2a: Dodrio|0 fnt\n|faint|p2a: Dodrio\n|\n|-heal|p1a: Lurantis|165/266|[from] item: Leftovers\n|upkeep\n|c|\u2606Boris Huang - YT|let''s goooo x2\n|\n|t:|1713769295\n|switch|p2a: Hoopa|Hoopa-Unbound, L80|72/259\n|turn|12\n|\n|t:|1713769310\n|-terastallize|p1a: Lurantis|Fighting\n|move|p2a: Hoopa|Hyperspace Fury|p1a: Lurantis\n|-resisted|p1a: Lurantis\n|-damage|p1a: Lurantis|58/266\n|-unboost|p2a: Hoopa|def|1\n|move|p1a: Lurantis|Synthesis|p1a: Lurantis\n|-heal|p1a: Lurantis|191/266\n|\n|-heal|p1a: Lurantis|207/266|[from] item: Leftovers\n|upkeep\n|turn|13\n|c|\u2606ThisIsSamsAccount|that's on me, should have used hoopa\n|\n|t:|1713769335\n|move|p2a: Hoopa|Hyperspace Fury|p1a: Lurantis\n|-resisted|p1a: Lurantis\n|-damage|p1a: Lurantis|100/266\n|-unboost|p2a: Hoopa|def|1\n|move|p1a: Lurantis|Synthesis|p1a: Lurantis\n|-heal|p1a: Lurantis|233/266\n|\n|-heal|p1a: Lurantis|249/266|[from] item: Leftovers\n|upkeep\n|turn|14\n|\n|t:|1713769341\n|move|p2a: Hoopa|Hyperspace Fury|p1a: Lurantis\n|-resisted|p1a: Lurantis\n|-damage|p1a: Lurantis|148/266\n|-unboost|p2a: Hoopa|def|1\n|move|p1a: Lurantis|Superpower|p2a: Hoopa\n|-damage|p2a: Hoopa|0 fnt\n|-boost|p1a: Lurantis|atk|1\n|-boost|p1a: Lurantis|def|1\n|faint|p2a: Hoopa\n|\n|-heal|p1a: Lurantis|164/266|[from] item: Leftovers\n|upkeep\n|\n|t:|1713769356\n|switch|p2a: Ursaring|Ursaring, L84, F|288/288\n|turn|15\n|\n|t:|1713769360\n|move|p2a: Ursaring|Body Slam|p1a: Lurantis\n|-damage|p1a: Lurantis|95/266\n|move|p1a: Lurantis|Superpower|p2a: Ursaring\n|-supereffective|p2a: Ursaring\n|-damage|p2a: Ursaring|0 fnt\n|-boost|p1a: Lurantis|atk|1\n|-boost|p1a: Lurantis|def|1\n|faint|p2a: Ursaring\n|\n|-heal|p1a: Lurantis|111/266|[from] item: Leftovers\n|upkeep\n|\n|t:|1713769365\n|switch|p2a: Groudon|Groudon, L72|263/263\n|-weather|SunnyDay|[from] ability: Drought|[of] p2a: Groudon\n|turn|16\n|\n|t:|1713769371\n|move|p2a: Groudon|Thunder Wave|p1a: Lurantis\n|-status|p1a: Lurantis|par\n|move|p1a: Lurantis|Synthesis|p1a: Lurantis\n|-heal|p1a: Lurantis|266/266 par\n|\n|-weather|SunnyDay|[upkeep]\n|upkeep\n|turn|17\n|\n|t:|1713769384\n|move|p2a: Groudon|Swords Dance|p2a: Groudon\n|-boost|p2a: Groudon|atk|2\n|cant|p1a: Lurantis|par\n|\n|-weather|SunnyDay|[upkeep]\n|upkeep\n|turn|18\n|\n|t:|1713769392\n|move|p2a: Groudon|Heat Crash|p1a: Lurantis|[miss]\n|-miss|p2a: Groudon|p1a: Lurantis\n|move|p1a: Lurantis|Leaf Storm|p2a: Groudon\n|-supereffective|p2a: Groudon\n|-damage|p2a: Groudon|0 fnt\n|faint|p2a: Groudon\n|\n|-weather|SunnyDay|[upkeep]\n|upkeep\n|-message|ThisIsSamsAccount forfeited.\n|\n|win|Boris Huang - YT\n|raw|Boris Huang - YT's rating: 2380 &rarr; <strong>2398</strong><br />(+18 for winning)\n|raw|ThisIsSamsAccount's rating: 2348 &rarr; <strong>2330</strong><br />(-18 for losing)\n|l|\u2606ThisIsSamsAccount\n|player|p2|\n", "inputlog": ">version fbb8b57732b6c70e2e4ee2e2de24924a41f5cba4\n>start {\"formatid\":\"gen9randombattle\",\"seed\":[31321,54038,21066,16568],\"rated\":\"Rated battle\"}\n>player p1 {\"name\":\"Boris Huang - YT\",\"avatar\":\"#rbtt7teamrayquaza\",\"rating\":2366,\"seed\":[40928,59276,14017,43208]}\n>player p2 {\"name\":\"ThisIsSamsAccount\",\"avatar\":\"102\",\"rating\":2348,\"seed\":[19507,28894,47143,14911]}\n>p1 switch 6\n>p2 move bravebird\n>p1 move beakblast\n>p2 switch 3\n>p1 switch 5\n>p2 move hyperspacefury\n>p1 move stealthrock\n>p2 switch 4\n>p1 move voltswitch\n>p2 move defog\n>p1 switch 6\n>p1 move superpower\n>p2 switch 5\n>p1 move leafstorm\n>p2 move calmmind\n>p1 move leafstorm\n>p2 move shadowball\n>p1 move synthesis\n>p2 move shadowball\n>chat \u2606Boris Huang - YT|let's gooo\n>p1 move leafstorm\n>p2 move shadowball\n>p2 switch 3\n>p1 move leafstorm\n>p2 move bravebird\n>chat \u2606Boris Huang - YT|let''s goooo x2\n>p2 switch 4\n>p1 move synthesis terastallize\n>p2 move hyperspacefury\n>chat \u2606ThisIsSamsAccount|that's on me, should have used hoopa\n>p1 move synthesis\n>p2 move hyperspacefury\n>p1 move superpower\n>p2 move hyperspacefury\n>p2 switch 2\n>p1 move superpower\n>p2 move bodyslam\n>p2 switch 6\n>p1 move synthesis\n>p2 move thunderwave\n>p1 move leafstorm\n>p2 move swordsdance\n>p1 move leafstorm\n>p2 move heatcrash\n>forcelose p2", "uploadtime": 1713769400, "views": 248, "formatid": "gen9randombattle", "rating": 2330, "private": 0, "password": null}