{"id": "gen9randombattle-2260336861", "format": "[Gen 9] Random Battle", "players": ["leilinqiu", "MrPopoTheGodOfAlll"], "log": "|j|\u2606leilinqiu\n|j|\u2606MrPopoTheGodOfAlll\n|t:|1733841399\n|gametype|singles\n|player|p1|leilinqiu|101|1301\n|player|p2|MrPopoTheGodOfAlll|ash-sinnoh|1317\n|teamsize|p1|6\n|teamsize|p2|6\n|gen|9\n|tier|[Gen 9] Random Battle\n|rated|\n|rule|Species Clause: Limit one of each Pok\u00e9mon\n|rule|HP Percentage Mod: HP is shown in percentages\n|rule|Sleep Clause Mod: Limit one foe put to sleep\n|rule|Illusion Level Mod: Illusion disguises the Pok\u00e9mon's true level\n|\n|t:|1733841399\n|start\n|switch|p1a: Whimsicott|Whimsicott, L85, F|241/241\n|switch|p2a: Ribombee|Ribombee, L82, F|233/233\n|turn|1\n|inactive|Battle timer is ON: inactive players will automatically lose when time's up. (requested by MrPopoTheGodOfAlll)\n|inactive|leilinqiu has 120 seconds left.\n|l|\u2606leilinqiu\n|inactive|leilinqiu disconnected and has a minute to reconnect!\n|player|p1|\n|j|\u2606leilinqiu\n|inactive|leilinqiu reconnected and has 110 seconds left.\n|player|p1|leilinqiu|101|\n|\n|t:|1733841448\n|move|p1a: Whimsicott|Substitute|p1a: Whimsicott\n|-start|p1a: Whimsicott|Substitute\n|-damage|p1a: Whimsicott|181/241\n|move|p2a: Ribombee|U-turn|p1a: Whimsicott\n|-activate|p1a: Whimsicott|move: Substitute|[damage]\n|\n|t:|1733841461\n|switch|p2a: Sylveon|Sylveon, L85, M|300/300|[from] U-turn\n|\n|-heal|p1a: Whimsicott|196/241|[from] item: Leftovers\n|upkeep\n|turn|2\n|\n|t:|1733841472\n|move|p1a: Whimsicott|Leech Seed|p2a: Sylveon|[miss]\n|-miss|p1a: Whimsicott|p2a: Sylveon\n|move|p2a: Sylveon|Hyper Voice|p1a: Whimsicott\n|-damage|p1a: Whimsicott|58/241\n|\n|-heal|p1a: Whimsicott|73/241|[from] item: Leftovers\n|upkeep\n|turn|3\n|\n|t:|1733841488\n|-terastallize|p1a: Whimsicott|Steel\n|move|p1a: Whimsicott|Leech Seed|p2a: Sylveon\n|-start|p2a: Sylveon|move: Leech Seed\n|move|p2a: Sylveon|Hyper Voice|p1a: Whimsicott\n|-resisted|p1a: Whimsicott\n|-damage|p1a: Whimsicott|0 fnt\n|faint|p1a: Whimsicott\n|\n|upkeep\n|c|\u2606MrPopoTheGodOfAlll|poor whimsicott\n|inactive|leilinqiu has 120 seconds left.\n|\n|t:|1733841511\n|switch|p1a: Arceus|Arceus-Flying, L69|279/279\n|turn|4\n|\n|t:|1733841519\n|switch|p2a: Kilowattrel|Kilowattrel, L83, F|252/252\n|move|p1a: Arceus|Calm Mind|p1a: Arceus\n|-boost|p1a: Arceus|spa|1\n|-boost|p1a: Arceus|spd|1\n|\n|upkeep\n|turn|5\n|inactive|leilinqiu has 120 seconds left.\n|\n|t:|1733841557\n|move|p2a: Kilowattrel|Thunderbolt|p1a: Arceus\n|-supereffective|p1a: Arceus\n|-damage|p1a: Arceus|151/279\n|move|p1a: Arceus|Judgment|p2a: Kilowattrel\n|-resisted|p2a: Kilowattrel\n|-crit|p2a: Kilowattrel\n|-damage|p2a: Kilowattrel|98/252\n|\n|upkeep\n|turn|6\n|\n|t:|1733841587\n|move|p2a: Kilowattrel|Thunderbolt|p1a: Arceus\n|-supereffective|p1a: Arceus\n|-damage|p1a: Arceus|29/279\n|move|p1a: Arceus|Recover|p1a: Arceus\n|-heal|p1a: Arceus|169/279\n|\n|upkeep\n|turn|7\n|\n|t:|1733841599\n|-terastallize|p2a: Kilowattrel|Electric\n|move|p2a: Kilowattrel|Thunderbolt|p1a: Arceus\n|-supereffective|p1a: Arceus\n|-damage|p1a: Arceus|0 fnt\n|faint|p1a: Arceus\n|\n|upkeep\n|\n|t:|1733841609\n|switch|p1a: Gastrodon|Gastrodon-East, L86, F|331/331\n|turn|8\n|\n|t:|1733841621\n|move|p2a: Kilowattrel|U-turn|p1a: Gastrodon\n|-damage|p1a: Gastrodon|286/331\n|\n|t:|1733841637\n|switch|p2a: Ribombee|Ribombee, L82, F|233/233|[from] U-turn\n|move|p1a: Gastrodon|Earthquake|p2a: Ribombee\n|-resisted|p2a: Ribombee\n|-damage|p2a: Ribombee|165/233\n|\n|-heal|p1a: Gastrodon|306/331|[from] item: Leftovers\n|upkeep\n|turn|9\n|inactive|leilinqiu has 120 seconds left.\n|\n|t:|1733841650\n|switch|p1a: Ceruledge|Ceruledge, L78, F|245/245\n|move|p2a: Ribombee|Sticky Web|p1a: Ceruledge\n|-sidestart|p1: leilinqiu|move: Sticky Web\n|\n|upkeep\n|turn|10\n|\n|t:|1733841658\n|move|p2a: Ribombee|Stun Spore|p1a: Ceruledge|[miss]\n|-miss|p2a: Ribombee|p1a: Ceruledge\n|move|p1a: Ceruledge|Swords Dance|p1a: Ceruledge\n|-boost|p1a: Ceruledge|atk|2\n|\n|upkeep\n|turn|11\n|\n|t:|1733841669\n|move|p2a: Ribombee|Stun Spore|p1a: Ceruledge\n|-status|p1a: Ceruledge|par\n|move|p1a: Ceruledge|Bitter Blade|p2a: Ribombee\n|-supereffective|p2a: Ribombee\n|-damage|p2a: Ribombee|0 fnt\n|faint|p2a: Ribombee\n|\n|upkeep\n|\n|t:|1733841677\n|switch|p2a: Dudunsparce|Dudunsparce, L83, M|343/343\n|turn|12\n|\n|t:|1733841680\n|move|p2a: Dudunsparce|Earthquake|p1a: Ceruledge\n|-supereffective|p1a: Ceruledge\n|-damage|p1a: Ceruledge|73/245 par\n|-ability|p1a: Ceruledge|Weak Armor|boost\n|-unboost|p1a: Ceruledge|def|1\n|-boost|p1a: Ceruledge|spe|2\n|move|p1a: Ceruledge|Close Combat|p2a: Dudunsparce\n|-supereffective|p2a: Dudunsparce\n|-damage|p2a: Dudunsparce|0 fnt\n|-unboost|p1a: Ceruledge|def|1\n|-unboost|p1a: Ceruledge|spd|1\n|faint|p2a: Dudunsparce\n|\n|upkeep\n|\n|t:|1733841691\n|switch|p2a: Pawmot|Pawmot, L80, M|243/243\n|turn|13\n|\n|t:|1733841703\n|move|p2a: Pawmot|Double Shock|p1a: Ceruledge\n|-damage|p1a: Ceruledge|0 fnt\n|-start|p2a: Pawmot|typechange|???/Fighting|[from] move: Double Shock\n|faint|p1a: Ceruledge\n|\n|upkeep\n|\n|t:|1733841710\n|switch|p1a: Gastrodon|Gastrodon-East, L86, F|306/331\n|-activate|p1a: Gastrodon|move: Sticky Web\n|-unboost|p1a: Gastrodon|spe|1\n|turn|14\n|\n|t:|1733841720\n|move|p2a: Pawmot|Revival Blessing|p2a: Pawmot\n|-enditem|p2a: Pawmot|Leppa Berry|[eat]\n|-activate|p2a: Pawmot|item: Leppa Berry|Revival Blessing|[consumed]\n|\n|t:|1733841724\n|-heal|p2: Dudunsparce|171/343|[from] move: Revival Blessing\n|move|p1a: Gastrodon|Ice Beam|p2a: Pawmot\n|-damage|p2a: Pawmot|152/243\n|\n|-heal|p1a: Gastrodon|326/331|[from] item: Leftovers\n|upkeep\n|turn|15\n|\n|t:|1733841735\n|move|p2a: Pawmot|Revival Blessing|p2a: Pawmot\n|\n|t:|1733841737\n|-heal|p2: Ribombee|116/233|[from] move: Revival Blessing\n|move|p1a: Gastrodon|Earthquake|p2a: Pawmot\n|-damage|p2a: Pawmot|35/243\n|\n|-heal|p1a: Gastrodon|331/331|[from] item: Leftovers\n|upkeep\n|turn|16\n|\n|t:|1733841744\n|move|p2a: Pawmot|Close Combat|p1a: Gastrodon\n|-damage|p1a: Gastrodon|177/331\n|-unboost|p2a: Pawmot|def|1\n|-unboost|p2a: Pawmot|spd|1\n|move|p1a: Gastrodon|Earthquake|p2a: Pawmot\n|-crit|p2a: Pawmot\n|-damage|p2a: Pawmot|0 fnt\n|faint|p2a: Pawmot\n|\n|-heal|p1a: Gastrodon|197/331|[from] item: Leftovers\n|upkeep\n|\n|t:|1733841753\n|switch|p2a: Dudunsparce|Dudunsparce, L83, M|171/343\n|turn|17\n|\n|t:|1733841768\n|move|p2a: Dudunsparce|Glare|p1a: Gastrodon\n|-status|p1a: Gastrodon|par\n|move|p1a: Gastrodon|Recover|p1a: Gastrodon\n|-heal|p1a: Gastrodon|331/331 par\n|\n|-heal|p2a: Dudunsparce|192/343|[from] item: Leftovers\n|upkeep\n|turn|18\n|\n|t:|1733841777\n|move|p2a: Dudunsparce|Headbutt|p1a: Gastrodon\n|-damage|p1a: Gastrodon|246/331 par\n|cant|p1a: Gastrodon|flinch\n|\n|-heal|p2a: Dudunsparce|213/343|[from] item: Leftovers\n|-heal|p1a: Gastrodon|266/331 par|[from] item: Leftovers\n|upkeep\n|turn|19\n|\n|t:|1733841789\n|move|p2a: Dudunsparce|Headbutt|p1a: Gastrodon\n|-damage|p1a: Gastrodon|184/331 par\n|cant|p1a: Gastrodon|flinch\n|\n|-heal|p2a: Dudunsparce|234/343|[from] item: Leftovers\n|-heal|p1a: Gastrodon|204/331 par|[from] item: Leftovers\n|upkeep\n|turn|20\n|\n|t:|1733841796\n|move|p2a: Dudunsparce|Headbutt|p1a: Gastrodon\n|-damage|p1a: Gastrodon|111/331 par\n|cant|p1a: Gastrodon|flinch\n|\n|-heal|p2a: Dudunsparce|255/343|[from] item: Leftovers\n|-heal|p1a: Gastrodon|131/331 par|[from] item: Leftovers\n|upkeep\n|turn|21\n|\n|t:|1733841803\n|move|p2a: Dudunsparce|Headbutt|p1a: Gastrodon\n|-damage|p1a: Gastrodon|37/331 par\n|cant|p1a: Gastrodon|flinch\n|\n|-heal|p2a: Dudunsparce|276/343|[from] item: Leftovers\n|-heal|p1a: Gastrodon|57/331 par|[from] item: Leftovers\n|upkeep\n|turn|22\n|c|\u2606MrPopoTheGodOfAlll|dudunspaaarce\n|\n|t:|1733841816\n|switch|p1a: Dodrio|Dodrio, L86, M|243/243\n|move|p2a: Dudunsparce|Headbutt|p1a: Dodrio\n|-damage|p1a: Dodrio|162/243\n|\n|-heal|p2a: Dudunsparce|297/343|[from] item: Leftovers\n|upkeep\n|turn|23\n|\n|t:|1733841830\n|move|p1a: Dodrio|Swords Dance|p1a: Dodrio\n|-boost|p1a: Dodrio|atk|2\n|move|p2a: Dudunsparce|Glare|p1a: Dodrio\n|-status|p1a: Dodrio|par\n|\n|-heal|p2a: Dudunsparce|318/343|[from] item: Leftovers\n|upkeep\n|turn|24\n|\n|t:|1733841835\n|move|p2a: Dudunsparce|Headbutt|p1a: Dodrio\n|-damage|p1a: Dodrio|68/243 par\n|move|p1a: Dodrio|Brave Bird|p2a: Dudunsparce\n|-damage|p2a: Dudunsparce|0 fnt\n|faint|p2a: Dudunsparce\n|-damage|p1a: Dodrio|0 fnt|[from] Recoil\n|faint|p1a: Dodrio\n|\n|upkeep\n|\n|t:|1733841844\n|switch|p1a: Duraludon|Duraludon, L82, F|249/249\n|switch|p2a: Ribombee|Ribombee, L82, F|116/233\n|-activate|p1a: Duraludon|move: Sticky Web\n|-unboost|p1a: Duraludon|spe|1\n|turn|25\n|\n|t:|1733841862\n|move|p2a: Ribombee|Stun Spore|p1a: Duraludon\n|-status|p1a: Duraludon|par\n|move|p1a: Duraludon|Flash Cannon|p2a: Ribombee\n|-supereffective|p2a: Ribombee\n|-damage|p2a: Ribombee|0 fnt\n|faint|p2a: Ribombee\n|\n|upkeep\n|\n|t:|1733841869\n|switch|p2a: Munkidori|Munkidori, L79, M|269/269\n|turn|26\n|\n|t:|1733841875\n|move|p2a: Munkidori|Nasty Plot|p2a: Munkidori\n|-boost|p2a: Munkidori|spa|2\n|move|p1a: Duraludon|Flash Cannon|p2a: Munkidori\n|-damage|p2a: Munkidori|178/269\n|\n|upkeep\n|turn|27\n|\n|t:|1733841884\n|move|p2a: Munkidori|Focus Blast|p1a: Duraludon\n|-supereffective|p1a: Duraludon\n|-damage|p1a: Duraludon|0 fnt\n|faint|p1a: Duraludon\n|-damage|p2a: Munkidori|152/269|[from] item: Life Orb\n|\n|upkeep\n|\n|t:|1733841888\n|switch|p1a: Gastrodon|Gastrodon-East, L86, F|57/331 par\n|-activate|p1a: Gastrodon|move: Sticky Web\n|-unboost|p1a: Gastrodon|spe|1\n|turn|28\n|-message|leilinqiu forfeited.\n|\n|win|MrPopoTheGodOfAlll\n|raw|leilinqiu's rating: 1301 &rarr; <strong>1281</strong><br />(-20 for losing)\n|raw|MrPopoTheGodOfAlll's rating: 1297 &rarr; <strong>1322</strong><br />(+25 for winning)\n", "inputlog": ">version bfd83cad13791eb5a5a409923076391caf6fb4d4\n>start {\"formatid\":\"gen9randombattle\",\"seed\":[60829,42012,14896,60481],\"rated\":\"Rated battle\"}\n>player p1 {\"name\":\"leilinqiu\",\"avatar\":\"101\",\"rating\":1301,\"seed\":[51013,36467,54941,32405]}\n>player p2 {\"name\":\"MrPopoTheGodOfAlll\",\"avatar\":\"ash-sinnoh\",\"rating\":1317,\"seed\":[15035,56199,39759,33335]}\n>p1 move substitute\n>p2 move uturn\n>p2 switch 5\n>p1 move leechseed\n>p2 move hypervoice\n>p1 move leechseed terastallize\n>p2 move hypervoice\n>chat \u2606MrPopoTheGodOfAlll|poor whimsicott\n>p1 switch 2\n>p1 move calmmind\n>p2 switch 3\n>p1 move judgment\n>p2 move thunderbolt\n>p1 move recover\n>p2 move thunderbolt\n>p1 move judgment\n>p2 move thunderbolt terastallize\n>p1 switch 4\n>p1 move earthquake\n>p2 move uturn\n>p2 switch 5\n>p1 switch 5\n>p2 move stickyweb\n>p1 move swordsdance\n>p2 move stunspore\n>p1 move bitterblade\n>p2 move stunspore\n>p2 switch 6\n>p1 move closecombat\n>p2 move earthquake\n>p2 switch 2\n>p1 move bitterblade\n>p2 move doubleshock\n>p1 switch 5\n>p1 move icebeam\n>p2 move revivalblessing\n>p2 switch 2\n>p1 move earthquake\n>p2 move revivalblessing\n>p2 switch 6\n>p1 move earthquake\n>p2 move closecombat\n>p2 switch 2\n>p1 move recover\n>p2 move glare\n>p1 move surf\n>p2 move headbutt\n>p1 move surf\n>p2 move headbutt\n>p1 move surf\n>p2 move headbutt\n>p1 move surf\n>p2 move headbutt\n>chat \u2606MrPopoTheGodOfAlll|dudunspaaarce\n>p1 switch 3\n>p2 move headbutt\n>p1 move swordsdance\n>p2 move glare\n>p1 move bravebird\n>p2 move headbutt\n>p1 switch 6\n>p2 switch 6\n>p1 move flashcannon\n>p2 move stunspore\n>p2 switch 4\n>p1 move flashcannon\n>p2 move nastyplot\n>p1 move bodypress\n>p2 move focusblast\n>p1 switch 3\n>forcelose p1", "uploadtime": 1733841893, "views": 1, "formatid": "gen9randombattle", "rating": 1281, "private": 0, "password": null}