{"id": "gen9randombattle-2052287518", "format": "[Gen 9] Random Battle", "players": ["Mayo Hellmanns", "MichaelderBeste2"], "log": "|j|\u2606Mayo Hellmanns\n|j|\u2606MichaelderBeste2\n|t:|1707148177\n|gametype|singles\n|player|p1|Mayo Hellmanns|101|2242\n|player|p2|MichaelderBeste2|#uuplxiidols|2404\n|teamsize|p1|6\n|teamsize|p2|6\n|gen|9\n|tier|[Gen 9] Random Battle\n|rated|\n|rule|Species Clause: Limit one of each Pok\u00e9mon\n|rule|HP Percentage Mod: HP is shown in percentages\n|rule|Sleep Clause Mod: Limit one foe put to sleep\n|rule|Illusion Level Mod: Illusion disguises the Pok\u00e9mon's true level\n|\n|t:|1707148177\n|start\n|switch|p1a: Ludicolo|Ludicolo, L90, M|290/290\n|switch|p2a: Urshifu|Urshifu, L74, F|270/270\n|turn|1\n|inactive|Battle timer is ON: inactive players will automatically lose when time's up. (requested by Mayo Hellmanns)\n|j| KingZuko\n|j| Frozenmanss\n|\n|t:|1707148202\n|move|p2a: Urshifu|U-turn|p1a: Ludicolo\n|-supereffective|p1a: Ludicolo\n|-damage|p1a: Ludicolo|142/290\n|\n|t:|1707148206\n|switch|p2a: Dialga|Dialga-Origin, L73|266/266|[from] U-turn\n|-ability|p2a: Dialga|Pressure\n|move|p1a: Ludicolo|Leaf Storm|p2a: Dialga\n|-resisted|p2a: Dialga\n|-damage|p2a: Dialga|212/266\n|-unboost|p1a: Ludicolo|spa|2\n|\n|upkeep\n|turn|2\n|l| Frozenmanss\n|j| gatordile82\n|\n|t:|1707148232\n|switch|p1a: Azumarill|Azumarill, L82, F|298/298\n|switch|p2a: Urshifu|Urshifu, L74, F|270/270\n|\n|upkeep\n|turn|3\n|\n|t:|1707148238\n|move|p2a: Urshifu|U-turn|p1a: Azumarill\n|-resisted|p1a: Azumarill\n|-damage|p1a: Azumarill|261/298\n|\n|t:|1707148240\n|switch|p2a: Lanturn|Lanturn, L89, F|367/367|[from] U-turn\n|move|p1a: Azumarill|Play Rough|p2a: Lanturn\n|-damage|p2a: Lanturn|142/367\n|\n|-heal|p2a: Lanturn|164/367|[from] item: Leftovers\n|upkeep\n|turn|4\n|\n|t:|1707148250\n|move|p2a: Lanturn|Volt Switch|p1a: Azumarill\n|-supereffective|p1a: Azumarill\n|-damage|p1a: Azumarill|103/298\n|\n|t:|1707148254\n|switch|p2a: Regirock|Regirock, L86|278/278|[from] Volt Switch\n|move|p1a: Azumarill|Play Rough|p2a: Regirock\n|-damage|p2a: Regirock|197/278\n|\n|-heal|p2a: Regirock|214/278|[from] item: Leftovers\n|upkeep\n|turn|5\n|\n|t:|1707148260\n|switch|p1a: Orthworm|Orthworm, L88, M|266/266\n|move|p2a: Regirock|Stealth Rock|p1a: Orthworm\n|-sidestart|p1: Mayo Hellmanns|move: Stealth Rock\n|\n|-heal|p2a: Regirock|231/278|[from] item: Leftovers\n|upkeep\n|turn|6\n|\n|t:|1707148265\n|move|p1a: Orthworm|Stealth Rock|p2a: Regirock\n|-sidestart|p2: MichaelderBeste2|move: Stealth Rock\n|move|p2a: Regirock|Thunder Wave|p1a: Orthworm\n|-status|p1a: Orthworm|par\n|\n|-heal|p2a: Regirock|248/278|[from] item: Leftovers\n|upkeep\n|turn|7\n|\n|t:|1707148268\n|move|p2a: Regirock|Body Press|p1a: Orthworm\n|-supereffective|p1a: Orthworm\n|-crit|p1a: Orthworm\n|-damage|p1a: Orthworm|48/266 par\n|move|p1a: Orthworm|Shed Tail|p1a: Orthworm\n|-fail|p1a: Orthworm|move: Shed Tail|[weak]\n|\n|-heal|p2a: Regirock|265/278|[from] item: Leftovers\n|-heal|p1a: Orthworm|64/266 par|[from] item: Leftovers\n|upkeep\n|turn|8\n|\n|t:|1707148273\n|move|p2a: Regirock|Body Press|p1a: Orthworm\n|-supereffective|p1a: Orthworm\n|-damage|p1a: Orthworm|0 fnt\n|faint|p1a: Orthworm\n|\n|-heal|p2a: Regirock|278/278|[from] item: Leftovers\n|upkeep\n|\n|t:|1707148277\n|switch|p1a: Serperior|Serperior, L80, M|251/251\n|-damage|p1a: Serperior|220/251|[from] Stealth Rock\n|turn|9\n|\n|t:|1707148284\n|switch|p2a: Girafarig|Girafarig, L89, F|269/269\n|-damage|p2a: Girafarig|236/269|[from] Stealth Rock\n|move|p1a: Serperior|Leaf Storm|p2a: Girafarig\n|-ability|p2a: Girafarig|Sap Sipper|boost\n|-boost|p2a: Girafarig|atk|1\n|\n|-heal|p1a: Serperior|235/251|[from] item: Leftovers\n|upkeep\n|turn|10\n|\n|t:|1707148289\n|switch|p1a: Spiritomb|Spiritomb, L90, M|236/236\n|-damage|p1a: Spiritomb|207/236|[from] Stealth Rock\n|move|p2a: Girafarig|Nasty Plot|p2a: Girafarig\n|-boost|p2a: Girafarig|spa|2\n|\n|-heal|p1a: Spiritomb|221/236|[from] item: Leftovers\n|upkeep\n|turn|11\n|\n|t:|1707148293\n|move|p2a: Girafarig|Dazzling Gleam|p1a: Spiritomb\n|-supereffective|p1a: Spiritomb\n|-damage|p1a: Spiritomb|33/236\n|move|p1a: Spiritomb|Foul Play|p2a: Girafarig\n|-supereffective|p2a: Girafarig\n|-crit|p2a: Girafarig\n|-damage|p2a: Girafarig|0 fnt\n|faint|p2a: Girafarig\n|\n|-heal|p1a: Spiritomb|47/236|[from] item: Leftovers\n|upkeep\n|\n|t:|1707148298\n|switch|p2a: Urshifu|Urshifu, L74, F|270/270\n|-damage|p2a: Urshifu|254/270|[from] Stealth Rock\n|turn|12\n|\n|t:|1707148307\n|move|p1a: Spiritomb|Shadow Sneak|p2a: Urshifu\n|-resisted|p2a: Urshifu\n|-damage|p2a: Urshifu|230/270\n|move|p2a: Urshifu|U-turn|p1a: Spiritomb\n|-damage|p1a: Spiritomb|0 fnt\n|faint|p1a: Spiritomb\n|\n|t:|1707148309\n|switch|p2a: Hariyama|Hariyama, L87, F|392/392|[from] U-turn\n|-damage|p2a: Hariyama|368/392|[from] Stealth Rock\n|\n|-status|p2a: Hariyama|brn|[from] item: Flame Orb\n|upkeep\n|\n|t:|1707148327\n|switch|p1a: Charizard|Charizard, L84, M|268/268\n|turn|13\n|\n|t:|1707148342\n|-terastallize|p2a: Hariyama|Normal\n|move|p1a: Charizard|Dragon Dance|p1a: Charizard\n|-boost|p1a: Charizard|atk|1\n|-boost|p1a: Charizard|spe|1\n|move|p2a: Hariyama|Facade|p1a: Charizard\n|-damage|p1a: Charizard|0 fnt\n|faint|p1a: Charizard\n|\n|-damage|p2a: Hariyama|344/392 brn|[from] brn\n|upkeep\n|\n|t:|1707148347\n|switch|p1a: Ludicolo|Ludicolo, L90, M|142/290\n|-damage|p1a: Ludicolo|106/290|[from] Stealth Rock\n|turn|14\n|\n|t:|1707148358\n|switch|p2a: Lanturn|Lanturn, L89, F|164/367\n|-damage|p2a: Lanturn|119/367|[from] Stealth Rock\n|-terastallize|p1a: Ludicolo|Water\n|move|p1a: Ludicolo|Hydro Pump|p2a: Lanturn|[miss]\n|-miss|p1a: Ludicolo|p2a: Lanturn\n|\n|-heal|p2a: Lanturn|141/367|[from] item: Leftovers\n|upkeep\n|turn|15\n|\n|t:|1707148366\n|switch|p1a: Serperior|Serperior, L80, M|235/251\n|-damage|p1a: Serperior|204/251|[from] Stealth Rock\n|move|p2a: Lanturn|Volt Switch|p1a: Serperior\n|-resisted|p1a: Serperior\n|-damage|p1a: Serperior|169/251\n|\n|t:|1707148373\n|switch|p2a: Hariyama|Hariyama, L87, F, tera:Normal|344/392 brn|[from] Volt Switch\n|-damage|p2a: Hariyama|295/392 brn|[from] Stealth Rock\n|\n|-heal|p1a: Serperior|184/251|[from] item: Leftovers\n|-damage|p2a: Hariyama|271/392 brn|[from] brn\n|upkeep\n|turn|16\n|\n|t:|1707148382\n|move|p1a: Serperior|Substitute|p1a: Serperior\n|-start|p1a: Serperior|Substitute\n|-damage|p1a: Serperior|122/251\n|move|p2a: Hariyama|Facade|p1a: Serperior\n|-end|p1a: Serperior|Substitute\n|\n|-heal|p1a: Serperior|137/251|[from] item: Leftovers\n|-damage|p2a: Hariyama|247/392 brn|[from] brn\n|upkeep\n|turn|17\n|\n|t:|1707148388\n|move|p1a: Serperior|Substitute|p1a: Serperior\n|-start|p1a: Serperior|Substitute\n|-damage|p1a: Serperior|75/251\n|move|p2a: Hariyama|Facade|p1a: Serperior\n|-end|p1a: Serperior|Substitute\n|\n|-heal|p1a: Serperior|90/251|[from] item: Leftovers\n|-damage|p2a: Hariyama|223/392 brn|[from] brn\n|upkeep\n|turn|18\n|\n|t:|1707148396\n|move|p1a: Serperior|Leaf Storm|p2a: Hariyama\n|-damage|p2a: Hariyama|78/392 brn\n|-boost|p1a: Serperior|spa|2\n|move|p2a: Hariyama|Facade|p1a: Serperior\n|-damage|p1a: Serperior|0 fnt\n|faint|p1a: Serperior\n|\n|-damage|p2a: Hariyama|54/392 brn|[from] brn\n|upkeep\n|\n|t:|1707148410\n|switch|p1a: Ludicolo|Ludicolo, L90, M, tera:Water|106/290\n|-damage|p1a: Ludicolo|70/290|[from] Stealth Rock\n|turn|19\n|\n|t:|1707148413\n|move|p2a: Hariyama|Bullet Punch|p1a: Ludicolo\n|-resisted|p1a: Ludicolo\n|-damage|p1a: Ludicolo|39/290\n|move|p1a: Ludicolo|Hydro Pump|p2a: Hariyama\n|-damage|p2a: Hariyama|0 fnt\n|faint|p2a: Hariyama\n|\n|upkeep\n|\n|t:|1707148419\n|switch|p2a: Urshifu|Urshifu, L74, F|230/270\n|-damage|p2a: Urshifu|214/270|[from] Stealth Rock\n|turn|20\n|\n|t:|1707148425\n|move|p2a: Urshifu|U-turn|p1a: Ludicolo\n|-damage|p1a: Ludicolo|0 fnt\n|faint|p1a: Ludicolo\n|\n|t:|1707148426\n|switch|p2a: Lanturn|Lanturn, L89, F|141/367|[from] U-turn\n|-damage|p2a: Lanturn|96/367|[from] Stealth Rock\n|\n|-heal|p2a: Lanturn|118/367|[from] item: Leftovers\n|upkeep\n|-message|Mayo Hellmanns forfeited.\n|\n|win|MichaelderBeste2\n|raw|Mayo Hellmanns's rating: 2242 &rarr; <strong>2231</strong><br />(-11 for losing)\n|raw|MichaelderBeste2's rating: 2411 &rarr; <strong>2422</strong><br />(+11 for winning)\n|l|\u2606Mayo Hellmanns\n|player|p1|\n|l|\u2606MichaelderBeste2\n|player|p2|\n", "inputlog": ">version f7febc1e180278a4fad948cfe1d20c95eaa9a53c\n>start {\"formatid\":\"gen9randombattle\",\"seed\":[40720,32187,37546,37855],\"rated\":\"Rated battle\"}\n>player p1 {\"name\":\"Mayo Hellmanns\",\"avatar\":\"101\",\"rating\":2242,\"seed\":[55027,18633,5161,60121]}\n>player p2 {\"name\":\"MichaelderBeste2\",\"avatar\":\"#uuplxiidols\",\"rating\":2404,\"seed\":[45414,53914,6151,25999]}\n>p1 move leafstorm\n>p2 move uturn\n>p2 switch 6\n>p1 switch 3\n>p2 switch 6\n>p1 move playrough\n>p2 move uturn\n>p2 switch 5\n>p1 move playrough\n>p2 move voltswitch\n>p2 switch 3\n>p1 switch 6\n>p2 move stealthrock\n>p1 move stealthrock\n>p2 move thunderwave\n>p1 move shedtail\n>p2 move bodypress\n>p1 move spikes\n>p2 move bodypress\n>p1 switch 4\n>p1 move leafstorm\n>p2 switch 4\n>p1 switch 2\n>p2 move nastyplot\n>p1 move foulplay\n>p2 move dazzlinggleam\n>p2 switch 5\n>p1 move shadowsneak\n>p2 move uturn\n>p2 switch 2\n>p1 switch 5\n>p1 move dragondance\n>p2 move facade terastallize\n>p1 switch 3\n>p1 move hydropump terastallize\n>p2 switch 3\n>p1 switch 2\n>p2 move voltswitch\n>p2 switch 3\n>p1 move substitute\n>p2 move facade\n>p1 move substitute\n>p2 move facade\n>p1 move leafstorm\n>p2 move facade\n>p1 switch 2\n>p1 move hydropump\n>p2 move bulletpunch\n>p2 switch 2\n>p1 move hydropump\n>p2 move uturn\n>p2 switch 3\n>forcelose p1", "uploadtime": 1707148438, "views": 276, "formatid": "gen9randombattle", "rating": 2231, "private": 0, "password": null}