{"id": "gen9randombattle-2260356558", "format": "[Gen 9] Random Battle", "players": ["deigo64", "pais"], "log": "|j|\u2606deigo64\n|j|\u2606pais\n|t:|1733843495\n|gametype|singles\n|player|p1|deigo64|lorelei-lgpe|\n|player|p2|pais|#wcop2024italy|\n|teamsize|p1|6\n|teamsize|p2|6\n|gen|9\n|tier|[Gen 9] Random Battle\n|rated|Tournament battle\n|rule|Species Clause: Limit one of each Pok\u00e9mon\n|rule|HP Percentage Mod: HP is shown in percentages\n|rule|Sleep Clause Mod: Limit one foe put to sleep\n|rule|Illusion Level Mod: Illusion disguises the Pok\u00e9mon's true level\n|\n|t:|1733843495\n|start\n|switch|p1a: Arceus|Arceus-Ghost, L69|280/280\n|switch|p2a: Kingambit|Kingambit, L74, M|270/270\n|turn|1\n|\n|t:|1733843512\n|-end|p2a: Kingambit|fallenundefined|[silent]\n|switch|p2a: Typhlosion|Typhlosion, L84, F|267/267\n|-terastallize|p1a: Arceus|Fighting\n|move|p1a: Arceus|Focus Blast|p2a: Typhlosion\n|-damage|p2a: Typhlosion|170/267\n|\n|upkeep\n|turn|2\n|\n|t:|1733843526\n|switch|p2a: Sableye|Sableye, L89, M|234/234\n|move|p1a: Arceus|Judgment|p2a: Sableye\n|-damage|p2a: Sableye|104/234\n|\n|-heal|p2a: Sableye|118/234|[from] item: Leftovers\n|upkeep\n|turn|3\n|j| Beatingtherabbit\n|\n|t:|1733843532\n|move|p2a: Sableye|Recover|p2a: Sableye\n|-heal|p2a: Sableye|234/234\n|move|p1a: Arceus|Judgment|p2a: Sableye\n|-damage|p2a: Sableye|119/234\n|\n|-heal|p2a: Sableye|133/234|[from] item: Leftovers\n|upkeep\n|turn|4\n|\n|t:|1733843536\n|move|p2a: Sableye|Thunder Wave|p1a: Arceus\n|-status|p1a: Arceus|par\n|cant|p1a: Arceus|par\n|\n|-heal|p2a: Sableye|147/234|[from] item: Leftovers\n|upkeep\n|turn|5\n|c| Beatingtherabbit|uh cool avatar pais\n|\n|t:|1733843548\n|move|p2a: Sableye|Encore|p1a: Arceus\n|-start|p1a: Arceus|Encore\n|move|p1a: Arceus|Judgment|p2a: Sableye\n|-damage|p2a: Sableye|35/234\n|\n|-heal|p2a: Sableye|49/234|[from] item: Leftovers\n|upkeep\n|turn|6\n|c|\u2606pais|likes\n|\n|t:|1733843566\n|move|p2a: Sableye|Recover|p2a: Sableye\n|-heal|p2a: Sableye|166/234\n|move|p1a: Arceus|Judgment|p2a: Sableye\n|-damage|p2a: Sableye|49/234\n|\n|-heal|p2a: Sableye|63/234|[from] item: Leftovers\n|upkeep\n|turn|7\n|\n|t:|1733843570\n|move|p2a: Sableye|Recover|p2a: Sableye\n|-heal|p2a: Sableye|180/234\n|move|p1a: Arceus|Judgment|p2a: Sableye\n|-damage|p2a: Sableye|50/234\n|\n|-heal|p2a: Sableye|64/234|[from] item: Leftovers\n|-end|p1a: Arceus|Encore\n|upkeep\n|turn|8\n|\n|t:|1733843577\n|move|p2a: Sableye|Recover|p2a: Sableye\n|-heal|p2a: Sableye|181/234\n|move|p1a: Arceus|Calm Mind|p1a: Arceus\n|-boost|p1a: Arceus|spa|1\n|-boost|p1a: Arceus|spd|1\n|\n|-heal|p2a: Sableye|195/234|[from] item: Leftovers\n|upkeep\n|turn|9\n|j|@diegoyuhhi\n|\n|t:|1733843584\n|move|p2a: Sableye|Encore|p1a: Arceus\n|-start|p1a: Arceus|Encore\n|move|p1a: Arceus|Calm Mind|p1a: Arceus\n|-boost|p1a: Arceus|spa|1\n|-boost|p1a: Arceus|spd|1\n|\n|-heal|p2a: Sableye|209/234|[from] item: Leftovers\n|upkeep\n|turn|10\n|\n|t:|1733843594\n|switch|p2a: Suicune|Suicune, L82|298/298\n|-ability|p2a: Suicune|Pressure\n|move|p1a: Arceus|Calm Mind|p1a: Arceus\n|-boost|p1a: Arceus|spa|1\n|-boost|p1a: Arceus|spd|1\n|\n|upkeep\n|turn|11\n|\n|t:|1733843598\n|move|p2a: Suicune|Substitute|p2a: Suicune\n|-start|p2a: Suicune|Substitute\n|-damage|p2a: Suicune|224/298\n|cant|p1a: Arceus|par\n|\n|-heal|p2a: Suicune|242/298|[from] item: Leftovers\n|-end|p1a: Arceus|Encore\n|upkeep\n|turn|12\n|c| Beatingtherabbit|no way che ha fatto cm\n|j| bossetti massimo\n|\n|t:|1733843607\n|move|p2a: Suicune|Calm Mind|p2a: Suicune\n|-boost|p2a: Suicune|spa|1\n|-boost|p2a: Suicune|spd|1\n|move|p1a: Arceus|Judgment|p2a: Suicune\n|-end|p2a: Suicune|Substitute\n|\n|-heal|p2a: Suicune|260/298|[from] item: Leftovers\n|upkeep\n|turn|13\n|\n|t:|1733843611\n|move|p2a: Suicune|Substitute|p2a: Suicune\n|-start|p2a: Suicune|Substitute\n|-damage|p2a: Suicune|186/298\n|move|p1a: Arceus|Judgment|p2a: Suicune\n|-end|p2a: Suicune|Substitute\n|\n|-heal|p2a: Suicune|204/298|[from] item: Leftovers\n|upkeep\n|turn|14\n|\n|t:|1733843617\n|move|p2a: Suicune|Substitute|p2a: Suicune\n|-start|p2a: Suicune|Substitute\n|-damage|p2a: Suicune|130/298\n|move|p1a: Arceus|Judgment|p2a: Suicune\n|-end|p2a: Suicune|Substitute\n|\n|-heal|p2a: Suicune|148/298|[from] item: Leftovers\n|upkeep\n|turn|15\n|\n|t:|1733843623\n|move|p2a: Suicune|Substitute|p2a: Suicune\n|-start|p2a: Suicune|Substitute\n|-damage|p2a: Suicune|74/298\n|move|p1a: Arceus|Judgment|p2a: Suicune\n|-end|p2a: Suicune|Substitute\n|\n|-heal|p2a: Suicune|92/298|[from] item: Leftovers\n|upkeep\n|turn|16\n|\n|t:|1733843628\n|move|p2a: Suicune|Substitute|p2a: Suicune\n|-start|p2a: Suicune|Substitute\n|-damage|p2a: Suicune|18/298\n|move|p1a: Arceus|Judgment|p2a: Suicune\n|-end|p2a: Suicune|Substitute\n|\n|-heal|p2a: Suicune|36/298|[from] item: Leftovers\n|upkeep\n|turn|17\n|c|\u2606deigo64|finally\n|\n|t:|1733843642\n|move|p2a: Suicune|Scald|p1a: Arceus\n|-damage|p1a: Arceus|237/280 par\n|move|p1a: Arceus|Judgment|p2a: Suicune\n|-damage|p2a: Suicune|0 fnt\n|faint|p2a: Suicune\n|\n|upkeep\n|c|\u2606deigo64|\u00e8 finito\n|\n|t:|1733843648\n|switch|p2a: Sableye|Sableye, L89, M|209/234\n|turn|18\n|\n|t:|1733843664\n|switch|p1a: Skuntank|Skuntank, L84, M|310/310\n|move|p2a: Sableye|Knock Off|p1a: Skuntank\n|-resisted|p1a: Skuntank\n|-damage|p1a: Skuntank|255/310\n|-enditem|p1a: Skuntank|Life Orb|[from] move: Knock Off|[of] p2a: Sableye\n|\n|-heal|p2a: Sableye|223/234|[from] item: Leftovers\n|upkeep\n|turn|19\n|\n|t:|1733843669\n|switch|p2a: Swampert|Swampert, L83, M|302/302\n|move|p1a: Skuntank|Fire Blast|p2a: Swampert\n|-resisted|p2a: Swampert\n|-damage|p2a: Swampert|274/302\n|-status|p2a: Swampert|brn\n|\n|-heal|p2a: Swampert|292/302 brn|[from] item: Leftovers\n|-damage|p2a: Swampert|274/302 brn|[from] brn\n|upkeep\n|turn|20\n|c|\u2606deigo64|che culo\n|\n|t:|1733843686\n|move|p1a: Skuntank|Knock Off|p2a: Swampert\n|-damage|p2a: Swampert|166/302 brn\n|-enditem|p2a: Swampert|Leftovers|[from] move: Knock Off|[of] p1a: Skuntank\n|move|p2a: Swampert|Stealth Rock|p1a: Skuntank\n|-sidestart|p1: deigo64|move: Stealth Rock\n|\n|-damage|p2a: Swampert|148/302 brn|[from] brn\n|upkeep\n|turn|21\n|\n|t:|1733843696\n|move|p1a: Skuntank|Gunk Shot|p2a: Swampert\n|-resisted|p2a: Swampert\n|-damage|p2a: Swampert|92/302 brn\n|move|p2a: Swampert|Flip Turn|p1a: Skuntank\n|-damage|p1a: Skuntank|195/310\n|j| AndreyVGC\n|\n|t:|1733843701\n|switch|p2a: Typhlosion|Typhlosion, L84, F|170/267|[from] Flip Turn\n|\n|upkeep\n|turn|22\n|\n|t:|1733843705\n|move|p2a: Typhlosion|Fire Blast|p1a: Skuntank\n|-damage|p1a: Skuntank|0 fnt\n|faint|p1a: Skuntank\n|\n|upkeep\n|\n|t:|1733843710\n|switch|p1a: Garchomp|Garchomp, L74, F|282/282\n|-damage|p1a: Garchomp|265/282|[from] Stealth Rock\n|turn|23\n|\n|t:|1733843727\n|move|p2a: Typhlosion|Fire Blast|p1a: Garchomp\n|-resisted|p1a: Garchomp\n|-damage|p1a: Garchomp|161/282\n|move|p1a: Garchomp|Swords Dance|p1a: Garchomp\n|-boost|p1a: Garchomp|atk|2\n|\n|upkeep\n|turn|24\n|\n|t:|1733843734\n|switch|p2a: Swampert|Swampert, L83, M|92/302 brn\n|move|p1a: Garchomp|Swords Dance|p1a: Garchomp\n|-boost|p1a: Garchomp|atk|2\n|\n|-damage|p2a: Swampert|74/302 brn|[from] brn\n|upkeep\n|turn|25\n|c| Beatingtherabbit|uuuuh\n|\n|t:|1733843742\n|move|p1a: Garchomp|Scale Shot|p2a: Swampert\n|-damage|p2a: Swampert|0 fnt\n|faint|p2a: Swampert\n|-hitcount|p2: Swampert|1\n|-unboost|p1a: Garchomp|def|1\n|-boost|p1a: Garchomp|spe|1\n|\n|upkeep\n|c| Beatingtherabbit|played\n|\n|t:|1733843748\n|switch|p2a: Kingambit|Kingambit, L74, M|270/270\n|-activate|p2a: Kingambit|ability: Supreme Overlord\n|-start|p2a: Kingambit|fallen2|[silent]\n|turn|26\n|\n|t:|1733843758\n|-terastallize|p2a: Kingambit|Dark\n|move|p2a: Kingambit|Sucker Punch|p1a: Garchomp\n|-damage|p1a: Garchomp|0 fnt\n|-damage|p2a: Kingambit|237/270|[from] ability: Rough Skin|[of] p1a: Garchomp\n|faint|p1a: Garchomp\n|\n|-heal|p2a: Kingambit|253/270|[from] item: Leftovers\n|upkeep\n|\n|t:|1733843765\n|switch|p1a: Arceus|Arceus-Ghost, L69, tera:Fighting|237/280 par\n|-damage|p1a: Arceus|220/280 par|[from] Stealth Rock\n|turn|27\n|\n|t:|1733843768\n|-end|p2a: Kingambit|fallen2|[silent]\n|switch|p2a: Sableye|Sableye, L89, M|223/234\n|cant|p1a: Arceus|par\n|\n|-heal|p2a: Sableye|234/234|[from] item: Leftovers\n|upkeep\n|turn|28\n|\n|t:|1733843775\n|switch|p1a: Snorlax|Snorlax, L82, M|397/397\n|-damage|p1a: Snorlax|348/397|[from] Stealth Rock\n|move|p2a: Sableye|Knock Off|p1a: Snorlax\n|-damage|p1a: Snorlax|230/397\n|-enditem|p1a: Snorlax|Chesto Berry|[from] move: Knock Off|[of] p2a: Sableye\n|\n|upkeep\n|turn|29\n|\n|t:|1733843780\n|move|p2a: Sableye|Thunder Wave|p1a: Snorlax\n|-status|p1a: Snorlax|par\n|move|p1a: Snorlax|Curse|p1a: Snorlax\n|-unboost|p1a: Snorlax|spe|1\n|-boost|p1a: Snorlax|atk|1\n|-boost|p1a: Snorlax|def|1\n|\n|upkeep\n|turn|30\n|\n|t:|1733843785\n|move|p2a: Sableye|Encore|p1a: Snorlax\n|-start|p1a: Snorlax|Encore\n|move|p1a: Snorlax|Curse|p1a: Snorlax\n|-unboost|p1a: Snorlax|spe|1\n|-boost|p1a: Snorlax|atk|1\n|-boost|p1a: Snorlax|def|1\n|\n|upkeep\n|turn|31\n|\n|t:|1733843793\n|switch|p2a: Typhlosion|Typhlosion, L84, F|170/267\n|move|p1a: Snorlax|Curse|p1a: Snorlax\n|-unboost|p1a: Snorlax|spe|1\n|-boost|p1a: Snorlax|atk|1\n|-boost|p1a: Snorlax|def|1\n|\n|upkeep\n|turn|32\n|\n|t:|1733843804\n|move|p2a: Typhlosion|Fire Blast|p1a: Snorlax\n|-damage|p1a: Snorlax|140/397 par\n|move|p1a: Snorlax|Curse|p1a: Snorlax\n|-unboost|p1a: Snorlax|spe|1\n|-boost|p1a: Snorlax|atk|1\n|-boost|p1a: Snorlax|def|1\n|\n|-end|p1a: Snorlax|Encore\n|upkeep\n|turn|33\n|\n|t:|1733843809\n|switch|p2a: Sableye|Sableye, L89, M|234/234\n|cant|p1a: Snorlax|par\n|\n|upkeep\n|turn|34\n|\n|t:|1733843813\n|move|p2a: Sableye|Encore|p1a: Snorlax\n|-start|p1a: Snorlax|Encore\n|move|p1a: Snorlax|Curse|p1a: Snorlax\n|-unboost|p1a: Snorlax|spe|1\n|-boost|p1a: Snorlax|atk|1\n|-boost|p1a: Snorlax|def|1\n|\n|upkeep\n|turn|35\n|\n|t:|1733843820\n|switch|p2a: Typhlosion|Typhlosion, L84, F|170/267\n|move|p1a: Snorlax|Curse|p1a: Snorlax\n|-unboost|p1a: Snorlax|spe|1\n|-boost|p1a: Snorlax|atk|1\n|-boost|p1a: Snorlax|def|1\n|\n|upkeep\n|turn|36\n|\n|t:|1733843832\n|move|p2a: Typhlosion|Focus Blast|p1a: Snorlax\n|-supereffective|p1a: Snorlax\n|-damage|p1a: Snorlax|0 fnt\n|faint|p1a: Snorlax\n|\n|upkeep\n|\n|t:|1733843836\n|switch|p1a: Iron Crown|Iron Crown, L78|268/268\n|-damage|p1a: Iron Crown|252/268|[from] Stealth Rock\n|turn|37\n|\n|t:|1733843846\n|switch|p2a: Luxray|Luxray, L88, M|283/283\n|move|p1a: Iron Crown|Psyshock|p2a: Luxray\n|-damage|p2a: Luxray|190/283\n|\n|-heal|p1a: Iron Crown|268/268|[from] item: Leftovers\n|-status|p2a: Luxray|brn|[from] item: Flame Orb\n|upkeep\n|turn|38\n|\n|t:|1733843854\n|move|p1a: Iron Crown|Tachyon Cutter|p2a: Luxray\n|-resisted|p2a: Luxray\n|-damage|p2a: Luxray|161/283 brn\n|-resisted|p2a: Luxray\n|-damage|p2a: Luxray|133/283 brn\n|-hitcount|p2a: Luxray|2\n|move|p2a: Luxray|Throat Chop|p1a: Iron Crown\n|-supereffective|p1a: Iron Crown\n|-damage|p1a: Iron Crown|56/268\n|-start|p1a: Iron Crown|Throat Chop|[silent]\n|\n|-heal|p1a: Iron Crown|72/268|[from] item: Leftovers\n|-damage|p2a: Luxray|116/283 brn|[from] brn\n|upkeep\n|turn|39\n|\n|t:|1733843874\n|move|p1a: Iron Crown|Psyshock|p2a: Luxray\n|-damage|p2a: Luxray|26/283 brn\n|move|p2a: Luxray|Facade|p1a: Iron Crown\n|-resisted|p1a: Iron Crown\n|-damage|p1a: Iron Crown|0 fnt\n|faint|p1a: Iron Crown\n|-end|p1a: Iron Crown|Quark Drive|[silent]\n|\n|-damage|p2a: Luxray|9/283 brn|[from] brn\n|upkeep\n|\n|t:|1733843880\n|switch|p1a: Skarmory|Skarmory, L80, F|235/235\n|-damage|p1a: Skarmory|206/235|[from] Stealth Rock\n|turn|40\n|\n|t:|1733843885\n|move|p2a: Luxray|Supercell Slam|p1a: Skarmory\n|-supereffective|p1a: Skarmory\n|-damage|p1a: Skarmory|0 fnt\n|faint|p1a: Skarmory\n|\n|-damage|p2a: Luxray|0 fnt|[from] brn\n|faint|p2a: Luxray\n|upkeep\n|c|\u2606deigo64|gg\n|c|\u2606pais|gg\n|\n|t:|1733843902\n|switch|p2a: Sableye|Sableye, L89, M|234/234\n|switch|p1a: Arceus|Arceus-Ghost, L69, tera:Fighting|220/280 par\n|-damage|p1a: Arceus|203/280 par|[from] Stealth Rock\n|turn|41\n|l| bossetti massimo\n|\n|t:|1733843907\n|move|p2a: Sableye|Knock Off|p1a: Arceus\n|-resisted|p1a: Arceus\n|-damage|p1a: Arceus|173/280 par\n|move|p1a: Arceus|Calm Mind|p1a: Arceus\n|-boost|p1a: Arceus|spa|1\n|-boost|p1a: Arceus|spd|1\n|\n|upkeep\n|turn|42\n|\n|t:|1733843912\n|move|p2a: Sableye|Encore|p1a: Arceus\n|-start|p1a: Arceus|Encore\n|move|p1a: Arceus|Calm Mind|p1a: Arceus\n|-boost|p1a: Arceus|spa|1\n|-boost|p1a: Arceus|spd|1\n|\n|upkeep\n|turn|43\n|\n|t:|1733843917\n|switch|p2a: Kingambit|Kingambit, L74, M, tera:Dark|253/270\n|-activate|p2a: Kingambit|ability: Supreme Overlord\n|-start|p2a: Kingambit|fallen3|[silent]\n|cant|p1a: Arceus|par\n|\n|-heal|p2a: Kingambit|269/270|[from] item: Leftovers\n|upkeep\n|turn|44\n|\n|t:|1733843920\n|move|p2a: Kingambit|Iron Head|p1a: Arceus\n|-damage|p1a: Arceus|71/280 par\n|cant|p1a: Arceus|flinch\n|\n|-heal|p2a: Kingambit|270/270|[from] item: Leftovers\n|-end|p1a: Arceus|Encore\n|upkeep\n|turn|45\n|\n|t:|1733843929\n|move|p2a: Kingambit|Iron Head|p1a: Arceus\n|-damage|p1a: Arceus|0 fnt\n|faint|p1a: Arceus\n|\n|win|pais\n|n|\u2606deigo64|deigo64\n|n|\u2606pais|pais\n|n| Beatingtherabbit|beatingtherabbit\n|n| diegoyuhhi|diegoyuhhi\n|n| AndreyVGC|andreyvgc\n", "inputlog": ">version bfd83cad13791eb5a5a409923076391caf6fb4d4\n>start {\"formatid\":\"gen9randombattle\",\"seed\":[37862,54585,57351,6712],\"rated\":\"Tournament battle\"}\n>player p1 {\"name\":\"deigo64\",\"avatar\":\"lorelei-lgpe\",\"rating\":0,\"seed\":[18799,51767,49254,20270]}\n>player p2 {\"name\":\"pais\",\"avatar\":\"#wcop2024italy\",\"rating\":0,\"seed\":[49822,17761,5216,20294]}\n>p1 move focusblast terastallize\n>p2 switch 3\n>p1 move judgment\n>p2 switch 6\n>p1 move judgment\n>p2 move recover\n>p1 move calmmind\n>p2 move thunderwave\n>chat  Beatingtherabbit|uh cool avatar pais\n>p1 move calmmind\n>p2 move encore\n>chat \u2606pais|likes\n>p1 move judgment\n>p2 move recover\n>p1 move judgment\n>p2 move recover\n>p1 move calmmind\n>p2 move recover\n>p1 move judgment\n>p2 move encore\n>p1 move calmmind\n>p2 switch 4\n>p1 move calmmind\n>p2 move substitute\n>chat  Beatingtherabbit|no way che ha fatto cm\n>p1 move judgment\n>p2 move calmmind\n>p1 move judgment\n>p2 move substitute\n>p1 move judgment\n>p2 move substitute\n>p1 move judgment\n>p2 move substitute\n>p1 move judgment\n>p2 move substitute\n>chat \u2606deigo64|finally\n>p1 move judgment\n>p2 move scald\n>chat \u2606deigo64|\u00e8 finito\n>p2 switch 4\n>p1 switch 6\n>p2 move knockoff\n>p1 move fireblast\n>p2 switch 5\n>chat \u2606deigo64|che culo\n>p1 move knockoff\n>p2 move stealthrock\n>p1 move gunkshot\n>p2 move flipturn\n>p2 switch 6\n>p1 move gunkshot\n>p2 move fireblast\n>p1 switch 2\n>p1 move swordsdance\n>p2 move fireblast\n>p1 move swordsdance\n>p2 switch 6\n>chat  Beatingtherabbit|uuuuh\n>p1 move scaleshot\n>p2 move earthquake\n>chat  Beatingtherabbit|played\n>p2 switch 3\n>p1 move earthquake\n>p2 move suckerpunch terastallize\n>p1 switch 6\n>p1 move focusblast\n>p2 switch 5\n>p1 switch 3\n>p2 move knockoff\n>p1 move curse\n>p2 move thunderwave\n>p1 move curse\n>p2 move encore\n>p1 move curse\n>p2 switch 6\n>p1 move curse\n>p2 move fireblast\n>p1 move rest\n>p2 switch 6\n>p1 move rest\n>p2 move encore\n>p1 move curse\n>p2 switch 6\n>p1 move curse\n>p2 move focusblast\n>p1 switch 5\n>p1 move psyshock\n>p2 switch 2\n>p1 move tachyoncutter\n>p2 move throatchop\n>p1 move psyshock\n>p2 move facade\n>p1 switch 4\n>p1 move bravebird\n>p2 move supercellslam\n>chat \u2606deigo64|gg\n>chat \u2606pais|gg\n>p1 switch 3\n>p2 switch 6\n>p1 move calmmind\n>p2 move knockoff\n>p1 move calmmind\n>p2 move encore\n>p1 move calmmind\n>p2 switch 5\n>p1 move calmmind\n>p2 move ironhead\n>p1 move recover\n>p2 move ironhead", "uploadtime": 1733843929, "views": 2, "formatid": "gen9randombattle", "rating": null, "private": 0, "password": null}