{"id": "gen9randombattle-2260479181", "format": "[Gen 9] Random Battle", "players": ["Krodan", "jcraftzzz"], "log": "|j|\u2606Krodan\n|j|\u2606jcraftzzz\n|t:|1733855582\n|gametype|singles\n|player|p1|Krodan|bruno|1191\n|player|p2|jcraftzzz|li|1148\n|teamsize|p1|6\n|teamsize|p2|6\n|gen|9\n|tier|[Gen 9] Random Battle\n|rated|\n|rule|Species Clause: Limit one of each Pok\u00e9mon\n|rule|HP Percentage Mod: HP is shown in percentages\n|rule|Sleep Clause Mod: Limit one foe put to sleep\n|rule|Illusion Level Mod: Illusion disguises the Pok\u00e9mon's true level\n|\n|t:|1733855582\n|start\n|switch|p1a: Scream Tail|Scream Tail, L84|330/330\n|switch|p2a: Bastiodon|Bastiodon, L89, F|252/252\n|turn|1\n|inactive|Battle timer is ON: inactive players will automatically lose when time's up. (requested by jcraftzzz)\n|\n|t:|1733855591\n|move|p1a: Scream Tail|Thunder Wave|p2a: Bastiodon\n|-status|p2a: Bastiodon|par\n|move|p2a: Bastiodon|Iron Defense|p2a: Bastiodon\n|-boost|p2a: Bastiodon|def|2\n|\n|upkeep\n|turn|2\n|\n|t:|1733855607\n|-end|p1a: Scream Tail|Protosynthesis|[silent]\n|switch|p1a: Staraptor|Staraptor, L79, M|263/263\n|move|p2a: Bastiodon|Iron Defense|p2a: Bastiodon\n|-boost|p2a: Bastiodon|def|2\n|\n|upkeep\n|turn|3\n|\n|t:|1733855614\n|move|p1a: Staraptor|Close Combat|p2a: Bastiodon\n|-supereffective|p2a: Bastiodon\n|-damage|p2a: Bastiodon|148/252 par\n|-unboost|p1a: Staraptor|def|1\n|-unboost|p1a: Staraptor|spd|1\n|move|p2a: Bastiodon|Rest|p2a: Bastiodon\n|-status|p2a: Bastiodon|slp|[from] move: Rest\n|-heal|p2a: Bastiodon|252/252 slp|[silent]\n|-enditem|p2a: Bastiodon|Chesto Berry|[eat]\n|-curestatus|p2a: Bastiodon|slp|[msg]\n|\n|upkeep\n|turn|4\n|\n|t:|1733855626\n|move|p1a: Staraptor|Close Combat|p2a: Bastiodon\n|-supereffective|p2a: Bastiodon\n|-damage|p2a: Bastiodon|152/252\n|-unboost|p1a: Staraptor|def|1\n|-unboost|p1a: Staraptor|spd|1\n|move|p2a: Bastiodon|Body Press|p1a: Staraptor\n|-damage|p1a: Staraptor|0 fnt\n|faint|p1a: Staraptor\n|\n|upkeep\n|\n|t:|1733855638\n|switch|p1a: Volbeat|Volbeat, L90, M|263/263\n|turn|5\n|\n|t:|1733855659\n|switch|p2a: Morpeko|Morpeko, L88, F|245/245\n|move|p1a: Volbeat|U-turn|p2a: Morpeko\n|-supereffective|p2a: Morpeko\n|-damage|p2a: Morpeko|65/245\n|\n|t:|1733855666\n|switch|p1a: Scream Tail|Scream Tail, L84|330/330|[from] U-turn\n|\n|-heal|p2a: Morpeko|80/245|[from] item: Leftovers\n|-formechange|p2a: Morpeko|Morpeko-Hangry||[from] ability: Hunger Switch\n|upkeep\n|turn|6\n|\n|t:|1733855687\n|move|p1a: Scream Tail|Play Rough|p2a: Morpeko\n|-supereffective|p2a: Morpeko\n|-damage|p2a: Morpeko|0 fnt\n|faint|p2a: Morpeko\n|\n|upkeep\n|\n|t:|1733855691\n|switch|p2a: Bastiodon|Bastiodon, L89, F|152/252\n|turn|7\n|\n|t:|1733855696\n|move|p1a: Scream Tail|Thunder Wave|p2a: Bastiodon\n|-status|p2a: Bastiodon|par\n|cant|p2a: Bastiodon|par\n|\n|upkeep\n|turn|8\n|\n|t:|1733855702\n|move|p1a: Scream Tail|Wish|p1a: Scream Tail\n|move|p2a: Bastiodon|Iron Defense|p2a: Bastiodon\n|-boost|p2a: Bastiodon|def|2\n|\n|upkeep\n|turn|9\n|\n|t:|1733855708\n|-end|p1a: Scream Tail|Protosynthesis|[silent]\n|switch|p1a: Suicune|Suicune, L82|298/298\n|-ability|p1a: Suicune|Pressure\n|cant|p2a: Bastiodon|par\n|\n|upkeep\n|turn|10\n|\n|t:|1733855718\n|move|p1a: Suicune|Calm Mind|p1a: Suicune\n|-boost|p1a: Suicune|spa|1\n|-boost|p1a: Suicune|spd|1\n|move|p2a: Bastiodon|Body Press|p1a: Suicune\n|-damage|p1a: Suicune|121/298\n|\n|-heal|p1a: Suicune|139/298|[from] item: Leftovers\n|upkeep\n|turn|11\n|\n|t:|1733855729\n|move|p1a: Suicune|Scald|p2a: Bastiodon\n|-supereffective|p2a: Bastiodon\n|-damage|p2a: Bastiodon|0 fnt\n|faint|p2a: Bastiodon\n|\n|-heal|p1a: Suicune|157/298|[from] item: Leftovers\n|upkeep\n|\n|t:|1733855740\n|switch|p2a: Deoxys|Deoxys-Defense, L84|221/221\n|-ability|p2a: Deoxys|Pressure\n|turn|12\n|\n|t:|1733855750\n|move|p2a: Deoxys|Cosmic Power|p2a: Deoxys\n|-boost|p2a: Deoxys|def|1\n|-boost|p2a: Deoxys|spd|1\n|move|p1a: Suicune|Scald|p2a: Deoxys\n|-damage|p2a: Deoxys|172/221\n|\n|-heal|p2a: Deoxys|185/221|[from] item: Leftovers\n|-heal|p1a: Suicune|175/298|[from] item: Leftovers\n|upkeep\n|turn|13\n|\n|t:|1733855760\n|move|p2a: Deoxys|Cosmic Power|p2a: Deoxys\n|-boost|p2a: Deoxys|def|1\n|-boost|p2a: Deoxys|spd|1\n|move|p1a: Suicune|Ice Beam|p2a: Deoxys\n|-damage|p2a: Deoxys|155/221\n|\n|-heal|p2a: Deoxys|168/221|[from] item: Leftovers\n|-heal|p1a: Suicune|193/298|[from] item: Leftovers\n|upkeep\n|turn|14\n|inactive|jcraftzzz has 120 seconds left.\n|\n|t:|1733855808\n|move|p2a: Deoxys|Cosmic Power|p2a: Deoxys\n|-boost|p2a: Deoxys|def|1\n|-boost|p2a: Deoxys|spd|1\n|move|p1a: Suicune|Calm Mind|p1a: Suicune\n|-boost|p1a: Suicune|spa|1\n|-boost|p1a: Suicune|spd|1\n|\n|-heal|p2a: Deoxys|181/221|[from] item: Leftovers\n|-heal|p1a: Suicune|211/298|[from] item: Leftovers\n|upkeep\n|turn|15\n|\n|t:|1733855823\n|move|p2a: Deoxys|Night Shade|p1a: Suicune\n|-damage|p1a: Suicune|127/298\n|move|p1a: Suicune|Substitute|p1a: Suicune\n|-start|p1a: Suicune|Substitute\n|-damage|p1a: Suicune|53/298\n|\n|-heal|p2a: Deoxys|194/221|[from] item: Leftovers\n|-heal|p1a: Suicune|71/298|[from] item: Leftovers\n|upkeep\n|turn|16\n|\n|t:|1733855833\n|move|p2a: Deoxys|Night Shade|p1a: Suicune\n|-end|p1a: Suicune|Substitute\n|move|p1a: Suicune|Scald|p2a: Deoxys\n|-damage|p2a: Deoxys|157/221\n|\n|-heal|p2a: Deoxys|170/221|[from] item: Leftovers\n|-heal|p1a: Suicune|89/298|[from] item: Leftovers\n|upkeep\n|turn|17\n|\n|t:|1733855844\n|move|p2a: Deoxys|Night Shade|p1a: Suicune\n|-damage|p1a: Suicune|5/298\n|move|p1a: Suicune|Scald|p2a: Deoxys\n|-damage|p2a: Deoxys|133/221\n|\n|-heal|p2a: Deoxys|146/221|[from] item: Leftovers\n|-heal|p1a: Suicune|23/298|[from] item: Leftovers\n|upkeep\n|turn|18\n|\n|t:|1733855855\n|move|p2a: Deoxys|Night Shade|p1a: Suicune\n|-damage|p1a: Suicune|0 fnt\n|faint|p1a: Suicune\n|\n|-heal|p2a: Deoxys|159/221|[from] item: Leftovers\n|upkeep\n|\n|t:|1733855868\n|switch|p1a: Eelektross|Eelektross, L87, M|290/290\n|turn|19\n|\n|t:|1733855896\n|move|p2a: Deoxys|Cosmic Power|p2a: Deoxys\n|-boost|p2a: Deoxys|def|1\n|-boost|p2a: Deoxys|spd|1\n|move|p1a: Eelektross|Flamethrower|p2a: Deoxys\n|-damage|p2a: Deoxys|144/221\n|\n|-heal|p2a: Deoxys|157/221|[from] item: Leftovers\n|upkeep\n|turn|20\n|\n|t:|1733855909\n|move|p2a: Deoxys|Cosmic Power|p2a: Deoxys\n|-boost|p2a: Deoxys|def|1\n|-boost|p2a: Deoxys|spd|1\n|move|p1a: Eelektross|Discharge|p2a: Deoxys\n|-damage|p2a: Deoxys|139/221\n|\n|-heal|p2a: Deoxys|152/221|[from] item: Leftovers\n|upkeep\n|turn|21\n|\n|t:|1733855918\n|move|p2a: Deoxys|Cosmic Power|p2a: Deoxys\n|-boost|p2a: Deoxys|def|1\n|-boost|p2a: Deoxys|spd|1\n|move|p1a: Eelektross|Flamethrower|p2a: Deoxys\n|-damage|p2a: Deoxys|141/221\n|-status|p2a: Deoxys|brn\n|\n|-heal|p2a: Deoxys|154/221 brn|[from] item: Leftovers\n|-damage|p2a: Deoxys|141/221 brn|[from] brn\n|upkeep\n|turn|22\n|\n|t:|1733855930\n|move|p2a: Deoxys|Recover|p2a: Deoxys\n|-heal|p2a: Deoxys|221/221 brn\n|move|p1a: Eelektross|Dragon Tail|p2a: Deoxys\n|-damage|p2a: Deoxys|212/221 brn\n|drag|p2a: Espathra|Espathra, L80, F|283/283\n|\n|upkeep\n|turn|23\n|\n|t:|1733855941\n|move|p2a: Espathra|Substitute|p2a: Espathra\n|-start|p2a: Espathra|Substitute\n|-damage|p2a: Espathra|213/283\n|move|p1a: Eelektross|Flamethrower|p2a: Espathra\n|-end|p2a: Espathra|Substitute\n|\n|-heal|p2a: Espathra|230/283|[from] item: Leftovers\n|-ability|p2a: Espathra|Speed Boost|boost\n|-boost|p2a: Espathra|spe|1\n|upkeep\n|turn|24\n|\n|t:|1733855951\n|move|p2a: Espathra|Calm Mind|p2a: Espathra\n|-boost|p2a: Espathra|spa|1\n|-boost|p2a: Espathra|spd|1\n|move|p1a: Eelektross|Flamethrower|p2a: Espathra\n|-damage|p2a: Espathra|161/283\n|\n|-heal|p2a: Espathra|178/283|[from] item: Leftovers\n|-ability|p2a: Espathra|Speed Boost|boost\n|-boost|p2a: Espathra|spe|1\n|upkeep\n|turn|25\n|\n|t:|1733855961\n|move|p2a: Espathra|Substitute|p2a: Espathra\n|-start|p2a: Espathra|Substitute\n|-damage|p2a: Espathra|108/283\n|move|p1a: Eelektross|Discharge|p2a: Espathra\n|-end|p2a: Espathra|Substitute\n|\n|-heal|p2a: Espathra|125/283|[from] item: Leftovers\n|-ability|p2a: Espathra|Speed Boost|boost\n|-boost|p2a: Espathra|spe|1\n|upkeep\n|turn|26\n|\n|t:|1733855971\n|move|p2a: Espathra|Stored Power|p1a: Eelektross\n|-damage|p1a: Eelektross|157/290\n|move|p1a: Eelektross|Discharge|p2a: Espathra\n|-damage|p2a: Espathra|38/283\n|-status|p2a: Espathra|par\n|\n|-heal|p2a: Espathra|55/283 par|[from] item: Leftovers\n|-ability|p2a: Espathra|Speed Boost|boost\n|-boost|p2a: Espathra|spe|1\n|upkeep\n|turn|27\n|\n|t:|1733855983\n|cant|p2a: Espathra|par\n|move|p1a: Eelektross|Flamethrower|p2a: Espathra\n|-damage|p2a: Espathra|0 fnt\n|faint|p2a: Espathra\n|\n|upkeep\n|\n|t:|1733855987\n|switch|p2a: Gastrodon|Gastrodon, L86, F|331/331\n|turn|28\n|\n|t:|1733855997\n|move|p1a: Eelektross|U-turn|p2a: Gastrodon\n|-damage|p2a: Gastrodon|261/331\n|\n|t:|1733856004\n|switch|p1a: Volbeat|Volbeat, L90, M|263/263|[from] U-turn\n|move|p2a: Gastrodon|Stealth Rock|p1a: Volbeat\n|-sidestart|p1: Krodan|move: Stealth Rock\n|\n|-heal|p2a: Gastrodon|281/331|[from] item: Leftovers\n|upkeep\n|turn|29\n|\n|t:|1733856020\n|move|p1a: Volbeat|Encore|p2a: Gastrodon\n|-start|p2a: Gastrodon|Encore\n|move|p2a: Gastrodon|Stealth Rock||[still]\n|-fail|p2a: Gastrodon\n|\n|-heal|p2a: Gastrodon|301/331|[from] item: Leftovers\n|upkeep\n|turn|30\n|\n|t:|1733856030\n|switch|p2a: Sandslash|Sandslash, L88, F|275/275\n|move|p1a: Volbeat|Thunder Wave|p2a: Sandslash\n|-immune|p2a: Sandslash\n|\n|upkeep\n|turn|31\n|\n|t:|1733856042\n|move|p1a: Volbeat|U-turn|p2a: Sandslash\n|-damage|p2a: Sandslash|223/275\n|\n|t:|1733856045\n|switch|p1a: Scream Tail|Scream Tail, L84|330/330|[from] U-turn\n|-damage|p1a: Scream Tail|289/330|[from] Stealth Rock\n|move|p2a: Sandslash|Stone Edge|p1a: Scream Tail\n|-damage|p1a: Scream Tail|213/330\n|\n|-heal|p1a: Scream Tail|233/330|[from] item: Leftovers\n|-heal|p2a: Sandslash|240/275|[from] item: Leftovers\n|upkeep\n|turn|32\n|\n|t:|1733856057\n|move|p1a: Scream Tail|Wish|p1a: Scream Tail\n|move|p2a: Sandslash|Spikes|p1a: Scream Tail\n|-sidestart|p1: Krodan|Spikes\n|\n|-heal|p1a: Scream Tail|253/330|[from] item: Leftovers\n|-heal|p2a: Sandslash|257/275|[from] item: Leftovers\n|upkeep\n|turn|33\n|\n|t:|1733856066\n|move|p1a: Scream Tail|Play Rough|p2a: Sandslash\n|-damage|p2a: Sandslash|203/275\n|move|p2a: Sandslash|Knock Off|p1a: Scream Tail\n|-damage|p1a: Scream Tail|187/330\n|-enditem|p1a: Scream Tail|Leftovers|[from] move: Knock Off|[of] p2a: Sandslash\n|\n|-heal|p1a: Scream Tail|330/330|[from] move: Wish|[wisher] Scream Tail\n|-heal|p2a: Sandslash|220/275|[from] item: Leftovers\n|upkeep\n|turn|34\n|\n|t:|1733856078\n|move|p1a: Scream Tail|Wish|p1a: Scream Tail\n|move|p2a: Sandslash|Spikes|p1a: Scream Tail\n|-sidestart|p1: Krodan|Spikes\n|\n|-heal|p2a: Sandslash|237/275|[from] item: Leftovers\n|upkeep\n|turn|35\n|\n|t:|1733856085\n|switch|p2a: Deoxys|Deoxys-Defense, L84|212/221 brn\n|-ability|p2a: Deoxys|Pressure\n|move|p1a: Scream Tail|Play Rough|p2a: Deoxys\n|-damage|p2a: Deoxys|164/221 brn\n|\n|-heal|p2a: Deoxys|177/221 brn|[from] item: Leftovers\n|-damage|p2a: Deoxys|164/221 brn|[from] brn\n|upkeep\n|turn|36\n|\n|t:|1733856097\n|move|p1a: Scream Tail|Thunder Wave||[still]\n|-fail|p1a: Scream Tail\n|move|p2a: Deoxys|Cosmic Power|p2a: Deoxys\n|-boost|p2a: Deoxys|def|1\n|-boost|p2a: Deoxys|spd|1\n|\n|-heal|p2a: Deoxys|177/221 brn|[from] item: Leftovers\n|-damage|p2a: Deoxys|164/221 brn|[from] brn\n|upkeep\n|turn|37\n|\n|t:|1733856109\n|move|p1a: Scream Tail|Play Rough|p2a: Deoxys|[miss]\n|-miss|p1a: Scream Tail|p2a: Deoxys\n|move|p2a: Deoxys|Cosmic Power|p2a: Deoxys\n|-boost|p2a: Deoxys|def|1\n|-boost|p2a: Deoxys|spd|1\n|\n|-heal|p2a: Deoxys|177/221 brn|[from] item: Leftovers\n|-damage|p2a: Deoxys|164/221 brn|[from] brn\n|upkeep\n|turn|38\n|\n|t:|1733856127\n|move|p1a: Scream Tail|Play Rough|p2a: Deoxys\n|-damage|p2a: Deoxys|139/221 brn\n|move|p2a: Deoxys|Cosmic Power|p2a: Deoxys\n|-boost|p2a: Deoxys|def|1\n|-boost|p2a: Deoxys|spd|1\n|\n|-heal|p2a: Deoxys|152/221 brn|[from] item: Leftovers\n|-damage|p2a: Deoxys|139/221 brn|[from] brn\n|upkeep\n|turn|39\n|\n|t:|1733856137\n|move|p1a: Scream Tail|Play Rough|p2a: Deoxys\n|-damage|p2a: Deoxys|118/221 brn\n|move|p2a: Deoxys|Recover|p2a: Deoxys\n|-heal|p2a: Deoxys|221/221 brn\n|\n|-damage|p2a: Deoxys|208/221 brn|[from] brn\n|upkeep\n|turn|40\n|\n|t:|1733856145\n|move|p1a: Scream Tail|Thunder Wave||[still]\n|-fail|p1a: Scream Tail\n|move|p2a: Deoxys|Night Shade|p1a: Scream Tail\n|-damage|p1a: Scream Tail|246/330\n|\n|-heal|p2a: Deoxys|221/221 brn|[from] item: Leftovers\n|-damage|p2a: Deoxys|208/221 brn|[from] brn\n|upkeep\n|turn|41\n|\n|t:|1733856163\n|move|p1a: Scream Tail|Wish|p1a: Scream Tail\n|move|p2a: Deoxys|Cosmic Power|p2a: Deoxys\n|-boost|p2a: Deoxys|def|1\n|-boost|p2a: Deoxys|spd|1\n|\n|-heal|p2a: Deoxys|221/221 brn|[from] item: Leftovers\n|-damage|p2a: Deoxys|208/221 brn|[from] brn\n|upkeep\n|turn|42\n|\n|t:|1733856172\n|move|p1a: Scream Tail|Play Rough|p2a: Deoxys\n|-damage|p2a: Deoxys|192/221 brn\n|move|p2a: Deoxys|Cosmic Power|p2a: Deoxys\n|-boost|p2a: Deoxys|def|1\n|-boost|p2a: Deoxys|spd|1\n|\n|-heal|p1a: Scream Tail|330/330|[from] move: Wish|[wisher] Scream Tail\n|-heal|p2a: Deoxys|205/221 brn|[from] item: Leftovers\n|-damage|p2a: Deoxys|192/221 brn|[from] brn\n|upkeep\n|turn|43\n|\n|t:|1733856184\n|move|p1a: Scream Tail|Play Rough|p2a: Deoxys\n|-damage|p2a: Deoxys|179/221 brn\n|move|p2a: Deoxys|Cosmic Power|p2a: Deoxys\n|-boost|p2a: Deoxys|def|1\n|-boost|p2a: Deoxys|spd|1\n|\n|-heal|p2a: Deoxys|192/221 brn|[from] item: Leftovers\n|-damage|p2a: Deoxys|179/221 brn|[from] brn\n|upkeep\n|turn|44\n|\n|t:|1733856195\n|move|p1a: Scream Tail|Play Rough|p2a: Deoxys\n|-damage|p2a: Deoxys|167/221 brn\n|move|p2a: Deoxys|Stored Power|p1a: Scream Tail\n|-resisted|p1a: Scream Tail\n|-damage|p1a: Scream Tail|248/330\n|\n|-heal|p2a: Deoxys|180/221 brn|[from] item: Leftovers\n|-damage|p2a: Deoxys|167/221 brn|[from] brn\n|upkeep\n|turn|45\n|\n|t:|1733856205\n|move|p1a: Scream Tail|Wish|p1a: Scream Tail\n|move|p2a: Deoxys|Night Shade|p1a: Scream Tail\n|-damage|p1a: Scream Tail|164/330\n|\n|-heal|p2a: Deoxys|180/221 brn|[from] item: Leftovers\n|-damage|p2a: Deoxys|167/221 brn|[from] brn\n|upkeep\n|turn|46\n|\n|t:|1733856213\n|move|p1a: Scream Tail|Protect|p1a: Scream Tail\n|-singleturn|p1a: Scream Tail|Protect\n|move|p2a: Deoxys|Night Shade|p1a: Scream Tail\n|-activate|p1a: Scream Tail|move: Protect\n|\n|-heal|p1a: Scream Tail|329/330|[from] move: Wish|[wisher] Scream Tail\n|-heal|p2a: Deoxys|180/221 brn|[from] item: Leftovers\n|-damage|p2a: Deoxys|167/221 brn|[from] brn\n|upkeep\n|turn|47\n|\n|t:|1733856224\n|move|p1a: Scream Tail|Wish|p1a: Scream Tail\n|move|p2a: Deoxys|Night Shade|p1a: Scream Tail\n|-damage|p1a: Scream Tail|245/330\n|\n|-heal|p2a: Deoxys|180/221 brn|[from] item: Leftovers\n|-damage|p2a: Deoxys|167/221 brn|[from] brn\n|upkeep\n|turn|48\n|\n|t:|1733856233\n|move|p1a: Scream Tail|Thunder Wave||[still]\n|-fail|p1a: Scream Tail\n|move|p2a: Deoxys|Night Shade|p1a: Scream Tail\n|-damage|p1a: Scream Tail|161/330\n|\n|-heal|p1a: Scream Tail|326/330|[from] move: Wish|[wisher] Scream Tail\n|-heal|p2a: Deoxys|180/221 brn|[from] item: Leftovers\n|-damage|p2a: Deoxys|167/221 brn|[from] brn\n|upkeep\n|turn|49\n|inactive|jcraftzzz has 120 seconds left.\n|\n|t:|1733856290\n|move|p1a: Scream Tail|Wish|p1a: Scream Tail\n|move|p2a: Deoxys|Night Shade|p1a: Scream Tail\n|-damage|p1a: Scream Tail|242/330\n|\n|-heal|p2a: Deoxys|180/221 brn|[from] item: Leftovers\n|-damage|p2a: Deoxys|167/221 brn|[from] brn\n|upkeep\n|turn|50\n|\n|t:|1733856300\n|move|p1a: Scream Tail|Thunder Wave||[still]\n|-fail|p1a: Scream Tail\n|move|p2a: Deoxys|Stored Power|p1a: Scream Tail\n|-resisted|p1a: Scream Tail\n|-damage|p1a: Scream Tail|161/330\n|\n|-heal|p1a: Scream Tail|326/330|[from] move: Wish|[wisher] Scream Tail\n|-heal|p2a: Deoxys|180/221 brn|[from] item: Leftovers\n|-damage|p2a: Deoxys|167/221 brn|[from] brn\n|upkeep\n|turn|51\n|\n|t:|1733856311\n|move|p1a: Scream Tail|Wish|p1a: Scream Tail\n|move|p2a: Deoxys|Stored Power|p1a: Scream Tail\n|-resisted|p1a: Scream Tail\n|-damage|p1a: Scream Tail|244/330\n|\n|-heal|p2a: Deoxys|180/221 brn|[from] item: Leftovers\n|-damage|p2a: Deoxys|167/221 brn|[from] brn\n|upkeep\n|turn|52\n|\n|t:|1733856320\n|move|p1a: Scream Tail|Protect|p1a: Scream Tail\n|-singleturn|p1a: Scream Tail|Protect\n|move|p2a: Deoxys|Stored Power|p1a: Scream Tail\n|-activate|p1a: Scream Tail|move: Protect\n|\n|-heal|p1a: Scream Tail|330/330|[from] move: Wish|[wisher] Scream Tail\n|-heal|p2a: Deoxys|180/221 brn|[from] item: Leftovers\n|-damage|p2a: Deoxys|167/221 brn|[from] brn\n|upkeep\n|turn|53\n|\n|t:|1733856331\n|move|p1a: Scream Tail|Wish|p1a: Scream Tail\n|move|p2a: Deoxys|Stored Power|p1a: Scream Tail\n|-resisted|p1a: Scream Tail\n|-damage|p1a: Scream Tail|246/330\n|\n|-heal|p2a: Deoxys|180/221 brn|[from] item: Leftovers\n|-damage|p2a: Deoxys|167/221 brn|[from] brn\n|upkeep\n|turn|54\n|inactive|jcraftzzz has 120 seconds left.\n|\n|t:|1733856365\n|move|p1a: Scream Tail|Thunder Wave||[still]\n|-fail|p1a: Scream Tail\n|move|p2a: Deoxys|Stored Power|p1a: Scream Tail\n|-resisted|p1a: Scream Tail\n|-damage|p1a: Scream Tail|160/330\n|\n|-heal|p1a: Scream Tail|325/330|[from] move: Wish|[wisher] Scream Tail\n|-heal|p2a: Deoxys|180/221 brn|[from] item: Leftovers\n|-damage|p2a: Deoxys|167/221 brn|[from] brn\n|upkeep\n|turn|55\n|\n|t:|1733856376\n|move|p1a: Scream Tail|Wish|p1a: Scream Tail\n|move|p2a: Deoxys|Stored Power|p1a: Scream Tail\n|-resisted|p1a: Scream Tail\n|-damage|p1a: Scream Tail|238/330\n|\n|-heal|p2a: Deoxys|180/221 brn|[from] item: Leftovers\n|-damage|p2a: Deoxys|167/221 brn|[from] brn\n|upkeep\n|turn|56\n|inactive|jcraftzzz has 120 seconds left.\n|c|\u2606jcraftzzz|are we really going to keep going?\n|\n|t:|1733856389\n|move|p1a: Scream Tail|Protect|p1a: Scream Tail\n|-singleturn|p1a: Scream Tail|Protect\n|move|p2a: Deoxys|Stored Power|p1a: Scream Tail\n|-activate|p1a: Scream Tail|move: Protect\n|\n|-heal|p1a: Scream Tail|330/330|[from] move: Wish|[wisher] Scream Tail\n|-heal|p2a: Deoxys|180/221 brn|[from] item: Leftovers\n|-damage|p2a: Deoxys|167/221 brn|[from] brn\n|upkeep\n|turn|57\n|inactive|jcraftzzz has 120 seconds left.\n|\n|t:|1733856400\n|move|p1a: Scream Tail|Wish|p1a: Scream Tail\n|move|p2a: Deoxys|Stored Power|p1a: Scream Tail\n|-resisted|p1a: Scream Tail\n|-crit|p1a: Scream Tail\n|-damage|p1a: Scream Tail|195/330\n|\n|-heal|p2a: Deoxys|180/221 brn|[from] item: Leftovers\n|-damage|p2a: Deoxys|167/221 brn|[from] brn\n|upkeep\n|turn|58\n|\n|t:|1733856409\n|move|p1a: Scream Tail|Protect|p1a: Scream Tail\n|-singleturn|p1a: Scream Tail|Protect\n|move|p2a: Deoxys|Night Shade|p1a: Scream Tail\n|-activate|p1a: Scream Tail|move: Protect\n|\n|-heal|p1a: Scream Tail|330/330|[from] move: Wish|[wisher] Scream Tail\n|-heal|p2a: Deoxys|180/221 brn|[from] item: Leftovers\n|-damage|p2a: Deoxys|167/221 brn|[from] brn\n|upkeep\n|turn|59\n|\n|t:|1733856419\n|move|p1a: Scream Tail|Wish|p1a: Scream Tail\n|move|p2a: Deoxys|Night Shade|p1a: Scream Tail\n|-damage|p1a: Scream Tail|246/330\n|\n|-heal|p2a: Deoxys|180/221 brn|[from] item: Leftovers\n|-damage|p2a: Deoxys|167/221 brn|[from] brn\n|upkeep\n|turn|60\n|\n|t:|1733856435\n|move|p1a: Scream Tail|Thunder Wave||[still]\n|-fail|p1a: Scream Tail\n|move|p2a: Deoxys|Night Shade|p1a: Scream Tail\n|-damage|p1a: Scream Tail|162/330\n|\n|-heal|p1a: Scream Tail|327/330|[from] move: Wish|[wisher] Scream Tail\n|-heal|p2a: Deoxys|180/221 brn|[from] item: Leftovers\n|-damage|p2a: Deoxys|167/221 brn|[from] brn\n|upkeep\n|turn|61\n|\n|t:|1733856446\n|move|p1a: Scream Tail|Wish|p1a: Scream Tail\n|move|p2a: Deoxys|Stored Power|p1a: Scream Tail\n|-resisted|p1a: Scream Tail\n|-damage|p1a: Scream Tail|240/330\n|\n|-heal|p2a: Deoxys|180/221 brn|[from] item: Leftovers\n|-damage|p2a: Deoxys|167/221 brn|[from] brn\n|upkeep\n|turn|62\n|\n|t:|1733856455\n|move|p1a: Scream Tail|Protect|p1a: Scream Tail\n|-singleturn|p1a: Scream Tail|Protect\n|move|p2a: Deoxys|Night Shade|p1a: Scream Tail\n|-activate|p1a: Scream Tail|move: Protect\n|\n|-heal|p1a: Scream Tail|330/330|[from] move: Wish|[wisher] Scream Tail\n|-heal|p2a: Deoxys|180/221 brn|[from] item: Leftovers\n|-damage|p2a: Deoxys|167/221 brn|[from] brn\n|upkeep\n|turn|63\n|\n|t:|1733856473\n|move|p1a: Scream Tail|Wish|p1a: Scream Tail\n|move|p2a: Deoxys|Stored Power|p1a: Scream Tail\n|-resisted|p1a: Scream Tail\n|-damage|p1a: Scream Tail|240/330\n|\n|-heal|p2a: Deoxys|180/221 brn|[from] item: Leftovers\n|-damage|p2a: Deoxys|167/221 brn|[from] brn\n|upkeep\n|turn|64\n|\n|t:|1733856481\n|move|p1a: Scream Tail|Protect|p1a: Scream Tail\n|-singleturn|p1a: Scream Tail|Protect\n|move|p2a: Deoxys|Night Shade|p1a: Scream Tail\n|-activate|p1a: Scream Tail|move: Protect\n|\n|-heal|p1a: Scream Tail|330/330|[from] move: Wish|[wisher] Scream Tail\n|-heal|p2a: Deoxys|180/221 brn|[from] item: Leftovers\n|-damage|p2a: Deoxys|167/221 brn|[from] brn\n|upkeep\n|turn|65\n|\n|t:|1733856492\n|move|p1a: Scream Tail|Wish|p1a: Scream Tail\n|move|p2a: Deoxys|Stored Power|p1a: Scream Tail\n|-resisted|p1a: Scream Tail\n|-damage|p1a: Scream Tail|249/330\n|\n|-heal|p2a: Deoxys|180/221 brn|[from] item: Leftovers\n|-damage|p2a: Deoxys|167/221 brn|[from] brn\n|upkeep\n|turn|66\n|\n|t:|1733856501\n|move|p1a: Scream Tail|Protect|p1a: Scream Tail\n|-singleturn|p1a: Scream Tail|Protect\n|move|p2a: Deoxys|Night Shade|p1a: Scream Tail\n|-activate|p1a: Scream Tail|move: Protect\n|\n|-heal|p1a: Scream Tail|330/330|[from] move: Wish|[wisher] Scream Tail\n|-heal|p2a: Deoxys|180/221 brn|[from] item: Leftovers\n|-damage|p2a: Deoxys|167/221 brn|[from] brn\n|upkeep\n|turn|67\n|\n|t:|1733856512\n|move|p1a: Scream Tail|Wish|p1a: Scream Tail\n|move|p2a: Deoxys|Stored Power|p1a: Scream Tail\n|-resisted|p1a: Scream Tail\n|-damage|p1a: Scream Tail|244/330\n|\n|-heal|p2a: Deoxys|180/221 brn|[from] item: Leftovers\n|-damage|p2a: Deoxys|167/221 brn|[from] brn\n|upkeep\n|turn|68\n|\n|t:|1733856520\n|move|p1a: Scream Tail|Thunder Wave|p2a: Deoxys|[miss]\n|-miss|p1a: Scream Tail|p2a: Deoxys\n|move|p2a: Deoxys|Cosmic Power|p2a: Deoxys\n|-boost|p2a: Deoxys|def|0\n|-boost|p2a: Deoxys|spd|0\n|\n|-heal|p1a: Scream Tail|330/330|[from] move: Wish|[wisher] Scream Tail\n|-heal|p2a: Deoxys|180/221 brn|[from] item: Leftovers\n|-damage|p2a: Deoxys|167/221 brn|[from] brn\n|upkeep\n|turn|69\n|\n|t:|1733856531\n|move|p1a: Scream Tail|Protect|p1a: Scream Tail\n|-singleturn|p1a: Scream Tail|Protect\n|move|p2a: Deoxys|Night Shade|p1a: Scream Tail\n|-activate|p1a: Scream Tail|move: Protect\n|\n|-heal|p2a: Deoxys|180/221 brn|[from] item: Leftovers\n|-damage|p2a: Deoxys|167/221 brn|[from] brn\n|upkeep\n|turn|70\n|\n|t:|1733856545\n|move|p1a: Scream Tail|Thunder Wave||[still]\n|-fail|p1a: Scream Tail\n|move|p2a: Deoxys|Night Shade|p1a: Scream Tail\n|-damage|p1a: Scream Tail|246/330\n|\n|-heal|p2a: Deoxys|180/221 brn|[from] item: Leftovers\n|-damage|p2a: Deoxys|167/221 brn|[from] brn\n|upkeep\n|turn|71\n|\n|t:|1733856555\n|move|p1a: Scream Tail|Protect|p1a: Scream Tail\n|-singleturn|p1a: Scream Tail|Protect\n|move|p2a: Deoxys|Cosmic Power|p2a: Deoxys\n|-boost|p2a: Deoxys|def|0\n|-boost|p2a: Deoxys|spd|0\n|\n|-heal|p2a: Deoxys|180/221 brn|[from] item: Leftovers\n|-damage|p2a: Deoxys|167/221 brn|[from] brn\n|upkeep\n|turn|72\n|\n|t:|1733856564\n|move|p1a: Scream Tail|Protect||[still]\n|-fail|p1a: Scream Tail\n|move|p2a: Deoxys|Night Shade|p1a: Scream Tail\n|-damage|p1a: Scream Tail|162/330\n|\n|-heal|p2a: Deoxys|180/221 brn|[from] item: Leftovers\n|-damage|p2a: Deoxys|167/221 brn|[from] brn\n|upkeep\n|turn|73\n|\n|t:|1733856573\n|move|p1a: Scream Tail|Thunder Wave||[still]\n|-fail|p1a: Scream Tail\n|move|p2a: Deoxys|Cosmic Power|p2a: Deoxys\n|-boost|p2a: Deoxys|def|0\n|-boost|p2a: Deoxys|spd|0\n|\n|-heal|p2a: Deoxys|180/221 brn|[from] item: Leftovers\n|-damage|p2a: Deoxys|167/221 brn|[from] brn\n|upkeep\n|turn|74\n|\n|t:|1733856582\n|move|p1a: Scream Tail|Protect|p1a: Scream Tail\n|-singleturn|p1a: Scream Tail|Protect\n|move|p2a: Deoxys|Recover|p2a: Deoxys\n|-heal|p2a: Deoxys|221/221 brn\n|\n|-damage|p2a: Deoxys|208/221 brn|[from] brn\n|upkeep\n|turn|75\n|\n|t:|1733856590\n|move|p1a: Scream Tail|Thunder Wave||[still]\n|-fail|p1a: Scream Tail\n|move|p2a: Deoxys|Stored Power|p1a: Scream Tail\n|-resisted|p1a: Scream Tail\n|-damage|p1a: Scream Tail|75/330\n|\n|-heal|p2a: Deoxys|221/221 brn|[from] item: Leftovers\n|-damage|p2a: Deoxys|208/221 brn|[from] brn\n|upkeep\n|turn|76\n|inactive|jcraftzzz has 120 seconds left.\n|\n|t:|1733856634\n|move|p1a: Scream Tail|Thunder Wave||[still]\n|-fail|p1a: Scream Tail\n|move|p2a: Deoxys|Cosmic Power|p2a: Deoxys\n|-boost|p2a: Deoxys|def|0\n|-boost|p2a: Deoxys|spd|0\n|\n|-heal|p2a: Deoxys|221/221 brn|[from] item: Leftovers\n|-damage|p2a: Deoxys|208/221 brn|[from] brn\n|upkeep\n|turn|77\n|\n|t:|1733856644\n|move|p1a: Scream Tail|Protect|p1a: Scream Tail\n|-singleturn|p1a: Scream Tail|Protect\n|move|p2a: Deoxys|Stored Power|p1a: Scream Tail\n|-activate|p1a: Scream Tail|move: Protect\n|\n|-heal|p2a: Deoxys|221/221 brn|[from] item: Leftovers\n|-damage|p2a: Deoxys|208/221 brn|[from] brn\n|upkeep\n|turn|78\n|\n|t:|1733856653\n|move|p1a: Scream Tail|Thunder Wave||[still]\n|-fail|p1a: Scream Tail\n|move|p2a: Deoxys|Night Shade|p1a: Scream Tail\n|-damage|p1a: Scream Tail|0 fnt\n|faint|p1a: Scream Tail\n|-end|p1a: Scream Tail|Protosynthesis|[silent]\n|\n|-heal|p2a: Deoxys|221/221 brn|[from] item: Leftovers\n|-damage|p2a: Deoxys|208/221 brn|[from] brn\n|upkeep\n|c|\u2606jcraftzzz|JUST DIE ALREADY\n|\n|t:|1733856663\n|switch|p1a: Eelektross|Eelektross, L87, M|157/290\n|-damage|p1a: Eelektross|121/290|[from] Stealth Rock\n|turn|79\n|\n|t:|1733856672\n|move|p2a: Deoxys|Stored Power|p1a: Eelektross\n|-damage|p1a: Eelektross|0 fnt\n|faint|p1a: Eelektross\n|\n|-heal|p2a: Deoxys|221/221 brn|[from] item: Leftovers\n|-damage|p2a: Deoxys|208/221 brn|[from] brn\n|upkeep\n|\n|t:|1733856682\n|switch|p1a: Volbeat|Volbeat, L90, M|263/263\n|turn|80\n|\n|t:|1733856704\n|move|p1a: Volbeat|Thunder Wave||[still]\n|-fail|p1a: Volbeat\n|move|p2a: Deoxys|Recover|p2a: Deoxys\n|-heal|p2a: Deoxys|221/221 brn\n|\n|-damage|p2a: Deoxys|208/221 brn|[from] brn\n|upkeep\n|turn|81\n|\n|t:|1733856715\n|move|p1a: Volbeat|Encore|p2a: Deoxys\n|-start|p2a: Deoxys|Encore\n|move|p2a: Deoxys|Recover|p2a: Deoxys\n|-heal|p2a: Deoxys|221/221 brn\n|\n|-damage|p2a: Deoxys|208/221 brn|[from] brn\n|upkeep\n|turn|82\n|\n|t:|1733856723\n|move|p1a: Volbeat|Thunder Wave||[still]\n|-fail|p1a: Volbeat\n|move|p2a: Deoxys|Recover|p2a: Deoxys\n|-heal|p2a: Deoxys|221/221 brn\n|\n|-damage|p2a: Deoxys|208/221 brn|[from] brn\n|upkeep\n|turn|83\n|inactive|jcraftzzz has 120 seconds left.\n|\n|t:|1733856764\n|move|p1a: Volbeat|Thunder Wave||[still]\n|-fail|p1a: Volbeat\n|move|p2a: Deoxys|Recover|p2a: Deoxys\n|-heal|p2a: Deoxys|221/221 brn\n|\n|-damage|p2a: Deoxys|208/221 brn|[from] brn\n|-end|p2a: Deoxys|Encore\n|upkeep\n|turn|84\n|\n|t:|1733856773\n|move|p1a: Volbeat|Encore|p2a: Deoxys\n|-start|p2a: Deoxys|Encore\n|move|p2a: Deoxys|Recover|p2a: Deoxys\n|-heal|p2a: Deoxys|221/221 brn\n|\n|-damage|p2a: Deoxys|208/221 brn|[from] brn\n|-end|p2a: Deoxys|Encore\n|upkeep\n|turn|85\n|inactive|jcraftzzz has 120 seconds left.\n|\n|t:|1733856793\n|move|p1a: Volbeat|Thunder Wave||[still]\n|-fail|p1a: Volbeat\n|move|p2a: Deoxys|Cosmic Power|p2a: Deoxys\n|-boost|p2a: Deoxys|def|0\n|-boost|p2a: Deoxys|spd|0\n|\n|-heal|p2a: Deoxys|221/221 brn|[from] item: Leftovers\n|-damage|p2a: Deoxys|208/221 brn|[from] brn\n|upkeep\n|turn|86\n|inactive|jcraftzzz has 120 seconds left.\n|\n|t:|1733856805\n|move|p1a: Volbeat|Roost||[still]\n|-fail|p1a: Volbeat|heal\n|move|p2a: Deoxys|Cosmic Power|p2a: Deoxys\n|-boost|p2a: Deoxys|def|0\n|-boost|p2a: Deoxys|spd|0\n|\n|-heal|p2a: Deoxys|221/221 brn|[from] item: Leftovers\n|-damage|p2a: Deoxys|208/221 brn|[from] brn\n|upkeep\n|turn|87\n|inactive|jcraftzzz has 120 seconds left.\n|inactive|jcraftzzz has 90 seconds left.\n|\n|t:|1733856864\n|move|p1a: Volbeat|U-turn|p2a: Deoxys\n|-supereffective|p2a: Deoxys\n|-damage|p2a: Deoxys|184/221 brn\n|\n|t:|1733856868\n|switch|p1a: Pyroar|Pyroar, L88, M|295/295|[from] U-turn\n|-ability|p1a: Pyroar|Unnerve\n|move|p2a: Deoxys|Cosmic Power|p2a: Deoxys\n|-boost|p2a: Deoxys|def|0\n|-boost|p2a: Deoxys|spd|0\n|\n|-heal|p2a: Deoxys|197/221 brn|[from] item: Leftovers\n|-damage|p2a: Deoxys|184/221 brn|[from] brn\n|upkeep\n|turn|88\n|\n|t:|1733856883\n|switch|p2a: Gastrodon|Gastrodon, L86, F|301/331\n|move|p1a: Pyroar|Work Up|p1a: Pyroar\n|-boost|p1a: Pyroar|atk|1\n|-boost|p1a: Pyroar|spa|1\n|\n|-heal|p2a: Gastrodon|321/331|[from] item: Leftovers\n|upkeep\n|turn|89\n|inactive|jcraftzzz has 90 seconds left.\n|inactive|jcraftzzz has 60 seconds left.\n|\n|t:|1733856944\n|switch|p1a: Volbeat|Volbeat, L90, M|263/263\n|move|p2a: Gastrodon|Surf|p1a: Volbeat\n|-damage|p1a: Volbeat|167/263\n|\n|-heal|p2a: Gastrodon|331/331|[from] item: Leftovers\n|upkeep\n|turn|90\n|\n|t:|1733856953\n|move|p1a: Volbeat|Thunder Wave|p2a: Gastrodon\n|-immune|p2a: Gastrodon\n|move|p2a: Gastrodon|Surf|p1a: Volbeat\n|-damage|p1a: Volbeat|71/263\n|\n|upkeep\n|turn|91\n|inactive|jcraftzzz has 30 seconds left.\n|inactive|jcraftzzz has 20 seconds left.\n|\n|t:|1733856979\n|move|p1a: Volbeat|Roost|p1a: Volbeat\n|-heal|p1a: Volbeat|203/263\n|-singleturn|p1a: Volbeat|move: Roost\n|move|p2a: Gastrodon|Surf|p1a: Volbeat\n|-damage|p1a: Volbeat|110/263\n|\n|upkeep\n|turn|92\n|inactive|jcraftzzz has 25 seconds left this turn.\n|\n|t:|1733856986\n|move|p1a: Volbeat|Roost|p1a: Volbeat\n|-heal|p1a: Volbeat|242/263\n|-singleturn|p1a: Volbeat|move: Roost\n|move|p2a: Gastrodon|Surf|p1a: Volbeat\n|-damage|p1a: Volbeat|142/263\n|\n|upkeep\n|turn|93\n|inactive|jcraftzzz has 30 seconds left this turn.\n|\n|t:|1733856993\n|move|p1a: Volbeat|Roost|p1a: Volbeat\n|-heal|p1a: Volbeat|263/263\n|-singleturn|p1a: Volbeat|move: Roost\n|move|p2a: Gastrodon|Surf|p1a: Volbeat\n|-damage|p1a: Volbeat|173/263\n|\n|upkeep\n|turn|94\n|inactive|jcraftzzz has 30 seconds left this turn.\n|\n|t:|1733857000\n|move|p1a: Volbeat|Roost|p1a: Volbeat\n|-heal|p1a: Volbeat|263/263\n|-singleturn|p1a: Volbeat|move: Roost\n|move|p2a: Gastrodon|Surf|p1a: Volbeat\n|-damage|p1a: Volbeat|172/263\n|\n|upkeep\n|turn|95\n|c|\u2606jcraftzzz|stop it\n|\n|t:|1733857008\n|move|p1a: Volbeat|Encore|p2a: Gastrodon\n|-start|p2a: Gastrodon|Encore\n|move|p2a: Gastrodon|Surf|p1a: Volbeat\n|-damage|p1a: Volbeat|82/263\n|\n|upkeep\n|turn|96\n|c|\u2606jcraftzzz|Just accept defeat\n|\n|t:|1733857014\n|move|p1a: Volbeat|Roost|p1a: Volbeat\n|-heal|p1a: Volbeat|214/263\n|-singleturn|p1a: Volbeat|move: Roost\n|move|p2a: Gastrodon|Surf|p1a: Volbeat\n|-damage|p1a: Volbeat|121/263\n|\n|upkeep\n|turn|97\n|\n|t:|1733857021\n|move|p1a: Volbeat|Roost|p1a: Volbeat\n|-heal|p1a: Volbeat|253/263\n|-singleturn|p1a: Volbeat|move: Roost\n|move|p2a: Gastrodon|Surf|p1a: Volbeat\n|-damage|p1a: Volbeat|157/263\n|\n|-end|p2a: Gastrodon|Encore\n|upkeep\n|turn|98\n|\n|t:|1733857029\n|move|p1a: Volbeat|Encore|p2a: Gastrodon\n|-start|p2a: Gastrodon|Encore\n|move|p2a: Gastrodon|Surf|p1a: Volbeat\n|-damage|p1a: Volbeat|72/263\n|\n|upkeep\n|turn|99\n|\n|t:|1733857036\n|move|p1a: Volbeat|Roost|p1a: Volbeat\n|-heal|p1a: Volbeat|204/263\n|-singleturn|p1a: Volbeat|move: Roost\n|move|p2a: Gastrodon|Surf|p1a: Volbeat\n|-damage|p1a: Volbeat|110/263\n|\n|upkeep\n|turn|100\n|inactive|jcraftzzz has 30 seconds left.\n|\n|t:|1733857054\n|move|p1a: Volbeat|Encore||[still]\n|-fail|p1a: Volbeat\n|move|p2a: Gastrodon|Surf|p1a: Volbeat\n|-damage|p1a: Volbeat|20/263\n|\n|-end|p2a: Gastrodon|Encore\n|upkeep\n|turn|101\n|inactive|jcraftzzz has 30 seconds left.\n|\n|t:|1733857069\n|move|p1a: Volbeat|Thunder Wave|p2a: Gastrodon\n|-immune|p2a: Gastrodon\n|move|p2a: Gastrodon|Earthquake|p1a: Volbeat\n|-resisted|p1a: Volbeat\n|-damage|p1a: Volbeat|0 fnt\n|faint|p1a: Volbeat\n|\n|upkeep\n|inactive|jcraftzzz has 30 seconds left this turn.\n|\n|t:|1733857076\n|switch|p1a: Pyroar|Pyroar, L88, M|295/295\n|-ability|p1a: Pyroar|Unnerve\n|turn|102\n|inactive|jcraftzzz has 30 seconds left.\n|inactive|Krodan has 120 seconds left.\n|\n|t:|1733857087\n|move|p1a: Pyroar|Dark Pulse|p2a: Gastrodon\n|-damage|p2a: Gastrodon|264/331\n|move|p2a: Gastrodon|Surf|p1a: Pyroar\n|-supereffective|p1a: Pyroar\n|-damage|p1a: Pyroar|79/295\n|\n|-heal|p2a: Gastrodon|284/331|[from] item: Leftovers\n|upkeep\n|turn|103\n|inactive|Krodan has 120 seconds left.\n|inactive|jcraftzzz has 30 seconds left.\n|inactive|jcraftzzz has 20 seconds left.\n|\n|t:|1733857104\n|move|p1a: Pyroar|Hyper Voice|p2a: Gastrodon\n|-damage|p2a: Gastrodon|175/331\n|move|p2a: Gastrodon|Earthquake|p1a: Pyroar\n|-supereffective|p1a: Pyroar\n|-damage|p1a: Pyroar|0 fnt\n|faint|p1a: Pyroar\n|\n|win|jcraftzzz\n|inactive|jcraftzzz has 25 seconds left this turn.\n", "inputlog": ">version bfd83cad13791eb5a5a409923076391caf6fb4d4\n>start {\"formatid\":\"gen9randombattle\",\"seed\":[44255,32513,16096,64709],\"rated\":\"Rated battle\"}\n>player p1 {\"name\":\"Krodan\",\"avatar\":\"bruno\",\"rating\":1191,\"seed\":[15633,57383,58376,60541]}\n>player p2 {\"name\":\"jcraftzzz\",\"avatar\":\"li\",\"rating\":1148,\"seed\":[56648,17528,31263,25639]}\n>p1 move thunderwave\n>p2 move irondefense\n>p1 switch 5\n>p2 move irondefense\n>p1 move closecombat\n>p2 move rest\n>p1 move closecombat\n>p2 move bodypress\n>p1 switch 3\n>p1 move uturn\n>p2 switch 4\n>p1 switch 5\n>p1 move playrough\n>p2 move knockoff\n>p2 switch 4\n>p1 move thunderwave\n>p2 move irondefense\n>p1 move wish\n>p2 move irondefense\n>p1 switch 6\n>p2 move irondefense\n>p1 move calmmind\n>p2 move bodypress\n>p1 move scald\n>p2 move bodypress\n>p2 switch 2\n>p1 move scald\n>p2 move cosmicpower\n>p1 move icebeam\n>p2 move cosmicpower\n>p1 move calmmind\n>p2 move cosmicpower\n>p1 move substitute\n>p2 move nightshade\n>p1 move scald\n>p2 move nightshade\n>p1 move scald\n>p2 move nightshade\n>p1 move substitute\n>p2 move nightshade\n>p1 switch 4\n>p1 move flamethrower\n>p2 move cosmicpower\n>p1 move discharge\n>p2 move cosmicpower\n>p1 move flamethrower\n>p2 move cosmicpower\n>p1 move dragontail\n>p2 move recover\n>p1 move flamethrower\n>p2 move substitute\n>p1 move flamethrower\n>p2 move calmmind\n>p1 move discharge\n>p2 move substitute\n>p1 move discharge\n>p2 move storedpower\n>p1 move flamethrower\n>p2 move storedpower\n>p2 switch 3\n>p1 move uturn\n>p2 move stealthrock\n>p1 switch 5\n>p1 move encore\n>p2 move surf\n>p1 move thunderwave\n>p2 switch 5\n>p1 move uturn\n>p2 move stoneedge\n>p1 switch 6\n>p1 move wish\n>p2 move spikes\n>p1 move playrough\n>p2 move knockoff\n>p1 move wish\n>p2 move spikes\n>p1 move playrough\n>p2 switch 6\n>p1 move thunderwave\n>p2 move cosmicpower\n>p1 move playrough\n>p2 move cosmicpower\n>p1 move playrough\n>p2 move cosmicpower\n>p1 move playrough\n>p2 move recover\n>p1 move thunderwave\n>p2 move nightshade\n>p1 move wish\n>p2 move cosmicpower\n>p1 move playrough\n>p2 move cosmicpower\n>p1 move playrough\n>p2 move cosmicpower\n>p1 move playrough\n>p2 move storedpower\n>p1 move wish\n>p2 move nightshade\n>p1 move protect\n>p2 move nightshade\n>p1 move wish\n>p2 move nightshade\n>p1 move thunderwave\n>p2 move nightshade\n>p1 move wish\n>p2 move nightshade\n>p1 move thunderwave\n>p2 move storedpower\n>p1 move wish\n>p2 move storedpower\n>p1 move protect\n>p2 move storedpower\n>p1 move wish\n>p2 move storedpower\n>p1 move thunderwave\n>p2 move storedpower\n>p1 move wish\n>p2 move storedpower\n>chat \u2606jcraftzzz|are we really going to keep going?\n>p1 move protect\n>p2 move storedpower\n>p1 move wish\n>p2 move storedpower\n>p1 move protect\n>p2 move nightshade\n>p1 move wish\n>p2 move nightshade\n>p1 move thunderwave\n>p2 move nightshade\n>p1 move wish\n>p2 move storedpower\n>p1 move protect\n>p2 move nightshade\n>p1 move wish\n>p2 move storedpower\n>p1 move protect\n>p2 move nightshade\n>p1 move wish\n>p2 move storedpower\n>p1 move protect\n>p2 move nightshade\n>p1 move wish\n>p2 move storedpower\n>p1 move thunderwave\n>p2 move cosmicpower\n>p1 move protect\n>p2 move nightshade\n>p1 move thunderwave\n>p2 move nightshade\n>p1 move protect\n>p2 move cosmicpower\n>p1 move protect\n>p2 move nightshade\n>p1 move thunderwave\n>p2 move cosmicpower\n>p1 move protect\n>p2 move recover\n>p1 move thunderwave\n>p2 move storedpower\n>p1 move thunderwave\n>p2 move cosmicpower\n>p1 move protect\n>p2 move storedpower\n>p1 move thunderwave\n>p2 move nightshade\n>chat \u2606jcraftzzz|JUST DIE ALREADY\n>p1 switch 5\n>p1 move discharge\n>p2 move storedpower\n>p1 switch 6\n>p1 move thunderwave\n>p2 move recover\n>p1 move encore\n>p2 move cosmicpower\n>p1 move thunderwave\n>p2 move recover\n>p1 move thunderwave\n>p2 move recover\n>p1 move encore\n>p2 move cosmicpower\n>p1 move thunderwave\n>p2 move cosmicpower\n>p1 move roost\n>p2 move cosmicpower\n>p1 move uturn\n>p2 move cosmicpower\n>p1 switch 2\n>p1 move workup\n>p2 switch 5\n>p1 switch 2\n>p2 move surf\n>p1 move thunderwave\n>p2 move surf\n>p1 move roost\n>p2 move surf\n>p1 move roost\n>p2 move surf\n>p1 move roost\n>p2 move surf\n>p1 move roost\n>p2 move surf\n>chat \u2606jcraftzzz|stop it\n>p1 move encore\n>p2 move surf\n>chat \u2606jcraftzzz|Just accept defeat\n>p1 move roost\n>p2 move surf\n>p1 move roost\n>p2 move surf\n>p1 move encore\n>p2 move surf\n>p1 move roost\n>p2 move surf\n>p1 move encore\n>p2 move surf\n>p1 move thunderwave\n>p2 move earthquake\n>p1 switch 2\n>p1 move darkpulse\n>p2 move surf\n>p1 move hypervoice\n>p2 move earthquake", "uploadtime": 1733856653, "views": 1, "formatid": "gen9randombattle", "rating": null, "private": 0, "password": null}