{"id": "gen9randombattle-2133427357", "format": "[Gen 9] Random Battle", "players": ["nocomment3", "JuanAsh \u2605\u2605\u2605\u2605"], "log": "|j|\u2606nocomment3\n|j|\u2606JuanAsh \u2605\u2605\u2605\u2605\n|t:|1717063135\n|gametype|singles\n|player|p1|nocomment3|1|2253\n|player|p2|JuanAsh \u2605\u2605\u2605\u2605|nemona-v|2218\n|teamsize|p1|6\n|teamsize|p2|6\n|gen|9\n|tier|[Gen 9] Random Battle\n|rated|\n|rule|Species Clause: Limit one of each Pok\u00e9mon\n|rule|HP Percentage Mod: HP is shown in percentages\n|rule|Sleep Clause Mod: Limit one foe put to sleep\n|rule|Illusion Level Mod: Illusion disguises the Pok\u00e9mon's true level\n|\n|t:|1717063135\n|start\n|switch|p1a: Chi-Yu|Chi-Yu, L77|211/211\n|switch|p2a: Qwilfish|Qwilfish-Hisui, L84, F|238/238\n|-ability|p1a: Chi-Yu|Beads of Ruin\n|turn|1\n|inactive|Battle timer is ON: inactive players will automatically lose when time's up. (requested by JuanAsh \u2605\u2605\u2605\u2605)\n|\n|t:|1717063153\n|move|p1a: Chi-Yu|Flamethrower|p2a: Qwilfish\n|-damage|p2a: Qwilfish|46/238\n|replace|p2a: Zoroark|Zoroark, L84, F\n|-end|p2a: Zoroark|Illusion\n|-hint|Illusion Level Mod is active, so this Pok\u00e9mon's true level was hidden.\n|move|p2a: Zoroark|Focus Blast|p1a: Chi-Yu\n|-supereffective|p1a: Chi-Yu\n|-damage|p1a: Chi-Yu|0 fnt\n|faint|p1a: Chi-Yu\n|-damage|p2a: Zoroark|23/238|[from] item: Life Orb\n|\n|upkeep\n|\n|t:|1717063171\n|switch|p1a: Greninja|Greninja, L80, M|246/246\n|turn|2\n|\n|t:|1717063185\n|move|p1a: Greninja|U-turn|p2a: Zoroark\n|-start|p1a: Greninja|typechange|Bug|[from] ability: Protean\n|-supereffective|p2a: Zoroark\n|-damage|p2a: Zoroark|0 fnt\n|faint|p2a: Zoroark\n|-damage|p1a: Greninja|222/246|[from] item: Life Orb\n|\n|t:|1717063205\n|switch|p1a: Delibird|Delibird, M|252/252|[from] U-turn\n|\n|upkeep\n|\n|t:|1717063218\n|switch|p2a: Indeedee|Indeedee, L84, M|238/238\n|-fieldstart|move: Psychic Terrain|[from] ability: Psychic Surge|[of] p2a: Indeedee\n|turn|3\n|\n|t:|1717063225\n|move|p2a: Indeedee|Expanding Force|p1a: Delibird\n|-damage|p1a: Delibird|0 fnt\n|faint|p1a: Delibird\n|-damage|p2a: Indeedee|215/238|[from] item: Life Orb\n|\n|upkeep\n|\n|t:|1717063231\n|switch|p1a: Greninja|Greninja, L80, M|222/246\n|turn|4\n|\n|t:|1717063237\n|switch|p2a: Qwilfish|Qwilfish-Hisui, L84, F|246/246\n|-ability|p2a: Qwilfish|Intimidate|boost\n|-unboost|p1a: Greninja|atk|1\n|move|p1a: Greninja|U-turn|p2a: Qwilfish\n|-start|p1a: Greninja|typechange|Bug|[from] ability: Protean\n|-damage|p2a: Qwilfish|203/246\n|-damage|p1a: Greninja|198/246|[from] item: Life Orb\n|\n|t:|1717063245\n|switch|p1a: Hitmontop|Hitmontop, L88, M|231/231|[from] U-turn\n|-ability|p1a: Hitmontop|Intimidate|boost\n|-unboost|p2a: Qwilfish|atk|1\n|\n|upkeep\n|turn|5\n|\n|t:|1717063252\n|move|p2a: Qwilfish|Taunt|p1a: Hitmontop\n|-start|p1a: Hitmontop|move: Taunt\n|move|p1a: Hitmontop|Close Combat|p2a: Qwilfish\n|-damage|p2a: Qwilfish|112/246\n|-unboost|p1a: Hitmontop|def|1\n|-unboost|p1a: Hitmontop|spd|1\n|\n|upkeep\n|turn|6\n|\n|t:|1717063256\n|move|p2a: Qwilfish|Gunk Shot|p1a: Hitmontop\n|-damage|p1a: Hitmontop|122/231\n|-status|p1a: Hitmontop|psn\n|move|p1a: Hitmontop|Rapid Spin|p2a: Qwilfish\n|-damage|p2a: Qwilfish|83/246\n|-boost|p1a: Hitmontop|spe|1\n|\n|-damage|p1a: Hitmontop|94/231 psn|[from] psn\n|upkeep\n|turn|7\n|\n|t:|1717063263\n|switch|p2a: Ariados|Ariados, L94, M|284/284\n|move|p1a: Hitmontop|Close Combat|p2a: Ariados\n|-resisted|p2a: Ariados\n|-damage|p2a: Ariados|249/284\n|-unboost|p1a: Hitmontop|def|1\n|-unboost|p1a: Hitmontop|spd|1\n|\n|-damage|p1a: Hitmontop|66/231 psn|[from] psn\n|-end|p1a: Hitmontop|move: Taunt\n|-fieldend|move: Psychic Terrain\n|upkeep\n|turn|8\n|\n|t:|1717063273\n|move|p1a: Hitmontop|Stone Edge|p2a: Ariados\n|-supereffective|p2a: Ariados\n|-damage|p2a: Ariados|81/284\n|move|p2a: Ariados|Poison Jab|p1a: Hitmontop\n|-damage|p1a: Hitmontop|0 fnt\n|faint|p1a: Hitmontop\n|\n|upkeep\n|\n|t:|1717063287\n|switch|p1a: Greninja|Greninja, L80, M|198/246\n|turn|9\n|\n|t:|1717063299\n|move|p2a: Ariados|Sucker Punch|p1a: Greninja\n|-resisted|p1a: Greninja\n|-damage|p1a: Greninja|163/246\n|move|p1a: Greninja|Dark Pulse|p2a: Ariados\n|-start|p1a: Greninja|typechange|Dark|[from] ability: Protean\n|-damage|p2a: Ariados|0 fnt\n|faint|p2a: Ariados\n|-damage|p1a: Greninja|139/246|[from] item: Life Orb\n|\n|upkeep\n|\n|t:|1717063304\n|switch|p2a: Dunsparce|Dunsparce, L86, F|312/312\n|turn|10\n|\n|t:|1717063321\n|move|p1a: Greninja|U-turn|p2a: Dunsparce\n|-damage|p2a: Dunsparce|263/312\n|-damage|p1a: Greninja|115/246|[from] item: Life Orb\n|\n|t:|1717063325\n|switch|p1a: Illumise|Illumise, L91, F|266/266|[from] U-turn\n|move|p2a: Dunsparce|Body Slam|p1a: Illumise\n|-damage|p1a: Illumise|188/266\n|-status|p1a: Illumise|par\n|\n|upkeep\n|turn|11\n|\n|t:|1717063331\n|switch|p2a: Qwilfish|Qwilfish-Hisui, L84, F|83/246\n|-ability|p2a: Qwilfish|Intimidate|boost\n|-unboost|p1a: Illumise|atk|1\n|move|p1a: Illumise|Bug Buzz|p2a: Qwilfish\n|-damage|p2a: Qwilfish|4/246\n|\n|upkeep\n|turn|12\n|\n|t:|1717063338\n|move|p2a: Qwilfish|Spikes|p1a: Illumise\n|-sidestart|p1: nocomment3|Spikes\n|move|p1a: Illumise|Bug Buzz|p2a: Qwilfish\n|-damage|p2a: Qwilfish|0 fnt\n|faint|p2a: Qwilfish\n|\n|upkeep\n|\n|t:|1717063342\n|switch|p2a: Indeedee|Indeedee, L84, M|215/238\n|-fieldstart|move: Psychic Terrain|[from] ability: Psychic Surge|[of] p2a: Indeedee\n|turn|13\n|\n|t:|1717063347\n|move|p2a: Indeedee|Expanding Force|p1a: Illumise\n|-damage|p1a: Illumise|0 fnt\n|faint|p1a: Illumise\n|-damage|p2a: Indeedee|192/238|[from] item: Life Orb\n|\n|upkeep\n|\n|t:|1717063350\n|switch|p1a: Greninja|Greninja, L80, M|115/246\n|-damage|p1a: Greninja|85/246|[from] Spikes\n|turn|14\n|\n|t:|1717063354\n|switch|p2a: Dunsparce|Dunsparce, L86, F|263/312\n|move|p1a: Greninja|Dark Pulse|p2a: Dunsparce\n|-start|p1a: Greninja|typechange|Dark|[from] ability: Protean\n|-damage|p2a: Dunsparce|173/312\n|-damage|p1a: Greninja|61/246|[from] item: Life Orb\n|\n|upkeep\n|turn|15\n|\n|t:|1717063370\n|move|p1a: Greninja|Dark Pulse|p2a: Dunsparce\n|-damage|p2a: Dunsparce|82/312\n|-damage|p1a: Greninja|37/246|[from] item: Life Orb\n|cant|p2a: Dunsparce|flinch\n|\n|upkeep\n|turn|16\n|\n|t:|1717063375\n|move|p1a: Greninja|Dark Pulse|p2a: Dunsparce\n|-damage|p2a: Dunsparce|0 fnt\n|faint|p2a: Dunsparce\n|-damage|p1a: Greninja|13/246|[from] item: Life Orb\n|\n|upkeep\n|\n|t:|1717063378\n|switch|p2a: Kyurem|Kyurem-Black, L71|295/295\n|-ability|p2a: Kyurem|Teravolt\n|turn|17\n|\n|t:|1717063390\n|move|p1a: Greninja|Dark Pulse|p2a: Kyurem\n|-damage|p2a: Kyurem|165/295\n|-damage|p1a: Greninja|0 fnt|[from] item: Life Orb\n|faint|p1a: Greninja\n|move|p2a: Kyurem|Dragon Dance|p2a: Kyurem\n|-boost|p2a: Kyurem|atk|1\n|-boost|p2a: Kyurem|spe|1\n|\n|-fieldend|move: Psychic Terrain\n|upkeep\n|\n|t:|1717063403\n|switch|p1a: Plusle|Plusle, L95, M|268/268\n|-damage|p1a: Plusle|235/268|[from] Spikes\n|turn|18\n|\n|t:|1717063413\n|-terastallize|p2a: Kyurem|Electric\n|-terastallize|p1a: Plusle|Fairy\n|move|p2a: Kyurem|Icicle Spear|p1a: Plusle\n|-damage|p1a: Plusle|171/268\n|-damage|p1a: Plusle|107/268\n|-damage|p1a: Plusle|34/268\n|-damage|p1a: Plusle|0 fnt\n|faint|p1a: Plusle\n|-hitcount|p1: Plusle|4\n|\n|win|JuanAsh \u2605\u2605\u2605\u2605\n|raw|nocomment3's rating: 2253 &rarr; <strong>2231</strong><br />(-22 for losing)\n|raw|JuanAsh \u2605\u2605\u2605\u2605's rating: 2218 &rarr; <strong>2240</strong><br />(+22 for winning)\n|l|\u2606nocomment3\n|player|p1|\n|c|\u2606JuanAsh \u2605\u2605\u2605\u2605|/log JuanAsh \u2605\u2605\u2605\u2605 made this room public.\n", "inputlog": ">version 82ceab39522df80d6289bc3fb83a311a02ed08de\n>start {\"formatid\":\"gen9randombattle\",\"seed\":[25142,62404,11732,41676],\"rated\":\"Rated battle\"}\n>player p1 {\"name\":\"nocomment3\",\"avatar\":\"1\",\"rating\":2253,\"seed\":[34616,23920,17449,59860]}\n>player p2 {\"name\":\"JuanAsh \u2605\u2605\u2605\u2605\",\"avatar\":\"nemona-v\",\"rating\":2218,\"seed\":[19468,21857,24046,27920]}\n>p1 move flamethrower\n>p2 move focusblast\n>p1 switch 3\n>p1 move uturn\n>p2 move focusblast\n>p1 switch 2\n>p2 switch 3\n>p1 move bravebird\n>p2 move expandingforce\n>p1 switch 2\n>p1 move uturn\n>p2 switch 6\n>p1 switch 5\n>p1 move closecombat\n>p2 move taunt\n>p1 move rapidspin\n>p2 move gunkshot\n>p1 move closecombat\n>p2 switch 5\n>p1 move stoneedge\n>p2 move poisonjab\n>p1 switch 5\n>p1 move darkpulse\n>p2 move suckerpunch\n>p2 switch 2\n>p1 move uturn\n>p2 move bodyslam\n>p1 switch 6\n>p1 move bugbuzz\n>p2 switch 5\n>p1 move bugbuzz\n>p2 move spikes\n>p2 switch 6\n>p1 move bugbuzz\n>p2 move expandingforce\n>p1 switch 6\n>p1 move darkpulse\n>p2 switch 5\n>p1 move darkpulse\n>p2 move roost\n>p1 move darkpulse\n>p2 move roost\n>p2 switch 4\n>p1 move darkpulse\n>p2 move dragondance\n>p1 switch 4\n>p1 move encore terastallize\n>p2 move iciclespear terastallize", "uploadtime": 1717063431, "views": 199, "formatid": "gen9randombattle", "rating": 2231, "private": 0, "password": null}