{"id": "gen9randombattle-2260810345", "format": "[Gen 9] Random Battle", "players": ["szym4nskiii.", "Snizzard"], "log": "|j|\u203dszym4nskiii.\n|j|\u2606Snizzard\n|t:|1733896090\n|gametype|singles\n|player|p1|szym4nskiii.|170|1124\n|player|p2|Snizzard|169|1132\n|teamsize|p1|6\n|teamsize|p2|6\n|gen|9\n|tier|[Gen 9] Random Battle\n|rated|\n|rule|Species Clause: Limit one of each Pok\u00e9mon\n|rule|HP Percentage Mod: HP is shown in percentages\n|rule|Sleep Clause Mod: Limit one foe put to sleep\n|rule|Illusion Level Mod: Illusion disguises the Pok\u00e9mon's true level\n|\n|t:|1733896090\n|start\n|switch|p1a: Ogerpon|Ogerpon, L80, F|259/259\n|switch|p2a: Diancie|Diancie, L82|216/216\n|turn|1\n|inactive|Battle timer is ON: inactive players will automatically lose when time's up. (requested by Snizzard)\n|\n|t:|1733896108\n|switch|p2a: Charizard|Charizard, L85, M|271/271\n|move|p1a: Ogerpon|Ivy Cudgel|p2a: Charizard\n|-resisted|p2a: Charizard\n|-damage|p2a: Charizard|228/271\n|-damage|p1a: Ogerpon|234/259|[from] item: Life Orb\n|\n|upkeep\n|turn|2\n|\n|t:|1733896124\n|switch|p1a: Magmortar|Magmortar, L88, F|275/275\n|move|p2a: Charizard|Will-O-Wisp|p1a: Magmortar\n|-immune|p1a: Magmortar\n|\n|upkeep\n|turn|3\n|\n|t:|1733896130\n|switch|p2a: Diancie|Diancie, L82|216/216\n|move|p1a: Magmortar|Thunderbolt|p2a: Diancie\n|-damage|p2a: Diancie|157/216\n|\n|-heal|p2a: Diancie|170/216|[from] item: Leftovers\n|upkeep\n|turn|4\n|\n|t:|1733896144\n|move|p1a: Magmortar|Taunt|p2a: Diancie\n|-start|p2a: Diancie|move: Taunt\n|move|p2a: Diancie|Earth Power|p1a: Magmortar\n|-supereffective|p1a: Magmortar\n|-damage|p1a: Magmortar|161/275\n|\n|-heal|p2a: Diancie|183/216|[from] item: Leftovers\n|upkeep\n|turn|5\n|\n|t:|1733896151\n|switch|p1a: Ogerpon|Ogerpon, L80, F|234/259\n|move|p2a: Diancie|Diamond Storm|p1a: Ogerpon\n|-damage|p1a: Ogerpon|126/259\n|\n|-heal|p2a: Diancie|196/216|[from] item: Leftovers\n|upkeep\n|turn|6\n|\n|t:|1733896156\n|move|p1a: Ogerpon|Ivy Cudgel|p2a: Diancie\n|-supereffective|p2a: Diancie\n|-damage|p2a: Diancie|1/216\n|-damage|p1a: Ogerpon|101/259|[from] item: Life Orb\n|move|p2a: Diancie|Draining Kiss|p1a: Ogerpon\n|-damage|p1a: Ogerpon|52/259\n|-heal|p2a: Diancie|38/216|[from] drain|[of] p1a: Ogerpon\n|\n|-heal|p2a: Diancie|51/216|[from] item: Leftovers\n|-end|p2a: Diancie|move: Taunt\n|upkeep\n|turn|7\n|\n|t:|1733896161\n|move|p1a: Ogerpon|Ivy Cudgel|p2a: Diancie\n|-supereffective|p2a: Diancie\n|-damage|p2a: Diancie|0 fnt\n|faint|p2a: Diancie\n|-damage|p1a: Ogerpon|27/259|[from] item: Life Orb\n|\n|upkeep\n|\n|t:|1733896172\n|switch|p2a: Emboar|Emboar, L84, M|322/322\n|turn|8\n|\n|t:|1733896182\n|move|p2a: Emboar|Knock Off|p1a: Ogerpon\n|-damage|p1a: Ogerpon|0 fnt\n|-enditem|p1a: Ogerpon|Life Orb|[from] move: Knock Off|[of] p2a: Emboar\n|faint|p1a: Ogerpon\n|\n|upkeep\n|\n|t:|1733896200\n|switch|p1a: Uxie|Uxie, L83|260/260\n|turn|9\n|\n|t:|1733896205\n|move|p2a: Emboar|Knock Off|p1a: Uxie\n|-supereffective|p1a: Uxie\n|-damage|p1a: Uxie|146/260\n|-enditem|p1a: Uxie|Leftovers|[from] move: Knock Off|[of] p2a: Emboar\n|move|p1a: Uxie|Yawn|p2a: Emboar\n|-start|p2a: Emboar|move: Yawn|[of] p1a: Uxie\n|\n|upkeep\n|turn|10\n|\n|t:|1733896215\n|switch|p2a: Serperior|Serperior, L79, F|248/248\n|move|p1a: Uxie|Psychic Noise|p2a: Serperior\n|-damage|p2a: Serperior|179/248\n|-start|p2a: Serperior|move: Heal Block\n|\n|upkeep\n|turn|11\n|\n|t:|1733896224\n|move|p2a: Serperior|Leech Seed|p1a: Uxie\n|-start|p1a: Uxie|move: Leech Seed\n|move|p1a: Uxie|Yawn|p2a: Serperior\n|-start|p2a: Serperior|move: Yawn|[of] p1a: Uxie\n|\n|-damage|p1a: Uxie|114/260|[from] Leech Seed|[of] p2a: Serperior\n|-end|p2a: Serperior|move: Heal Block\n|upkeep\n|turn|12\n|\n|t:|1733896233\n|switch|p2a: Amoonguss|Amoonguss, L82, M|321/321\n|switch|p1a: Magmortar|Magmortar, L88, F|161/275\n|\n|upkeep\n|turn|13\n|\n|t:|1733896250\n|-terastallize|p2a: Amoonguss|Water\n|move|p1a: Magmortar|Fire Blast|p2a: Amoonguss\n|-resisted|p2a: Amoonguss\n|-damage|p2a: Amoonguss|241/321\n|-status|p2a: Amoonguss|brn\n|move|p2a: Amoonguss|Spore|p1a: Magmortar\n|-status|p1a: Magmortar|slp|[from] move: Spore\n|\n|-damage|p2a: Amoonguss|221/321 brn|[from] brn\n|upkeep\n|turn|14\n|\n|t:|1733896264\n|cant|p1a: Magmortar|slp\n|move|p2a: Amoonguss|Stomping Tantrum|p1a: Magmortar\n|-supereffective|p1a: Magmortar\n|-damage|p1a: Magmortar|110/275 slp\n|\n|-damage|p2a: Amoonguss|201/321 brn|[from] brn\n|upkeep\n|turn|15\n|\n|t:|1733896280\n|cant|p1a: Magmortar|slp\n|move|p2a: Amoonguss|Stomping Tantrum|p1a: Magmortar\n|-supereffective|p1a: Magmortar\n|-damage|p1a: Magmortar|53/275 slp\n|\n|-damage|p2a: Amoonguss|181/321 brn|[from] brn\n|upkeep\n|turn|16\n|\n|t:|1733896289\n|-curestatus|p1a: Magmortar|slp|[msg]\n|move|p1a: Magmortar|Thunderbolt|p2a: Amoonguss\n|-supereffective|p2a: Amoonguss\n|-damage|p2a: Amoonguss|0 fnt\n|faint|p2a: Amoonguss\n|\n|upkeep\n|\n|t:|1733896297\n|switch|p2a: Emboar|Emboar, L84, M|322/322\n|turn|17\n|\n|t:|1733896303\n|move|p2a: Emboar|Knock Off|p1a: Magmortar\n|-crit|p1a: Magmortar\n|-damage|p1a: Magmortar|0 fnt\n|-enditem|p1a: Magmortar|Heavy-Duty Boots|[from] move: Knock Off|[of] p2a: Emboar\n|faint|p1a: Magmortar\n|\n|upkeep\n|\n|t:|1733896307\n|switch|p1a: Espeon|Espeon, L84, F|246/246\n|turn|18\n|\n|t:|1733896324\n|move|p2a: Emboar|Knock Off|p1a: Espeon\n|-supereffective|p1a: Espeon\n|-damage|p1a: Espeon|42/246\n|-enditem|p1a: Espeon|Life Orb|[from] move: Knock Off|[of] p2a: Emboar\n|move|p1a: Espeon|Calm Mind|p1a: Espeon\n|-boost|p1a: Espeon|spa|1\n|-boost|p1a: Espeon|spd|1\n|\n|upkeep\n|turn|19\n|inactive|szym4nskiii. has 120 seconds left.\n|inactive|szym4nskiii. has 90 seconds left.\n|\n|t:|1733896388\n|move|p2a: Emboar|Knock Off|p1a: Espeon\n|-supereffective|p1a: Espeon\n|-damage|p1a: Espeon|0 fnt\n|faint|p1a: Espeon\n|\n|upkeep\n|\n|t:|1733896392\n|switch|p1a: Uxie|Uxie, L83|114/260\n|turn|20\n|inactive|Snizzard has 120 seconds left.\n|\n|t:|1733896426\n|-terastallize|p1a: Uxie|Electric\n|move|p2a: Emboar|Knock Off|p1a: Uxie\n|-damage|p1a: Uxie|75/260\n|move|p1a: Uxie|Psychic Noise|p2a: Emboar\n|-supereffective|p2a: Emboar\n|-damage|p2a: Emboar|152/322\n|-start|p2a: Emboar|move: Heal Block\n|\n|upkeep\n|turn|21\n|inactive|szym4nskiii. has 90 seconds left.\n|inactive|szym4nskiii. has 60 seconds left.\n|inactive|szym4nskiii. has 30 seconds left.\n|inactive|szym4nskiii. has 20 seconds left.\n|inactive|szym4nskiii. has 15 seconds left.\n|inactive|szym4nskiii. has 10 seconds left.\n|inactive|szym4nskiii. has 5 seconds left.\n|-message|szym4nskiii. lost due to inactivity.\n|\n|win|Snizzard\n|raw|szym4nskiii.'s rating: 1124 &rarr; <strong>1100</strong><br />(-24 for losing)\n|raw|Snizzard's rating: 1132 &rarr; <strong>1156</strong><br />(+24 for winning)\n|l|\u203dszym4nskiii.\n|player|p1|\n", "inputlog": ">version bfd83cad13791eb5a5a409923076391caf6fb4d4\n>start {\"formatid\":\"gen9randombattle\",\"seed\":[18893,22993,40326,16332],\"rated\":\"Rated battle\"}\n>player p1 {\"name\":\"szym4nskiii.\",\"avatar\":\"170\",\"rating\":1124,\"seed\":[63645,28156,14122,22511]}\n>player p2 {\"name\":\"Snizzard\",\"avatar\":\"169\",\"rating\":1132,\"seed\":[62015,47409,21331,59339]}\n>p1 move ivycudgel\n>p2 switch 5\n>p1 switch 5\n>p2 move willowisp\n>p1 move thunderbolt\n>p2 switch 5\n>p1 move taunt\n>p2 move earthpower\n>p1 switch 5\n>p2 move diamondstorm\n>p1 move ivycudgel\n>p2 move drainingkiss\n>p1 move ivycudgel\n>p2 move drainingkiss\n>p2 switch 6\n>p1 move superpower\n>p2 move knockoff\n>p1 switch 4\n>p1 move yawn\n>p2 move knockoff\n>p1 move psychicnoise\n>p2 switch 4\n>p1 move yawn\n>p2 move leechseed\n>p1 switch 5\n>p2 switch 3\n>p1 move fireblast\n>p2 move spore terastallize\n>p1 move thunderbolt\n>p2 move stompingtantrum\n>p1 move thunderbolt\n>p2 move stompingtantrum\n>p1 move thunderbolt\n>p2 move stompingtantrum\n>p2 switch 4\n>p1 move focusblast\n>p2 move knockoff\n>p1 switch 2\n>p1 move calmmind\n>p2 move knockoff\n>p1 move psychic\n>p2 move knockoff\n>p1 switch 5\n>p1 move psychicnoise terastallize\n>p2 move knockoff\n>forcelose p1", "uploadtime": 1733896543, "views": 1, "formatid": "gen9randombattle", "rating": 1100, "private": 0, "password": null}