{"id": "gen9randombattle-2260628813", "format": "[Gen 9] Random Battle", "players": ["Balugatuck", "oilcompany3000"], "log": "|j|\u2606Balugatuck\n|j|\u2606oilcompany3000\n|t:|1733871179\n|gametype|singles\n|player|p1|Balugatuck|crasherwake|1665\n|player|p2|oilcompany3000|unknown|1607\n|teamsize|p1|6\n|teamsize|p2|6\n|gen|9\n|tier|[Gen 9] Random Battle\n|rated|\n|rule|Species Clause: Limit one of each Pok\u00e9mon\n|rule|HP Percentage Mod: HP is shown in percentages\n|rule|Sleep Clause Mod: Limit one foe put to sleep\n|rule|Illusion Level Mod: Illusion disguises the Pok\u00e9mon's true level\n|\n|t:|1733871179\n|start\n|switch|p1a: Rillaboom|Rillaboom, L79, M|288/288\n|switch|p2a: Gogoat|Gogoat, L88, M|360/360\n|-fieldstart|move: Grassy Terrain|[from] ability: Grassy Surge|[of] p1a: Rillaboom\n|turn|1\n|\n|t:|1733871217\n|switch|p1a: Iron Crown|Iron Crown, L78|268/268\n|move|p2a: Gogoat|Bulk Up|p2a: Gogoat\n|-boost|p2a: Gogoat|atk|1\n|-boost|p2a: Gogoat|def|1\n|\n|upkeep\n|turn|2\n|\n|t:|1733871228\n|move|p1a: Iron Crown|Tachyon Cutter|p2a: Gogoat\n|-damage|p2a: Gogoat|302/360\n|-damage|p2a: Gogoat|248/360\n|-hitcount|p2a: Gogoat|2\n|move|p2a: Gogoat|Bulk Up|p2a: Gogoat\n|-boost|p2a: Gogoat|atk|1\n|-boost|p2a: Gogoat|def|1\n|\n|-heal|p2a: Gogoat|270/360|[from] Grassy Terrain\n|-heal|p2a: Gogoat|292/360|[from] item: Leftovers\n|upkeep\n|turn|3\n|\n|t:|1733871237\n|-end|p1a: Iron Crown|Quark Drive|[silent]\n|switch|p1a: Plusle|Plusle, L95, M|268/268\n|move|p2a: Gogoat|Bulk Up|p2a: Gogoat\n|-boost|p2a: Gogoat|atk|1\n|-boost|p2a: Gogoat|def|1\n|\n|-heal|p2a: Gogoat|314/360|[from] Grassy Terrain\n|-heal|p2a: Gogoat|336/360|[from] item: Leftovers\n|upkeep\n|turn|4\n|\n|t:|1733871241\n|move|p1a: Plusle|Alluring Voice|p2a: Gogoat\n|-damage|p2a: Gogoat|248/360\n|-damage|p1a: Plusle|242/268|[from] item: Life Orb\n|move|p2a: Gogoat|Horn Leech|p1a: Plusle\n|-damage|p1a: Plusle|0 fnt\n|-heal|p2a: Gogoat|360/360|[from] drain|[of] p1a: Plusle\n|faint|p1a: Plusle\n|\n|upkeep\n|\n|t:|1733871246\n|switch|p1a: Cinccino|Cinccino, L83, M|260/260\n|turn|5\n|\n|t:|1733871248\n|move|p1a: Cinccino|Triple Axel|p2a: Gogoat\n|-supereffective|p2a: Gogoat\n|-damage|p2a: Gogoat|340/360\n|-supereffective|p2a: Gogoat\n|-damage|p2a: Gogoat|298/360\n|-supereffective|p2a: Gogoat\n|-damage|p2a: Gogoat|242/360\n|-hitcount|p2a: Gogoat|3\n|move|p2a: Gogoat|Horn Leech|p1a: Cinccino\n|-damage|p1a: Cinccino|0 fnt\n|-heal|p2a: Gogoat|360/360|[from] drain|[of] p1a: Cinccino\n|faint|p1a: Cinccino\n|\n|-fieldend|move: Grassy Terrain\n|upkeep\n|\n|t:|1733871254\n|switch|p1a: Maushold|Maushold, L76|238/238\n|turn|6\n|\n|t:|1733871258\n|move|p1a: Maushold|Population Bomb|p2a: Gogoat\n|-damage|p2a: Gogoat|348/360\n|-damage|p2a: Gogoat|335/360\n|-damage|p2a: Gogoat|323/360\n|-damage|p2a: Gogoat|311/360\n|-damage|p2a: Gogoat|301/360\n|-damage|p2a: Gogoat|289/360\n|-damage|p2a: Gogoat|276/360\n|-damage|p2a: Gogoat|263/360\n|-damage|p2a: Gogoat|253/360\n|-damage|p2a: Gogoat|241/360\n|-hitcount|p2a: Gogoat|10\n|move|p2a: Gogoat|Horn Leech|p1a: Maushold\n|-damage|p1a: Maushold|0 fnt\n|-heal|p2a: Gogoat|360/360|[from] drain|[of] p1a: Maushold\n|faint|p1a: Maushold\n|\n|upkeep\n|\n|t:|1733871260\n|switch|p1a: Iron Crown|Iron Crown, L78|268/268\n|turn|7\n|inactive|Battle timer is ON: inactive players will automatically lose when time's up. (requested by oilcompany3000)\n|c|\u2606Balugatuck|Not a ton of options for this match up lol\n|\n|t:|1733871270\n|move|p1a: Iron Crown|Tachyon Cutter|p2a: Gogoat\n|-damage|p2a: Gogoat|306/360\n|-damage|p2a: Gogoat|249/360\n|-hitcount|p2a: Gogoat|2\n|move|p2a: Gogoat|Horn Leech|p1a: Iron Crown\n|-resisted|p1a: Iron Crown\n|-damage|p1a: Iron Crown|150/268\n|-heal|p2a: Gogoat|308/360|[from] drain|[of] p1a: Iron Crown\n|\n|-heal|p1a: Iron Crown|166/268|[from] item: Leftovers\n|-heal|p2a: Gogoat|330/360|[from] item: Leftovers\n|upkeep\n|turn|8\n|c|\u2606oilcompany3000|thats why hes the goat\n|\n|t:|1733871294\n|move|p1a: Iron Crown|Tachyon Cutter|p2a: Gogoat\n|-damage|p2a: Gogoat|267/360\n|-damage|p2a: Gogoat|206/360\n|-hitcount|p2a: Gogoat|2\n|move|p2a: Gogoat|Horn Leech|p1a: Iron Crown\n|-resisted|p1a: Iron Crown\n|-crit|p1a: Iron Crown\n|-damage|p1a: Iron Crown|9/268\n|-heal|p2a: Gogoat|285/360|[from] drain|[of] p1a: Iron Crown\n|\n|-heal|p1a: Iron Crown|25/268|[from] item: Leftovers\n|-heal|p2a: Gogoat|307/360|[from] item: Leftovers\n|upkeep\n|turn|9\n|\n|t:|1733871299\n|move|p1a: Iron Crown|Tachyon Cutter|p2a: Gogoat\n|-damage|p2a: Gogoat|250/360\n|-damage|p2a: Gogoat|192/360\n|-hitcount|p2a: Gogoat|2\n|move|p2a: Gogoat|Horn Leech|p1a: Iron Crown\n|-resisted|p1a: Iron Crown\n|-damage|p1a: Iron Crown|0 fnt\n|-heal|p2a: Gogoat|205/360|[from] drain|[of] p1a: Iron Crown\n|faint|p1a: Iron Crown\n|-end|p1a: Iron Crown|Quark Drive|[silent]\n|\n|-heal|p2a: Gogoat|227/360|[from] item: Leftovers\n|upkeep\n|\n|t:|1733871305\n|switch|p1a: Sandaconda|Sandaconda, L84, F|258/258\n|turn|10\n|\n|t:|1733871308\n|move|p2a: Gogoat|Horn Leech|p1a: Sandaconda\n|-supereffective|p1a: Sandaconda\n|-damage|p1a: Sandaconda|0 fnt\n|-heal|p2a: Gogoat|356/360|[from] drain|[of] p1a: Sandaconda\n|faint|p1a: Sandaconda\n|\n|-heal|p2a: Gogoat|360/360|[from] item: Leftovers\n|upkeep\n|\n|t:|1733871310\n|switch|p1a: Rillaboom|Rillaboom, L79, M|288/288\n|-fieldstart|move: Grassy Terrain|[from] ability: Grassy Surge|[of] p1a: Rillaboom\n|turn|11\n|\n|t:|1733871314\n|move|p1a: Rillaboom|Wood Hammer|p2a: Gogoat\n|-ability|p2a: Gogoat|Sap Sipper|boost\n|-boost|p2a: Gogoat|atk|1\n|move|p2a: Gogoat|Horn Leech|p1a: Rillaboom\n|-resisted|p1a: Rillaboom\n|-damage|p1a: Rillaboom|119/288\n|\n|-heal|p1a: Rillaboom|137/288|[from] Grassy Terrain\n|upkeep\n|turn|12\n|\n|t:|1733871316\n|move|p1a: Rillaboom|Wood Hammer|p2a: Gogoat\n|-ability|p2a: Gogoat|Sap Sipper|boost\n|-boost|p2a: Gogoat|atk|1\n|move|p2a: Gogoat|Horn Leech|p1a: Rillaboom\n|-resisted|p1a: Rillaboom\n|-damage|p1a: Rillaboom|0 fnt\n|faint|p1a: Rillaboom\n|\n|win|oilcompany3000\n|raw|Balugatuck's rating: 1665 &rarr; <strong>1642</strong><br />(-23 for losing)\n|raw|oilcompany3000's rating: 1607 &rarr; <strong>1630</strong><br />(+23 for winning)\n|c|\u2606Balugatuck|gg lol\n|c|\u2606oilcompany3000|gg\n", "inputlog": ">version bfd83cad13791eb5a5a409923076391caf6fb4d4\n>start {\"formatid\":\"gen9randombattle\",\"seed\":[42698,45716,45142,8930],\"rated\":\"Rated battle\"}\n>player p1 {\"name\":\"Balugatuck\",\"avatar\":\"crasherwake\",\"rating\":1665,\"seed\":[6489,57455,6224,54998]}\n>player p2 {\"name\":\"oilcompany3000\",\"avatar\":\"unknown\",\"rating\":1607,\"seed\":[28716,23988,61776,14290]}\n>p1 switch 5\n>p2 move bulkup\n>p1 move tachyoncutter\n>p2 move bulkup\n>p1 switch 3\n>p2 move bulkup\n>p1 move alluringvoice\n>p2 move hornleech\n>p1 switch 6\n>p1 move tripleaxel\n>p2 move hornleech\n>p1 switch 2\n>p1 move populationbomb\n>p2 move hornleech\n>p1 switch 3\n>chat \u2606Balugatuck|Not a ton of options for this match up lol\n>p1 move tachyoncutter\n>p2 move hornleech\n>chat \u2606oilcompany3000|thats why hes the goat\n>p1 move tachyoncutter\n>p2 move hornleech\n>p1 move tachyoncutter\n>p2 move hornleech\n>p1 switch 4\n>p1 move stoneedge\n>p2 move hornleech\n>p1 switch 5\n>p1 move woodhammer\n>p2 move hornleech\n>p1 move woodhammer\n>p2 move hornleech", "uploadtime": 1733871322, "views": 2, "formatid": "gen9randombattle", "rating": 1630, "private": 0, "password": null}