{"id": "gen9randombattle-2095997209", "format": "[Gen 9] Random Battle", "players": ["Slim Workshop", "Thetass"], "log": "|uhtml|medal-msg|<div class=\"broadcast-blue\">Curious what those medals under the avatar are? PS now has Ladder Seasons! For more information, check out the <a href=\"https://www.smogon.com/forums/threads/3740067/\">thread on Smogon.</a></div>\n|badge|p2|bronze|gen9randombattle|100-1\n|uhtml|medal-msg|<div class=\"broadcast-blue\">Curious what those medals under the avatar are? PS now has Ladder Seasons! For more information, check out the <a href=\"https://www.smogon.com/forums/threads/3740067/\">thread on Smogon.</a></div>\n|j|\u2606Slim Workshop\n|j|\u2606Thetass\n|t:|1712249347\n|gametype|singles\n|player|p1|Slim Workshop|170|2201\n|player|p2|Thetass|266|2288\n|teamsize|p1|6\n|teamsize|p2|6\n|gen|9\n|tier|[Gen 9] Random Battle\n|rated|\n|rule|Species Clause: Limit one of each Pok\u00e9mon\n|rule|HP Percentage Mod: HP is shown in percentages\n|rule|Sleep Clause Mod: Limit one foe put to sleep\n|rule|Illusion Level Mod: Illusion disguises the Pok\u00e9mon's true level\n|\n|t:|1712249347\n|start\n|switch|p1a: Bronzong|Bronzong, L88|261/261\n|switch|p2a: Uxie|Uxie, L83|260/260\n|turn|1\n|\n|t:|1712249356\n|switch|p1a: Duraludon|Duraludon, L82, M|249/249\n|move|p2a: Uxie|Knock Off|p1a: Duraludon\n|-damage|p1a: Duraludon|219/249\n|-enditem|p1a: Duraludon|Eviolite|[from] move: Knock Off|[of] p2a: Uxie\n|\n|upkeep\n|turn|2\n|\n|t:|1712249360\n|move|p2a: Uxie|Thunder Wave|p1a: Duraludon\n|-status|p1a: Duraludon|par\n|move|p1a: Duraludon|Thunder Wave|p2a: Uxie\n|-status|p2a: Uxie|par\n|\n|upkeep\n|turn|3\n|\n|t:|1712249368\n|cant|p2a: Uxie|par\n|move|p1a: Duraludon|Flash Cannon|p2a: Uxie\n|-damage|p2a: Uxie|190/260 par\n|\n|-heal|p2a: Uxie|206/260 par|[from] item: Leftovers\n|upkeep\n|turn|4\n|\n|t:|1712249373\n|switch|p2a: Quaquaval|Quaquaval, L79, M|264/264\n|move|p1a: Duraludon|Draco Meteor|p2a: Quaquaval\n|-damage|p2a: Quaquaval|65/264\n|-unboost|p1a: Duraludon|spa|2\n|\n|upkeep\n|turn|5\n|\n|t:|1712249378\n|switch|p1a: Swanna|Swanna, L88, M|275/275\n|move|p2a: Quaquaval|Close Combat|p1a: Swanna\n|-resisted|p1a: Swanna\n|-damage|p1a: Swanna|149/275\n|-unboost|p2a: Quaquaval|def|1\n|-unboost|p2a: Quaquaval|spd|1\n|\n|upkeep\n|turn|6\n|\n|t:|1712249383\n|switch|p2a: Uxie|Uxie, L83|206/260 par\n|move|p1a: Swanna|Roost|p1a: Swanna\n|-heal|p1a: Swanna|275/275\n|-singleturn|p1a: Swanna|move: Roost\n|\n|-heal|p2a: Uxie|222/260 par|[from] item: Leftovers\n|upkeep\n|turn|7\n|\n|t:|1712249386\n|switch|p1a: Duraludon|Duraludon, L82, M|219/249 par\n|cant|p2a: Uxie|par\n|\n|-heal|p2a: Uxie|238/260 par|[from] item: Leftovers\n|upkeep\n|turn|8\n|\n|t:|1712249389\n|move|p2a: Uxie|Knock Off|p1a: Duraludon\n|-damage|p1a: Duraludon|188/249 par\n|move|p1a: Duraludon|Flash Cannon|p2a: Uxie\n|-damage|p2a: Uxie|171/260 par\n|\n|-heal|p2a: Uxie|187/260 par|[from] item: Leftovers\n|upkeep\n|turn|9\n|\n|t:|1712249392\n|move|p2a: Uxie|Psychic Noise|p1a: Duraludon\n|-resisted|p1a: Duraludon\n|-damage|p1a: Duraludon|139/249 par\n|-start|p1a: Duraludon|move: Heal Block\n|move|p1a: Duraludon|Flash Cannon|p2a: Uxie\n|-damage|p2a: Uxie|111/260 par\n|\n|-heal|p2a: Uxie|127/260 par|[from] item: Leftovers\n|upkeep\n|turn|10\n|\n|t:|1712249395\n|switch|p2a: Alcremie|Alcremie-Ruby-Swirl, L90, F|263/263\n|cant|p1a: Duraludon|par\n|\n|-end|p1a: Duraludon|move: Heal Block\n|upkeep\n|turn|11\n|\n|t:|1712249399\n|move|p2a: Alcremie|Calm Mind|p2a: Alcremie\n|-boost|p2a: Alcremie|spa|1\n|-boost|p2a: Alcremie|spd|1\n|move|p1a: Duraludon|Thunder Wave|p2a: Alcremie\n|-status|p2a: Alcremie|par\n|\n|upkeep\n|turn|12\n|\n|t:|1712249402\n|switch|p1a: Bronzong|Bronzong, L88|261/261\n|move|p2a: Alcremie|Calm Mind|p2a: Alcremie\n|-boost|p2a: Alcremie|spa|1\n|-boost|p2a: Alcremie|spd|1\n|\n|upkeep\n|turn|13\n|\n|t:|1712249406\n|move|p1a: Bronzong|Iron Head|p2a: Alcremie\n|-supereffective|p2a: Alcremie\n|-damage|p2a: Alcremie|93/263 par\n|move|p2a: Alcremie|Alluring Voice|p1a: Bronzong\n|-resisted|p1a: Bronzong\n|-damage|p1a: Bronzong|183/261\n|\n|-heal|p2a: Alcremie|109/263 par|[from] item: Leftovers\n|upkeep\n|turn|14\n|\n|t:|1712249409\n|switch|p2a: Landorus|Landorus, L75, M|257/257\n|move|p1a: Bronzong|Iron Head|p2a: Landorus\n|-damage|p2a: Landorus|164/257\n|\n|upkeep\n|turn|15\n|\n|t:|1712249412\n|move|p2a: Landorus|Nasty Plot|p2a: Landorus\n|-boost|p2a: Landorus|spa|2\n|move|p1a: Bronzong|Iron Head|p2a: Landorus\n|-damage|p2a: Landorus|65/257\n|\n|upkeep\n|turn|16\n|\n|t:|1712249416\n|switch|p1a: Swanna|Swanna, L88, M|275/275\n|move|p2a: Landorus|Focus Blast|p1a: Swanna\n|-resisted|p1a: Swanna\n|-damage|p1a: Swanna|126/275\n|\n|upkeep\n|turn|17\n|\n|t:|1712249418\n|move|p1a: Swanna|Brave Bird|p2a: Landorus\n|-damage|p2a: Landorus|0 fnt\n|faint|p2a: Landorus\n|-damage|p1a: Swanna|105/275|[from] Recoil\n|\n|upkeep\n|\n|t:|1712249422\n|switch|p2a: Chien-Pao|Chien-Pao, L72|234/234\n|-ability|p2a: Chien-Pao|Sword of Ruin\n|turn|18\n|\n|t:|1712249427\n|move|p2a: Chien-Pao|Swords Dance|p2a: Chien-Pao\n|-boost|p2a: Chien-Pao|atk|2\n|move|p1a: Swanna|Brave Bird|p2a: Chien-Pao\n|-damage|p2a: Chien-Pao|80/234\n|-damage|p1a: Swanna|54/275|[from] Recoil\n|\n|upkeep\n|turn|19\n|\n|t:|1712249432\n|switch|p1a: Duraludon|Duraludon, L82, M|139/249 par\n|move|p2a: Chien-Pao|Ice Shard|p1a: Duraludon\n|-damage|p1a: Duraludon|49/249 par\n|\n|upkeep\n|turn|20\n|\n|t:|1712249435\n|move|p2a: Chien-Pao|Ice Shard|p1a: Duraludon\n|-damage|p1a: Duraludon|0 fnt\n|faint|p1a: Duraludon\n|\n|upkeep\n|\n|t:|1712249446\n|switch|p1a: Rhydon|Rhydon, L85, M|317/317\n|turn|21\n|\n|t:|1712249449\n|-terastallize|p1a: Rhydon|Water\n|move|p2a: Chien-Pao|Icicle Crash|p1a: Rhydon\n|-resisted|p1a: Rhydon\n|-damage|p1a: Rhydon|261/317\n|move|p1a: Rhydon|Earthquake|p2a: Chien-Pao\n|-damage|p2a: Chien-Pao|0 fnt\n|faint|p2a: Chien-Pao\n|\n|upkeep\n|\n|t:|1712249455\n|switch|p2a: Uxie|Uxie, L83|127/260 par\n|turn|22\n|\n|t:|1712249459\n|move|p1a: Rhydon|Stealth Rock|p2a: Uxie\n|-sidestart|p2: Thetass|move: Stealth Rock\n|move|p2a: Uxie|Knock Off|p1a: Rhydon\n|-damage|p1a: Rhydon|231/317\n|-enditem|p1a: Rhydon|Eviolite|[from] move: Knock Off|[of] p2a: Uxie\n|\n|-heal|p2a: Uxie|143/260 par|[from] item: Leftovers\n|upkeep\n|turn|23\n|\n|t:|1712249462\n|move|p1a: Rhydon|Megahorn|p2a: Uxie\n|-supereffective|p2a: Uxie\n|-damage|p2a: Uxie|0 fnt\n|faint|p2a: Uxie\n|\n|upkeep\n|-message|Thetass forfeited.\n|\n|win|Slim Workshop\n|raw|Slim Workshop's rating: 2201 &rarr; <strong>2226</strong><br />(+25 for winning)\n|raw|Thetass's rating: 2288 &rarr; <strong>2263</strong><br />(-25 for losing)\n|c|\u2606Slim Workshop|u aint it bro\n|l|\u2606Thetass\n|player|p2|\n", "inputlog": ">version 5e6884075e425dc5b64255756e621f094dcccacd\n>start {\"formatid\":\"gen9randombattle\",\"seed\":[15172,54755,52342,15054],\"rated\":\"Rated battle\"}\n>player p1 {\"name\":\"Slim Workshop\",\"avatar\":\"170\",\"rating\":2201,\"seed\":[15963,49989,36852,25380]}\n>player p2 {\"name\":\"Thetass\",\"avatar\":\"266\",\"rating\":2288,\"seed\":[619,44493,57043,34544]}\n>p1 switch 3\n>p2 move knockoff\n>p1 move thunderwave\n>p2 move thunderwave\n>p1 move flashcannon\n>p2 move knockoff\n>p1 move dracometeor\n>p2 switch 6\n>p1 switch 4\n>p2 move closecombat\n>p1 move roost\n>p2 switch 6\n>p1 switch 4\n>p2 move psychicnoise\n>p1 move flashcannon\n>p2 move knockoff\n>p1 move flashcannon\n>p2 move psychicnoise\n>p1 move flashcannon\n>p2 switch 5\n>p1 move thunderwave\n>p2 move calmmind\n>p1 switch 3\n>p2 move calmmind\n>p1 move ironhead\n>p2 move alluringvoice\n>p1 move ironhead\n>p2 switch 2\n>p1 move ironhead\n>p2 move nastyplot\n>p1 switch 4\n>p2 move focusblast\n>p1 move bravebird\n>p2 move psychic\n>p2 switch 4\n>p1 move bravebird\n>p2 move swordsdance\n>p1 switch 3\n>p2 move iceshard\n>p1 move flashcannon\n>p2 move iceshard\n>p1 switch 2\n>p1 move earthquake terastallize\n>p2 move iciclecrash\n>p2 switch 5\n>p1 move stealthrock\n>p2 move knockoff\n>p1 move megahorn\n>p2 move psychicnoise\n>forcelose p2", "uploadtime": 1712249476, "views": 238, "formatid": "gen9randombattle", "rating": 2226, "private": 0, "password": null}