{"id": "gen9randombattle-2260904036", "format": "[Gen 9] Random Battle", "players": ["OmniChatter", "RaydenPlayzPokemon"], "log": "|j|\u2606OmniChatter\n|j|\u2606RaydenPlayzPokemon\n|t:|1733914127\n|gametype|singles\n|player|p1|OmniChatter|gambler|\n|player|p2|RaydenPlayzPokemon|clerk|\n|teamsize|p1|6\n|teamsize|p2|6\n|gen|9\n|tier|[Gen 9] Random Battle\n|rule|Species Clause: Limit one of each Pok\u00e9mon\n|rule|HP Percentage Mod: HP is shown in percentages\n|rule|Sleep Clause Mod: Limit one foe put to sleep\n|rule|Illusion Level Mod: Illusion disguises the Pok\u00e9mon's true level\n|\n|t:|1733914127\n|start\n|switch|p1a: Houndstone|Houndstone, L86, M|264/264\n|switch|p2a: Vaporeon|Vaporeon, L86, M|364/364\n|turn|1\n|\n|t:|1733914173\n|switch|p1a: Zapdos|Zapdos, L78|268/268\n|switch|p2a: Misdreavus|Misdreavus, L90, M|254/254\n|\n|upkeep\n|turn|2\n|\n|t:|1733914196\n|switch|p2a: Minior|Minior-Orange, L79|224/224\n|-formechange|p2a: Minior|Minior-Meteor||[from] ability: Shields Down\n|switch|p1a: Houndstone|Houndstone, L86, M|264/264\n|\n|upkeep\n|turn|3\n|\n|t:|1733914236\n|switch|p1a: Regice|Regice, L88|284/284\n|switch|p2a: Misdreavus|Misdreavus, L90, M|254/254\n|\n|upkeep\n|turn|4\n|\n|t:|1733914250\n|switch|p2a: Minior|Minior-Orange, L79|224/224\n|-formechange|p2a: Minior|Minior-Meteor||[from] ability: Shields Down\n|move|p1a: Regice|Thunder Wave|p2a: Minior\n|-immune|p2a: Minior|[from] ability: Shields Down\n|\n|upkeep\n|turn|5\n|\n|t:|1733914262\n|move|p2a: Minior|Power Gem|p1a: Regice\n|-supereffective|p1a: Regice\n|-crit|p1a: Regice\n|-damage|p1a: Regice|210/284\n|move|p1a: Regice|Ice Beam|p2a: Minior\n|-supereffective|p2a: Minior\n|-damage|p2a: Minior|36/224\n|\n|-formechange|p2a: Minior|Minior-Orange||[from] ability: Shields Down\n|upkeep\n|turn|6\n|\n|t:|1733914275\n|move|p2a: Minior|Power Gem|p1a: Regice\n|-supereffective|p1a: Regice\n|-damage|p1a: Regice|138/284\n|move|p1a: Regice|Ice Beam|p2a: Minior\n|-supereffective|p2a: Minior\n|-damage|p2a: Minior|0 fnt\n|faint|p2a: Minior\n|\n|upkeep\n|inactive|Battle timer is ON: inactive players will automatically lose when time's up. (requested by OmniChatter)\n|\n|t:|1733914285\n|switch|p2a: Volcarona|Volcarona, L77, M|257/257\n|turn|7\n|\n|t:|1733914299\n|move|p2a: Volcarona|Fiery Dance|p1a: Regice\n|-supereffective|p1a: Regice\n|-damage|p1a: Regice|42/284\n|move|p1a: Regice|Thunder Wave|p2a: Volcarona\n|-status|p2a: Volcarona|par\n|\n|upkeep\n|turn|8\n|\n|t:|1733914309\n|move|p1a: Regice|Ice Beam|p2a: Volcarona\n|-resisted|p2a: Volcarona\n|-damage|p2a: Volcarona|206/257 par\n|move|p2a: Volcarona|Fiery Dance|p1a: Regice\n|-supereffective|p1a: Regice\n|-damage|p1a: Regice|0 fnt\n|faint|p1a: Regice\n|\n|upkeep\n|\n|t:|1733914319\n|switch|p1a: Zapdos|Zapdos, L78|268/268\n|turn|9\n|inactive|RaydenPlayzPokemon has 270 seconds left.\n|\n|t:|1733914358\n|switch|p2a: Amoonguss|Amoonguss, L82, M|321/321\n|move|p1a: Zapdos|Hurricane|p2a: Amoonguss\n|-supereffective|p2a: Amoonguss\n|-damage|p2a: Amoonguss|69/321\n|\n|upkeep\n|turn|10\n|inactive|RaydenPlayzPokemon has 270 seconds left.\n|\n|t:|1733914369\n|move|p1a: Zapdos|Hurricane|p2a: Amoonguss\n|-supereffective|p2a: Amoonguss\n|-damage|p2a: Amoonguss|0 fnt\n|faint|p2a: Amoonguss\n|\n|upkeep\n|inactive|RaydenPlayzPokemon has 270 seconds left.\n|\n|t:|1733914376\n|switch|p2a: Vaporeon|Vaporeon, L86, M|364/364\n|turn|11\n|\n|t:|1733914382\n|move|p2a: Vaporeon|Protect|p2a: Vaporeon\n|-singleturn|p2a: Vaporeon|Protect\n|move|p1a: Zapdos|Thunderbolt|p2a: Vaporeon\n|-activate|p2a: Vaporeon|move: Protect\n|\n|upkeep\n|turn|12\n|\n|t:|1733914388\n|move|p1a: Zapdos|Thunderbolt|p2a: Vaporeon\n|-supereffective|p2a: Vaporeon\n|-damage|p2a: Vaporeon|190/364\n|-status|p2a: Vaporeon|par\n|cant|p2a: Vaporeon|par\n|\n|-heal|p2a: Vaporeon|212/364 par|[from] item: Leftovers\n|upkeep\n|turn|13\n|\n|t:|1733914397\n|move|p1a: Zapdos|Thunderbolt|p2a: Vaporeon\n|-supereffective|p2a: Vaporeon\n|-damage|p2a: Vaporeon|12/364 par\n|move|p2a: Vaporeon|Wish|p2a: Vaporeon\n|\n|-heal|p2a: Vaporeon|34/364 par|[from] item: Leftovers\n|upkeep\n|turn|14\n|\n|t:|1733914403\n|move|p2a: Vaporeon|Protect|p2a: Vaporeon\n|-singleturn|p2a: Vaporeon|Protect\n|move|p1a: Zapdos|Thunderbolt|p2a: Vaporeon\n|-activate|p2a: Vaporeon|move: Protect\n|\n|-heal|p2a: Vaporeon|216/364 par|[from] move: Wish|[wisher] Vaporeon\n|-heal|p2a: Vaporeon|238/364 par|[from] item: Leftovers\n|upkeep\n|turn|15\n|\n|t:|1733914413\n|move|p1a: Zapdos|Thunderbolt|p2a: Vaporeon\n|-supereffective|p2a: Vaporeon\n|-damage|p2a: Vaporeon|50/364 par\n|move|p2a: Vaporeon|Scald|p1a: Zapdos\n|-damage|p1a: Zapdos|154/268\n|\n|-heal|p2a: Vaporeon|72/364 par|[from] item: Leftovers\n|upkeep\n|turn|16\n|\n|t:|1733914423\n|move|p2a: Vaporeon|Protect|p2a: Vaporeon\n|-singleturn|p2a: Vaporeon|Protect\n|move|p1a: Zapdos|Thunderbolt|p2a: Vaporeon\n|-activate|p2a: Vaporeon|move: Protect\n|\n|-heal|p2a: Vaporeon|94/364 par|[from] item: Leftovers\n|upkeep\n|turn|17\n|\n|t:|1733914436\n|move|p1a: Zapdos|Thunderbolt|p2a: Vaporeon\n|-supereffective|p2a: Vaporeon\n|-damage|p2a: Vaporeon|0 fnt\n|faint|p2a: Vaporeon\n|\n|upkeep\n|\n|t:|1733914442\n|switch|p2a: Misdreavus|Misdreavus, L90, M|254/254\n|turn|18\n|\n|t:|1733914446\n|move|p2a: Misdreavus|Draining Kiss|p1a: Zapdos\n|-damage|p1a: Zapdos|116/268\n|-status|p2a: Misdreavus|par|[from] ability: Static|[of] p1a: Zapdos\n|move|p1a: Zapdos|Roost|p1a: Zapdos\n|-heal|p1a: Zapdos|250/268\n|-singleturn|p1a: Zapdos|move: Roost\n|\n|upkeep\n|turn|19\n|\n|t:|1733914457\n|move|p1a: Zapdos|U-turn|p2a: Misdreavus\n|-resisted|p2a: Misdreavus\n|-damage|p2a: Misdreavus|236/254 par\n|\n|t:|1733914462\n|switch|p1a: Iron Jugulis|Iron Jugulis, L78|275/275|[from] U-turn\n|move|p2a: Misdreavus|Shadow Ball|p1a: Iron Jugulis\n|-resisted|p1a: Iron Jugulis\n|-damage|p1a: Iron Jugulis|221/275\n|\n|upkeep\n|turn|20\n|\n|t:|1733914472\n|switch|p2a: Leavanny|Leavanny, L86, F|269/269\n|move|p1a: Iron Jugulis|Dark Pulse|p2a: Leavanny\n|-damage|p2a: Leavanny|181/269\n|\n|upkeep\n|turn|21\n|\n|t:|1733914497\n|move|p1a: Iron Jugulis|Hurricane|p2a: Leavanny\n|-supereffective|p2a: Leavanny\n|-damage|p2a: Leavanny|0 fnt\n|faint|p2a: Leavanny\n|\n|upkeep\n|\n|t:|1733914502\n|switch|p2a: Volcarona|Volcarona, L77, M|206/257 par\n|turn|22\n|\n|t:|1733914512\n|move|p1a: Iron Jugulis|Meteor Beam||[still]\n|-prepare|p1a: Iron Jugulis|Meteor Beam\n|-boost|p1a: Iron Jugulis|spa|1\n|-enditem|p1a: Iron Jugulis|Power Herb\n|-anim|p1a: Iron Jugulis|Meteor Beam|p2a: Volcarona\n|-supereffective|p2a: Volcarona\n|-damage|p2a: Volcarona|0 fnt\n|faint|p2a: Volcarona\n|\n|upkeep\n|\n|t:|1733914519\n|switch|p2a: Misdreavus|Misdreavus, L90, M|236/254 par\n|turn|23\n|\n|t:|1733914526\n|move|p1a: Iron Jugulis|Dark Pulse|p2a: Misdreavus\n|-supereffective|p2a: Misdreavus\n|-damage|p2a: Misdreavus|54/254 par\n|cant|p2a: Misdreavus|par\n|\n|upkeep\n|turn|24\n|\n|t:|1733914533\n|move|p1a: Iron Jugulis|Dark Pulse|p2a: Misdreavus\n|-supereffective|p2a: Misdreavus\n|-damage|p2a: Misdreavus|0 fnt\n|faint|p2a: Misdreavus\n|\n|win|OmniChatter\n|l|\u2606RaydenPlayzPokemon\n|player|p2|\n", "inputlog": ">version bfd83cad13791eb5a5a409923076391caf6fb4d4\n>start {\"formatid\":\"gen9randombattle\",\"seed\":[2616,10877,30678,58952]}\n>player p1 {\"name\":\"OmniChatter\",\"avatar\":\"gambler\",\"rating\":0,\"seed\":[51466,60519,38828,2738]}\n>player p2 {\"name\":\"RaydenPlayzPokemon\",\"avatar\":\"clerk\",\"rating\":0,\"seed\":[27037,53146,3069,30431]}\n>p1 switch 2\n>p2 switch 5\n>p1 switch 2\n>p2 switch 4\n>p1 switch 5\n>p2 switch 4\n>p1 move thunderwave\n>p2 switch 4\n>p1 move icebeam\n>p2 move powergem\n>p1 move icebeam\n>p2 move powergem\n>p2 switch 2\n>p1 move thunderwave\n>p2 move fierydance\n>p1 move icebeam\n>p2 move fierydance\n>p1 switch 2\n>p1 move hurricane\n>p2 switch 6\n>p1 move hurricane\n>p2 move sludgebomb\n>p2 switch 5\n>p1 move thunderbolt\n>p2 move protect\n>p1 move thunderbolt\n>p2 move scald\n>p1 move thunderbolt\n>p2 move wish\n>p1 move thunderbolt\n>p2 move protect\n>p1 move thunderbolt\n>p2 move scald\n>p1 move thunderbolt\n>p2 move protect\n>p1 move thunderbolt\n>p2 move roar\n>p2 switch 4\n>p1 move roost\n>p2 move drainingkiss\n>p1 move uturn\n>p2 move shadowball\n>p1 switch 4\n>p1 move darkpulse\n>p2 switch 3\n>p1 move hurricane\n>p2 move lunge\n>p2 switch 6\n>p1 move meteorbeam\n>p2 move fierydance\n>p2 switch 3\n>p1 move darkpulse\n>p2 move drainingkiss\n>p1 move darkpulse\n>p2 move shadowball", "uploadtime": 1733914541, "views": 1, "formatid": "gen9randombattle", "rating": null, "private": 0, "password": null}