{"id": "gen9randombattle-2260793914", "format": "[Gen 9] Random Battle", "players": ["specialinsects", "789t798g9"], "log": "|j|\u2606specialinsects\n|j|\u2606789t798g9\n|t:|1733893137\n|gametype|singles\n|player|p1|specialinsects|infielder|1067\n|player|p2|789t798g9|102|1081\n|teamsize|p1|6\n|teamsize|p2|6\n|gen|9\n|tier|[Gen 9] Random Battle\n|rated|\n|rule|Species Clause: Limit one of each Pok\u00e9mon\n|rule|HP Percentage Mod: HP is shown in percentages\n|rule|Sleep Clause Mod: Limit one foe put to sleep\n|rule|Illusion Level Mod: Illusion disguises the Pok\u00e9mon's true level\n|\n|t:|1733893137\n|start\n|switch|p1a: Whiscash|Whiscash, L88, F|337/337\n|switch|p2a: Reshiram|Reshiram, L76|277/277\n|-ability|p2a: Reshiram|Turboblaze\n|turn|1\n|inactive|Battle timer is ON: inactive players will automatically lose when time's up. (requested by 789t798g9)\n|\n|t:|1733893161\n|move|p1a: Whiscash|Stealth Rock|p2a: Reshiram\n|-sidestart|p2: 789t798g9|move: Stealth Rock\n|move|p2a: Reshiram|Dragon Tail|p1a: Whiscash\n|-crit|p1a: Whiscash\n|-damage|p1a: Whiscash|225/337\n|drag|p1a: Wyrdeer|Wyrdeer, L87, F|321/321\n|-ability|p1a: Wyrdeer|Intimidate|boost\n|-unboost|p2a: Reshiram|atk|1\n|\n|upkeep\n|turn|2\n|\n|t:|1733893181\n|switch|p2a: Lokix|Lokix, L82, F|251/251\n|-damage|p2a: Lokix|189/251|[from] Stealth Rock\n|-terastallize|p1a: Wyrdeer|Ground\n|move|p1a: Wyrdeer|Earthquake|p2a: Lokix\n|-resisted|p2a: Lokix\n|-damage|p2a: Lokix|125/251\n|\n|upkeep\n|turn|3\n|inactive|specialinsects has 120 seconds left.\n|\n|t:|1733893215\n|move|p2a: Lokix|Knock Off|p1a: Wyrdeer\n|-damage|p1a: Wyrdeer|168/321\n|-enditem|p1a: Wyrdeer|Assault Vest|[from] move: Knock Off|[of] p2a: Lokix\n|-damage|p2a: Lokix|100/251|[from] item: Life Orb\n|move|p1a: Wyrdeer|Earthquake|p2a: Lokix\n|-resisted|p2a: Lokix\n|-damage|p2a: Lokix|36/251\n|\n|upkeep\n|turn|4\n|inactive|specialinsects has 120 seconds left.\n|\n|t:|1733893223\n|move|p2a: Lokix|Leech Life|p1a: Wyrdeer\n|-damage|p1a: Wyrdeer|35/321\n|-heal|p2a: Lokix|103/251|[from] drain|[of] p1a: Wyrdeer\n|-damage|p2a: Lokix|78/251|[from] item: Life Orb\n|move|p1a: Wyrdeer|Earthquake|p2a: Lokix\n|-resisted|p2a: Lokix\n|-damage|p2a: Lokix|17/251\n|\n|upkeep\n|turn|5\n|inactive|specialinsects has 120 seconds left.\n|\n|t:|1733893237\n|move|p2a: Lokix|Leech Life|p1a: Wyrdeer\n|-damage|p1a: Wyrdeer|0 fnt\n|-heal|p2a: Lokix|35/251|[from] drain|[of] p1a: Wyrdeer\n|faint|p1a: Wyrdeer\n|-damage|p2a: Lokix|10/251|[from] item: Life Orb\n|\n|upkeep\n|inactive|specialinsects has 120 seconds left.\n|\n|t:|1733893264\n|switch|p1a: Whiscash|Whiscash, L88, F|225/337\n|turn|6\n|\n|t:|1733893285\n|move|p2a: Lokix|Knock Off|p1a: Whiscash\n|-damage|p1a: Whiscash|87/337\n|-enditem|p1a: Whiscash|Leftovers|[from] move: Knock Off|[of] p2a: Lokix\n|-damage|p2a: Lokix|0 fnt|[from] item: Life Orb\n|faint|p2a: Lokix\n|move|p1a: Whiscash|Spikes|p2: Lokix\n|-sidestart|p2: 789t798g9|Spikes\n|\n|upkeep\n|\n|t:|1733893293\n|switch|p2a: Golduck|Golduck, L90, F|290/290\n|-damage|p2a: Golduck|254/290|[from] Stealth Rock\n|-damage|p2a: Golduck|218/290|[from] Spikes\n|-ability|p2a: Golduck|Cloud Nine\n|turn|7\n|inactive|specialinsects has 120 seconds left.\n|\n|t:|1733893300\n|move|p2a: Golduck|Grass Knot|p1a: Whiscash\n|-supereffective|p1a: Whiscash\n|-damage|p1a: Whiscash|0 fnt\n|faint|p1a: Whiscash\n|-damage|p2a: Golduck|189/290|[from] item: Life Orb\n|\n|upkeep\n|inactive|specialinsects has 120 seconds left.\n|\n|t:|1733893317\n|switch|p1a: Chien-Pao|Chien-Pao, L72|234/234\n|-ability|p1a: Chien-Pao|Sword of Ruin\n|turn|8\n|\n|t:|1733893331\n|move|p1a: Chien-Pao|Swords Dance|p1a: Chien-Pao\n|-boost|p1a: Chien-Pao|atk|2\n|move|p2a: Golduck|Hydro Pump|p1a: Chien-Pao\n|-damage|p1a: Chien-Pao|0 fnt\n|faint|p1a: Chien-Pao\n|-damage|p2a: Golduck|160/290|[from] item: Life Orb\n|\n|upkeep\n|\n|t:|1733893345\n|switch|p1a: Houndstone|Houndstone, L86, F|264/264\n|turn|9\n|\n|t:|1733893350\n|move|p2a: Golduck|Hydro Pump|p1a: Houndstone\n|-damage|p1a: Houndstone|115/264\n|-damage|p2a: Golduck|131/290|[from] item: Life Orb\n|move|p1a: Houndstone|Body Press|p2a: Golduck\n|-damage|p2a: Golduck|68/290\n|\n|-heal|p1a: Houndstone|131/264|[from] item: Leftovers\n|upkeep\n|turn|10\n|inactive|specialinsects has 120 seconds left.\n|\n|t:|1733893366\n|move|p2a: Golduck|Hydro Pump|p1a: Houndstone|[miss]\n|-miss|p2a: Golduck|p1a: Houndstone\n|move|p1a: Houndstone|Rest|p1a: Houndstone\n|-status|p1a: Houndstone|slp|[from] move: Rest\n|-heal|p1a: Houndstone|264/264 slp|[silent]\n|\n|upkeep\n|turn|11\n|\n|t:|1733893373\n|move|p2a: Golduck|Nasty Plot|p2a: Golduck\n|-boost|p2a: Golduck|spa|2\n|cant|p1a: Houndstone|slp\n|move|p1a: Houndstone|Sleep Talk|p1a: Houndstone\n|move|p1a: Houndstone|Poltergeist|p2a: Golduck|[from]move: Sleep Talk\n|-activate|p2a: Golduck|move: Poltergeist|Life Orb\n|-damage|p2a: Golduck|0 fnt\n|faint|p2a: Golduck\n|\n|upkeep\n|\n|t:|1733893380\n|switch|p2a: Gliscor|Gliscor, L76, M|239/239\n|-damage|p2a: Gliscor|210/239|[from] Stealth Rock\n|turn|12\n|inactive|specialinsects has 120 seconds left.\n|\n|t:|1733893404\n|switch|p1a: Salamence|Salamence, L77, F|273/273\n|-ability|p1a: Salamence|Intimidate|boost\n|-unboost|p2a: Gliscor|atk|1\n|move|p2a: Gliscor|Knock Off|p1a: Salamence\n|-damage|p1a: Salamence|228/273\n|-enditem|p1a: Salamence|Heavy-Duty Boots|[from] move: Knock Off|[of] p2a: Gliscor\n|\n|-status|p2a: Gliscor|tox|[from] item: Toxic Orb\n|upkeep\n|turn|13\n|\n|t:|1733893417\n|move|p1a: Salamence|Dragon Dance|p1a: Salamence\n|-boost|p1a: Salamence|atk|1\n|-boost|p1a: Salamence|spe|1\n|move|p2a: Gliscor|Toxic|p1a: Salamence\n|-status|p1a: Salamence|tox\n|\n|-damage|p1a: Salamence|211/273 tox|[from] psn\n|-heal|p2a: Gliscor|239/239 tox|[from] ability: Poison Heal\n|upkeep\n|turn|14\n|\n|t:|1733893426\n|move|p1a: Salamence|Outrage|p2a: Gliscor\n|-damage|p2a: Gliscor|71/239 tox\n|move|p2a: Gliscor|U-turn|p1a: Salamence\n|-resisted|p1a: Salamence\n|-damage|p1a: Salamence|195/273 tox\n|\n|t:|1733893432\n|switch|p2a: Annihilape|Annihilape, L76, M|292/292|[from] U-turn\n|-damage|p2a: Annihilape|274/292|[from] Stealth Rock\n|-damage|p2a: Annihilape|238/292|[from] Spikes\n|\n|-damage|p1a: Salamence|161/273 tox|[from] psn\n|upkeep\n|turn|15\n|\n|t:|1733893440\n|-terastallize|p2a: Annihilape|Steel\n|move|p1a: Salamence|Outrage|p2a: Annihilape|[from]lockedmove\n|-resisted|p2a: Annihilape\n|-damage|p2a: Annihilape|116/292\n|move|p2a: Annihilape|Bulk Up|p2a: Annihilape\n|-boost|p2a: Annihilape|atk|1\n|-boost|p2a: Annihilape|def|1\n|\n|-damage|p1a: Salamence|110/273 tox|[from] psn\n|upkeep\n|turn|16\n|\n|t:|1733893450\n|move|p1a: Salamence|Outrage|p2a: Annihilape|[from]lockedmove\n|-resisted|p2a: Annihilape\n|-damage|p2a: Annihilape|40/292\n|-start|p1a: Salamence|confusion|[fatigue]\n|move|p2a: Annihilape|Rest|p2a: Annihilape\n|-status|p2a: Annihilape|slp|[from] move: Rest\n|-heal|p2a: Annihilape|292/292 slp|[silent]\n|-enditem|p2a: Annihilape|Chesto Berry|[eat]\n|-curestatus|p2a: Annihilape|slp|[msg]\n|\n|-damage|p1a: Salamence|42/273 tox|[from] psn\n|upkeep\n|turn|17\n|-message|specialinsects forfeited.\n|\n|win|789t798g9\n|raw|specialinsects's rating: 1067 &rarr; <strong>1049</strong><br />(-18 for losing)\n|raw|789t798g9's rating: 1102 &rarr; <strong>1124</strong><br />(+22 for winning)\n|l|\u2606specialinsects\n|player|p1|\n", "inputlog": ">version bfd83cad13791eb5a5a409923076391caf6fb4d4\n>start {\"formatid\":\"gen9randombattle\",\"seed\":[29015,4151,8302,61986],\"rated\":\"Rated battle\"}\n>player p1 {\"name\":\"specialinsects\",\"avatar\":\"infielder\",\"rating\":1067,\"seed\":[58533,24957,53314,6134]}\n>player p2 {\"name\":\"789t798g9\",\"avatar\":\"102\",\"rating\":1081,\"seed\":[4971,21341,39907,42210]}\n>p1 move stealthrock\n>p2 move dragontail\n>p1 move earthquake terastallize\n>p2 switch 5\n>p1 move earthquake\n>p2 move knockoff\n>p1 move earthquake\n>p2 move leechlife\n>p1 move earthquake\n>p2 move leechlife\n>p1 switch 4\n>p1 move spikes\n>p2 move knockoff\n>p2 switch 6\n>p1 move spikes\n>p2 move grassknot\n>p1 switch 5\n>p1 move swordsdance\n>p2 move hydropump\n>p1 switch 3\n>p1 move bodypress\n>p2 move hydropump\n>p1 move rest\n>p2 move hydropump\n>p1 move sleeptalk\n>p2 move nastyplot\n>p2 switch 3\n>p1 switch 6\n>p2 move knockoff\n>p1 move dragondance\n>p2 move toxic\n>p1 move outrage\n>p2 move uturn\n>p2 switch 2\n>p1 move outrage\n>p2 move bulkup terastallize\n>p1 move outrage\n>p2 move rest\n>forcelose p1", "uploadtime": 1733893464, "views": 15, "formatid": "gen9randombattle", "rating": 1049, "private": 0, "password": null}