{"id": "gen9randombattle-2260903158", "format": "[Gen 9] Random Battle", "players": ["adarsh_2403", "TomoeKon"], "log": "|j|\u2606adarsh_2403\n|j|\u2606TomoeKon\n|t:|1733913970\n|gametype|singles\n|player|p1|adarsh_2403|170|\n|player|p2|TomoeKon|n|\n|teamsize|p1|6\n|teamsize|p2|6\n|gen|9\n|tier|[Gen 9] Random Battle\n|rule|Species Clause: Limit one of each Pok\u00e9mon\n|rule|HP Percentage Mod: HP is shown in percentages\n|rule|Sleep Clause Mod: Limit one foe put to sleep\n|rule|Illusion Level Mod: Illusion disguises the Pok\u00e9mon's true level\n|\n|t:|1733913970\n|start\n|switch|p1a: Hitmonchan|Hitmonchan, L87, M|229/229\n|switch|p2a: Vileplume|Vileplume, L85, F|266/266\n|turn|1\n|\n|t:|1733913983\n|move|p1a: Hitmonchan|Knock Off|p2a: Vileplume\n|-damage|p2a: Vileplume|186/266\n|-enditem|p2a: Vileplume|Leftovers|[from] move: Knock Off|[of] p1a: Hitmonchan\n|move|p2a: Vileplume|Leech Seed|p1a: Hitmonchan\n|-start|p1a: Hitmonchan|move: Leech Seed\n|\n|-damage|p1a: Hitmonchan|201/229|[from] Leech Seed|[of] p2a: Vileplume\n|-heal|p2a: Vileplume|214/266|[silent]\n|upkeep\n|turn|2\n|\n|t:|1733913999\n|switch|p1a: Grafaiai|Grafaiai, L86, M|249/249\n|move|p2a: Vileplume|Sludge Bomb|p1a: Grafaiai\n|-resisted|p1a: Grafaiai\n|-crit|p1a: Grafaiai\n|-damage|p1a: Grafaiai|158/249\n|\n|upkeep\n|turn|3\n|\n|t:|1733914011\n|move|p1a: Grafaiai|Gunk Shot|p2a: Vileplume\n|-damage|p2a: Vileplume|42/266\n|-damage|p1a: Grafaiai|134/249|[from] item: Life Orb\n|move|p2a: Vileplume|Leech Seed|p1a: Grafaiai\n|-start|p1a: Grafaiai|move: Leech Seed\n|\n|-damage|p1a: Grafaiai|103/249|[from] Leech Seed|[of] p2a: Vileplume\n|-heal|p2a: Vileplume|73/266|[silent]\n|upkeep\n|turn|4\n|j| Zigazoon\n|\n|t:|1733914023\n|switch|p2a: Vaporeon|Vaporeon, L86, M|364/364\n|move|p1a: Grafaiai|Gunk Shot|p2a: Vaporeon\n|-damage|p2a: Vaporeon|152/364\n|-status|p2a: Vaporeon|psn\n|-damage|p1a: Grafaiai|79/249|[from] item: Life Orb\n|\n|-heal|p2a: Vaporeon|174/364 psn|[from] item: Leftovers\n|-damage|p1a: Grafaiai|48/249|[from] Leech Seed|[of] p2a: Vaporeon\n|-heal|p2a: Vaporeon|205/364 psn|[silent]\n|-damage|p2a: Vaporeon|160/364 psn|[from] psn\n|upkeep\n|turn|5\n|\n|t:|1733914035\n|move|p2a: Vaporeon|Protect|p2a: Vaporeon\n|-singleturn|p2a: Vaporeon|Protect\n|move|p1a: Grafaiai|Gunk Shot|p2a: Vaporeon\n|-activate|p2a: Vaporeon|move: Protect\n|\n|-heal|p2a: Vaporeon|182/364 psn|[from] item: Leftovers\n|-damage|p1a: Grafaiai|17/249|[from] Leech Seed|[of] p2a: Vaporeon\n|-heal|p2a: Vaporeon|213/364 psn|[silent]\n|-damage|p2a: Vaporeon|168/364 psn|[from] psn\n|upkeep\n|turn|6\n|\n|t:|1733914047\n|move|p2a: Vaporeon|Protect||[still]\n|-fail|p2a: Vaporeon\n|move|p1a: Grafaiai|Gunk Shot|p2a: Vaporeon\n|-damage|p2a: Vaporeon|0 fnt\n|faint|p2a: Vaporeon\n|-damage|p1a: Grafaiai|0 fnt|[from] item: Life Orb\n|faint|p1a: Grafaiai\n|\n|upkeep\n|\n|t:|1733914058\n|switch|p1a: Weavile|Weavile, L79, F|240/240\n|switch|p2a: Mismagius|Mismagius, L86, F|243/243\n|turn|7\n|\n|t:|1733914085\n|-terastallize|p2a: Mismagius|Fighting\n|move|p1a: Weavile|Swords Dance|p1a: Weavile\n|-boost|p1a: Weavile|atk|2\n|move|p2a: Mismagius|Tera Blast|p1a: Weavile|[anim] Tera Blast Fighting\n|-supereffective|p1a: Weavile\n|-damage|p1a: Weavile|0 fnt\n|faint|p1a: Weavile\n|\n|upkeep\n|\n|t:|1733914102\n|switch|p1a: Lurantis|Lurantis, L87, F|264/264\n|turn|8\n|\n|t:|1733914107\n|switch|p2a: Moltres|Moltres, L81|278/278\n|move|p1a: Lurantis|Leaf Storm|p2a: Moltres\n|-resisted|p2a: Moltres\n|-damage|p2a: Moltres|243/278\n|-boost|p1a: Lurantis|spa|2\n|\n|upkeep\n|turn|9\n|\n|t:|1733914124\n|switch|p1a: Politoed|Politoed, L88, M|302/302\n|-weather|RainDance|[from] ability: Drizzle|[of] p1a: Politoed\n|move|p2a: Moltres|Brave Bird|p1a: Politoed\n|-damage|p1a: Politoed|169/302\n|-damage|p2a: Moltres|199/278|[from] Recoil\n|\n|-weather|RainDance|[upkeep]\n|upkeep\n|turn|10\n|\n|t:|1733914140\n|move|p2a: Moltres|U-turn|p1a: Politoed\n|-damage|p1a: Politoed|120/302\n|\n|t:|1733914149\n|switch|p2a: Vileplume|Vileplume, L85, F|73/266|[from] U-turn\n|move|p1a: Politoed|Hydro Pump|p2a: Vileplume\n|-resisted|p2a: Vileplume\n|-damage|p2a: Vileplume|0 fnt\n|faint|p2a: Vileplume\n|\n|-weather|RainDance|[upkeep]\n|upkeep\n|\n|t:|1733914170\n|switch|p2a: Mismagius|Mismagius, L86, F, tera:Fighting|243/243\n|turn|11\n|\n|t:|1733914178\n|move|p2a: Mismagius|Nasty Plot|p2a: Mismagius\n|-boost|p2a: Mismagius|spa|2\n|move|p1a: Politoed|Rest|p1a: Politoed\n|-status|p1a: Politoed|slp|[from] move: Rest\n|-heal|p1a: Politoed|302/302 slp|[silent]\n|-enditem|p1a: Politoed|Chesto Berry|[eat]\n|-curestatus|p1a: Politoed|slp|[msg]\n|\n|-weather|RainDance|[upkeep]\n|upkeep\n|turn|12\n|\n|t:|1733914189\n|move|p2a: Mismagius|Substitute|p2a: Mismagius\n|-start|p2a: Mismagius|Substitute\n|-damage|p2a: Mismagius|183/243\n|move|p1a: Politoed|Haze|p1a: Politoed\n|-clearallboost\n|\n|-weather|RainDance|[upkeep]\n|-heal|p2a: Mismagius|198/243|[from] item: Leftovers\n|upkeep\n|turn|13\n|\n|t:|1733914197\n|move|p2a: Mismagius|Nasty Plot|p2a: Mismagius\n|-boost|p2a: Mismagius|spa|2\n|move|p1a: Politoed|Hydro Pump|p2a: Mismagius\n|-end|p2a: Mismagius|Substitute\n|\n|-weather|none\n|-heal|p2a: Mismagius|213/243|[from] item: Leftovers\n|upkeep\n|turn|14\n|\n|t:|1733914205\n|move|p2a: Mismagius|Tera Blast|p1a: Politoed|[anim] Tera Blast Fighting\n|-crit|p1a: Politoed\n|-damage|p1a: Politoed|55/302\n|move|p1a: Politoed|Hydro Pump|p2a: Mismagius\n|-damage|p2a: Mismagius|117/243\n|\n|-heal|p2a: Mismagius|132/243|[from] item: Leftovers\n|upkeep\n|turn|15\n|\n|t:|1733914214\n|move|p2a: Mismagius|Tera Blast|p1a: Politoed|[anim] Tera Blast Fighting\n|-damage|p1a: Politoed|0 fnt\n|faint|p1a: Politoed\n|\n|-heal|p2a: Mismagius|147/243|[from] item: Leftovers\n|upkeep\n|\n|t:|1733914236\n|switch|p1a: Lurantis|Lurantis, L87, F|264/264\n|turn|16\n|\n|t:|1733914255\n|-terastallize|p1a: Lurantis|Fighting\n|move|p2a: Mismagius|Tera Blast|p1a: Lurantis|[anim] Tera Blast Fighting\n|-damage|p1a: Lurantis|99/264\n|move|p1a: Lurantis|Superpower|p2a: Mismagius\n|-damage|p2a: Mismagius|0 fnt\n|-boost|p1a: Lurantis|atk|1\n|-boost|p1a: Lurantis|def|1\n|faint|p2a: Mismagius\n|\n|-heal|p1a: Lurantis|115/264|[from] item: Leftovers\n|upkeep\n|\n|t:|1733914267\n|switch|p2a: Moltres|Moltres, L81|199/278\n|turn|17\n|\n|t:|1733914286\n|switch|p1a: Golduck|Golduck, L90, M|290/290\n|-ability|p1a: Golduck|Cloud Nine\n|move|p2a: Moltres|Brave Bird|p1a: Golduck\n|-damage|p1a: Golduck|166/290\n|-damage|p2a: Moltres|158/278|[from] Recoil\n|\n|-heal|p1a: Golduck|184/290|[from] item: Leftovers\n|upkeep\n|turn|18\n|\n|t:|1733914308\n|move|p1a: Golduck|Nasty Plot|p1a: Golduck\n|-boost|p1a: Golduck|spa|2\n|move|p2a: Moltres|U-turn|p1a: Golduck\n|-damage|p1a: Golduck|133/290\n|\n|t:|1733914327\n|switch|p2a: Cetitan|Cetitan, L82, F|412/412|[from] U-turn\n|\n|-heal|p1a: Golduck|151/290|[from] item: Leftovers\n|upkeep\n|turn|19\n|\n|t:|1733914337\n|move|p1a: Golduck|Hydro Pump|p2a: Cetitan\n|-crit|p2a: Cetitan\n|-damage|p2a: Cetitan|0 fnt\n|faint|p2a: Cetitan\n|\n|-heal|p1a: Golduck|169/290|[from] item: Leftovers\n|upkeep\n|\n|t:|1733914344\n|switch|p2a: Zacian|Zacian-Crowned, L64|225/225\n|-ability|p2a: Zacian|Intrepid Sword|boost\n|-boost|p2a: Zacian|atk|1\n|turn|20\n|\n|t:|1733914358\n|move|p2a: Zacian|Play Rough|p1a: Golduck\n|-damage|p1a: Golduck|46/290\n|move|p1a: Golduck|Ice Beam|p2a: Zacian\n|-resisted|p2a: Zacian\n|-damage|p2a: Zacian|152/225\n|\n|-heal|p1a: Golduck|64/290|[from] item: Leftovers\n|upkeep\n|turn|21\n|\n|t:|1733914369\n|move|p2a: Zacian|Close Combat|p1a: Golduck\n|-damage|p1a: Golduck|0 fnt\n|-unboost|p2a: Zacian|def|1\n|-unboost|p2a: Zacian|spd|1\n|faint|p1a: Golduck\n|\n|upkeep\n|\n|t:|1733914376\n|switch|p1a: Hitmonchan|Hitmonchan, L87, M|201/229\n|turn|22\n|\n|t:|1733914385\n|move|p2a: Zacian|Play Rough|p1a: Hitmonchan\n|-supereffective|p1a: Hitmonchan\n|-damage|p1a: Hitmonchan|0 fnt\n|faint|p1a: Hitmonchan\n|\n|upkeep\n|\n|t:|1733914388\n|switch|p1a: Lurantis|Lurantis, L87, F, tera:Fighting|115/264\n|turn|23\n|\n|t:|1733914393\n|move|p2a: Zacian|Behemoth Blade|p1a: Lurantis\n|-damage|p1a: Lurantis|0 fnt\n|faint|p1a: Lurantis\n|\n|win|TomoeKon\n|l|\u2606adarsh_2403\n|player|p1|\n", "inputlog": ">version bfd83cad13791eb5a5a409923076391caf6fb4d4\n>start {\"formatid\":\"gen9randombattle\",\"seed\":[36585,12670,20453,4252]}\n>player p1 {\"name\":\"adarsh_2403\",\"avatar\":\"170\",\"rating\":0,\"seed\":[45733,58973,12451,37101]}\n>player p2 {\"name\":\"TomoeKon\",\"avatar\":\"n\",\"rating\":0,\"seed\":[19120,22647,357,47858]}\n>p1 move knockoff\n>p2 move leechseed\n>p1 switch 6\n>p2 move sludgebomb\n>p1 move gunkshot\n>p2 move leechseed\n>p1 move gunkshot\n>p2 switch 6\n>p1 move gunkshot\n>p2 move protect\n>p1 move gunkshot\n>p2 move protect\n>p1 switch 4\n>p2 switch 3\n>p1 move swordsdance\n>p2 move terablast terastallize\n>p1 switch 3\n>p1 move leafstorm\n>p2 switch 4\n>p1 switch 5\n>p2 move bravebird\n>p1 move hydropump\n>p2 move uturn\n>p2 switch 6\n>p2 switch 4\n>p1 move rest\n>p2 move nastyplot\n>p1 move haze\n>p2 move substitute\n>p1 move hydropump\n>p2 move nastyplot\n>p1 move hydropump\n>p2 move terablast\n>p1 move icebeam\n>p2 move terablast\n>p1 switch 5\n>p1 move superpower terastallize\n>p2 move terablast\n>p2 switch 6\n>p1 switch 2\n>p2 move bravebird\n>p1 move nastyplot\n>p2 move uturn\n>p2 switch 5\n>p1 move hydropump\n>p2 move earthquake\n>p2 switch 2\n>p1 move icebeam\n>p2 move playrough\n>p1 move hydropump\n>p2 move closecombat\n>p1 switch 6\n>p1 move drainpunch\n>p2 move playrough\n>p1 switch 2\n>p1 move superpower\n>p2 move behemothblade", "uploadtime": 1733914408, "views": 1, "formatid": "gen9randombattle", "rating": null, "private": 0, "password": null}