{"id": "gen9randombattle-2259806262", "format": "[Gen 9] Random Battle", "players": ["aejeajeaje", "gtugtuj"], "log": "|j|\u2606aejeajeaje\n|j|\u2606gtugtuj\n|t:|1733768559\n|gametype|singles\n|player|p1|aejeajeaje|2|1000\n|player|p2|gtugtuj|101|1000\n|teamsize|p1|6\n|teamsize|p2|6\n|gen|9\n|tier|[Gen 9] Random Battle\n|rated|\n|rule|Species Clause: Limit one of each Pok\u00e9mon\n|rule|HP Percentage Mod: HP is shown in percentages\n|rule|Sleep Clause Mod: Limit one foe put to sleep\n|rule|Illusion Level Mod: Illusion disguises the Pok\u00e9mon's true level\n|\n|t:|1733768559\n|start\n|switch|p1a: Palossand|Palossand, L89, M|296/296\n|switch|p2a: Toxtricity|Toxtricity, L82, F|257/257\n|turn|1\n|inactive|Battle timer is ON: inactive players will automatically lose when time's up. (requested by gtugtuj)\n|\n|t:|1733768577\n|switch|p2a: Minior|Minior-Violet, L79|224/224\n|-formechange|p2a: Minior|Minior-Meteor||[from] ability: Shields Down\n|move|p1a: Palossand|Shadow Ball|p2a: Minior\n|-damage|p2a: Minior|125/224\n|\n|upkeep\n|turn|2\n|\n|t:|1733768597\n|switch|p2a: Rillaboom|Rillaboom, L79, F|288/288\n|-fieldstart|move: Grassy Terrain|[from] ability: Grassy Surge|[of] p2a: Rillaboom\n|move|p1a: Palossand|Shadow Ball|p2a: Rillaboom\n|-damage|p2a: Rillaboom|168/288\n|\n|-heal|p2a: Rillaboom|186/288|[from] Grassy Terrain\n|upkeep\n|turn|3\n|\n|t:|1733768609\n|switch|p1a: Decidueye|Decidueye-Hisui, L87, M|295/295\n|move|p2a: Rillaboom|Wood Hammer|p1a: Decidueye\n|-resisted|p1a: Decidueye\n|-damage|p1a: Decidueye|170/295\n|-damage|p2a: Rillaboom|145/288|[from] Recoil\n|-damage|p2a: Rillaboom|117/288|[from] item: Life Orb\n|\n|-heal|p2a: Rillaboom|135/288|[from] Grassy Terrain\n|-heal|p1a: Decidueye|188/295|[from] Grassy Terrain\n|-heal|p1a: Decidueye|206/295|[from] item: Leftovers\n|upkeep\n|turn|4\n|\n|t:|1733768620\n|move|p2a: Rillaboom|Wood Hammer|p1a: Decidueye\n|-resisted|p1a: Decidueye\n|-damage|p1a: Decidueye|93/295\n|-damage|p2a: Rillaboom|98/288|[from] Recoil\n|-damage|p2a: Rillaboom|70/288|[from] item: Life Orb\n|move|p1a: Decidueye|Knock Off|p2a: Rillaboom\n|-damage|p2a: Rillaboom|0 fnt\n|-enditem|p2a: Rillaboom|Life Orb|[from] move: Knock Off|[of] p1a: Decidueye\n|faint|p2a: Rillaboom\n|\n|-heal|p1a: Decidueye|111/295|[from] Grassy Terrain\n|-heal|p1a: Decidueye|129/295|[from] item: Leftovers\n|upkeep\n|\n|t:|1733768640\n|switch|p2a: Toxtricity|Toxtricity, L82, F|257/257\n|turn|5\n|inactive|gtugtuj has 120 seconds left.\n|\n|t:|1733768665\n|switch|p1a: Palossand|Palossand, L89, M|296/296\n|move|p2a: Toxtricity|Shift Gear|p2a: Toxtricity\n|-boost|p2a: Toxtricity|spe|2\n|-boost|p2a: Toxtricity|atk|1\n|\n|upkeep\n|turn|6\n|inactive|gtugtuj has 120 seconds left.\n|\n|t:|1733768683\n|-terastallize|p2a: Toxtricity|Normal\n|move|p2a: Toxtricity|Gunk Shot|p1a: Palossand\n|-resisted|p1a: Palossand\n|-damage|p1a: Palossand|257/296\n|-status|p1a: Palossand|psn\n|move|p1a: Palossand|Shadow Ball|p2a: Toxtricity\n|-immune|p2a: Toxtricity\n|\n|-heal|p1a: Palossand|275/296 psn|[from] Grassy Terrain\n|-heal|p1a: Palossand|293/296 psn|[from] item: Leftovers\n|-damage|p1a: Palossand|256/296 psn|[from] psn\n|-fieldend|move: Grassy Terrain\n|upkeep\n|turn|7\n|inactive|gtugtuj has 120 seconds left.\n|\n|t:|1733768712\n|switch|p2a: Orthworm|Orthworm, L88, F|266/266\n|move|p1a: Palossand|Sludge Bomb|p2a: Orthworm\n|-immune|p2a: Orthworm\n|\n|-heal|p1a: Palossand|274/296 psn|[from] item: Leftovers\n|-damage|p1a: Palossand|237/296 psn|[from] psn\n|upkeep\n|turn|8\n|\n|t:|1733768721\n|switch|p1a: Decidueye|Decidueye-Hisui, L87, M|129/295\n|move|p2a: Orthworm|Stealth Rock|p1a: Decidueye\n|-sidestart|p1: aejeajeaje|move: Stealth Rock\n|\n|-heal|p1a: Decidueye|147/295|[from] item: Leftovers\n|upkeep\n|turn|9\n|\n|t:|1733768730\n|switch|p2a: Cresselia|Cresselia, L80, F|323/323\n|move|p1a: Decidueye|Knock Off|p2a: Cresselia\n|-supereffective|p2a: Cresselia\n|-damage|p2a: Cresselia|179/323\n|-enditem|p2a: Cresselia|Leftovers|[from] move: Knock Off|[of] p1a: Decidueye\n|\n|-heal|p1a: Decidueye|165/295|[from] item: Leftovers\n|upkeep\n|turn|10\n|\n|t:|1733768738\n|switch|p1a: Empoleon|Empoleon, L84, M|278/278\n|-damage|p1a: Empoleon|261/278|[from] Stealth Rock\n|move|p2a: Cresselia|Moonlight|p2a: Cresselia\n|-heal|p2a: Cresselia|323/323\n|\n|-heal|p1a: Empoleon|278/278|[from] item: Leftovers\n|upkeep\n|turn|11\n|\n|t:|1733768742\n|move|p2a: Cresselia|Calm Mind|p2a: Cresselia\n|-boost|p2a: Cresselia|spa|1\n|-boost|p2a: Cresselia|spd|1\n|move|p1a: Empoleon|Stealth Rock|p2a: Cresselia\n|-sidestart|p2: gtugtuj|move: Stealth Rock\n|\n|upkeep\n|turn|12\n|\n|t:|1733768755\n|move|p2a: Cresselia|Calm Mind|p2a: Cresselia\n|-boost|p2a: Cresselia|spa|1\n|-boost|p2a: Cresselia|spd|1\n|move|p1a: Empoleon|Flip Turn|p2a: Cresselia\n|-damage|p2a: Cresselia|274/323\n|\n|t:|1733768763\n|switch|p1a: Eelektross|Eelektross, L87, M|290/290|[from] Flip Turn\n|-damage|p1a: Eelektross|254/290|[from] Stealth Rock\n|\n|-heal|p1a: Eelektross|272/290|[from] item: Leftovers\n|upkeep\n|turn|13\n|\n|t:|1733768768\n|move|p2a: Cresselia|Calm Mind|p2a: Cresselia\n|-boost|p2a: Cresselia|spa|1\n|-boost|p2a: Cresselia|spd|1\n|move|p1a: Eelektross|Supercell Slam|p2a: Cresselia\n|-damage|p2a: Cresselia|165/323\n|\n|-heal|p1a: Eelektross|290/290|[from] item: Leftovers\n|upkeep\n|turn|14\n|\n|t:|1733768774\n|move|p2a: Cresselia|Moonlight|p2a: Cresselia\n|-heal|p2a: Cresselia|323/323\n|move|p1a: Eelektross|Supercell Slam|p2a: Cresselia\n|-damage|p2a: Cresselia|202/323\n|\n|upkeep\n|turn|15\n|\n|t:|1733768780\n|move|p2a: Cresselia|Calm Mind|p2a: Cresselia\n|-boost|p2a: Cresselia|spa|1\n|-boost|p2a: Cresselia|spd|1\n|move|p1a: Eelektross|Coil|p1a: Eelektross\n|-boost|p1a: Eelektross|atk|1\n|-boost|p1a: Eelektross|def|1\n|-boost|p1a: Eelektross|accuracy|1\n|\n|upkeep\n|turn|16\n|\n|t:|1733768786\n|move|p2a: Cresselia|Psyshock|p1a: Eelektross\n|-damage|p1a: Eelektross|166/290\n|move|p1a: Eelektross|Supercell Slam|p2a: Cresselia\n|-damage|p2a: Cresselia|39/323\n|\n|-heal|p1a: Eelektross|184/290|[from] item: Leftovers\n|upkeep\n|turn|17\n|\n|t:|1733768795\n|move|p2a: Cresselia|Psyshock|p1a: Eelektross\n|-damage|p1a: Eelektross|48/290\n|move|p1a: Eelektross|Knock Off|p2a: Cresselia\n|-supereffective|p2a: Cresselia\n|-damage|p2a: Cresselia|0 fnt\n|faint|p2a: Cresselia\n|\n|-heal|p1a: Eelektross|66/290|[from] item: Leftovers\n|upkeep\n|\n|t:|1733768805\n|switch|p2a: Toxtricity|Toxtricity, L82, F, tera:Normal|257/257\n|-damage|p2a: Toxtricity|225/257|[from] Stealth Rock\n|turn|18\n|\n|t:|1733768810\n|move|p2a: Toxtricity|Boomburst|p1a: Eelektross\n|-damage|p1a: Eelektross|0 fnt\n|faint|p1a: Eelektross\n|-enditem|p2a: Toxtricity|Throat Spray\n|-boost|p2a: Toxtricity|spa|1|[from] item: Throat Spray\n|\n|upkeep\n|\n|t:|1733768813\n|switch|p1a: Palossand|Palossand, L89, M|237/296 psn\n|-damage|p1a: Palossand|219/296 psn|[from] Stealth Rock\n|turn|19\n|\n|t:|1733768825\n|move|p2a: Toxtricity|Gunk Shot|p1a: Palossand\n|-resisted|p1a: Palossand\n|-damage|p1a: Palossand|193/296 psn\n|move|p1a: Palossand|Sludge Bomb|p2a: Toxtricity\n|-damage|p2a: Toxtricity|138/257\n|\n|-heal|p1a: Palossand|211/296 psn|[from] item: Leftovers\n|-damage|p1a: Palossand|174/296 psn|[from] psn\n|upkeep\n|turn|20\n|\n|t:|1733768834\n|switch|p2a: Orthworm|Orthworm, L88, F|266/266\n|-damage|p2a: Orthworm|250/266|[from] Stealth Rock\n|move|p1a: Palossand|Earth Power|p2a: Orthworm\n|-heal|p2a: Orthworm|266/266|[from] ability: Earth Eater|[of] p1a: Palossand\n|\n|-heal|p1a: Palossand|192/296 psn|[from] item: Leftovers\n|-damage|p1a: Palossand|155/296 psn|[from] psn\n|upkeep\n|turn|21\n|\n|t:|1733768842\n|move|p2a: Orthworm|Heavy Slam|p1a: Palossand\n|-damage|p1a: Palossand|124/296 psn\n|move|p1a: Palossand|Shore Up|p1a: Palossand\n|-heal|p1a: Palossand|272/296 psn\n|\n|-heal|p1a: Palossand|290/296 psn|[from] item: Leftovers\n|-damage|p1a: Palossand|253/296 psn|[from] psn\n|upkeep\n|turn|22\n|\n|t:|1733768856\n|switch|p1a: Decidueye|Decidueye-Hisui, L87, M|165/295\n|-damage|p1a: Decidueye|147/295|[from] Stealth Rock\n|move|p2a: Orthworm|Heavy Slam|p1a: Decidueye\n|-crit|p1a: Decidueye\n|-damage|p1a: Decidueye|0 fnt\n|faint|p1a: Decidueye\n|\n|upkeep\n|\n|t:|1733768863\n|switch|p1a: Walking Wake|Walking Wake, L79|286/286\n|-damage|p1a: Walking Wake|251/286|[from] Stealth Rock\n|turn|23\n|\n|t:|1733768868\n|switch|p2a: Wugtrio|Wugtrio, L91, M|212/212\n|-damage|p2a: Wugtrio|186/212|[from] Stealth Rock\n|move|p1a: Walking Wake|Flamethrower|p2a: Wugtrio\n|-resisted|p2a: Wugtrio\n|-damage|p2a: Wugtrio|127/212\n|-status|p2a: Wugtrio|brn\n|\n|-damage|p2a: Wugtrio|114/212 brn|[from] brn\n|upkeep\n|turn|24\n|\n|t:|1733768878\n|-end|p1a: Walking Wake|Protosynthesis|[silent]\n|switch|p1a: Empoleon|Empoleon, L84, M|278/278\n|-damage|p1a: Empoleon|261/278|[from] Stealth Rock\n|move|p2a: Wugtrio|Throat Chop|p1a: Empoleon\n|-damage|p1a: Empoleon|208/278\n|-start|p1a: Empoleon|Throat Chop|[silent]\n|\n|-heal|p1a: Empoleon|225/278|[from] item: Leftovers\n|-damage|p2a: Wugtrio|101/212 brn|[from] brn\n|upkeep\n|turn|25\n|\n|t:|1733768883\n|move|p2a: Wugtrio|Throat Chop|p1a: Empoleon\n|-damage|p1a: Empoleon|175/278\n|move|p1a: Empoleon|Flip Turn|p2a: Wugtrio\n|-resisted|p2a: Wugtrio\n|-damage|p2a: Wugtrio|58/212 brn\n|-ability|p2a: Wugtrio|Gooey\n|-unboost|p1a: Empoleon|spe|1\n|-ability|p1a: Empoleon|Competitive|boost\n|-boost|p1a: Empoleon|spa|2\n|\n|t:|1733768894\n|switch|p1a: Sunflora|Sunflora, F|312/312|[from] Flip Turn\n|-damage|p1a: Sunflora|273/312|[from] Stealth Rock\n|\n|-damage|p2a: Wugtrio|45/212 brn|[from] brn\n|upkeep\n|turn|26\n|\n|t:|1733768897\n|move|p2a: Wugtrio|Throat Chop|p1a: Sunflora\n|-damage|p1a: Sunflora|213/312\n|-start|p1a: Sunflora|Throat Chop|[silent]\n|move|p1a: Sunflora|Sunny Day|p1a: Sunflora\n|-weather|SunnyDay\n|\n|-weather|SunnyDay|[upkeep]\n|-damage|p2a: Wugtrio|32/212 brn|[from] brn\n|upkeep\n|turn|27\n|\n|t:|1733768904\n|move|p2a: Wugtrio|Throat Chop|p1a: Sunflora\n|-damage|p1a: Sunflora|158/312\n|move|p1a: Sunflora|Solar Beam||[still]\n|-prepare|p1a: Sunflora|Solar Beam\n|-anim|p1a: Sunflora|Solar Beam|p2a: Wugtrio\n|-supereffective|p2a: Wugtrio\n|-damage|p2a: Wugtrio|0 fnt\n|faint|p2a: Wugtrio\n|-damage|p1a: Sunflora|127/312|[from] item: Life Orb\n|\n|-weather|SunnyDay|[upkeep]\n|-end|p1a: Sunflora|Throat Chop|[silent]\n|upkeep\n|\n|t:|1733768916\n|switch|p2a: Orthworm|Orthworm, L88, F|266/266\n|-damage|p2a: Orthworm|250/266|[from] Stealth Rock\n|turn|28\n|\n|t:|1733768937\n|move|p1a: Sunflora|Weather Ball|p2a: Orthworm\n|-supereffective|p2a: Orthworm\n|-damage|p2a: Orthworm|0 fnt\n|faint|p2a: Orthworm\n|-damage|p1a: Sunflora|96/312|[from] item: Life Orb\n|\n|-weather|SunnyDay|[upkeep]\n|upkeep\n|-message|gtugtuj forfeited.\n|\n|win|aejeajeaje\n|raw|aejeajeaje's rating: 1000 &rarr; <strong>1040</strong><br />(+40 for winning)\n|raw|gtugtuj's rating: 1000 &rarr; <strong>1000</strong><br />(+0 for losing)\n|l|\u2606gtugtuj\n|player|p2|\n", "inputlog": ">version bfd83cad13791eb5a5a409923076391caf6fb4d4\n>start {\"formatid\":\"gen9randombattle\",\"seed\":[49299,23246,50149,36546],\"rated\":\"Rated battle\"}\n>player p1 {\"name\":\"aejeajeaje\",\"avatar\":\"2\",\"rating\":1000,\"seed\":[33924,28607,34142,31827]}\n>player p2 {\"name\":\"gtugtuj\",\"avatar\":\"101\",\"rating\":1000,\"seed\":[56015,26533,52035,8606]}\n>p1 move shadowball\n>p2 switch 4\n>p1 move shadowball\n>p2 switch 2\n>p1 switch 4\n>p2 move woodhammer\n>p1 move knockoff\n>p2 move woodhammer\n>p2 switch 4\n>p1 switch 4\n>p2 move shiftgear\n>p1 move shadowball\n>p2 move gunkshot terastallize\n>p1 move sludgebomb\n>p2 switch 6\n>p1 switch 4\n>p2 move stealthrock\n>p1 move knockoff\n>p2 switch 5\n>p1 switch 6\n>p2 move moonlight\n>p1 move stealthrock\n>p2 move calmmind\n>p1 move flipturn\n>p2 move calmmind\n>p1 switch 2\n>p1 move supercellslam\n>p2 move calmmind\n>p1 move supercellslam\n>p2 move moonlight\n>p1 move coil\n>p2 move calmmind\n>p1 move supercellslam\n>p2 move psyshock\n>p1 move knockoff\n>p2 move psyshock\n>p2 switch 6\n>p1 move drainpunch\n>p2 move boomburst\n>p1 switch 4\n>p1 move sludgebomb\n>p2 move gunkshot\n>p1 move earthpower\n>p2 switch 5\n>p1 move shoreup\n>p2 move heavyslam\n>p1 switch 6\n>p2 move heavyslam\n>p1 switch 3\n>p1 move flamethrower\n>p2 switch 3\n>p1 switch 2\n>p2 move throatchop\n>p1 move flipturn\n>p2 move throatchop\n>p1 switch 5\n>p1 move sunnyday\n>p2 move throatchop\n>p1 move solarbeam\n>p2 move throatchop\n>p2 switch 3\n>p1 move weatherball\n>p2 move bodypress\n>forcelose p2", "uploadtime": 1733768946, "views": 1, "formatid": "gen9randombattle", "rating": 1000, "private": 0, "password": null}