{"id": "gen9randombattle-2198830752", "format": "[Gen 9] Random Battle", "players": ["RBLT Wyv", "Ampha"], "log": "|badge|p2|silver|gen9pu|30-2\n|uhtml|medal-msg|<div class=\"broadcast-blue\">Curious what those medals under the avatar are? PS now has Ladder Seasons! For more information, check out the <a href=\"https://www.smogon.com/forums/threads/3740067/\">thread on Smogon.</a></div>\n|raw|<div class=\"broadcast-blue\"><strong>This battle is required to be public due to a player having a name starting with 'rblt'.</div>\n|j|\u2606RBLT Wyv\n|j|\u2606Ampha\n|t:|1726000885\n|gametype|singles\n|player|p1|RBLT Wyv|playerf-go|2268\n|player|p2|Ampha|#ampha|2275\n|teamsize|p1|6\n|teamsize|p2|6\n|gen|9\n|tier|[Gen 9] Random Battle\n|rated|\n|rule|Species Clause: Limit one of each Pok\u00e9mon\n|rule|HP Percentage Mod: HP is shown in percentages\n|rule|Sleep Clause Mod: Limit one foe put to sleep\n|rule|Illusion Level Mod: Illusion disguises the Pok\u00e9mon's true level\n|\n|t:|1726000885\n|start\n|switch|p1a: Diancie|Diancie, L82|216/216\n|switch|p2a: Masquerain|Masquerain, L87, F|264/264\n|-ability|p2a: Masquerain|Intimidate|boost\n|-fail|p1a: Diancie|unboost|[from] ability: Clear Body|[of] p1a: Diancie\n|turn|1\n|j| Beluu x3\n|\n|t:|1726000901\n|switch|p1a: Solgaleo|Solgaleo, L74|325/325\n|move|p2a: Masquerain|Sticky Web|p1a: Solgaleo\n|-sidestart|p1: RBLT Wyv|move: Sticky Web\n|\n|upkeep\n|turn|2\n|\n|t:|1726000905\n|move|p2a: Masquerain|Bug Buzz|p1a: Solgaleo\n|-damage|p1a: Solgaleo|213/325\n|move|p1a: Solgaleo|Flame Charge|p2a: Masquerain\n|-supereffective|p2a: Masquerain\n|-damage|p2a: Masquerain|168/264\n|-boost|p1a: Solgaleo|spe|1\n|\n|upkeep\n|turn|3\n|\n|t:|1726000912\n|move|p1a: Solgaleo|Sunsteel Strike|p2a: Masquerain\n|-damage|p2a: Masquerain|41/264\n|move|p2a: Masquerain|Bug Buzz|p1a: Solgaleo\n|-damage|p1a: Solgaleo|90/325\n|\n|upkeep\n|turn|4\n|\n|t:|1726000918\n|move|p1a: Solgaleo|Knock Off|p2a: Masquerain\n|-crit|p2a: Masquerain\n|-damage|p2a: Masquerain|0 fnt\n|-enditem|p2a: Masquerain|Heavy-Duty Boots|[from] move: Knock Off|[of] p1a: Solgaleo\n|faint|p2a: Masquerain\n|\n|upkeep\n|\n|t:|1726000927\n|switch|p2a: Torkoal|Torkoal, L88, F|266/266\n|-weather|SunnyDay|[from] ability: Drought|[of] p2a: Torkoal\n|turn|5\n|\n|t:|1726000933\n|switch|p1a: Diancie|Diancie, L82|216/216\n|-activate|p1a: Diancie|move: Sticky Web\n|-fail|p1a: Diancie|unboost|[from] ability: Clear Body|[of] p1a: Diancie\n|move|p2a: Torkoal|Lava Plume|p1a: Diancie\n|-resisted|p1a: Diancie\n|-damage|p1a: Diancie|174/216\n|\n|-weather|SunnyDay|[upkeep]\n|-heal|p1a: Diancie|187/216|[from] item: Leftovers\n|upkeep\n|turn|6\n|\n|t:|1726000939\n|switch|p2a: Wyrdeer|Wyrdeer, L87, F|321/321\n|-ability|p2a: Wyrdeer|Intimidate|boost\n|-fail|p1a: Diancie|unboost|[from] ability: Clear Body|[of] p1a: Diancie\n|move|p1a: Diancie|Calm Mind|p1a: Diancie\n|-boost|p1a: Diancie|spa|1\n|-boost|p1a: Diancie|spd|1\n|\n|-weather|SunnyDay|[upkeep]\n|-heal|p1a: Diancie|200/216|[from] item: Leftovers\n|upkeep\n|turn|7\n|\n|t:|1726000952\n|switch|p1a: Scizor|Scizor, L79, F|240/240\n|-activate|p1a: Scizor|move: Sticky Web\n|-unboost|p1a: Scizor|spe|1\n|move|p2a: Wyrdeer|Earthquake|p1a: Scizor\n|-damage|p1a: Scizor|164/240\n|\n|-weather|SunnyDay|[upkeep]\n|-heal|p1a: Scizor|179/240|[from] item: Leftovers\n|upkeep\n|turn|8\n|\n|t:|1726000958\n|switch|p2a: Torkoal|Torkoal, L88, F|266/266\n|move|p1a: Scizor|U-turn|p2a: Torkoal\n|-resisted|p2a: Torkoal\n|-damage|p2a: Torkoal|241/266\n|\n|t:|1726000962\n|switch|p1a: Landorus|Landorus, L75, M|257/257|[from] U-turn\n|\n|-weather|SunnyDay|[upkeep]\n|upkeep\n|turn|9\n|\n|t:|1726000965\n|switch|p2a: Squawkabilly|Squawkabilly-Blue, L85, F|278/278\n|move|p1a: Landorus|Earth Power|p2a: Squawkabilly\n|-immune|p2a: Squawkabilly\n|\n|-weather|none\n|-status|p2a: Squawkabilly|brn|[from] item: Flame Orb\n|upkeep\n|turn|10\n|\n|t:|1726000970\n|switch|p1a: Diancie|Diancie, L82|200/216\n|-activate|p1a: Diancie|move: Sticky Web\n|-fail|p1a: Diancie|unboost|[from] ability: Clear Body|[of] p1a: Diancie\n|move|p2a: Squawkabilly|Facade|p1a: Diancie\n|-resisted|p1a: Diancie\n|-damage|p1a: Diancie|119/216\n|\n|-heal|p1a: Diancie|132/216|[from] item: Leftovers\n|-damage|p2a: Squawkabilly|261/278 brn|[from] brn\n|upkeep\n|turn|11\n|\n|t:|1726000974\n|move|p2a: Squawkabilly|U-turn|p1a: Diancie\n|-resisted|p1a: Diancie\n|-damage|p1a: Diancie|108/216\n|\n|t:|1726000977\n|switch|p2a: Wyrdeer|Wyrdeer, L87, F|321/321|[from] U-turn\n|-ability|p2a: Wyrdeer|Intimidate|boost\n|-fail|p1a: Diancie|unboost|[from] ability: Clear Body|[of] p1a: Diancie\n|move|p1a: Diancie|Diamond Storm|p2a: Wyrdeer\n|-damage|p2a: Wyrdeer|213/321\n|-boost|p1a: Diancie|def|2\n|\n|-heal|p1a: Diancie|121/216|[from] item: Leftovers\n|upkeep\n|turn|12\n|\n|t:|1726001013\n|switch|p1a: Scizor|Scizor, L79, F|179/240\n|-activate|p1a: Scizor|move: Sticky Web\n|-unboost|p1a: Scizor|spe|1\n|move|p2a: Wyrdeer|Psychic Noise|p1a: Scizor\n|-resisted|p1a: Scizor\n|-damage|p1a: Scizor|132/240\n|-start|p1a: Scizor|move: Heal Block\n|\n|upkeep\n|turn|13\n|\n|t:|1726001022\n|switch|p2a: Torkoal|Torkoal, L88, F|241/266\n|-weather|SunnyDay|[from] ability: Drought|[of] p2a: Torkoal\n|move|p1a: Scizor|U-turn|p2a: Torkoal\n|-resisted|p2a: Torkoal\n|-damage|p2a: Torkoal|213/266\n|\n|t:|1726001037\n|switch|p1a: Landorus|Landorus, L75, M|257/257|[from] U-turn\n|\n|-weather|SunnyDay|[upkeep]\n|upkeep\n|turn|14\n|\n|t:|1726001046\n|switch|p2a: Squawkabilly|Squawkabilly-Blue, L85, F|261/278 brn\n|move|p1a: Landorus|Stealth Rock|p2a: Squawkabilly\n|-sidestart|p2: Ampha|move: Stealth Rock\n|\n|-weather|SunnyDay|[upkeep]\n|-damage|p2a: Squawkabilly|244/278 brn|[from] brn\n|upkeep\n|turn|15\n|\n|t:|1726001056\n|switch|p1a: Solgaleo|Solgaleo, L74|90/325\n|-activate|p1a: Solgaleo|move: Sticky Web\n|-fail|p1a: Solgaleo|unboost|[from] ability: Full Metal Body|[of] p1a: Solgaleo\n|move|p2a: Squawkabilly|Facade|p1a: Solgaleo\n|-resisted|p1a: Solgaleo\n|-damage|p1a: Solgaleo|0 fnt\n|faint|p1a: Solgaleo\n|\n|-weather|SunnyDay|[upkeep]\n|-damage|p2a: Squawkabilly|227/278 brn|[from] brn\n|upkeep\n|\n|t:|1726001058\n|switch|p1a: Diancie|Diancie, L82|121/216\n|-activate|p1a: Diancie|move: Sticky Web\n|-fail|p1a: Diancie|unboost|[from] ability: Clear Body|[of] p1a: Diancie\n|turn|16\n|\n|t:|1726001064\n|move|p2a: Squawkabilly|U-turn|p1a: Diancie\n|-resisted|p1a: Diancie\n|-damage|p1a: Diancie|95/216\n|\n|t:|1726001067\n|switch|p2a: Forretress|Forretress, L84, F|263/263|[from] U-turn\n|-damage|p2a: Forretress|231/263|[from] Stealth Rock\n|move|p1a: Diancie|Diamond Storm|p2a: Forretress\n|-damage|p2a: Forretress|156/263\n|-boost|p1a: Diancie|def|2\n|\n|-weather|SunnyDay|[upkeep]\n|-heal|p1a: Diancie|108/216|[from] item: Leftovers\n|-heal|p2a: Forretress|172/263|[from] item: Leftovers\n|upkeep\n|turn|17\n|\n|t:|1726001080\n|switch|p1a: Volcarona|Volcarona, L77, M|257/257\n|move|p2a: Forretress|Rapid Spin|p1a: Volcarona\n|-damage|p1a: Volcarona|208/257\n|-boost|p2a: Forretress|spe|1\n|-sideend|p2: Ampha|Stealth Rock|[from] move: Rapid Spin|[of] p2a: Forretress\n|\n|-weather|none\n|-heal|p2a: Forretress|188/263|[from] item: Leftovers\n|upkeep\n|turn|18\n|\n|t:|1726001092\n|switch|p2a: Excadrill|Excadrill, L80, F|307/307\n|-ability|p2a: Excadrill|Mold Breaker\n|move|p1a: Volcarona|Quiver Dance|p1a: Volcarona\n|-boost|p1a: Volcarona|spa|1\n|-boost|p1a: Volcarona|spd|1\n|-boost|p1a: Volcarona|spe|1\n|\n|upkeep\n|turn|19\n|\n|t:|1726001128\n|-terastallize|p1a: Volcarona|Water\n|-terastallize|p2a: Excadrill|Ground\n|move|p1a: Volcarona|Fiery Dance|p2a: Excadrill\n|-crit|p2a: Excadrill\n|-damage|p2a: Excadrill|19/307\n|-boost|p1a: Volcarona|spa|1\n|move|p2a: Excadrill|Earthquake|p1a: Volcarona\n|-damage|p1a: Volcarona|0 fnt\n|faint|p1a: Volcarona\n|-damage|p2a: Excadrill|0 fnt|[from] item: Life Orb\n|faint|p2a: Excadrill\n|\n|upkeep\n|\n|t:|1726001141\n|switch|p1a: Scizor|Scizor, L79, F|132/240\n|switch|p2a: Squawkabilly|Squawkabilly-Blue, L85, F|227/278 brn\n|-activate|p1a: Scizor|move: Sticky Web\n|-unboost|p1a: Scizor|spe|1\n|turn|20\n|\n|t:|1726001155\n|move|p1a: Scizor|Bullet Punch|p2a: Squawkabilly\n|-damage|p2a: Squawkabilly|127/278 brn\n|move|p2a: Squawkabilly|Brave Bird|p1a: Scizor\n|-damage|p1a: Scizor|0 fnt\n|faint|p1a: Scizor\n|-damage|p2a: Squawkabilly|83/278 brn|[from] Recoil\n|\n|-damage|p2a: Squawkabilly|66/278 brn|[from] brn\n|upkeep\n|\n|t:|1726001157\n|switch|p1a: Diancie|Diancie, L82|108/216\n|-activate|p1a: Diancie|move: Sticky Web\n|-fail|p1a: Diancie|unboost|[from] ability: Clear Body|[of] p1a: Diancie\n|turn|21\n|\n|t:|1726001167\n|move|p2a: Squawkabilly|U-turn|p1a: Diancie\n|-resisted|p1a: Diancie\n|-damage|p1a: Diancie|82/216\n|\n|t:|1726001177\n|switch|p2a: Wyrdeer|Wyrdeer, L87, F|213/321|[from] U-turn\n|-ability|p2a: Wyrdeer|Intimidate|boost\n|-fail|p1a: Diancie|unboost|[from] ability: Clear Body|[of] p1a: Diancie\n|move|p1a: Diancie|Diamond Storm|p2a: Wyrdeer\n|-damage|p2a: Wyrdeer|99/321\n|\n|-heal|p1a: Diancie|95/216|[from] item: Leftovers\n|upkeep\n|turn|22\n|\n|t:|1726001200\n|switch|p1a: Landorus|Landorus, L75, M|257/257\n|move|p2a: Wyrdeer|Psychic Noise|p1a: Landorus\n|-damage|p1a: Landorus|155/257\n|-start|p1a: Landorus|move: Heal Block\n|\n|upkeep\n|turn|23\n|\n|t:|1726001209\n|switch|p2a: Squawkabilly|Squawkabilly-Blue, L85, F|66/278 brn\n|move|p1a: Landorus|Stealth Rock|p2a: Squawkabilly\n|-sidestart|p2: Ampha|move: Stealth Rock\n|\n|-damage|p2a: Squawkabilly|49/278 brn|[from] brn\n|-end|p1a: Landorus|move: Heal Block\n|upkeep\n|turn|24\n|\n|t:|1726001215\n|switch|p1a: Virizion|Virizion, L82|283/283\n|-activate|p1a: Virizion|move: Sticky Web\n|-unboost|p1a: Virizion|spe|1\n|move|p2a: Squawkabilly|Facade|p1a: Virizion\n|-damage|p1a: Virizion|1/283\n|\n|-damage|p2a: Squawkabilly|32/278 brn|[from] brn\n|upkeep\n|turn|25\n|\n|t:|1726001223\n|move|p2a: Squawkabilly|Facade|p1a: Virizion\n|-damage|p1a: Virizion|0 fnt\n|faint|p1a: Virizion\n|\n|-damage|p2a: Squawkabilly|15/278 brn|[from] brn\n|upkeep\n|\n|t:|1726001225\n|switch|p1a: Diancie|Diancie, L82|95/216\n|-activate|p1a: Diancie|move: Sticky Web\n|-fail|p1a: Diancie|unboost|[from] ability: Clear Body|[of] p1a: Diancie\n|turn|26\n|\n|t:|1726001232\n|move|p2a: Squawkabilly|U-turn|p1a: Diancie\n|-resisted|p1a: Diancie\n|-damage|p1a: Diancie|72/216\n|\n|t:|1726001241\n|switch|p2a: Wyrdeer|Wyrdeer, L87, F|99/321|[from] U-turn\n|-damage|p2a: Wyrdeer|59/321|[from] Stealth Rock\n|-ability|p2a: Wyrdeer|Intimidate|boost\n|-fail|p1a: Diancie|unboost|[from] ability: Clear Body|[of] p1a: Diancie\n|move|p1a: Diancie|Diamond Storm|p2a: Wyrdeer\n|-damage|p2a: Wyrdeer|0 fnt\n|-boost|p1a: Diancie|def|2\n|faint|p2a: Wyrdeer\n|\n|-heal|p1a: Diancie|85/216|[from] item: Leftovers\n|upkeep\n|\n|t:|1726001243\n|switch|p2a: Forretress|Forretress, L84, F|188/263\n|-damage|p2a: Forretress|156/263|[from] Stealth Rock\n|turn|27\n|\n|t:|1726001247\n|move|p1a: Diancie|Earth Power|p2a: Forretress\n|-crit|p2a: Forretress\n|-damage|p2a: Forretress|42/263\n|move|p2a: Forretress|Rapid Spin|p1a: Diancie\n|-resisted|p1a: Diancie\n|-damage|p1a: Diancie|80/216\n|-boost|p2a: Forretress|spe|1\n|-sideend|p2: Ampha|Stealth Rock|[from] move: Rapid Spin|[of] p2a: Forretress\n|\n|-heal|p2a: Forretress|58/263|[from] item: Leftovers\n|-heal|p1a: Diancie|93/216|[from] item: Leftovers\n|upkeep\n|turn|28\n|\n|t:|1726001263\n|move|p2a: Forretress|Iron Head|p1a: Diancie\n|-supereffective|p1a: Diancie\n|-damage|p1a: Diancie|0 fnt\n|faint|p1a: Diancie\n|\n|-heal|p2a: Forretress|74/263|[from] item: Leftovers\n|upkeep\n|\n|t:|1726001265\n|switch|p1a: Landorus|Landorus, L75, M|155/257\n|turn|29\n|\n|t:|1726001268\n|move|p1a: Landorus|Psychic|p2a: Forretress\n|-resisted|p2a: Forretress\n|-damage|p2a: Forretress|8/263\n|move|p2a: Forretress|Rapid Spin|p1a: Landorus\n|-damage|p1a: Landorus|121/257\n|-boost|p2a: Forretress|spe|1\n|\n|-heal|p2a: Forretress|24/263|[from] item: Leftovers\n|upkeep\n|turn|30\n|\n|t:|1726001276\n|move|p2a: Forretress|Iron Head|p1a: Landorus\n|-damage|p1a: Landorus|30/257\n|move|p1a: Landorus|Stealth Rock|p2a: Forretress\n|-sidestart|p2: Ampha|move: Stealth Rock\n|\n|-heal|p2a: Forretress|40/263|[from] item: Leftovers\n|upkeep\n|turn|31\n|\n|t:|1726001280\n|move|p2a: Forretress|Rapid Spin|p1a: Landorus\n|-damage|p1a: Landorus|0 fnt\n|-boost|p2a: Forretress|spe|1\n|-sideend|p2: Ampha|Stealth Rock|[from] move: Rapid Spin|[of] p2a: Forretress\n|faint|p1a: Landorus\n|\n|win|Ampha\n|raw|RBLT Wyv's rating: 2268 &rarr; <strong>2248</strong><br />(-20 for losing)\n|raw|Ampha's rating: 2275 &rarr; <strong>2295</strong><br />(+20 for winning)\n|l|\u2606RBLT Wyv\n|player|p1|\n|l|\u2606Ampha\n|player|p2|\n|l| Beluu x3\n", "inputlog": ">version 4aaeaf600b1c44f5d740f3e60432e126c6a1bdf3\n>start {\"formatid\":\"gen9randombattle\",\"seed\":[2352,46974,47668,27012],\"rated\":\"Rated battle\"}\n>player p1 {\"name\":\"RBLT Wyv\",\"avatar\":\"playerf-go\",\"rating\":2268,\"seed\":[64146,35613,39608,42004]}\n>player p2 {\"name\":\"Ampha\",\"avatar\":\"#ampha\",\"rating\":2275,\"seed\":[6311,27217,44389,35405]}\n>p1 switch 5\n>p2 move stickyweb\n>p1 move flamecharge\n>p2 move bugbuzz\n>p1 move sunsteelstrike\n>p2 move bugbuzz\n>p1 move knockoff\n>p2 move bugbuzz\n>p2 switch 2\n>p1 switch 5\n>p2 move lavaplume\n>p1 move calmmind\n>p2 switch 4\n>p1 switch 4\n>p2 move earthquake\n>p1 move uturn\n>p2 switch 4\n>p1 switch 2\n>p1 move earthpower\n>p2 switch 5\n>p1 switch 4\n>p2 move facade\n>p1 move diamondstorm\n>p2 move uturn\n>p2 switch 4\n>p1 switch 2\n>p2 move psychicnoise\n>p1 move uturn\n>p2 switch 5\n>p1 switch 4\n>p1 move stealthrock\n>p2 switch 4\n>p1 switch 5\n>p2 move facade\n>p1 switch 2\n>p1 move diamondstorm\n>p2 move uturn\n>p2 switch 6\n>p1 switch 3\n>p2 move rapidspin\n>p1 move quiverdance\n>p2 switch 3\n>p1 move fierydance terastallize\n>p2 move earthquake terastallize\n>p1 switch 4\n>p2 switch 6\n>p1 move bulletpunch\n>p2 move bravebird\n>p1 switch 3\n>p1 move diamondstorm\n>p2 move uturn\n>p2 switch 5\n>p1 switch 5\n>p2 move psychicnoise\n>p1 move stealthrock\n>p2 switch 5\n>p1 switch 6\n>p2 move facade\n>p1 move leafblade\n>p2 move facade\n>p1 switch 5\n>p1 move diamondstorm\n>p2 move uturn\n>p2 switch 5\n>p2 switch 3\n>p1 move earthpower\n>p2 move rapidspin\n>p1 move earthpower\n>p2 move ironhead\n>p1 switch 6\n>p1 move psychic\n>p2 move rapidspin\n>p1 move stealthrock\n>p2 move ironhead\n>p1 move psychic\n>p2 move rapidspin", "uploadtime": 1726001352, "views": 95, "formatid": "gen9randombattle", "rating": 2248, "private": 0, "password": null}