{"id": "gen9randombattle-2260560711", "format": "[Gen 9] Random Battle", "players": ["smthcreative2.0", "717poke"], "log": "|j|\u2606smthcreative2.0\n|j|\u2606717poke\n|t:|1733863659\n|gametype|singles\n|player|p1|smthcreative2.0|burglar|1108\n|player|p2|717poke|turo-ai|1155\n|teamsize|p1|6\n|teamsize|p2|6\n|gen|9\n|tier|[Gen 9] Random Battle\n|rated|\n|rule|Species Clause: Limit one of each Pok\u00e9mon\n|rule|HP Percentage Mod: HP is shown in percentages\n|rule|Sleep Clause Mod: Limit one foe put to sleep\n|rule|Illusion Level Mod: Illusion disguises the Pok\u00e9mon's true level\n|\n|t:|1733863659\n|start\n|switch|p1a: Arceus|Arceus-Dragon, L71|288/288\n|switch|p2a: Luvdisc|Luvdisc, F|247/247\n|turn|1\n|inactive|Battle timer is ON: inactive players will automatically lose when time's up. (requested by 717poke)\n|inactive|smthcreative2.0 also wants the timer to be on.\n|\n|t:|1733863672\n|switch|p1a: Venomoth|Venomoth, L84, M|255/255\n|move|p2a: Luvdisc|Substitute|p2a: Luvdisc\n|-start|p2a: Luvdisc|Substitute\n|-damage|p2a: Luvdisc|186/247\n|\n|upkeep\n|turn|2\n|\n|t:|1733863681\n|move|p2a: Luvdisc|Whirlpool|p1a: Venomoth\n|-damage|p1a: Venomoth|224/255\n|-activate|p1a: Venomoth|move: Whirlpool|[of] p2a: Luvdisc\n|move|p1a: Venomoth|Sludge Wave|p2a: Luvdisc\n|-end|p2a: Luvdisc|Substitute\n|\n|-damage|p1a: Venomoth|193/255|[from] move: Whirlpool|[partiallytrapped]\n|upkeep\n|turn|3\n|\n|t:|1733863692\n|move|p2a: Luvdisc|Substitute|p2a: Luvdisc\n|-start|p2a: Luvdisc|Substitute\n|-damage|p2a: Luvdisc|125/247\n|move|p1a: Venomoth|Sleep Powder||[still]\n|-fail|p1a: Venomoth\n|\n|-damage|p1a: Venomoth|162/255|[from] move: Whirlpool|[partiallytrapped]\n|upkeep\n|turn|4\n|\n|t:|1733863698\n|move|p2a: Luvdisc|Surf|p1a: Venomoth\n|-damage|p1a: Venomoth|77/255\n|move|p1a: Venomoth|Sludge Wave|p2a: Luvdisc\n|-end|p2a: Luvdisc|Substitute\n|\n|-damage|p1a: Venomoth|46/255|[from] move: Whirlpool|[partiallytrapped]\n|upkeep\n|turn|5\n|\n|t:|1733863705\n|move|p2a: Luvdisc|Surf|p1a: Venomoth\n|-damage|p1a: Venomoth|0 fnt\n|faint|p1a: Venomoth\n|\n|upkeep\n|\n|t:|1733863721\n|switch|p1a: Meowscarada|Meowscarada, L78, M|247/247\n|turn|6\n|\n|t:|1733863728\n|move|p2a: Luvdisc|Whirlpool|p1a: Meowscarada\n|-resisted|p1a: Meowscarada\n|-damage|p1a: Meowscarada|228/247\n|-activate|p1a: Meowscarada|move: Whirlpool|[of] p2a: Luvdisc\n|move|p1a: Meowscarada|Flower Trick|p2a: Luvdisc\n|-start|p1a: Meowscarada|typechange|Grass|[from] ability: Protean\n|-supereffective|p2a: Luvdisc\n|-crit|p2a: Luvdisc\n|-damage|p2a: Luvdisc|0 fnt\n|faint|p2a: Luvdisc\n|-damage|p1a: Meowscarada|204/247|[from] item: Life Orb\n|\n|-end|p1a: Meowscarada|Whirlpool|[partiallytrapped]|[silent]\n|upkeep\n|\n|t:|1733863743\n|switch|p2a: Enamorus|Enamorus-Therian, L83, F|259/259\n|turn|7\n|\n|t:|1733863749\n|move|p1a: Meowscarada|Triple Axel|p2a: Enamorus\n|-supereffective|p2a: Enamorus\n|-damage|p2a: Enamorus|228/259\n|-enditem|p2a: Enamorus|Weakness Policy\n|-boost|p2a: Enamorus|atk|2|[from] item: Weakness Policy\n|-boost|p2a: Enamorus|spa|2|[from] item: Weakness Policy\n|-supereffective|p2a: Enamorus\n|-damage|p2a: Enamorus|163/259\n|-supereffective|p2a: Enamorus\n|-crit|p2a: Enamorus\n|-damage|p2a: Enamorus|36/259\n|-hitcount|p2a: Enamorus|3\n|-damage|p1a: Meowscarada|180/247|[from] item: Life Orb\n|move|p2a: Enamorus|Mystical Fire|p1a: Meowscarada\n|-supereffective|p1a: Meowscarada\n|-damage|p1a: Meowscarada|0 fnt\n|faint|p1a: Meowscarada\n|\n|upkeep\n|\n|t:|1733863761\n|switch|p1a: Arceus|Arceus-Dragon, L71|288/288\n|turn|8\n|\n|t:|1733863764\n|move|p1a: Arceus|Heavy Slam|p2a: Enamorus\n|-supereffective|p2a: Enamorus\n|-damage|p2a: Enamorus|0 fnt\n|faint|p2a: Enamorus\n|\n|upkeep\n|\n|t:|1733863768\n|switch|p2a: Ribombee|Ribombee, L82, M|233/233\n|turn|9\n|\n|t:|1733863790\n|-terastallize|p1a: Arceus|Fire\n|move|p2a: Ribombee|Moonblast|p1a: Arceus\n|-resisted|p1a: Arceus\n|-damage|p1a: Arceus|245/288\n|move|p1a: Arceus|Dragon Dance|p1a: Arceus\n|-boost|p1a: Arceus|atk|1\n|-boost|p1a: Arceus|spe|1\n|\n|upkeep\n|turn|10\n|\n|t:|1733863800\n|move|p1a: Arceus|Dragon Dance|p1a: Arceus\n|-boost|p1a: Arceus|atk|1\n|-boost|p1a: Arceus|spe|1\n|move|p2a: Ribombee|U-turn|p1a: Arceus\n|-resisted|p1a: Arceus\n|-damage|p1a: Arceus|224/288\n|\n|t:|1733863803\n|switch|p2a: Zebstrika|Zebstrika, L87, M|272/272|[from] U-turn\n|\n|upkeep\n|turn|11\n|\n|t:|1733863809\n|move|p1a: Arceus|Flare Blitz|p2a: Zebstrika\n|-damage|p2a: Zebstrika|8/272\n|-damage|p1a: Arceus|137/288|[from] Recoil\n|move|p2a: Zebstrika|High Horsepower|p1a: Arceus\n|-supereffective|p1a: Arceus\n|-damage|p1a: Arceus|0 fnt\n|faint|p1a: Arceus\n|-damage|p2a: Zebstrika|0 fnt|[from] item: Life Orb\n|faint|p2a: Zebstrika\n|\n|upkeep\n|\n|t:|1733863818\n|switch|p2a: Ribombee|Ribombee, L82, M|233/233\n|switch|p1a: Keldeo|Keldeo-Resolute, L79|273/273\n|turn|12\n|\n|t:|1733863824\n|move|p2a: Ribombee|Sticky Web|p1a: Keldeo\n|-sidestart|p1: smthcreative2.0|move: Sticky Web\n|move|p1a: Keldeo|Substitute|p1a: Keldeo\n|-start|p1a: Keldeo|Substitute\n|-damage|p1a: Keldeo|205/273\n|\n|-heal|p1a: Keldeo|222/273|[from] item: Leftovers\n|upkeep\n|turn|13\n|\n|t:|1733863831\n|move|p2a: Ribombee|U-turn|p1a: Keldeo\n|-resisted|p1a: Keldeo\n|-activate|p1a: Keldeo|move: Substitute|[damage]\n|\n|t:|1733863834\n|switch|p2a: Tyranitar|Tyranitar, L79, M|288/288|[from] U-turn\n|-weather|Sandstorm|[from] ability: Sand Stream|[of] p2a: Tyranitar\n|move|p1a: Keldeo|Calm Mind|p1a: Keldeo\n|-boost|p1a: Keldeo|spa|1\n|-boost|p1a: Keldeo|spd|1\n|\n|-weather|Sandstorm|[upkeep]\n|-damage|p1a: Keldeo|205/273|[from] Sandstorm\n|-heal|p1a: Keldeo|222/273|[from] item: Leftovers\n|upkeep\n|turn|14\n|\n|t:|1733863839\n|move|p1a: Keldeo|Secret Sword|p2a: Tyranitar\n|-supereffective|p2a: Tyranitar\n|-damage|p2a: Tyranitar|0 fnt\n|faint|p2a: Tyranitar\n|\n|-weather|Sandstorm|[upkeep]\n|-damage|p1a: Keldeo|205/273|[from] Sandstorm\n|-heal|p1a: Keldeo|222/273|[from] item: Leftovers\n|upkeep\n|\n|t:|1733863841\n|switch|p2a: Delphox|Delphox, L84, M|263/263\n|turn|15\n|\n|t:|1733863844\n|move|p2a: Delphox|Nasty Plot|p2a: Delphox\n|-boost|p2a: Delphox|spa|2\n|move|p1a: Keldeo|Hydro Pump|p2a: Delphox\n|-supereffective|p2a: Delphox\n|-damage|p2a: Delphox|0 fnt\n|faint|p2a: Delphox\n|\n|-weather|Sandstorm|[upkeep]\n|-damage|p1a: Keldeo|205/273|[from] Sandstorm\n|-heal|p1a: Keldeo|222/273|[from] item: Leftovers\n|upkeep\n|\n|t:|1733863845\n|switch|p2a: Ribombee|Ribombee, L82, M|233/233\n|turn|16\n|\n|t:|1733863849\n|move|p2a: Ribombee|Moonblast|p1a: Keldeo\n|-supereffective|p1a: Keldeo\n|-end|p1a: Keldeo|Substitute\n|move|p1a: Keldeo|Hydro Pump|p2a: Ribombee\n|-damage|p2a: Ribombee|1/233\n|\n|-weather|Sandstorm|[upkeep]\n|-damage|p2a: Ribombee|0 fnt|[from] Sandstorm\n|-damage|p1a: Keldeo|205/273|[from] Sandstorm\n|faint|p2a: Ribombee\n|\n|win|smthcreative2.0\n|upkeep\n|raw|smthcreative2.0's rating: 1137 &rarr; <strong>1163</strong><br />(+26 for winning)\n|raw|717poke's rating: 1155 &rarr; <strong>1129</strong><br />(-26 for losing)\n|l|\u2606717poke\n|player|p2|\n", "inputlog": ">version bfd83cad13791eb5a5a409923076391caf6fb4d4\n>start {\"formatid\":\"gen9randombattle\",\"seed\":[34197,51628,64776,10434],\"rated\":\"Rated battle\"}\n>player p1 {\"name\":\"smthcreative2.0\",\"avatar\":\"burglar\",\"rating\":1108,\"seed\":[19584,62584,56503,8116]}\n>player p2 {\"name\":\"717poke\",\"avatar\":\"turo-ai\",\"rating\":1155,\"seed\":[15050,54268,44355,12177]}\n>p1 switch 5\n>p2 move substitute\n>p1 move sludgewave\n>p2 move whirlpool\n>p1 move sleeppowder\n>p2 move substitute\n>p1 move sludgewave\n>p2 move surf\n>p1 move sludgewave\n>p2 move surf\n>p1 switch 4\n>p1 move flowertrick\n>p2 move whirlpool\n>p2 switch 2\n>p1 move tripleaxel\n>p2 move mysticalfire\n>p1 switch 5\n>p1 move heavyslam\n>p2 move moonblast\n>p2 switch 5\n>p1 move dragondance terastallize\n>p2 move moonblast\n>p1 move dragondance\n>p2 move uturn\n>p2 switch 6\n>p1 move flareblitz\n>p2 move highhorsepower\n>p1 switch 2\n>p2 switch 6\n>p1 move substitute\n>p2 move stickyweb\n>p1 move calmmind\n>p2 move uturn\n>p2 switch 4\n>p1 move secretsword\n>p2 move icepunch\n>p2 switch 3\n>p1 move hydropump\n>p2 move nastyplot\n>p2 switch 4\n>p1 move hydropump\n>p2 move moonblast", "uploadtime": 1733863861, "views": 1, "formatid": "gen9randombattle", "rating": 1129, "private": 0, "password": null}