{"id": "gen9randombattle-2260391056", "format": "[Gen 9] Random Battle", "players": ["dleath", "yourmomgointhesky"], "log": "|j|\u2606dleath\n|j|\u2606yourmomgointhesky\n|t:|1733847008\n|gametype|singles\n|player|p1|dleath|marlon|1379\n|player|p2|yourmomgointhesky|dahlia|1330\n|teamsize|p1|6\n|teamsize|p2|6\n|gen|9\n|tier|[Gen 9] Random Battle\n|rated|\n|rule|Species Clause: Limit one of each Pok\u00e9mon\n|rule|HP Percentage Mod: HP is shown in percentages\n|rule|Sleep Clause Mod: Limit one foe put to sleep\n|rule|Illusion Level Mod: Illusion disguises the Pok\u00e9mon's true level\n|\n|t:|1733847008\n|start\n|switch|p1a: Gallade|Gallade, L81, M|243/243\n|switch|p2a: Ting-Lu|Ting-Lu, L78|370/370\n|-ability|p2a: Ting-Lu|Vessel of Ruin\n|turn|1\n|inactive|Battle timer is ON: inactive players will automatically lose when time's up. (requested by yourmomgointhesky)\n|\n|t:|1733847030\n|switch|p2a: Clefable|Clefable, L83, F|293/293\n|-terastallize|p1a: Gallade|Dark\n|move|p1a: Gallade|Agility|p1a: Gallade\n|-boost|p1a: Gallade|spe|2\n|\n|upkeep\n|turn|2\n|\n|t:|1733847045\n|move|p1a: Gallade|Psycho Cut|p2a: Clefable\n|-damage|p2a: Clefable|93/293\n|-damage|p1a: Gallade|219/243|[from] item: Life Orb\n|move|p2a: Clefable|Moonblast|p1a: Gallade\n|-supereffective|p1a: Gallade\n|-crit|p1a: Gallade\n|-damage|p1a: Gallade|0 fnt\n|faint|p1a: Gallade\n|\n|upkeep\n|c|\u2606yourmomgointhesky|interesting..\n|\n|t:|1733847056\n|switch|p1a: Bellibolt|Bellibolt, L84, M|320/320\n|turn|3\n|\n|t:|1733847067\n|move|p2a: Clefable|Moonlight|p2a: Clefable\n|-heal|p2a: Clefable|239/293\n|move|p1a: Bellibolt|Muddy Water|p2a: Clefable\n|-damage|p2a: Clefable|175/293\n|-unboost|p2a: Clefable|accuracy|1\n|\n|upkeep\n|turn|4\n|\n|t:|1733847077\n|move|p2a: Clefable|Moonlight|p2a: Clefable\n|-heal|p2a: Clefable|293/293\n|move|p1a: Bellibolt|Muddy Water|p2a: Clefable|[miss]\n|-miss|p1a: Bellibolt|p2a: Clefable\n|\n|upkeep\n|turn|5\n|\n|t:|1733847088\n|move|p2a: Clefable|Calm Mind|p2a: Clefable\n|-boost|p2a: Clefable|spa|1\n|-boost|p2a: Clefable|spd|1\n|move|p1a: Bellibolt|Muddy Water|p2a: Clefable\n|-damage|p2a: Clefable|247/293\n|-unboost|p2a: Clefable|accuracy|1\n|\n|upkeep\n|turn|6\n|\n|t:|1733847095\n|move|p2a: Clefable|Calm Mind|p2a: Clefable\n|-boost|p2a: Clefable|spa|1\n|-boost|p2a: Clefable|spd|1\n|move|p1a: Bellibolt|Muddy Water|p2a: Clefable\n|-damage|p2a: Clefable|211/293\n|-unboost|p2a: Clefable|accuracy|1\n|\n|upkeep\n|turn|7\n|\n|t:|1733847102\n|move|p2a: Clefable|Calm Mind|p2a: Clefable\n|-boost|p2a: Clefable|spa|1\n|-boost|p2a: Clefable|spd|1\n|move|p1a: Bellibolt|Thunderbolt|p2a: Clefable\n|-damage|p2a: Clefable|168/293\n|\n|upkeep\n|turn|8\n|\n|t:|1733847110\n|move|p2a: Clefable|Moonblast|p1a: Bellibolt\n|-damage|p1a: Bellibolt|0 fnt\n|faint|p1a: Bellibolt\n|\n|upkeep\n|c|\u2606dleath|wth\n|\n|t:|1733847116\n|switch|p1a: Venusaur|Venusaur, L84, M|272/272\n|turn|9\n|c|\u2606yourmomgointhesky|owned\n|\n|t:|1733847121\n|-terastallize|p2a: Clefable|Steel\n|move|p1a: Venusaur|Sludge Bomb|p2a: Clefable\n|-immune|p2a: Clefable\n|move|p2a: Clefable|Fire Blast|p1a: Venusaur|[miss]\n|-miss|p2a: Clefable|p1a: Venusaur\n|\n|upkeep\n|turn|10\n|\n|t:|1733847131\n|switch|p1a: Mamoswine|Mamoswine, L81, F|311/311\n|move|p2a: Clefable|Fire Blast|p1a: Mamoswine\n|-supereffective|p1a: Mamoswine\n|-damage|p1a: Mamoswine|0 fnt\n|faint|p1a: Mamoswine\n|\n|upkeep\n|\n|t:|1733847136\n|switch|p1a: Ribombee|Ribombee, L82, M|233/233\n|turn|11\n|\n|t:|1733847142\n|switch|p1a: Houndoom|Houndoom, L87, F|272/272\n|move|p2a: Clefable|Moonblast|p1a: Houndoom\n|-damage|p1a: Houndoom|0 fnt\n|faint|p1a: Houndoom\n|\n|upkeep\n|\n|t:|1733847153\n|switch|p1a: Ribombee|Ribombee, L82, M|233/233\n|turn|12\n|c|\u2606yourmomgointhesky|who needs accuracy\n|\n|t:|1733847157\n|move|p1a: Ribombee|Stun Spore|p2a: Clefable\n|-status|p2a: Clefable|par\n|cant|p2a: Clefable|par\n|\n|upkeep\n|turn|13\n|\n|t:|1733847164\n|move|p1a: Ribombee|Sticky Web|p2a: Clefable\n|-sidestart|p2: yourmomgointhesky|move: Sticky Web\n|move|p2a: Clefable|Moonblast|p1a: Ribombee\n|-damage|p1a: Ribombee|0 fnt\n|faint|p1a: Ribombee\n|\n|upkeep\n|\n|t:|1733847167\n|switch|p1a: Venusaur|Venusaur, L84, M|272/272\n|turn|14\n|\n|t:|1733847172\n|move|p1a: Venusaur|Substitute|p1a: Venusaur\n|-start|p1a: Venusaur|Substitute\n|-damage|p1a: Venusaur|204/272\n|move|p2a: Clefable|Fire Blast|p1a: Venusaur|[miss]\n|-miss|p2a: Clefable|p1a: Venusaur\n|\n|-heal|p1a: Venusaur|221/272|[from] item: Leftovers\n|upkeep\n|turn|15\n|\n|t:|1733847184\n|switch|p2a: Flapple|Flapple, L88, F|266/266\n|-activate|p2a: Flapple|move: Sticky Web\n|-unboost|p2a: Flapple|spe|1\n|move|p1a: Venusaur|Leech Seed|p2a: Flapple\n|-immune|p2a: Flapple\n|\n|-heal|p1a: Venusaur|238/272|[from] item: Leftovers\n|upkeep\n|turn|16\n|\n|t:|1733847194\n|move|p1a: Venusaur|Sludge Bomb|p2a: Flapple\n|-supereffective|p2a: Flapple\n|-damage|p2a: Flapple|24/266\n|move|p2a: Flapple|Dragon Dance|p2a: Flapple\n|-boost|p2a: Flapple|atk|1\n|-boost|p2a: Flapple|spe|1\n|\n|-heal|p1a: Venusaur|255/272|[from] item: Leftovers\n|upkeep\n|turn|17\n|\n|t:|1733847202\n|move|p2a: Flapple|Sucker Punch|p1a: Venusaur|[miss]\n|-miss|p2a: Flapple|p1a: Venusaur\n|move|p1a: Venusaur|Sludge Bomb|p2a: Flapple\n|-supereffective|p2a: Flapple\n|-damage|p2a: Flapple|0 fnt\n|faint|p2a: Flapple\n|\n|-heal|p1a: Venusaur|272/272|[from] item: Leftovers\n|upkeep\n|\n|t:|1733847217\n|switch|p2a: Meowscarada|Meowscarada, L78, M|247/247\n|-activate|p2a: Meowscarada|move: Sticky Web\n|-unboost|p2a: Meowscarada|spe|1\n|turn|18\n|\n|t:|1733847222\n|move|p1a: Venusaur|Sludge Bomb|p2a: Meowscarada\n|-supereffective|p2a: Meowscarada\n|-damage|p2a: Meowscarada|0 fnt\n|faint|p2a: Meowscarada\n|\n|upkeep\n|\n|t:|1733847228\n|switch|p2a: Eelektross|Eelektross, L87, F|290/290\n|turn|19\n|\n|t:|1733847242\n|move|p1a: Venusaur|Leech Seed|p2a: Eelektross\n|-start|p2a: Eelektross|move: Leech Seed\n|move|p2a: Eelektross|Knock Off|p1a: Venusaur\n|-end|p1a: Venusaur|Substitute\n|\n|-damage|p2a: Eelektross|254/290|[from] Leech Seed|[of] p1a: Venusaur\n|upkeep\n|turn|20\n|\n|t:|1733847249\n|switch|p2a: Eiscue|Eiscue, L88, F|274/274\n|-activate|p2a: Eiscue|move: Sticky Web\n|-unboost|p2a: Eiscue|spe|1\n|move|p1a: Venusaur|Sludge Bomb|p2a: Eiscue\n|-damage|p2a: Eiscue|186/274\n|-status|p2a: Eiscue|psn\n|\n|-damage|p2a: Eiscue|152/274 psn|[from] psn\n|upkeep\n|turn|21\n|\n|t:|1733847261\n|move|p1a: Venusaur|Substitute|p1a: Venusaur\n|-start|p1a: Venusaur|Substitute\n|-damage|p1a: Venusaur|204/272\n|move|p2a: Eiscue|Ice Spinner|p1a: Venusaur\n|-supereffective|p1a: Venusaur\n|-end|p1a: Venusaur|Substitute\n|\n|-heal|p1a: Venusaur|221/272|[from] item: Leftovers\n|-damage|p2a: Eiscue|118/274 psn|[from] psn\n|upkeep\n|-enditem|p2a: Eiscue|Sitrus Berry|[eat]\n|-heal|p2a: Eiscue|186/274 psn|[from] item: Sitrus Berry\n|turn|22\n|\n|t:|1733847272\n|move|p1a: Venusaur|Sludge Bomb|p2a: Eiscue\n|-damage|p2a: Eiscue|87/274 psn\n|move|p2a: Eiscue|Ice Spinner|p1a: Venusaur\n|-supereffective|p1a: Venusaur\n|-damage|p1a: Venusaur|41/272\n|\n|-heal|p1a: Venusaur|58/272|[from] item: Leftovers\n|-damage|p2a: Eiscue|53/274 psn|[from] psn\n|upkeep\n|turn|23\n|\n|t:|1733847280\n|move|p1a: Venusaur|Sludge Bomb|p2a: Eiscue\n|-damage|p2a: Eiscue|0 fnt\n|faint|p2a: Eiscue\n|\n|-heal|p1a: Venusaur|75/272|[from] item: Leftovers\n|upkeep\n|\n|t:|1733847297\n|switch|p2a: Eelektross|Eelektross, L87, F|254/290\n|turn|24\n|\n|t:|1733847306\n|move|p1a: Venusaur|Giga Drain|p2a: Eelektross\n|-damage|p2a: Eelektross|136/290\n|-heal|p1a: Venusaur|134/272|[from] drain|[of] p2a: Eelektross\n|move|p2a: Eelektross|Coil|p2a: Eelektross\n|-boost|p2a: Eelektross|atk|1\n|-boost|p2a: Eelektross|def|1\n|-boost|p2a: Eelektross|accuracy|1\n|\n|-heal|p1a: Venusaur|151/272|[from] item: Leftovers\n|-heal|p2a: Eelektross|154/290|[from] item: Leftovers\n|upkeep\n|turn|25\n|c|\u2606yourmomgointhesky|i aint gonna lie to you cheif\n|c|\u2606yourmomgointhesky|i don't have an answer LOL\n|\n|t:|1733847331\n|move|p1a: Venusaur|Giga Drain|p2a: Eelektross\n|-damage|p2a: Eelektross|67/290\n|-heal|p1a: Venusaur|195/272|[from] drain|[of] p2a: Eelektross\n|move|p2a: Eelektross|Knock Off|p1a: Venusaur\n|-damage|p1a: Venusaur|69/272\n|-enditem|p1a: Venusaur|Leftovers|[from] move: Knock Off|[of] p2a: Eelektross\n|\n|-heal|p2a: Eelektross|85/290|[from] item: Leftovers\n|upkeep\n|turn|26\n|c|\u2606dleath|then pls forfeit\n|\n|t:|1733847341\n|move|p1a: Venusaur|Giga Drain|p2a: Eelektross\n|-damage|p2a: Eelektross|0 fnt\n|-heal|p1a: Venusaur|112/272|[from] drain|[of] p2a: Eelektross\n|faint|p2a: Eelektross\n|\n|upkeep\n|c|\u2606yourmomgointhesky|no\n|c|\u2606dleath|ok\n|c|\u2606yourmomgointhesky|i only forfeit to those worthy\n|c|\u2606yourmomgointhesky|you just got a bitch sub mon\n|c|\u2606dleath|well at least stop talking to me\n|inactive|yourmomgointhesky has 120 seconds left.\n|c|\u2606yourmomgointhesky|at least end ur life\n|\n|t:|1733847370\n|switch|p2a: Clefable|Clefable, L83, F, tera:Steel|168/293 par\n|-activate|p2a: Clefable|move: Sticky Web\n|-unboost|p2a: Clefable|spe|1\n|turn|27\n|inactive|yourmomgointhesky has 120 seconds left.\n|inactive|dleath has 120 seconds left.\n|c|\u2606dleath|ok\n|\n|t:|1733847428\n|move|p1a: Venusaur|Leech Seed|p2a: Clefable\n|-start|p2a: Clefable|move: Leech Seed\n|move|p2a: Clefable|Moonlight|p2a: Clefable\n|-heal|p2a: Clefable|293/293 par\n|\n|upkeep\n|turn|28\n|\n|t:|1733847437\n|switch|p2a: Ting-Lu|Ting-Lu, L78|370/370\n|-activate|p2a: Ting-Lu|move: Sticky Web\n|-unboost|p2a: Ting-Lu|spe|1\n|-ability|p2a: Ting-Lu|Vessel of Ruin\n|move|p1a: Venusaur|Giga Drain|p2a: Ting-Lu\n|-supereffective|p2a: Ting-Lu\n|-damage|p2a: Ting-Lu|230/370\n|-heal|p1a: Venusaur|182/272|[from] drain|[of] p2a: Ting-Lu\n|\n|-heal|p2a: Ting-Lu|253/370|[from] item: Leftovers\n|upkeep\n|turn|29\n|\n|t:|1733847453\n|switch|p2a: Clefable|Clefable, L83, F, tera:Steel|293/293 par\n|-activate|p2a: Clefable|move: Sticky Web\n|-unboost|p2a: Clefable|spe|1\n|move|p1a: Venusaur|Giga Drain|p2a: Clefable\n|-resisted|p2a: Clefable\n|-damage|p2a: Clefable|250/293 par\n|-heal|p1a: Venusaur|204/272|[from] drain|[of] p2a: Clefable\n|\n|upkeep\n|turn|30\n|\n|t:|1733847463\n|move|p1a: Venusaur|Leech Seed|p2a: Clefable\n|-start|p2a: Clefable|move: Leech Seed\n|move|p2a: Clefable|Calm Mind|p2a: Clefable\n|-boost|p2a: Clefable|spa|1\n|-boost|p2a: Clefable|spd|1\n|\n|upkeep\n|turn|31\n|\n|t:|1733847470\n|move|p1a: Venusaur|Substitute|p1a: Venusaur\n|-start|p1a: Venusaur|Substitute\n|-damage|p1a: Venusaur|136/272\n|cant|p2a: Clefable|par\n|\n|upkeep\n|turn|32\n|\n|t:|1733847474\n|move|p1a: Venusaur|Giga Drain|p2a: Clefable\n|-resisted|p2a: Clefable\n|-damage|p2a: Clefable|222/293 par\n|-heal|p1a: Venusaur|150/272|[from] drain|[of] p2a: Clefable\n|move|p2a: Clefable|Calm Mind|p2a: Clefable\n|-boost|p2a: Clefable|spa|1\n|-boost|p2a: Clefable|spd|1\n|\n|upkeep\n|turn|33\n|inactive|yourmomgointhesky has 120 seconds left.\n|j|~DaWoblefet\n|n|\u203dyourmomgointhesky|yourmomgointhesky\n|c|~DaWoblefet|/log yourmomgointhesky was locked from talking for a week by DaWoblefet. (telling others to kill themselves)\n|\n|t:|1733847487\n|move|p1a: Venusaur|Giga Drain|p2a: Clefable\n|-resisted|p2a: Clefable\n|-damage|p2a: Clefable|202/293 par\n|-heal|p1a: Venusaur|160/272|[from] drain|[of] p2a: Clefable\n|move|p2a: Clefable|Moonblast|p1a: Venusaur\n|-resisted|p1a: Venusaur\n|-end|p1a: Venusaur|Substitute\n|\n|upkeep\n|turn|34\n|inactive|yourmomgointhesky has 120 seconds left.\n|inactive|dleath has 120 seconds left.\n|\n|t:|1733847511\n|move|p1a: Venusaur|Giga Drain|p2a: Clefable\n|-resisted|p2a: Clefable\n|-damage|p2a: Clefable|182/293 par\n|-heal|p1a: Venusaur|170/272|[from] drain|[of] p2a: Clefable\n|move|p2a: Clefable|Moonblast|p1a: Venusaur\n|-resisted|p1a: Venusaur\n|-damage|p1a: Venusaur|61/272\n|\n|upkeep\n|turn|35\n|c|\u2606dleath|:)\n|inactive|yourmomgointhesky has 120 seconds left.\n|\n|t:|1733847524\n|move|p1a: Venusaur|Giga Drain|p2a: Clefable\n|-resisted|p2a: Clefable\n|-damage|p2a: Clefable|152/293 par\n|-heal|p1a: Venusaur|76/272|[from] drain|[of] p2a: Clefable\n|move|p2a: Clefable|Moonblast|p1a: Venusaur\n|-resisted|p1a: Venusaur\n|-damage|p1a: Venusaur|0 fnt\n|faint|p1a: Venusaur\n|\n|win|yourmomgointhesky\n|raw|dleath's rating: 1379 &rarr; <strong>1356</strong><br />(-23 for losing)\n|raw|yourmomgointhesky's rating: 1330 &rarr; <strong>1353</strong><br />(+23 for winning)\n|l|\u2606dleath\n|player|p1|\n|l|~DaWoblefet\n", "inputlog": ">version bfd83cad13791eb5a5a409923076391caf6fb4d4\n>start {\"formatid\":\"gen9randombattle\",\"seed\":[5705,1672,35669,10998],\"rated\":\"Rated battle\"}\n>player p1 {\"name\":\"dleath\",\"avatar\":\"marlon\",\"rating\":1379,\"seed\":[40167,20831,43356,59048]}\n>player p2 {\"name\":\"yourmomgointhesky\",\"avatar\":\"dahlia\",\"rating\":1330,\"seed\":[24653,34029,44335,14136]}\n>p1 move agility terastallize\n>p2 switch 6\n>p1 move psychocut\n>p2 move moonblast\n>chat \u2606yourmomgointhesky|interesting..\n>p1 switch 4\n>p1 move muddywater\n>p2 move moonlight\n>p1 move muddywater\n>p2 move moonlight\n>p1 move muddywater\n>p2 move calmmind\n>p1 move muddywater\n>p2 move calmmind\n>p1 move thunderbolt\n>p2 move calmmind\n>p1 move muddywater\n>p2 move moonblast\n>chat \u2606dleath|wth\n>p1 switch 3\n>chat \u2606yourmomgointhesky|owned\n>p1 move sludgebomb\n>p2 move fireblast terastallize\n>p1 switch 5\n>p2 move fireblast\n>p1 switch 2\n>p1 switch 6\n>p2 move moonblast\n>p1 switch 6\n>chat \u2606yourmomgointhesky|who needs accuracy\n>p1 move stunspore\n>p2 move moonblast\n>p1 move stickyweb\n>p2 move moonblast\n>p1 switch 5\n>p1 move substitute\n>p2 move fireblast\n>p1 move leechseed\n>p2 switch 2\n>p1 move sludgebomb\n>p2 move dragondance\n>p1 move sludgebomb\n>p2 move suckerpunch\n>p2 switch 4\n>p1 move sludgebomb\n>p2 move tripleaxel\n>p2 switch 3\n>p1 move leechseed\n>p2 move knockoff\n>p1 move sludgebomb\n>p2 switch 5\n>p1 move substitute\n>p2 move icespinner\n>p1 move sludgebomb\n>p2 move icespinner\n>p1 move sludgebomb\n>p2 move icespinner\n>p2 switch 5\n>p1 move gigadrain\n>p2 move coil\n>chat \u2606yourmomgointhesky|i aint gonna lie to you cheif\n>chat \u2606yourmomgointhesky|i don't have an answer LOL\n>p1 move gigadrain\n>p2 move knockoff\n>chat \u2606dleath|then pls forfeit\n>p1 move gigadrain\n>p2 move supercellslam\n>chat \u2606yourmomgointhesky|no\n>chat \u2606dleath|ok\n>chat \u2606yourmomgointhesky|i only forfeit to those worthy\n>chat \u2606yourmomgointhesky|you just got a bitch sub mon\n>chat \u2606dleath|well at least stop talking to me\n>chat \u2606yourmomgointhesky|at least kill yourself\n>chat \u2606yourmomgointhesky|at least end ur life\n>p2 switch 2\n>chat \u2606dleath|ok\n>p1 move leechseed\n>p2 move moonlight\n>p1 move gigadrain\n>p2 switch 6\n>p1 move gigadrain\n>p2 switch 6\n>p1 move leechseed\n>p2 move calmmind\n>p1 move substitute\n>p2 move calmmind\n>p1 move gigadrain\n>p2 move calmmind\n>p1 move gigadrain\n>p2 move moonblast\n>p1 move gigadrain\n>p2 move moonblast\n>chat \u2606dleath|:)\n>p1 move gigadrain\n>p2 move moonblast", "uploadtime": 1733847418, "views": 7, "formatid": "gen9randombattle", "rating": 1353, "private": 0, "password": null}