{"id": "gen9randombattle-2259896844", "format": "[Gen 9] Random Battle", "players": ["Ninjimbecile", "zerasky"], "log": "|j|\u2606Ninjimbecile\n|j|\u2606zerasky\n|t:|1733777583\n|gametype|singles\n|player|p1|Ninjimbecile|koga|\n|player|p2|zerasky|red|\n|teamsize|p1|6\n|teamsize|p2|6\n|gen|9\n|tier|[Gen 9] Random Battle\n|rule|Species Clause: Limit one of each Pok\u00e9mon\n|rule|HP Percentage Mod: HP is shown in percentages\n|rule|Sleep Clause Mod: Limit one foe put to sleep\n|rule|Illusion Level Mod: Illusion disguises the Pok\u00e9mon's true level\n|\n|t:|1733777583\n|start\n|switch|p1a: Slowking|Slowking-Galar, L85, M|300/300\n|switch|p2a: Hoopa|Hoopa-Unbound, L80|259/259\n|turn|1\n|c|\u2606zerasky|gl\n|\n|t:|1733777606\n|move|p2a: Hoopa|Zen Headbutt|p1a: Slowking\n|-damage|p1a: Slowking|113/300\n|move|p1a: Slowking|Toxic Spikes|p2a: Hoopa\n|-sidestart|p2: zerasky|move: Toxic Spikes\n|\n|-heal|p1a: Slowking|131/300|[from] item: Leftovers\n|upkeep\n|turn|2\n|\n|t:|1733777626\n|-terastallize|p1a: Slowking|Dark\n|move|p2a: Hoopa|Zen Headbutt|p1a: Slowking\n|-immune|p1a: Slowking\n|move|p1a: Slowking|Toxic Spikes|p2a: Hoopa\n|-sidestart|p2: zerasky|move: Toxic Spikes\n|\n|-heal|p1a: Slowking|149/300|[from] item: Leftovers\n|upkeep\n|turn|3\n|\n|t:|1733777641\n|switch|p2a: Baxcalibur|Baxcalibur, L75, F|296/296\n|move|p1a: Slowking|Slack Off|p1a: Slowking\n|-heal|p1a: Slowking|299/300\n|\n|-heal|p1a: Slowking|300/300|[from] item: Leftovers\n|upkeep\n|turn|4\n|\n|t:|1733777660\n|move|p2a: Baxcalibur|Icicle Crash|p1a: Slowking\n|-damage|p1a: Slowking|186/300\n|cant|p1a: Slowking|flinch\n|\n|-heal|p1a: Slowking|204/300|[from] item: Leftovers\n|upkeep\n|turn|5\n|\n|t:|1733777672\n|move|p2a: Baxcalibur|Dragon Dance|p2a: Baxcalibur\n|-boost|p2a: Baxcalibur|atk|1\n|-boost|p2a: Baxcalibur|spe|1\n|move|p1a: Slowking|Sludge Bomb|p2a: Baxcalibur\n|-damage|p2a: Baxcalibur|182/296\n|\n|-heal|p1a: Slowking|222/300|[from] item: Leftovers\n|upkeep\n|turn|6\n|\n|t:|1733777687\n|move|p2a: Baxcalibur|Glaive Rush|p1a: Slowking\n|-damage|p1a: Slowking|0 fnt\n|-singlemove|p2a: Baxcalibur|Glaive Rush|[silent]\n|faint|p1a: Slowking\n|\n|upkeep\n|\n|t:|1733777698\n|switch|p1a: Forretress|Forretress, L84, M|263/263\n|turn|7\n|\n|t:|1733777714\n|move|p2a: Baxcalibur|Earthquake|p1a: Forretress\n|-damage|p1a: Forretress|184/263\n|move|p1a: Forretress|Spikes|p2a: Baxcalibur\n|-sidestart|p2: zerasky|Spikes\n|\n|-heal|p1a: Forretress|200/263|[from] item: Leftovers\n|upkeep\n|turn|8\n|\n|t:|1733777731\n|move|p2a: Baxcalibur|Earthquake|p1a: Forretress\n|-damage|p1a: Forretress|123/263\n|move|p1a: Forretress|Stealth Rock|p2a: Baxcalibur\n|-sidestart|p2: zerasky|move: Stealth Rock\n|\n|-heal|p1a: Forretress|139/263|[from] item: Leftovers\n|upkeep\n|turn|9\n|\n|t:|1733777751\n|move|p2a: Baxcalibur|Dragon Dance|p2a: Baxcalibur\n|-boost|p2a: Baxcalibur|atk|1\n|-boost|p2a: Baxcalibur|spe|1\n|move|p1a: Forretress|Spikes|p2a: Baxcalibur\n|-sidestart|p2: zerasky|Spikes\n|\n|-heal|p1a: Forretress|155/263|[from] item: Leftovers\n|upkeep\n|turn|10\n|c|\u2606zerasky|pose les spikes\n|\n|t:|1733777766\n|move|p2a: Baxcalibur|Dragon Dance|p2a: Baxcalibur\n|-boost|p2a: Baxcalibur|atk|1\n|-boost|p2a: Baxcalibur|spe|1\n|move|p1a: Forretress|Body Press|p2a: Baxcalibur\n|-supereffective|p2a: Baxcalibur\n|-damage|p2a: Baxcalibur|28/296\n|\n|-heal|p1a: Forretress|171/263|[from] item: Leftovers\n|upkeep\n|turn|11\n|\n|t:|1733777778\n|move|p2a: Baxcalibur|Earthquake|p1a: Forretress\n|-damage|p1a: Forretress|27/263\n|move|p1a: Forretress|Body Press|p2a: Baxcalibur\n|-supereffective|p2a: Baxcalibur\n|-damage|p2a: Baxcalibur|0 fnt\n|faint|p2a: Baxcalibur\n|\n|-heal|p1a: Forretress|43/263|[from] item: Leftovers\n|upkeep\n|\n|t:|1733777787\n|switch|p2a: Beartic|Beartic, L91, F|321/321\n|turn|12\n|\n|t:|1733777793\n|move|p2a: Beartic|Earthquake|p1a: Forretress\n|-damage|p1a: Forretress|0 fnt\n|faint|p1a: Forretress\n|\n|upkeep\n|\n|t:|1733777811\n|switch|p1a: Typhlosion|Typhlosion-Hisui, L83, F|257/257\n|turn|13\n|\n|t:|1733777826\n|move|p2a: Beartic|Aqua Jet|p1a: Typhlosion\n|-supereffective|p1a: Typhlosion\n|-damage|p1a: Typhlosion|171/257\n|move|p1a: Typhlosion|Fire Blast|p2a: Beartic\n|-supereffective|p2a: Beartic\n|-damage|p2a: Beartic|73/321\n|\n|upkeep\n|turn|14\n|\n|t:|1733777838\n|move|p2a: Beartic|Aqua Jet|p1a: Typhlosion\n|-supereffective|p1a: Typhlosion\n|-damage|p1a: Typhlosion|77/257\n|move|p1a: Typhlosion|Fire Blast|p2a: Beartic\n|-supereffective|p2a: Beartic\n|-damage|p2a: Beartic|0 fnt\n|faint|p2a: Beartic\n|\n|upkeep\n|\n|t:|1733777849\n|switch|p2a: Heracross|Heracross, L80, F|259/259\n|-status|p2a: Heracross|tox\n|-damage|p2a: Heracross|216/259 tox|[from] Spikes\n|-damage|p2a: Heracross|184/259 tox|[from] Stealth Rock\n|turn|15\n|\n|t:|1733777873\n|move|p1a: Typhlosion|Fire Blast|p2a: Heracross\n|-supereffective|p2a: Heracross\n|-damage|p2a: Heracross|0 fnt\n|faint|p2a: Heracross\n|\n|upkeep\n|\n|t:|1733777878\n|switch|p2a: Basculin|Basculin, L86, F|261/261\n|-status|p2a: Basculin|tox\n|-damage|p2a: Basculin|218/261 tox|[from] Spikes\n|-damage|p2a: Basculin|186/261 tox|[from] Stealth Rock\n|turn|16\n|\n|t:|1733777903\n|move|p2a: Basculin|Aqua Jet|p1a: Typhlosion\n|-supereffective|p1a: Typhlosion\n|-damage|p1a: Typhlosion|0 fnt\n|faint|p1a: Typhlosion\n|\n|-damage|p2a: Basculin|170/261 tox|[from] psn\n|upkeep\n|\n|t:|1733777913\n|switch|p1a: Toucannon|Toucannon, L88, F|284/284\n|turn|17\n|\n|t:|1733777922\n|move|p2a: Basculin|Aqua Jet|p1a: Toucannon\n|-damage|p1a: Toucannon|188/284\n|move|p1a: Toucannon|Boomburst|p2a: Basculin\n|-damage|p2a: Basculin|0 fnt\n|faint|p2a: Basculin\n|\n|upkeep\n|\n|t:|1733777938\n|switch|p2a: Hoopa|Hoopa-Unbound, L80|259/259\n|-status|p2a: Hoopa|tox\n|-damage|p2a: Hoopa|216/259 tox|[from] Spikes\n|-damage|p2a: Hoopa|184/259 tox|[from] Stealth Rock\n|turn|18\n|\n|t:|1733777947\n|-singleturn|p1a: Toucannon|move: Beak Blast\n|move|p2a: Hoopa|Hyperspace Fury|p1a: Toucannon\n|-damage|p1a: Toucannon|0 fnt\n|-unboost|p2a: Hoopa|def|1\n|faint|p1a: Toucannon\n|\n|-damage|p2a: Hoopa|168/259 tox|[from] psn\n|upkeep\n|\n|t:|1733777960\n|switch|p1a: Emboar|Emboar, L84, M|322/322\n|turn|19\n|\n|t:|1733777977\n|move|p2a: Hoopa|Hyperspace Fury|p1a: Emboar\n|-resisted|p1a: Emboar\n|-damage|p1a: Emboar|193/322\n|-unboost|p2a: Hoopa|def|1\n|move|p1a: Emboar|Flare Blitz|p2a: Hoopa\n|-damage|p2a: Hoopa|0 fnt\n|faint|p2a: Hoopa\n|-damage|p1a: Emboar|138/322|[from] Recoil\n|\n|upkeep\n|\n|t:|1733777986\n|switch|p2a: Meganium|Meganium, L90, M|290/290\n|-status|p2a: Meganium|tox\n|-damage|p2a: Meganium|242/290 tox|[from] Spikes\n|-damage|p2a: Meganium|206/290 tox|[from] Stealth Rock\n|turn|20\n|\n|t:|1733777996\n|move|p1a: Emboar|Flare Blitz|p2a: Meganium\n|-supereffective|p2a: Meganium\n|-damage|p2a: Meganium|0 fnt\n|faint|p2a: Meganium\n|-damage|p1a: Emboar|70/322|[from] Recoil\n|\n|win|Ninjimbecile\n|c|\u2606zerasky|gg\n|l|\u2606zerasky\n|player|p2|\n", "inputlog": ">version bfd83cad13791eb5a5a409923076391caf6fb4d4\n>start {\"formatid\":\"gen9randombattle\",\"seed\":[1508,28385,60924,19092]}\n>player p1 {\"name\":\"Ninjimbecile\",\"avatar\":\"koga\",\"rating\":0,\"seed\":[18380,7972,741,35839]}\n>player p2 {\"name\":\"zerasky\",\"avatar\":\"red\",\"rating\":0,\"seed\":[41002,6409,16239,49767]}\n>chat \u2606zerasky|gl\n>p1 move toxicspikes\n>p2 move zenheadbutt\n>p1 move toxicspikes terastallize\n>p2 move zenheadbutt\n>p1 move slackoff\n>p2 switch 3\n>p1 move sludgebomb\n>p2 move iciclecrash\n>p1 move sludgebomb\n>p2 move dragondance\n>p1 move sludgebomb\n>p2 move glaiverush\n>p1 switch 5\n>p1 move spikes\n>p2 move earthquake\n>p1 move stealthrock\n>p2 move earthquake\n>p1 move spikes\n>p2 move dragondance\n>chat \u2606zerasky|pose les spikes\n>p1 move bodypress\n>p2 move dragondance\n>p1 move bodypress\n>p2 move earthquake\n>p2 switch 5\n>p1 move bodypress\n>p2 move earthquake\n>p1 switch 2\n>p1 move fireblast\n>p2 move aquajet\n>p1 move fireblast\n>p2 move aquajet\n>p2 switch 4\n>p1 move fireblast\n>p2 move facade\n>p2 switch 6\n>p1 move shadowball\n>p2 move aquajet\n>p1 switch 3\n>p1 move boomburst\n>p2 move aquajet\n>p2 switch 3\n>p1 move beakblast\n>p2 move hyperspacefury\n>p1 switch 6\n>p1 move flareblitz\n>p2 move hyperspacefury\n>p2 switch 2\n>p1 move flareblitz\n>p2 move dragontail", "uploadtime": 1733778004, "views": 1, "formatid": "gen9randombattle", "rating": null, "private": 0, "password": null}