{"id": "gen9randombattle-2260832071", "format": "[Gen 9] Random Battle", "players": ["Trumppoop", "arcanineandzacian"], "log": "|j|\u2606Trumppoop\n|j|\u2606arcanineandzacian\n|t:|1733900324\n|gametype|singles\n|player|p1|Trumppoop|266|1103\n|player|p2|arcanineandzacian|hilbert|1093\n|teamsize|p1|6\n|teamsize|p2|6\n|gen|9\n|tier|[Gen 9] Random Battle\n|rated|\n|rule|Species Clause: Limit one of each Pok\u00e9mon\n|rule|HP Percentage Mod: HP is shown in percentages\n|rule|Sleep Clause Mod: Limit one foe put to sleep\n|rule|Illusion Level Mod: Illusion disguises the Pok\u00e9mon's true level\n|\n|t:|1733900324\n|start\n|switch|p1a: Clefable|Clefable, L83, M|293/293\n|switch|p2a: Baxcalibur|Baxcalibur, L75, F|295/295\n|turn|1\n|inactive|Battle timer is ON: inactive players will automatically lose when time's up. (requested by Trumppoop)\n|\n|t:|1733900338\n|move|p2a: Baxcalibur|Icicle Spear|p1a: Clefable\n|-damage|p1a: Clefable|259/293\n|-damage|p1a: Clefable|223/293\n|-damage|p1a: Clefable|189/293\n|-damage|p1a: Clefable|156/293\n|-damage|p1a: Clefable|119/293\n|-hitcount|p1a: Clefable|5\n|move|p1a: Clefable|Calm Mind|p1a: Clefable\n|-boost|p1a: Clefable|spa|1\n|-boost|p1a: Clefable|spd|1\n|\n|upkeep\n|turn|2\n|\n|t:|1733900361\n|-terastallize|p1a: Clefable|Steel\n|move|p2a: Baxcalibur|Icicle Spear|p1a: Clefable\n|-resisted|p1a: Clefable\n|-damage|p1a: Clefable|102/293\n|-resisted|p1a: Clefable\n|-damage|p1a: Clefable|84/293\n|-resisted|p1a: Clefable\n|-damage|p1a: Clefable|66/293\n|-resisted|p1a: Clefable\n|-damage|p1a: Clefable|48/293\n|-hitcount|p1a: Clefable|4\n|move|p1a: Clefable|Moonblast|p2a: Baxcalibur\n|-supereffective|p2a: Baxcalibur\n|-damage|p2a: Baxcalibur|0 fnt\n|faint|p2a: Baxcalibur\n|\n|upkeep\n|\n|t:|1733900379\n|switch|p2a: Kleavor|Kleavor, L78, F|237/237\n|turn|3\n|\n|t:|1733900386\n|move|p2a: Kleavor|Stone Axe|p1a: Clefable\n|-resisted|p1a: Clefable\n|-damage|p1a: Clefable|0 fnt\n|-sidestart|p1: Trumppoop|move: Stealth Rock\n|faint|p1a: Clefable\n|\n|upkeep\n|\n|t:|1733900394\n|switch|p1a: Blissey|Blissey, L84, F|566/566\n|-damage|p1a: Blissey|496/566|[from] Stealth Rock\n|turn|4\n|\n|t:|1733900400\n|move|p2a: Kleavor|U-turn|p1a: Blissey\n|-damage|p1a: Blissey|237/566\n|\n|t:|1733900405\n|switch|p2a: Sudowoodo|Sudowoodo, L94, M|284/284|[from] U-turn\n|move|p1a: Blissey|Thunder Wave|p2a: Sudowoodo\n|-status|p2a: Sudowoodo|par\n|\n|-heal|p1a: Blissey|272/566|[from] item: Leftovers\n|upkeep\n|turn|5\n|\n|t:|1733900417\n|move|p1a: Blissey|Soft-Boiled|p1a: Blissey\n|-heal|p1a: Blissey|555/566\n|move|p2a: Sudowoodo|Head Smash|p1a: Blissey|[miss]\n|-miss|p2a: Sudowoodo|p1a: Blissey\n|\n|-heal|p1a: Blissey|566/566|[from] item: Leftovers\n|upkeep\n|turn|6\n|\n|t:|1733900424\n|move|p1a: Blissey|Stealth Rock|p2a: Sudowoodo\n|-sidestart|p2: arcanineandzacian|move: Stealth Rock\n|cant|p2a: Sudowoodo|par\n|\n|upkeep\n|turn|7\n|\n|t:|1733900429\n|move|p1a: Blissey|Seismic Toss|p2a: Sudowoodo\n|-damage|p2a: Sudowoodo|200/284 par\n|move|p2a: Sudowoodo|Head Smash|p1a: Blissey\n|-damage|p1a: Blissey|0 fnt\n|faint|p1a: Blissey\n|\n|upkeep\n|\n|t:|1733900436\n|switch|p1a: Palafin|Palafin, L77, M|281/281\n|-damage|p1a: Palafin|246/281|[from] Stealth Rock\n|turn|8\n|\n|t:|1733900443\n|move|p1a: Palafin|Flip Turn|p2a: Sudowoodo\n|-supereffective|p2a: Sudowoodo\n|-damage|p2a: Sudowoodo|110/284 par\n|\n|t:|1733900450\n|detailschange|p1a: Palafin|Palafin-Hero, L77, M\n|switch|p1a: Corviknight|Corviknight, L80, F|288/288|[from] Flip Turn\n|-damage|p1a: Corviknight|252/288|[from] Stealth Rock\n|-ability|p1a: Corviknight|Pressure\n|move|p2a: Sudowoodo|Head Smash|p1a: Corviknight|[miss]\n|-miss|p2a: Sudowoodo|p1a: Corviknight\n|\n|-heal|p1a: Corviknight|270/288|[from] item: Leftovers\n|upkeep\n|turn|9\n|\n|t:|1733900463\n|move|p1a: Corviknight|Defog|p2a: Sudowoodo\n|-unboost|p2a: Sudowoodo|evasion|1\n|-sideend|p2: arcanineandzacian|Stealth Rock|[from] move: Defog|[of] p1a: Corviknight\n|-sideend|p1: Trumppoop|Stealth Rock|[from] move: Defog|[of] p1a: Corviknight\n|move|p2a: Sudowoodo|Head Smash|p1a: Corviknight\n|-damage|p1a: Corviknight|0 fnt\n|faint|p1a: Corviknight\n|\n|upkeep\n|\n|t:|1733900466\n|switch|p1a: Palafin|Palafin-Hero, L77, M|246/281\n|-activate|p1a: Palafin|ability: Zero to Hero\n|turn|10\n|\n|t:|1733900481\n|move|p1a: Palafin|Jet Punch|p2a: Sudowoodo\n|-supereffective|p2a: Sudowoodo\n|-damage|p2a: Sudowoodo|0 fnt\n|faint|p2a: Sudowoodo\n|\n|upkeep\n|\n|t:|1733900484\n|switch|p2a: Gastrodon|Gastrodon, L86, M|331/331\n|turn|11\n|\n|t:|1733900496\n|switch|p1a: Espathra|Espathra, L80, F|283/283\n|move|p2a: Gastrodon|Sludge Bomb|p1a: Espathra\n|-damage|p1a: Espathra|193/283\n|\n|upkeep\n|turn|12\n|\n|t:|1733900522\n|move|p1a: Espathra|Lumina Crash|p2a: Gastrodon\n|-damage|p2a: Gastrodon|211/331\n|-unboost|p2a: Gastrodon|spd|2\n|move|p2a: Gastrodon|Stealth Rock|p1a: Espathra\n|-sidestart|p1: Trumppoop|move: Stealth Rock\n|\n|-heal|p2a: Gastrodon|231/331|[from] item: Leftovers\n|-ability|p1a: Espathra|Speed Boost|boost\n|-boost|p1a: Espathra|spe|1\n|upkeep\n|turn|13\n|\n|t:|1733900534\n|switch|p2a: Magnezone|Magnezone, L85|258/258\n|move|p1a: Espathra|Lumina Crash|p2a: Magnezone\n|-resisted|p2a: Magnezone\n|-damage|p2a: Magnezone|194/258\n|-unboost|p2a: Magnezone|spd|2\n|\n|-heal|p2a: Magnezone|210/258|[from] item: Leftovers\n|-ability|p1a: Espathra|Speed Boost|boost\n|-boost|p1a: Espathra|spe|1\n|upkeep\n|turn|14\n|\n|t:|1733900548\n|move|p1a: Espathra|Lumina Crash|p2a: Magnezone\n|-resisted|p2a: Magnezone\n|-damage|p2a: Magnezone|97/258\n|-unboost|p2a: Magnezone|spd|2\n|move|p2a: Magnezone|Thunderbolt|p1a: Espathra\n|-damage|p1a: Espathra|18/283\n|\n|-heal|p2a: Magnezone|113/258|[from] item: Leftovers\n|-ability|p1a: Espathra|Speed Boost|boost\n|-boost|p1a: Espathra|spe|1\n|upkeep\n|turn|15\n|\n|t:|1733900562\n|move|p1a: Espathra|Lumina Crash|p2a: Magnezone\n|-resisted|p2a: Magnezone\n|-damage|p2a: Magnezone|0 fnt\n|faint|p2a: Magnezone\n|\n|-ability|p1a: Espathra|Speed Boost|boost\n|-boost|p1a: Espathra|spe|1\n|upkeep\n|\n|t:|1733900572\n|switch|p2a: Iron Crown|Iron Crown, L78|268/268\n|turn|16\n|\n|t:|1733900576\n|move|p1a: Espathra|Lumina Crash|p2a: Iron Crown\n|-resisted|p2a: Iron Crown\n|-damage|p2a: Iron Crown|241/268\n|-unboost|p2a: Iron Crown|spd|2\n|move|p2a: Iron Crown|Tachyon Cutter|p1a: Espathra\n|-damage|p1a: Espathra|0 fnt\n|faint|p1a: Espathra\n|-hitcount|p1: Espathra|1\n|\n|-heal|p2a: Iron Crown|257/268|[from] item: Leftovers\n|upkeep\n|\n|t:|1733900585\n|switch|p1a: Rotom|Rotom-Heat, L83|219/219\n|turn|17\n|\n|t:|1733900605\n|move|p2a: Iron Crown|Psyshock|p1a: Rotom\n|-damage|p1a: Rotom|146/219\n|move|p1a: Rotom|Overheat|p2a: Iron Crown\n|-supereffective|p2a: Iron Crown\n|-damage|p2a: Iron Crown|0 fnt\n|-unboost|p1a: Rotom|spa|2\n|faint|p2a: Iron Crown\n|-end|p2a: Iron Crown|Quark Drive|[silent]\n|\n|upkeep\n|\n|t:|1733900613\n|switch|p2a: Kleavor|Kleavor, L78, F|237/237\n|turn|18\n|\n|t:|1733900619\n|move|p1a: Rotom|Will-O-Wisp|p2a: Kleavor\n|-status|p2a: Kleavor|brn\n|move|p2a: Kleavor|Stone Axe|p1a: Rotom\n|-supereffective|p1a: Rotom\n|-damage|p1a: Rotom|52/219\n|\n|-damage|p2a: Kleavor|223/237 brn|[from] brn\n|upkeep\n|turn|19\n|\n|t:|1733900631\n|move|p1a: Rotom|Pain Split|p2a: Kleavor\n|-sethp|p2a: Kleavor|137/237 brn|[from] move: Pain Split|[silent]\n|-sethp|p1a: Rotom|137/219|[from] move: Pain Split\n|move|p2a: Kleavor|Stone Axe|p1a: Rotom\n|-supereffective|p1a: Rotom\n|-damage|p1a: Rotom|35/219\n|\n|-damage|p2a: Kleavor|123/237 brn|[from] brn\n|upkeep\n|turn|20\n|\n|t:|1733900640\n|move|p1a: Rotom|Pain Split|p2a: Kleavor\n|-sethp|p2a: Kleavor|79/237 brn|[from] move: Pain Split|[silent]\n|-sethp|p1a: Rotom|79/219|[from] move: Pain Split\n|move|p2a: Kleavor|Stone Axe|p1a: Rotom\n|-supereffective|p1a: Rotom\n|-damage|p1a: Rotom|0 fnt\n|faint|p1a: Rotom\n|\n|-damage|p2a: Kleavor|65/237 brn|[from] brn\n|upkeep\n|\n|t:|1733900644\n|switch|p1a: Palafin|Palafin-Hero, L77, M|246/281\n|-damage|p1a: Palafin|211/281|[from] Stealth Rock\n|turn|21\n|\n|t:|1733900652\n|move|p1a: Palafin|Close Combat|p2a: Kleavor\n|-damage|p2a: Kleavor|0 fnt\n|-unboost|p1a: Palafin|def|1\n|-unboost|p1a: Palafin|spd|1\n|faint|p2a: Kleavor\n|\n|upkeep\n|\n|t:|1733900659\n|switch|p2a: Gastrodon|Gastrodon, L86, M|231/331\n|turn|22\n|\n|t:|1733900663\n|-terastallize|p2a: Gastrodon|Poison\n|move|p1a: Palafin|Close Combat|p2a: Gastrodon\n|-resisted|p2a: Gastrodon\n|-damage|p2a: Gastrodon|141/331\n|-unboost|p1a: Palafin|def|1\n|-unboost|p1a: Palafin|spd|1\n|move|p2a: Gastrodon|Sludge Bomb|p1a: Palafin\n|-damage|p1a: Palafin|0 fnt\n|faint|p1a: Palafin\n|\n|win|arcanineandzacian\n|raw|Trumppoop's rating: 1103 &rarr; <strong>1077</strong><br />(-26 for losing)\n|raw|arcanineandzacian's rating: 1093 &rarr; <strong>1120</strong><br />(+27 for winning)\n|l|\u2606Trumppoop\n|player|p1|\n", "inputlog": ">version bfd83cad13791eb5a5a409923076391caf6fb4d4\n>start {\"formatid\":\"gen9randombattle\",\"seed\":[32318,46681,38998,59702],\"rated\":\"Rated battle\"}\n>player p1 {\"name\":\"Trumppoop\",\"avatar\":\"266\",\"rating\":1103,\"seed\":[41677,29855,7043,17206]}\n>player p2 {\"name\":\"arcanineandzacian\",\"avatar\":\"hilbert\",\"rating\":1093,\"seed\":[27662,56095,50546,12880]}\n>p1 move calmmind\n>p2 move iciclespear\n>p1 move moonblast terastallize\n>p2 move iciclespear\n>p2 switch 5\n>p1 move moonlight\n>p2 move stoneaxe\n>p1 switch 4\n>p1 move thunderwave\n>p2 move uturn\n>p2 switch 4\n>p1 move softboiled\n>p2 move headsmash\n>p1 move stealthrock\n>p2 move headsmash\n>p1 move seismictoss\n>p2 move headsmash\n>p1 switch 6\n>p1 move flipturn\n>p2 move headsmash\n>p1 switch 2\n>p1 move defog\n>p2 move headsmash\n>p1 switch 2\n>p1 move jetpunch\n>p2 move headsmash\n>p2 switch 3\n>p1 switch 3\n>p2 move sludgebomb\n>p1 move luminacrash\n>p2 move stealthrock\n>p1 move luminacrash\n>p2 switch 2\n>p1 move luminacrash\n>p2 move thunderbolt\n>p1 move luminacrash\n>p2 move thunderbolt\n>p2 switch 6\n>p1 move luminacrash\n>p2 move tachyoncutter\n>p1 switch 5\n>p1 move overheat\n>p2 move psyshock\n>p2 switch 4\n>p1 move willowisp\n>p2 move stoneaxe\n>p1 move painsplit\n>p2 move stoneaxe\n>p1 move painsplit\n>p2 move stoneaxe\n>p1 switch 3\n>p1 move closecombat\n>p2 move stoneaxe\n>p2 switch 2\n>p1 move closecombat\n>p2 move sludgebomb terastallize", "uploadtime": 1733900678, "views": 4, "formatid": "gen9randombattle", "rating": 1077, "private": 0, "password": null}