{"id": "gen9randombattle-2106274120", "format": "[Gen 9] Random Battle", "players": ["smokyaim", "MichaelderBeste2"], "log": "|badge|p1|silver|gen9randombattle|30-1\n|uhtml|medal-msg|<div class=\"broadcast-blue\">Curious what those medals under the avatar are? PS now has Ladder Seasons! For more information, check out the <a href=\"https://www.smogon.com/forums/threads/3740067/\">thread on Smogon.</a></div>\n|badge|p2|gold|gen9randombattle|3-1\n|uhtml|medal-msg|<div class=\"broadcast-blue\">Curious what those medals under the avatar are? PS now has Ladder Seasons! For more information, check out the <a href=\"https://www.smogon.com/forums/threads/3740067/\">thread on Smogon.</a></div>\n|j|\u2606smokyaim\n|j|\u2606MichaelderBeste2\n|t:|1713451844\n|gametype|singles\n|player|p1|smokyaim|101|2336\n|player|p2|MichaelderBeste2|#rbtt7teamdarkrai|2548\n|teamsize|p1|6\n|teamsize|p2|6\n|gen|9\n|tier|[Gen 9] Random Battle\n|rated|\n|rule|Species Clause: Limit one of each Pok\u00e9mon\n|rule|HP Percentage Mod: HP is shown in percentages\n|rule|Sleep Clause Mod: Limit one foe put to sleep\n|rule|Illusion Level Mod: Illusion disguises the Pok\u00e9mon's true level\n|\n|t:|1713451844\n|start\n|switch|p1a: Rotom|Rotom-Wash, L82|216/216\n|switch|p2a: Skarmory|Skarmory, L80, M|235/235\n|turn|1\n|\n|t:|1713451876\n|move|p1a: Rotom|Nasty Plot|p1a: Rotom\n|-boost|p1a: Rotom|spa|2\n|move|p2a: Skarmory|Spikes|p1a: Rotom\n|-sidestart|p1: smokyaim|Spikes\n|\n|upkeep\n|turn|2\n|\n|t:|1713451888\n|move|p1a: Rotom|Thunderbolt|p2a: Skarmory\n|-supereffective|p2a: Skarmory\n|-ability|p2a: Skarmory|Sturdy\n|-damage|p2a: Skarmory|1/235\n|move|p2a: Skarmory|Spikes|p1a: Rotom\n|-sidestart|p1: smokyaim|Spikes\n|\n|-heal|p2a: Skarmory|15/235|[from] item: Leftovers\n|upkeep\n|turn|3\n|\n|t:|1713451891\n|move|p1a: Rotom|Thunderbolt|p2a: Skarmory\n|-supereffective|p2a: Skarmory\n|-damage|p2a: Skarmory|0 fnt\n|faint|p2a: Skarmory\n|\n|upkeep\n|\n|t:|1713451893\n|switch|p2a: Maushold|Maushold, L76|238/238\n|turn|4\n|\n|t:|1713451941\n|-terastallize|p2a: Maushold|Normal\n|move|p2a: Maushold|Population Bomb|p1a: Rotom\n|-damage|p1a: Rotom|188/216\n|-damage|p1a: Rotom|162/216\n|-damage|p1a: Rotom|134/216\n|-damage|p1a: Rotom|106/216\n|-damage|p1a: Rotom|78/216\n|-damage|p1a: Rotom|48/216\n|-damage|p1a: Rotom|20/216\n|-damage|p1a: Rotom|0 fnt\n|faint|p1a: Rotom\n|-hitcount|p1: Rotom|8\n|\n|upkeep\n|\n|t:|1713451949\n|switch|p1a: Meowscarada|Meowscarada, L78, F|247/247\n|-damage|p1a: Meowscarada|206/247|[from] Spikes\n|turn|5\n|\n|t:|1713451974\n|move|p1a: Meowscarada|U-turn|p2a: Maushold\n|-start|p1a: Meowscarada|typechange|Bug|[from] ability: Protean\n|-crit|p2a: Maushold\n|-damage|p2a: Maushold|19/238\n|\n|t:|1713451986\n|switch|p1a: Glaceon|Glaceon, L94, F|275/275|[from] U-turn\n|move|p2a: Maushold|Population Bomb|p1a: Glaceon\n|-damage|p1a: Glaceon|251/275\n|-damage|p1a: Glaceon|229/275\n|-damage|p1a: Glaceon|207/275\n|-damage|p1a: Glaceon|183/275\n|-damage|p1a: Glaceon|161/275\n|-damage|p1a: Glaceon|139/275\n|-damage|p1a: Glaceon|115/275\n|-damage|p1a: Glaceon|91/275\n|-damage|p1a: Glaceon|67/275\n|-damage|p1a: Glaceon|45/275\n|-hitcount|p1a: Glaceon|10\n|\n|upkeep\n|turn|6\n|\n|t:|1713451993\n|move|p2a: Maushold|Population Bomb|p1a: Glaceon\n|-damage|p1a: Glaceon|21/275\n|-damage|p1a: Glaceon|0 fnt\n|faint|p1a: Glaceon\n|-hitcount|p1: Glaceon|2\n|\n|upkeep\n|\n|t:|1713451994\n|switch|p1a: Meowscarada|Meowscarada, L78, F|206/247\n|-damage|p1a: Meowscarada|165/247|[from] Spikes\n|turn|7\n|\n|t:|1713452008\n|switch|p2a: Gholdengo|Gholdengo, L77|261/261\n|move|p1a: Meowscarada|Knock Off|p2a: Gholdengo\n|-start|p1a: Meowscarada|typechange|Dark|[from] ability: Protean\n|-supereffective|p2a: Gholdengo\n|-damage|p2a: Gholdengo|0 fnt\n|-enditem|p2a: Gholdengo|Leftovers|[from] move: Knock Off|[of] p1a: Meowscarada\n|faint|p2a: Gholdengo\n|\n|upkeep\n|\n|t:|1713452037\n|switch|p2a: Toxtricity|Toxtricity, L82, M|257/257\n|turn|8\n|\n|t:|1713452043\n|switch|p1a: Reshiram|Reshiram, L76|277/277\n|-ability|p1a: Reshiram|Turboblaze\n|move|p2a: Toxtricity|Shift Gear|p2a: Toxtricity\n|-boost|p2a: Toxtricity|spe|2\n|-boost|p2a: Toxtricity|atk|1\n|\n|upkeep\n|turn|9\n|\n|t:|1713452048\n|move|p2a: Toxtricity|Gunk Shot|p1a: Reshiram\n|-damage|p1a: Reshiram|109/277\n|move|p1a: Reshiram|Earth Power|p2a: Toxtricity\n|-supereffective|p2a: Toxtricity\n|-damage|p2a: Toxtricity|0 fnt\n|faint|p2a: Toxtricity\n|\n|upkeep\n|\n|t:|1713452050\n|switch|p2a: Maushold|Maushold, L76, tera:Normal|19/238\n|turn|10\n|j|+Aqua\n|\n|t:|1713452057\n|move|p2a: Maushold|Population Bomb|p1a: Reshiram\n|-damage|p1a: Reshiram|77/277\n|-crit|p1a: Reshiram\n|-damage|p1a: Reshiram|33/277\n|-damage|p1a: Reshiram|1/277\n|-damage|p1a: Reshiram|0 fnt\n|faint|p1a: Reshiram\n|-hitcount|p1: Reshiram|4\n|\n|upkeep\n|\n|t:|1713452058\n|switch|p1a: Meowscarada|Meowscarada, L78, F|165/247\n|-damage|p1a: Meowscarada|124/247|[from] Spikes\n|turn|11\n|\n|t:|1713452061\n|move|p1a: Meowscarada|Knock Off|p2a: Maushold\n|-start|p1a: Meowscarada|typechange|Dark|[from] ability: Protean\n|-damage|p2a: Maushold|0 fnt\n|-enditem|p2a: Maushold|Wide Lens|[from] move: Knock Off|[of] p1a: Meowscarada\n|faint|p2a: Maushold\n|\n|upkeep\n|\n|t:|1713452062\n|switch|p2a: Oranguru|Oranguru, L92, F|315/315\n|turn|12\n|\n|t:|1713452082\n|move|p1a: Meowscarada|Knock Off|p2a: Oranguru\n|-supereffective|p2a: Oranguru\n|-damage|p2a: Oranguru|0 fnt\n|-enditem|p2a: Oranguru|Life Orb|[from] move: Knock Off|[of] p1a: Meowscarada\n|faint|p2a: Oranguru\n|\n|upkeep\n|\n|t:|1713452085\n|switch|p2a: Rabsca|Rabsca, L91, M|284/284\n|turn|13\n|j| Referrals\n|\n|t:|1713452096\n|move|p1a: Meowscarada|Knock Off|p2a: Rabsca\n|-supereffective|p2a: Rabsca\n|-damage|p2a: Rabsca|18/284\n|-enditem|p2a: Rabsca|Heavy-Duty Boots|[from] move: Knock Off|[of] p1a: Meowscarada\n|move|p2a: Rabsca|Revival Blessing|p2a: Rabsca\n|\n|t:|1713452105\n|-heal|p2: Skarmory|117/235|[from] move: Revival Blessing\n|\n|upkeep\n|turn|14\n|\n|t:|1713452109\n|move|p1a: Meowscarada|Knock Off|p2a: Rabsca\n|-supereffective|p2a: Rabsca\n|-damage|p2a: Rabsca|0 fnt\n|faint|p2a: Rabsca\n|\n|upkeep\n|\n|t:|1713452110\n|switch|p2a: Skarmory|Skarmory, L80, M|117/235\n|turn|15\n|\n|t:|1713452114\n|move|p1a: Meowscarada|Knock Off|p2a: Skarmory\n|-damage|p2a: Skarmory|5/235\n|-enditem|p2a: Skarmory|Leftovers|[from] move: Knock Off|[of] p1a: Meowscarada\n|move|p2a: Skarmory|Roost|p2a: Skarmory\n|-heal|p2a: Skarmory|123/235\n|-singleturn|p2a: Skarmory|move: Roost\n|\n|upkeep\n|turn|16\n|\n|t:|1713452125\n|switch|p1a: Scrafty|Scrafty, L84, F|246/246\n|-damage|p1a: Scrafty|205/246|[from] Spikes\n|move|p2a: Skarmory|Roost|p2a: Skarmory\n|-heal|p2a: Skarmory|235/235\n|-singleturn|p2a: Skarmory|move: Roost\n|\n|-heal|p1a: Scrafty|220/246|[from] item: Leftovers\n|upkeep\n|turn|17\n|\n|t:|1713452131\n|-terastallize|p1a: Scrafty|Poison\n|move|p2a: Skarmory|Brave Bird|p1a: Scrafty\n|-damage|p1a: Scrafty|139/246\n|-damage|p2a: Skarmory|208/235|[from] Recoil\n|move|p1a: Scrafty|Bulk Up|p1a: Scrafty\n|-boost|p1a: Scrafty|atk|1\n|-boost|p1a: Scrafty|def|1\n|\n|-heal|p1a: Scrafty|154/246|[from] item: Leftovers\n|upkeep\n|turn|18\n|\n|t:|1713452136\n|move|p2a: Skarmory|Brave Bird|p1a: Scrafty\n|-crit|p1a: Scrafty\n|-damage|p1a: Scrafty|25/246\n|-damage|p2a: Skarmory|165/235|[from] Recoil\n|move|p1a: Scrafty|Drain Punch|p2a: Skarmory\n|-damage|p2a: Skarmory|80/235\n|-heal|p1a: Scrafty|68/246|[from] drain|[of] p2a: Skarmory\n|\n|-heal|p1a: Scrafty|83/246|[from] item: Leftovers\n|upkeep\n|turn|19\n|\n|t:|1713452146\n|move|p2a: Skarmory|Brave Bird|p1a: Scrafty\n|-damage|p1a: Scrafty|25/246\n|-damage|p2a: Skarmory|61/235|[from] Recoil\n|move|p1a: Scrafty|Rest|p1a: Scrafty\n|-status|p1a: Scrafty|slp|[from] move: Rest\n|-heal|p1a: Scrafty|246/246 slp|[silent]\n|\n|upkeep\n|turn|20\n|\n|t:|1713452156\n|move|p2a: Skarmory|Roost|p2a: Skarmory\n|-heal|p2a: Skarmory|179/235\n|-singleturn|p2a: Skarmory|move: Roost\n|cant|p1a: Scrafty|slp\n|\n|upkeep\n|turn|21\n|\n|t:|1713452161\n|move|p2a: Skarmory|Brave Bird|p1a: Scrafty\n|-damage|p1a: Scrafty|195/246 slp\n|-damage|p2a: Skarmory|162/235|[from] Recoil\n|cant|p1a: Scrafty|slp\n|\n|-heal|p1a: Scrafty|210/246 slp|[from] item: Leftovers\n|upkeep\n|turn|22\n|j| un lucky manny\n|\n|t:|1713452165\n|move|p2a: Skarmory|Brave Bird|p1a: Scrafty\n|-damage|p1a: Scrafty|149/246 slp\n|-damage|p2a: Skarmory|142/235|[from] Recoil\n|-curestatus|p1a: Scrafty|slp|[msg]\n|move|p1a: Scrafty|Bulk Up|p1a: Scrafty\n|-boost|p1a: Scrafty|atk|1\n|-boost|p1a: Scrafty|def|1\n|\n|-heal|p1a: Scrafty|164/246|[from] item: Leftovers\n|upkeep\n|turn|23\n|\n|t:|1713452168\n|move|p2a: Skarmory|Brave Bird|p1a: Scrafty\n|-crit|p1a: Scrafty\n|-damage|p1a: Scrafty|37/246\n|-damage|p2a: Skarmory|100/235|[from] Recoil\n|move|p1a: Scrafty|Drain Punch|p2a: Skarmory\n|-damage|p2a: Skarmory|0 fnt\n|-heal|p1a: Scrafty|87/246|[from] drain|[of] p2a: Skarmory\n|faint|p2a: Skarmory\n|\n|win|smokyaim\n|raw|smokyaim's rating: 2336 &rarr; <strong>2367</strong><br />(+31 for winning)\n|raw|MichaelderBeste2's rating: 2548 &rarr; <strong>2517</strong><br />(-31 for losing)\n|l| Referrals\n|l|\u2606MichaelderBeste2\n|player|p2|\n|l| un lucky manny\n|l|\u2606smokyaim\n|player|p1|\n", "inputlog": ">version 353afcba8edc3ce061b3a30b18dec61a8b98d08c\n>start {\"formatid\":\"gen9randombattle\",\"seed\":[24086,27036,16414,21957],\"rated\":\"Rated battle\"}\n>player p1 {\"name\":\"smokyaim\",\"avatar\":\"101\",\"rating\":2336,\"seed\":[61670,36477,25437,58279]}\n>player p2 {\"name\":\"MichaelderBeste2\",\"avatar\":\"#rbtt7teamdarkrai\",\"rating\":2548,\"seed\":[3757,64252,42095,23146]}\n>p1 move nastyplot\n>p2 move spikes\n>p1 move thunderbolt\n>p2 move spikes\n>p1 move thunderbolt\n>p2 move spikes\n>p2 switch 4\n>p1 move thunderbolt\n>p2 move populationbomb terastallize\n>p1 switch 5\n>p1 move uturn\n>p2 move populationbomb\n>p1 switch 6\n>p1 move freezedry\n>p2 move populationbomb\n>p1 switch 6\n>p1 move knockoff\n>p2 switch 2\n>p2 switch 6\n>p1 switch 2\n>p2 move shiftgear\n>p1 move earthpower\n>p2 move gunkshot\n>p2 switch 2\n>p1 move earthpower\n>p2 move populationbomb\n>p1 switch 2\n>p1 move knockoff\n>p2 move populationbomb\n>p2 switch 5\n>p1 move knockoff\n>p2 move hypervoice\n>p2 switch 3\n>p1 move knockoff\n>p2 move revivalblessing\n>p2 switch 4\n>p1 move knockoff\n>p2 move bugbuzz\n>p2 switch 4\n>p1 move knockoff\n>p2 move roost\n>p1 switch 4\n>p2 move roost\n>p1 move bulkup terastallize\n>p2 move bravebird\n>p1 move drainpunch\n>p2 move bravebird\n>p1 move rest\n>p2 move bravebird\n>p1 move drainpunch\n>p2 move roost\n>p1 move bulkup\n>p2 move bravebird\n>p1 move bulkup\n>p2 move bravebird\n>p1 move drainpunch\n>p2 move bravebird", "uploadtime": 1713452186, "views": 275, "formatid": "gen9randombattle", "rating": 2367, "private": 0, "password": null}