{"id": "gen9randombattle-2260045747", "format": "[Gen 9] Random Battle", "players": ["MixyTheCoffe", "Fabou13"], "log": "|j|\u2606MixyTheCoffe\n|j|\u2606Fabou13\n|t:|1733795174\n|gametype|singles\n|player|p1|MixyTheCoffe|winona|1301\n|player|p2|Fabou13|gentleman-gen4|1343\n|teamsize|p1|6\n|teamsize|p2|6\n|gen|9\n|tier|[Gen 9] Random Battle\n|rated|\n|rule|Species Clause: Limit one of each Pok\u00e9mon\n|rule|HP Percentage Mod: HP is shown in percentages\n|rule|Sleep Clause Mod: Limit one foe put to sleep\n|rule|Illusion Level Mod: Illusion disguises the Pok\u00e9mon's true level\n|\n|t:|1733795174\n|start\n|switch|p1a: Quaquaval|Quaquaval, L79, F|264/264\n|switch|p2a: Rhydon|Rhydon, L85, M|317/317\n|turn|1\n|inactive|Battle timer is ON: inactive players will automatically lose when time's up. (requested by MixyTheCoffe)\n|inactive|Fabou13 has 120 seconds left.\n|\n|t:|1733795209\n|switch|p2a: Articuno|Articuno-Galar, L84|288/288\n|move|p1a: Quaquaval|Aqua Step|p2a: Articuno\n|-damage|p2a: Articuno|166/288\n|-boost|p1a: Quaquaval|spe|1\n|-damage|p1a: Quaquaval|238/264|[from] item: Life Orb\n|\n|upkeep\n|turn|2\n|\n|t:|1733795221\n|move|p1a: Quaquaval|Triple Axel|p2a: Articuno\n|-supereffective|p2a: Articuno\n|-damage|p2a: Articuno|127/288\n|-hitcount|p2a: Articuno|1\n|-damage|p1a: Quaquaval|212/264|[from] item: Life Orb\n|move|p2a: Articuno|Freezing Glare|p1a: Quaquaval\n|-supereffective|p1a: Quaquaval\n|-damage|p1a: Quaquaval|0 fnt\n|faint|p1a: Quaquaval\n|\n|upkeep\n|\n|t:|1733795232\n|switch|p1a: Lapras|Lapras, L87, M|367/367\n|turn|3\n|\n|t:|1733795237\n|move|p2a: Articuno|Recover|p2a: Articuno\n|-heal|p2a: Articuno|271/288\n|move|p1a: Lapras|Dragon Dance|p1a: Lapras\n|-boost|p1a: Lapras|atk|1\n|-boost|p1a: Lapras|spe|1\n|\n|upkeep\n|turn|4\n|\n|t:|1733795245\n|move|p1a: Lapras|Icicle Spear|p2a: Articuno\n|-supereffective|p2a: Articuno\n|-damage|p2a: Articuno|197/288\n|-supereffective|p2a: Articuno\n|-damage|p2a: Articuno|119/288\n|-supereffective|p2a: Articuno\n|-damage|p2a: Articuno|41/288\n|-supereffective|p2a: Articuno\n|-damage|p2a: Articuno|0 fnt\n|faint|p2a: Articuno\n|-hitcount|p2: Articuno|4\n|\n|upkeep\n|\n|t:|1733795261\n|switch|p2a: Mew|Mew, L82|298/298\n|turn|5\n|\n|t:|1733795272\n|-terastallize|p2a: Mew|Fighting\n|move|p1a: Lapras|Icicle Spear|p2a: Mew\n|-damage|p2a: Mew|259/298\n|-damage|p2a: Mew|225/298\n|-damage|p2a: Mew|188/298\n|-damage|p2a: Mew|148/298\n|-hitcount|p2a: Mew|4\n|move|p2a: Mew|Close Combat|p1a: Lapras\n|-supereffective|p1a: Lapras\n|-crit|p1a: Lapras\n|-damage|p1a: Lapras|0 fnt\n|-unboost|p2a: Mew|def|1\n|-unboost|p2a: Mew|spd|1\n|faint|p1a: Lapras\n|-damage|p2a: Mew|119/298|[from] item: Life Orb\n|\n|upkeep\n|\n|t:|1733795293\n|switch|p1a: Indeedee|Indeedee, L84, M|238/238\n|-fieldstart|move: Psychic Terrain|[from] ability: Psychic Surge|[of] p1a: Indeedee\n|turn|6\n|\n|t:|1733795307\n|move|p1a: Indeedee|Expanding Force|p2a: Mew\n|-supereffective|p2a: Mew\n|-damage|p2a: Mew|0 fnt\n|faint|p2a: Mew\n|\n|upkeep\n|\n|t:|1733795315\n|switch|p2a: Flutter Mane|Flutter Mane, L74|203/203\n|turn|7\n|\n|t:|1733795322\n|move|p1a: Indeedee|Expanding Force|p2a: Flutter Mane\n|-damage|p2a: Flutter Mane|62/203\n|move|p2a: Flutter Mane|Shadow Ball|p1a: Indeedee\n|-immune|p1a: Indeedee\n|\n|upkeep\n|turn|8\n|\n|t:|1733795330\n|-end|p2a: Flutter Mane|Protosynthesis|[silent]\n|switch|p2a: Grimmsnarl|Grimmsnarl, L83, M|293/293\n|move|p1a: Indeedee|Expanding Force|p2a: Grimmsnarl\n|-immune|p2a: Grimmsnarl\n|\n|upkeep\n|turn|9\n|\n|t:|1733795339\n|switch|p1a: Hariyama|Hariyama, L87, F|392/392\n|move|p2a: Grimmsnarl|Thunder Wave|p1a: Hariyama\n|-activate|p1a: Hariyama|move: Psychic Terrain\n|\n|upkeep\n|turn|10\n|\n|t:|1733795346\n|move|p2a: Grimmsnarl|Spirit Break|p1a: Hariyama\n|-supereffective|p1a: Hariyama\n|-damage|p1a: Hariyama|168/392\n|-unboost|p1a: Hariyama|spa|1\n|move|p1a: Hariyama|Heavy Slam|p2a: Grimmsnarl\n|-supereffective|p2a: Grimmsnarl\n|-damage|p2a: Grimmsnarl|65/293\n|\n|-heal|p2a: Grimmsnarl|83/293|[from] item: Leftovers\n|-fieldend|move: Psychic Terrain\n|upkeep\n|turn|11\n|\n|t:|1733795356\n|move|p1a: Hariyama|Bullet Punch|p2a: Grimmsnarl\n|-supereffective|p2a: Grimmsnarl\n|-damage|p2a: Grimmsnarl|0 fnt\n|faint|p2a: Grimmsnarl\n|\n|upkeep\n|\n|t:|1733795361\n|switch|p2a: Venomoth|Venomoth, L84, M|255/255\n|turn|12\n|\n|t:|1733795366\n|move|p1a: Hariyama|Bullet Punch|p2a: Venomoth\n|-damage|p2a: Venomoth|206/255\n|move|p2a: Venomoth|Quiver Dance|p2a: Venomoth\n|-boost|p2a: Venomoth|spa|1\n|-boost|p2a: Venomoth|spd|1\n|-boost|p2a: Venomoth|spe|1\n|\n|upkeep\n|turn|13\n|\n|t:|1733795374\n|move|p2a: Venomoth|Quiver Dance|p2a: Venomoth\n|-boost|p2a: Venomoth|spa|1\n|-boost|p2a: Venomoth|spd|1\n|-boost|p2a: Venomoth|spe|1\n|move|p1a: Hariyama|Heavy Slam|p2a: Venomoth\n|-damage|p2a: Venomoth|77/255\n|\n|upkeep\n|turn|14\n|\n|t:|1733795385\n|move|p1a: Hariyama|Bullet Punch|p2a: Venomoth\n|-damage|p2a: Venomoth|26/255\n|move|p2a: Venomoth|Bug Buzz|p1a: Hariyama\n|-resisted|p1a: Hariyama\n|-damage|p1a: Hariyama|18/392\n|\n|upkeep\n|turn|15\n|-message|Fabou13 forfeited.\n|\n|win|MixyTheCoffe\n|raw|MixyTheCoffe's rating: 1301 &rarr; <strong>1323</strong><br />(+22 for winning)\n|raw|Fabou13's rating: 1343 &rarr; <strong>1321</strong><br />(-22 for losing)\n|l|\u2606Fabou13\n|player|p2|\n", "inputlog": ">version bfd83cad13791eb5a5a409923076391caf6fb4d4\n>start {\"formatid\":\"gen9randombattle\",\"seed\":[34309,24495,31544,39907],\"rated\":\"Rated battle\"}\n>player p1 {\"name\":\"MixyTheCoffe\",\"avatar\":\"winona\",\"rating\":1301,\"seed\":[56853,32669,57828,2191]}\n>player p2 {\"name\":\"Fabou13\",\"avatar\":\"gentleman-gen4\",\"rating\":1343,\"seed\":[2334,16216,17329,56957]}\n>p1 move aquastep\n>p2 switch 4\n>p1 move tripleaxel\n>p2 move freezingglare\n>p1 switch 4\n>p1 move dragondance\n>p2 move recover\n>p1 move iciclespear\n>p2 move hurricane\n>p2 switch 2\n>p1 move iciclespear\n>p2 move closecombat terastallize\n>p1 switch 6\n>p1 move expandingforce\n>p2 move leechlife\n>p2 switch 5\n>p1 move expandingforce\n>p2 move shadowball\n>p1 move expandingforce\n>p2 switch 3\n>p1 switch 5\n>p2 move thunderwave\n>p1 move heavyslam\n>p2 move spiritbreak\n>p1 move bulletpunch\n>p2 move spiritbreak\n>p2 switch 6\n>p1 move bulletpunch\n>p2 move quiverdance\n>p1 move heavyslam\n>p2 move quiverdance\n>p1 move bulletpunch\n>p2 move bugbuzz\n>forcelose p2", "uploadtime": 1733795400, "views": 4, "formatid": "gen9randombattle", "rating": 1321, "private": 0, "password": null}