{"id": "gen9randombattle-2128098582", "format": "[Gen 9] Random Battle", "players": ["MichaelderBeste2", "nocomment3"], "log": "|badge|p1|bronze|gen9randombattle|100-1\n|uhtml|medal-msg|<div class=\"broadcast-blue\">Curious what those medals under the avatar are? PS now has Ladder Seasons! For more information, check out the <a href=\"https://www.smogon.com/forums/threads/3740067/\">thread on Smogon.</a></div>\n|badge|p2|bronze|gen9randombattle|100-1\n|uhtml|medal-msg|<div class=\"broadcast-blue\">Curious what those medals under the avatar are? PS now has Ladder Seasons! For more information, check out the <a href=\"https://www.smogon.com/forums/threads/3740067/\">thread on Smogon.</a></div>\n|j|\u2606MichaelderBeste2\n|j|\u2606nocomment3\n|t:|1716376260\n|gametype|singles\n|player|p1|MichaelderBeste2|#scl1platoon|2433\n|player|p2|nocomment3|1|2343\n|teamsize|p1|6\n|teamsize|p2|6\n|gen|9\n|tier|[Gen 9] Random Battle\n|rated|\n|rule|Species Clause: Limit one of each Pok\u00e9mon\n|rule|HP Percentage Mod: HP is shown in percentages\n|rule|Sleep Clause Mod: Limit one foe put to sleep\n|rule|Illusion Level Mod: Illusion disguises the Pok\u00e9mon's true level\n|\n|t:|1716376260\n|start\n|switch|p1a: Gumshoos|Gumshoos, L95, M|321/321\n|switch|p2a: Kingambit|Kingambit, L74, M|270/270\n|turn|1\n|\n|t:|1716376277\n|move|p1a: Gumshoos|U-turn|p2a: Kingambit\n|-damage|p2a: Kingambit|174/270\n|\n|t:|1716376280\n|switch|p1a: Torkoal|Torkoal, L88, F|266/266|[from] U-turn\n|-weather|SunnyDay|[from] ability: Drought|[of] p1a: Torkoal\n|move|p2a: Kingambit|Kowtow Cleave|p1a: Torkoal\n|-damage|p1a: Torkoal|209/266\n|\n|-weather|SunnyDay|[upkeep]\n|-heal|p2a: Kingambit|190/270|[from] item: Leftovers\n|upkeep\n|turn|2\n|\n|t:|1716376290\n|-end|p2a: Kingambit|fallenundefined|[silent]\n|switch|p2a: Enamorus|Enamorus-Therian, L83, F|259/259\n|move|p1a: Torkoal|Lava Plume|p2a: Enamorus\n|-damage|p2a: Enamorus|145/259\n|\n|-weather|SunnyDay|[upkeep]\n|upkeep\n|turn|3\n|\n|t:|1716376294\n|switch|p1a: Flutter Mane|Flutter Mane, L74|203/203\n|-activate|p1a: Flutter Mane|ability: Protosynthesis\n|-start|p1a: Flutter Mane|protosynthesisspa\n|move|p2a: Enamorus|Earth Power|p1a: Flutter Mane\n|-damage|p1a: Flutter Mane|141/203\n|\n|-weather|SunnyDay|[upkeep]\n|upkeep\n|turn|4\n|\n|t:|1716376298\n|move|p1a: Flutter Mane|Moonblast|p2a: Enamorus\n|-damage|p2a: Enamorus|0 fnt\n|faint|p2a: Enamorus\n|\n|-weather|SunnyDay|[upkeep]\n|upkeep\n|\n|t:|1716376302\n|switch|p2a: Bruxish|Bruxish, L85, M|254/254\n|turn|5\n|\n|t:|1716376306\n|-end|p1a: Flutter Mane|Protosynthesis|[silent]\n|switch|p1a: Bastiodon|Bastiodon, L89, F|252/252\n|move|p2a: Bruxish|Psychic Fangs|p1a: Bastiodon\n|-resisted|p1a: Bastiodon\n|-damage|p1a: Bastiodon|210/252\n|\n|-weather|none\n|upkeep\n|turn|6\n|\n|t:|1716376312\n|switch|p2a: Pachirisu|Pachirisu, L96, M|271/271\n|move|p1a: Bastiodon|Body Press|p2a: Pachirisu\n|-damage|p2a: Pachirisu|163/271\n|\n|upkeep\n|turn|7\n|\n|t:|1716376315\n|switch|p1a: Klawf|Klawf, L90, M|272/272\n|move|p2a: Pachirisu|Nuzzle|p1a: Klawf\n|-damage|p1a: Klawf|259/272\n|-status|p1a: Klawf|par\n|\n|upkeep\n|turn|8\n|\n|t:|1716376323\n|move|p2a: Pachirisu|U-turn|p1a: Klawf\n|-damage|p1a: Klawf|230/272 par\n|\n|t:|1716376325\n|switch|p2a: Glalie|Glalie, L96, F|309/309|[from] U-turn\n|move|p1a: Klawf|Stealth Rock|p2a: Glalie\n|-sidestart|p2: nocomment3|move: Stealth Rock\n|\n|upkeep\n|turn|9\n|\n|t:|1716376342\n|move|p2a: Glalie|Spikes|p1a: Klawf\n|-sidestart|p1: MichaelderBeste2|Spikes\n|move|p1a: Klawf|Stone Edge|p2a: Glalie\n|-supereffective|p2a: Glalie\n|-crit|p2a: Glalie\n|-damage|p2a: Glalie|0 fnt\n|faint|p2a: Glalie\n|-damage|p1a: Klawf|203/272 par|[from] item: Life Orb\n|\n|upkeep\n|\n|t:|1716376357\n|switch|p2a: Kingambit|Kingambit, L74, M|190/270\n|-damage|p2a: Kingambit|174/270|[from] Stealth Rock\n|-activate|p2a: Kingambit|ability: Supreme Overlord\n|-start|p2a: Kingambit|fallen2|[silent]\n|turn|10\n|\n|t:|1716376360\n|move|p2a: Kingambit|Swords Dance|p2a: Kingambit\n|-boost|p2a: Kingambit|atk|2\n|move|p1a: Klawf|High Horsepower|p2a: Kingambit\n|-supereffective|p2a: Kingambit\n|-damage|p2a: Kingambit|0 fnt\n|faint|p2a: Kingambit\n|-end|p2a: Kingambit|fallen2|[silent]\n|-damage|p1a: Klawf|176/272 par|[from] item: Life Orb\n|\n|upkeep\n|\n|t:|1716376368\n|switch|p2a: Rayquaza|Rayquaza, L72|270/270\n|-ability|p2a: Rayquaza|Air Lock\n|turn|11\n|\n|t:|1716376371\n|move|p2a: Rayquaza|Dragon Dance|p2a: Rayquaza\n|-boost|p2a: Rayquaza|atk|1\n|-boost|p2a: Rayquaza|spe|1\n|move|p1a: Klawf|Stone Edge|p2a: Rayquaza|[miss]\n|-miss|p1a: Klawf|p2a: Rayquaza\n|\n|upkeep\n|turn|12\n|\n|t:|1716376376\n|move|p2a: Rayquaza|Dragon Dance|p2a: Rayquaza\n|-boost|p2a: Rayquaza|atk|1\n|-boost|p2a: Rayquaza|spe|1\n|move|p1a: Klawf|Stone Edge|p2a: Rayquaza\n|-supereffective|p2a: Rayquaza\n|-damage|p2a: Rayquaza|0 fnt\n|faint|p2a: Rayquaza\n|-damage|p1a: Klawf|149/272 par|[from] item: Life Orb\n|\n|upkeep\n|-message|nocomment3 forfeited.\n|\n|win|MichaelderBeste2\n|raw|MichaelderBeste2's rating: 2433 &rarr; <strong>2448</strong><br />(+15 for winning)\n|raw|nocomment3's rating: 2343 &rarr; <strong>2328</strong><br />(-15 for losing)\n|l|\u2606nocomment3\n|player|p2|\n|l|\u2606MichaelderBeste2\n|player|p1|\n", "inputlog": ">version 7158ead19aeac8750849df2840eabb6dbec77df6\n>start {\"formatid\":\"gen9randombattle\",\"seed\":[12378,46724,27507,26748],\"rated\":\"Rated battle\"}\n>player p1 {\"name\":\"MichaelderBeste2\",\"avatar\":\"#scl1platoon\",\"rating\":2433,\"seed\":[22786,53282,12701,24764]}\n>player p2 {\"name\":\"nocomment3\",\"avatar\":\"1\",\"rating\":2343,\"seed\":[10452,42503,57909,40686]}\n>p1 move uturn\n>p2 move kowtowcleave\n>p1 switch 6\n>p1 move lavaplume\n>p2 switch 2\n>p1 switch 4\n>p2 move earthpower\n>p1 move moonblast\n>p2 move moonblast\n>p2 switch 5\n>p1 switch 2\n>p2 move psychicfangs\n>p1 move bodypress\n>p2 switch 6\n>p1 switch 5\n>p2 move nuzzle\n>p1 move stealthrock\n>p2 move uturn\n>p2 switch 3\n>p1 move stoneedge\n>p2 move spikes\n>p2 switch 2\n>p1 move highhorsepower\n>p2 move swordsdance\n>p2 switch 4\n>p1 move stoneedge\n>p2 move dragondance\n>p1 move stoneedge\n>p2 move dragondance\n>forcelose p2", "uploadtime": 1716376390, "views": 250, "formatid": "gen9randombattle", "rating": 2328, "private": 0, "password": null}