{"id": "gen9randombattle-2260781855", "format": "[Gen 9] Random Battle", "players": ["PowerOutage273", "PokeZ3R0"], "log": "|j|\u2606PowerOutage273\n|j|\u2606PokeZ3R0\n|t:|1733891181\n|gametype|singles\n|player|p1|PowerOutage273|volkner|1700\n|player|p2|PokeZ3R0|1|1676\n|teamsize|p1|6\n|teamsize|p2|6\n|gen|9\n|tier|[Gen 9] Random Battle\n|rated|\n|rule|Species Clause: Limit one of each Pok\u00e9mon\n|rule|HP Percentage Mod: HP is shown in percentages\n|rule|Sleep Clause Mod: Limit one foe put to sleep\n|rule|Illusion Level Mod: Illusion disguises the Pok\u00e9mon's true level\n|\n|t:|1733891181\n|start\n|switch|p1a: Tsareena|Tsareena, L87, F|267/267\n|switch|p2a: Oinkologne|Oinkologne, L92, M|352/352\n|turn|1\n|inactive|Battle timer is ON: inactive players will automatically lose when time's up. (requested by PowerOutage273)\n|\n|t:|1733891221\n|switch|p2a: Glimmora|Glimmora, L75, M|248/248\n|move|p1a: Tsareena|High Jump Kick|p2a: Glimmora|[miss]\n|-miss|p1a: Tsareena|p2a: Glimmora\n|-damage|p1a: Tsareena|134/267|[from] highjumpkick\n|\n|upkeep\n|turn|2\n|inactive|PokeZ3R0 also wants the timer to be on.\n|\n|t:|1733891249\n|move|p1a: Tsareena|Power Whip|p2a: Glimmora\n|-damage|p2a: Glimmora|62/248\n|-activate|p2a: Glimmora|ability: Toxic Debris\n|-sidestart|p1: PowerOutage273|move: Toxic Spikes\n|move|p2a: Glimmora|Sludge Wave|p1a: Tsareena\n|-supereffective|p1a: Tsareena\n|-damage|p1a: Tsareena|14/267\n|\n|upkeep\n|turn|3\n|inactive|PokeZ3R0 has 120 seconds left.\n|\n|t:|1733891277\n|switch|p2a: Glaceon|Glaceon, L94, F|275/275\n|move|p1a: Tsareena|Power Whip|p2a: Glaceon\n|-damage|p2a: Glaceon|152/275\n|\n|upkeep\n|turn|4\n|inactive|PokeZ3R0 has 120 seconds left.\n|\n|t:|1733891282\n|move|p2a: Glaceon|Freeze-Dry|p1a: Tsareena\n|-supereffective|p1a: Tsareena\n|-damage|p1a: Tsareena|0 fnt\n|faint|p1a: Tsareena\n|\n|upkeep\n|\n|t:|1733891287\n|switch|p1a: Ariados|Ariados, L95, F|287/287\n|-sideend|p1: PowerOutage273|move: Toxic Spikes|[of] p1a: Ariados\n|turn|5\n|\n|t:|1733891293\n|move|p2a: Glaceon|Wish|p2a: Glaceon\n|move|p1a: Ariados|Sticky Web|p2a: Glaceon\n|-sidestart|p2: PokeZ3R0|move: Sticky Web\n|\n|upkeep\n|turn|6\n|\n|t:|1733891300\n|move|p2a: Glaceon|Calm Mind|p2a: Glaceon\n|-boost|p2a: Glaceon|spa|1\n|-boost|p2a: Glaceon|spd|1\n|move|p1a: Ariados|Poison Jab|p2a: Glaceon\n|-damage|p2a: Glaceon|73/275\n|\n|-heal|p2a: Glaceon|210/275|[from] move: Wish|[wisher] Glaceon\n|upkeep\n|turn|7\n|\n|t:|1733891316\n|move|p2a: Glaceon|Wish|p2a: Glaceon\n|move|p1a: Ariados|Poison Jab|p2a: Glaceon\n|-damage|p2a: Glaceon|137/275\n|\n|upkeep\n|turn|8\n|\n|t:|1733891325\n|move|p2a: Glaceon|Protect|p2a: Glaceon\n|-singleturn|p2a: Glaceon|Protect\n|move|p1a: Ariados|Poison Jab|p2a: Glaceon\n|-activate|p2a: Glaceon|move: Protect\n|\n|-heal|p2a: Glaceon|274/275|[from] move: Wish|[wisher] Glaceon\n|upkeep\n|turn|9\n|\n|t:|1733891333\n|move|p2a: Glaceon|Calm Mind|p2a: Glaceon\n|-boost|p2a: Glaceon|spa|1\n|-boost|p2a: Glaceon|spd|1\n|move|p1a: Ariados|Poison Jab|p2a: Glaceon\n|-damage|p2a: Glaceon|195/275\n|\n|upkeep\n|turn|10\n|\n|t:|1733891349\n|move|p2a: Glaceon|Wish|p2a: Glaceon\n|move|p1a: Ariados|Poison Jab|p2a: Glaceon\n|-damage|p2a: Glaceon|114/275\n|\n|upkeep\n|turn|11\n|\n|t:|1733891366\n|move|p2a: Glaceon|Protect|p2a: Glaceon\n|-singleturn|p2a: Glaceon|Protect\n|move|p1a: Ariados|Megahorn|p2a: Glaceon\n|-activate|p2a: Glaceon|move: Protect\n|\n|-heal|p2a: Glaceon|251/275|[from] move: Wish|[wisher] Glaceon\n|upkeep\n|turn|12\n|\n|t:|1733891374\n|move|p2a: Glaceon|Calm Mind|p2a: Glaceon\n|-boost|p2a: Glaceon|spa|1\n|-boost|p2a: Glaceon|spd|1\n|move|p1a: Ariados|Poison Jab|p2a: Glaceon\n|-damage|p2a: Glaceon|178/275\n|-status|p2a: Glaceon|psn\n|\n|-damage|p2a: Glaceon|144/275 psn|[from] psn\n|upkeep\n|turn|13\n|\n|t:|1733891379\n|move|p2a: Glaceon|Wish|p2a: Glaceon\n|move|p1a: Ariados|Megahorn|p2a: Glaceon\n|-damage|p2a: Glaceon|17/275 psn\n|\n|-damage|p2a: Glaceon|0 fnt|[from] psn\n|faint|p2a: Glaceon\n|upkeep\n|c|\u2606PowerOutage273|well-\n|inactive|PokeZ3R0 has 120 seconds left.\n|\n|t:|1733891421\n|switch|p2a: Oinkologne|Oinkologne, L92, M|352/352\n|-activate|p2a: Oinkologne|move: Sticky Web\n|-unboost|p2a: Oinkologne|spe|1\n|turn|14\n|\n|t:|1733891427\n|move|p1a: Ariados|Poison Jab|p2a: Oinkologne\n|-damage|p2a: Oinkologne|255/352\n|move|p2a: Oinkologne|Curse|p2a: Oinkologne\n|-unboost|p2a: Oinkologne|spe|1\n|-boost|p2a: Oinkologne|atk|1\n|-boost|p2a: Oinkologne|def|1\n|\n|-heal|p2a: Oinkologne|352/352|[from] move: Wish|[wisher] Glaceon\n|upkeep\n|turn|15\n|inactive|PokeZ3R0 has 120 seconds left.\n|\n|t:|1733891448\n|move|p1a: Ariados|Poison Jab|p2a: Oinkologne\n|-damage|p2a: Oinkologne|285/352\n|move|p2a: Oinkologne|Curse|p2a: Oinkologne\n|-unboost|p2a: Oinkologne|spe|1\n|-boost|p2a: Oinkologne|atk|1\n|-boost|p2a: Oinkologne|def|1\n|\n|-heal|p2a: Oinkologne|307/352|[from] item: Leftovers\n|upkeep\n|turn|16\n|\n|t:|1733891455\n|move|p1a: Ariados|Poison Jab|p2a: Oinkologne\n|-damage|p2a: Oinkologne|258/352\n|move|p2a: Oinkologne|Curse|p2a: Oinkologne\n|-unboost|p2a: Oinkologne|spe|1\n|-boost|p2a: Oinkologne|atk|1\n|-boost|p2a: Oinkologne|def|1\n|\n|-heal|p2a: Oinkologne|280/352|[from] item: Leftovers\n|upkeep\n|turn|17\n|inactive|PokeZ3R0 has 120 seconds left.\n|\n|t:|1733891463\n|move|p1a: Ariados|Poison Jab|p2a: Oinkologne\n|-damage|p2a: Oinkologne|235/352\n|move|p2a: Oinkologne|Double-Edge|p1a: Ariados\n|-damage|p1a: Ariados|0 fnt\n|faint|p1a: Ariados\n|-damage|p2a: Oinkologne|140/352|[from] Recoil\n|\n|-heal|p2a: Oinkologne|162/352|[from] item: Leftovers\n|upkeep\n|\n|t:|1733891472\n|switch|p1a: Dragalge|Dragalge, L88, M|258/258\n|turn|18\n|\n|t:|1733891480\n|move|p1a: Dragalge|Draco Meteor|p2a: Oinkologne\n|-damage|p2a: Oinkologne|0 fnt\n|-unboost|p1a: Dragalge|spa|2\n|faint|p2a: Oinkologne\n|\n|upkeep\n|\n|t:|1733891488\n|switch|p2a: Reuniclus|Reuniclus, L88, M|337/337\n|-activate|p2a: Reuniclus|move: Sticky Web\n|-unboost|p2a: Reuniclus|spe|1\n|turn|19\n|\n|t:|1733891498\n|switch|p1a: Misdreavus|Misdreavus, L90, F|254/254\n|move|p2a: Reuniclus|Calm Mind|p2a: Reuniclus\n|-boost|p2a: Reuniclus|spa|1\n|-boost|p2a: Reuniclus|spd|1\n|\n|upkeep\n|turn|20\n|\n|t:|1733891520\n|move|p1a: Misdreavus|Calm Mind|p1a: Misdreavus\n|-boost|p1a: Misdreavus|spa|1\n|-boost|p1a: Misdreavus|spd|1\n|move|p2a: Reuniclus|Calm Mind|p2a: Reuniclus\n|-boost|p2a: Reuniclus|spa|1\n|-boost|p2a: Reuniclus|spd|1\n|\n|upkeep\n|turn|21\n|\n|t:|1733891527\n|move|p1a: Misdreavus|Calm Mind|p1a: Misdreavus\n|-boost|p1a: Misdreavus|spa|1\n|-boost|p1a: Misdreavus|spd|1\n|move|p2a: Reuniclus|Calm Mind|p2a: Reuniclus\n|-boost|p2a: Reuniclus|spa|1\n|-boost|p2a: Reuniclus|spd|1\n|\n|upkeep\n|turn|22\n|\n|t:|1733891536\n|move|p1a: Misdreavus|Calm Mind|p1a: Misdreavus\n|-boost|p1a: Misdreavus|spa|1\n|-boost|p1a: Misdreavus|spd|1\n|move|p2a: Reuniclus|Calm Mind|p2a: Reuniclus\n|-boost|p2a: Reuniclus|spa|1\n|-boost|p2a: Reuniclus|spd|1\n|\n|upkeep\n|turn|23\n|\n|t:|1733891543\n|move|p1a: Misdreavus|Shadow Ball|p2a: Reuniclus\n|-supereffective|p2a: Reuniclus\n|-damage|p2a: Reuniclus|199/337\n|move|p2a: Reuniclus|Calm Mind|p2a: Reuniclus\n|-boost|p2a: Reuniclus|spa|1\n|-boost|p2a: Reuniclus|spd|1\n|\n|upkeep\n|turn|24\n|\n|t:|1733891553\n|move|p1a: Misdreavus|Shadow Ball|p2a: Reuniclus\n|-supereffective|p2a: Reuniclus\n|-crit|p2a: Reuniclus\n|-damage|p2a: Reuniclus|0 fnt\n|faint|p2a: Reuniclus\n|\n|upkeep\n|c|\u2606PowerOutage273|lol\n|-message|PokeZ3R0 forfeited.\n|\n|win|PowerOutage273\n|raw|PowerOutage273's rating: 1700 &rarr; <strong>1719</strong><br />(+19 for winning)\n|raw|PokeZ3R0's rating: 1676 &rarr; <strong>1657</strong><br />(-19 for losing)\n|l|\u2606PokeZ3R0\n|player|p2|\n", "inputlog": ">version bfd83cad13791eb5a5a409923076391caf6fb4d4\n>start {\"formatid\":\"gen9randombattle\",\"seed\":[17823,62040,12255,30229],\"rated\":\"Rated battle\"}\n>player p1 {\"name\":\"PowerOutage273\",\"avatar\":\"volkner\",\"rating\":1700,\"seed\":[25478,59666,24889,44953]}\n>player p2 {\"name\":\"PokeZ3R0\",\"avatar\":\"1\",\"rating\":1676,\"seed\":[6692,24687,12288,31734]}\n>p1 move highjumpkick\n>p2 switch 5\n>p1 move powerwhip\n>p2 move sludgewave\n>p1 move powerwhip\n>p2 switch 3\n>p1 move highjumpkick\n>p2 move freezedry\n>p1 switch 4\n>p1 move stickyweb\n>p2 move wish\n>p1 move poisonjab\n>p2 move calmmind\n>p1 move poisonjab\n>p2 move wish\n>p1 move poisonjab\n>p2 move protect\n>p1 move poisonjab\n>p2 move calmmind\n>p1 move poisonjab\n>p2 move wish\n>p1 move megahorn\n>p2 move protect\n>p1 move poisonjab\n>p2 move calmmind\n>p1 move megahorn\n>p2 move wish\n>chat \u2606PowerOutage273|well-\n>p2 switch 5\n>p1 move poisonjab\n>p2 move curse\n>p1 move poisonjab\n>p2 move curse\n>p1 move poisonjab\n>p2 move curse\n>p1 move poisonjab\n>p2 move doubleedge\n>p1 switch 5\n>p1 move dracometeor\n>p2 move highhorsepower\n>p2 switch 6\n>p1 switch 6\n>p2 move calmmind\n>p1 move calmmind\n>p2 move calmmind\n>p1 move calmmind\n>p2 move calmmind\n>p1 move calmmind\n>p2 move calmmind\n>p1 move shadowball\n>p2 move calmmind\n>p1 move shadowball\n>p2 move recover\n>chat \u2606PowerOutage273|lol\n>forcelose p2", "uploadtime": 1733891566, "views": 13, "formatid": "gen9randombattle", "rating": 1657, "private": 0, "password": null}