{"id": "gen9randombattle-2260043333", "format": "[Gen 9] Random Battle", "players": ["Dizzle_XX", "Per3"], "log": "|j|\u2606Dizzle_XX\n|j|\u2606Per3\n|t:|1733794871\n|gametype|singles\n|player|p1|Dizzle_XX|emmet|1191\n|player|p2|Per3|2|1216\n|teamsize|p1|6\n|teamsize|p2|6\n|gen|9\n|tier|[Gen 9] Random Battle\n|rated|\n|rule|Species Clause: Limit one of each Pok\u00e9mon\n|rule|HP Percentage Mod: HP is shown in percentages\n|rule|Sleep Clause Mod: Limit one foe put to sleep\n|rule|Illusion Level Mod: Illusion disguises the Pok\u00e9mon's true level\n|\n|t:|1733794871\n|start\n|switch|p1a: Raging Bolt|Raging Bolt, L78|323/323\n|switch|p2a: Iron Hands|Iron Hands, L79|373/373\n|turn|1\n|inactive|Battle timer is ON: inactive players will automatically lose when time's up. (requested by Dizzle_XX)\n|\n|t:|1733794885\n|-end|p2a: Iron Hands|Quark Drive|[silent]\n|switch|p2a: Wo-Chien|Wo-Chien, L83|277/277\n|-ability|p2a: Wo-Chien|Tablets of Ruin\n|move|p1a: Raging Bolt|Volt Switch|p2a: Wo-Chien\n|-resisted|p2a: Wo-Chien\n|-damage|p2a: Wo-Chien|249/277\n|\n|t:|1733794902\n|-end|p1a: Raging Bolt|Protosynthesis|[silent]\n|switch|p1a: Donphan|Donphan, L84, F|288/288|[from] Volt Switch\n|\n|-heal|p2a: Wo-Chien|266/277|[from] item: Leftovers\n|upkeep\n|turn|2\n|\n|t:|1733794916\n|move|p2a: Wo-Chien|Leech Seed|p1a: Donphan|[miss]\n|-miss|p2a: Wo-Chien|p1a: Donphan\n|move|p1a: Donphan|Stealth Rock|p2a: Wo-Chien\n|-sidestart|p2: Per3|move: Stealth Rock\n|\n|-heal|p2a: Wo-Chien|277/277|[from] item: Leftovers\n|upkeep\n|turn|3\n|\n|t:|1733794925\n|move|p2a: Wo-Chien|Knock Off|p1a: Donphan\n|-damage|p1a: Donphan|219/288\n|-enditem|p1a: Donphan|Leftovers|[from] move: Knock Off|[of] p2a: Wo-Chien\n|move|p1a: Donphan|Ice Spinner|p2a: Wo-Chien\n|-supereffective|p2a: Wo-Chien\n|-damage|p2a: Wo-Chien|191/277\n|\n|-heal|p2a: Wo-Chien|208/277|[from] item: Leftovers\n|upkeep\n|turn|4\n|\n|t:|1733794936\n|move|p2a: Wo-Chien|Leech Seed|p1a: Donphan\n|-start|p1a: Donphan|move: Leech Seed\n|move|p1a: Donphan|Ice Spinner|p2a: Wo-Chien\n|-supereffective|p2a: Wo-Chien\n|-crit|p2a: Wo-Chien\n|-damage|p2a: Wo-Chien|78/277\n|\n|-heal|p2a: Wo-Chien|95/277|[from] item: Leftovers\n|-damage|p1a: Donphan|183/288|[from] Leech Seed|[of] p2a: Wo-Chien\n|-heal|p2a: Wo-Chien|131/277|[silent]\n|upkeep\n|turn|5\n|\n|t:|1733794946\n|move|p2a: Wo-Chien|Protect|p2a: Wo-Chien\n|-singleturn|p2a: Wo-Chien|Protect\n|move|p1a: Donphan|Ice Spinner|p2a: Wo-Chien\n|-activate|p2a: Wo-Chien|move: Protect\n|\n|-heal|p2a: Wo-Chien|148/277|[from] item: Leftovers\n|-damage|p1a: Donphan|147/288|[from] Leech Seed|[of] p2a: Wo-Chien\n|-heal|p2a: Wo-Chien|184/277|[silent]\n|upkeep\n|turn|6\n|\n|t:|1733794955\n|move|p2a: Wo-Chien|Giga Drain|p1a: Donphan\n|-supereffective|p1a: Donphan\n|-damage|p1a: Donphan|0 fnt\n|-heal|p2a: Wo-Chien|258/277|[from] drain|[of] p1a: Donphan\n|faint|p1a: Donphan\n|\n|-heal|p2a: Wo-Chien|275/277|[from] item: Leftovers\n|upkeep\n|\n|t:|1733794964\n|switch|p1a: Iron Crown|Iron Crown, L78|268/268\n|turn|7\n|\n|t:|1733794970\n|move|p1a: Iron Crown|Focus Blast|p2a: Wo-Chien|[miss]\n|-miss|p1a: Iron Crown|p2a: Wo-Chien\n|move|p2a: Wo-Chien|Knock Off|p1a: Iron Crown\n|-supereffective|p1a: Iron Crown\n|-damage|p1a: Iron Crown|94/268\n|-enditem|p1a: Iron Crown|Leftovers|[from] move: Knock Off|[of] p2a: Wo-Chien\n|\n|-heal|p2a: Wo-Chien|277/277|[from] item: Leftovers\n|upkeep\n|turn|8\n|\n|t:|1733794980\n|move|p2a: Wo-Chien|Protect|p2a: Wo-Chien\n|-singleturn|p2a: Wo-Chien|Protect\n|move|p1a: Iron Crown|Focus Blast|p2a: Wo-Chien\n|-activate|p2a: Wo-Chien|move: Protect\n|\n|upkeep\n|turn|9\n|\n|t:|1733794986\n|move|p1a: Iron Crown|Focus Blast|p2a: Wo-Chien|[miss]\n|-miss|p1a: Iron Crown|p2a: Wo-Chien\n|move|p2a: Wo-Chien|Knock Off|p1a: Iron Crown\n|-supereffective|p1a: Iron Crown\n|-damage|p1a: Iron Crown|0 fnt\n|faint|p1a: Iron Crown\n|-end|p1a: Iron Crown|Quark Drive|[silent]\n|\n|upkeep\n|\n|t:|1733794992\n|switch|p1a: Raging Bolt|Raging Bolt, L78|323/323\n|turn|10\n|\n|t:|1733794996\n|move|p2a: Wo-Chien|Leech Seed|p1a: Raging Bolt\n|-start|p1a: Raging Bolt|move: Leech Seed\n|move|p1a: Raging Bolt|Draco Meteor|p2a: Wo-Chien\n|-damage|p2a: Wo-Chien|153/277\n|-unboost|p1a: Raging Bolt|spa|2\n|\n|-heal|p2a: Wo-Chien|170/277|[from] item: Leftovers\n|-damage|p1a: Raging Bolt|283/323|[from] Leech Seed|[of] p2a: Wo-Chien\n|-heal|p2a: Wo-Chien|210/277|[silent]\n|upkeep\n|turn|11\n|\n|t:|1733795007\n|move|p2a: Wo-Chien|Knock Off|p1a: Raging Bolt\n|-damage|p1a: Raging Bolt|192/323\n|-enditem|p1a: Raging Bolt|Assault Vest|[from] move: Knock Off|[of] p2a: Wo-Chien\n|move|p1a: Raging Bolt|Volt Switch|p2a: Wo-Chien\n|-resisted|p2a: Wo-Chien\n|-damage|p2a: Wo-Chien|195/277\n|\n|t:|1733795015\n|-end|p1a: Raging Bolt|Protosynthesis|[silent]\n|switch|p1a: Cinccino|Cinccino, L83, F|260/260|[from] Volt Switch\n|\n|-heal|p2a: Wo-Chien|212/277|[from] item: Leftovers\n|upkeep\n|turn|12\n|\n|t:|1733795024\n|move|p1a: Cinccino|Triple Axel|p2a: Wo-Chien\n|-supereffective|p2a: Wo-Chien\n|-damage|p2a: Wo-Chien|184/277\n|-supereffective|p2a: Wo-Chien\n|-damage|p2a: Wo-Chien|126/277\n|-supereffective|p2a: Wo-Chien\n|-damage|p2a: Wo-Chien|46/277\n|-hitcount|p2a: Wo-Chien|3\n|move|p2a: Wo-Chien|Knock Off|p1a: Cinccino\n|-damage|p1a: Cinccino|137/260\n|-enditem|p1a: Cinccino|Loaded Dice|[from] move: Knock Off|[of] p2a: Wo-Chien\n|\n|-heal|p2a: Wo-Chien|63/277|[from] item: Leftovers\n|upkeep\n|turn|13\n|\n|t:|1733795039\n|move|p2a: Wo-Chien|Protect|p2a: Wo-Chien\n|-singleturn|p2a: Wo-Chien|Protect\n|move|p1a: Cinccino|Tidy Up|p1a: Cinccino\n|-sideend|p2: Per3|Stealth Rock\n|-activate|p1a: Cinccino|move: Tidy Up\n|-boost|p1a: Cinccino|atk|1\n|-boost|p1a: Cinccino|spe|1\n|\n|-heal|p2a: Wo-Chien|80/277|[from] item: Leftovers\n|upkeep\n|turn|14\n|\n|t:|1733795048\n|move|p2a: Wo-Chien|Protect|p2a: Wo-Chien\n|-singleturn|p2a: Wo-Chien|Protect\n|move|p1a: Cinccino|Triple Axel|p2a: Wo-Chien\n|-activate|p2a: Wo-Chien|move: Protect\n|\n|-heal|p2a: Wo-Chien|97/277|[from] item: Leftovers\n|upkeep\n|turn|15\n|\n|t:|1733795060\n|switch|p2a: Pelipper|Pelipper, L86, M|243/243\n|-weather|RainDance|[from] ability: Drizzle|[of] p2a: Pelipper\n|move|p1a: Cinccino|Triple Axel|p2a: Pelipper\n|-damage|p2a: Pelipper|213/243\n|-damage|p2a: Pelipper|159/243\n|-damage|p2a: Pelipper|83/243\n|-hitcount|p2a: Pelipper|3\n|\n|-weather|RainDance|[upkeep]\n|upkeep\n|turn|16\n|\n|t:|1733795081\n|move|p1a: Cinccino|Bullet Seed|p2a: Pelipper\n|-damage|p2a: Pelipper|49/243\n|-damage|p2a: Pelipper|18/243\n|-hitcount|p2a: Pelipper|2\n|move|p2a: Pelipper|Hurricane|p1a: Cinccino\n|-damage|p1a: Cinccino|0 fnt\n|faint|p1a: Cinccino\n|\n|-weather|RainDance|[upkeep]\n|upkeep\n|\n|t:|1733795087\n|switch|p1a: Raging Bolt|Raging Bolt, L78|192/323\n|turn|17\n|\n|t:|1733795112\n|switch|p2a: Iron Hands|Iron Hands, L79|373/373\n|move|p1a: Raging Bolt|Discharge|p2a: Iron Hands\n|-resisted|p2a: Iron Hands\n|-damage|p2a: Iron Hands|333/373\n|\n|-weather|RainDance|[upkeep]\n|upkeep\n|turn|18\n|-message|Dizzle_XX forfeited.\n|\n|win|Per3\n|raw|Dizzle_XX's rating: 1191 &rarr; <strong>1168</strong><br />(-23 for losing)\n|raw|Per3's rating: 1216 &rarr; <strong>1239</strong><br />(+23 for winning)\n|l|\u2606Dizzle_XX\n|player|p1|\n", "inputlog": ">version bfd83cad13791eb5a5a409923076391caf6fb4d4\n>start {\"formatid\":\"gen9randombattle\",\"seed\":[4505,21704,638,9677],\"rated\":\"Rated battle\"}\n>player p1 {\"name\":\"Dizzle_XX\",\"avatar\":\"emmet\",\"rating\":1191,\"seed\":[32946,41611,9579,65374]}\n>player p2 {\"name\":\"Per3\",\"avatar\":\"2\",\"rating\":1216,\"seed\":[46359,2180,35614,43484]}\n>p1 move voltswitch\n>p2 switch 3\n>p1 switch 6\n>p1 move stealthrock\n>p2 move leechseed\n>p1 move icespinner\n>p2 move knockoff\n>p1 move icespinner\n>p2 move leechseed\n>p1 move icespinner\n>p2 move protect\n>p1 move icespinner\n>p2 move gigadrain\n>p1 switch 4\n>p1 move focusblast\n>p2 move knockoff\n>p1 move focusblast\n>p2 move protect\n>p1 move focusblast\n>p2 move knockoff\n>p1 switch 6\n>p1 move dracometeor\n>p2 move leechseed\n>p1 move voltswitch\n>p2 move knockoff\n>p1 switch 5\n>p1 move tripleaxel\n>p2 move knockoff\n>p1 move tidyup\n>p2 move protect\n>p1 move tripleaxel\n>p2 move protect\n>p1 move tripleaxel\n>p2 switch 4\n>p1 move bulletseed\n>p2 move hurricane\n>p1 switch 5\n>p1 move discharge\n>p2 switch 3\n>forcelose p1", "uploadtime": 1733795145, "views": 10, "formatid": "gen9randombattle", "rating": 1168, "private": 0, "password": null}