{"id": "gen9randombattle-2260581760", "format": "[Gen 9] Random Battle", "players": ["DeletingTravis", "catericraft"], "log": "|j|\u2606DeletingTravis\n|j|\u2606catericraft\n|t:|1733865857\n|gametype|singles\n|player|p1|DeletingTravis|266|1099\n|player|p2|catericraft|102|1053\n|teamsize|p1|6\n|teamsize|p2|6\n|gen|9\n|tier|[Gen 9] Random Battle\n|rated|\n|rule|Species Clause: Limit one of each Pok\u00e9mon\n|rule|HP Percentage Mod: HP is shown in percentages\n|rule|Sleep Clause Mod: Limit one foe put to sleep\n|rule|Illusion Level Mod: Illusion disguises the Pok\u00e9mon's true level\n|\n|t:|1733865857\n|start\n|switch|p1a: Beartic|Beartic, L91, F|321/321\n|switch|p2a: Cresselia|Cresselia, L80, F|323/323\n|turn|1\n|inactive|Battle timer is ON: inactive players will automatically lose when time's up. (requested by catericraft)\n|\n|t:|1733865877\n|-terastallize|p2a: Cresselia|Steel\n|move|p2a: Cresselia|Calm Mind|p2a: Cresselia\n|-boost|p2a: Cresselia|spa|1\n|-boost|p2a: Cresselia|spd|1\n|move|p1a: Beartic|Icicle Crash|p2a: Cresselia\n|-resisted|p2a: Cresselia\n|-damage|p2a: Cresselia|266/323\n|\n|-heal|p2a: Cresselia|286/323|[from] item: Leftovers\n|upkeep\n|turn|2\n|\n|t:|1733865894\n|switch|p1a: Mienshao|Mienshao, L83, M|243/243\n|move|p2a: Cresselia|Calm Mind|p2a: Cresselia\n|-boost|p2a: Cresselia|spa|1\n|-boost|p2a: Cresselia|spd|1\n|\n|-heal|p2a: Cresselia|306/323|[from] item: Leftovers\n|upkeep\n|turn|3\n|\n|t:|1733865904\n|move|p1a: Mienshao|High Jump Kick|p2a: Cresselia\n|-supereffective|p2a: Cresselia\n|-damage|p2a: Cresselia|0 fnt\n|faint|p2a: Cresselia\n|\n|upkeep\n|\n|t:|1733865909\n|switch|p2a: Uxie|Uxie, L83|260/260\n|turn|4\n|\n|t:|1733865919\n|switch|p1a: Tyranitar|Tyranitar, L79, F|288/288\n|-weather|Sandstorm|[from] ability: Sand Stream|[of] p1a: Tyranitar\n|move|p2a: Uxie|Psychic Noise|p1a: Tyranitar\n|-immune|p1a: Tyranitar\n|\n|-weather|Sandstorm|[upkeep]\n|-damage|p2a: Uxie|244/260|[from] Sandstorm\n|-heal|p2a: Uxie|260/260|[from] item: Leftovers\n|upkeep\n|turn|5\n|\n|t:|1733865936\n|move|p2a: Uxie|Knock Off|p1a: Tyranitar\n|-resisted|p1a: Tyranitar\n|-damage|p1a: Tyranitar|263/288\n|-enditem|p1a: Tyranitar|Leftovers|[from] move: Knock Off|[of] p2a: Uxie\n|move|p1a: Tyranitar|Knock Off|p2a: Uxie\n|-supereffective|p2a: Uxie\n|-damage|p2a: Uxie|96/260\n|-enditem|p2a: Uxie|Leftovers|[from] move: Knock Off|[of] p1a: Tyranitar\n|\n|-weather|Sandstorm|[upkeep]\n|-damage|p2a: Uxie|80/260|[from] Sandstorm\n|upkeep\n|turn|6\n|\n|t:|1733865947\n|move|p2a: Uxie|Stealth Rock|p1a: Tyranitar\n|-sidestart|p1: DeletingTravis|move: Stealth Rock\n|move|p1a: Tyranitar|Knock Off|p2a: Uxie\n|-supereffective|p2a: Uxie\n|-damage|p2a: Uxie|0 fnt\n|faint|p2a: Uxie\n|\n|-weather|Sandstorm|[upkeep]\n|upkeep\n|\n|t:|1733865953\n|switch|p2a: Sunflora|Sunflora, M|312/312\n|turn|7\n|\n|t:|1733865962\n|switch|p1a: Beartic|Beartic, L91, F|321/321\n|move|p2a: Sunflora|Sunny Day|p2a: Sunflora\n|-weather|SunnyDay\n|\n|-weather|SunnyDay|[upkeep]\n|upkeep\n|turn|8\n|\n|t:|1733865973\n|move|p2a: Sunflora|Weather Ball|p1a: Beartic\n|-supereffective|p1a: Beartic\n|-damage|p1a: Beartic|0 fnt\n|faint|p1a: Beartic\n|-damage|p2a: Sunflora|281/312|[from] item: Life Orb\n|\n|-weather|SunnyDay|[upkeep]\n|upkeep\n|\n|t:|1733865985\n|switch|p1a: Tyranitar|Tyranitar, L79, F|263/288\n|-damage|p1a: Tyranitar|227/288|[from] Stealth Rock\n|-weather|Sandstorm|[from] ability: Sand Stream|[of] p1a: Tyranitar\n|turn|9\n|\n|t:|1733865998\n|move|p1a: Tyranitar|Knock Off|p2a: Sunflora\n|-damage|p2a: Sunflora|137/312\n|-enditem|p2a: Sunflora|Life Orb|[from] move: Knock Off|[of] p1a: Tyranitar\n|move|p2a: Sunflora|Earth Power|p1a: Tyranitar\n|-supereffective|p1a: Tyranitar\n|-damage|p1a: Tyranitar|99/288\n|\n|-weather|Sandstorm|[upkeep]\n|-damage|p2a: Sunflora|118/312|[from] Sandstorm\n|upkeep\n|turn|10\n|\n|t:|1733866010\n|move|p1a: Tyranitar|Earthquake|p2a: Sunflora\n|-resisted|p2a: Sunflora\n|-damage|p2a: Sunflora|70/312\n|move|p2a: Sunflora|Earth Power|p1a: Tyranitar\n|-supereffective|p1a: Tyranitar\n|-damage|p1a: Tyranitar|0 fnt\n|faint|p1a: Tyranitar\n|\n|-weather|Sandstorm|[upkeep]\n|-damage|p2a: Sunflora|51/312|[from] Sandstorm\n|upkeep\n|inactive|DeletingTravis has 120 seconds left.\n|\n|t:|1733866045\n|switch|p1a: Indeedee|Indeedee, L84, M|238/238\n|-damage|p1a: Indeedee|209/238|[from] Stealth Rock\n|-fieldstart|move: Psychic Terrain|[from] ability: Psychic Surge|[of] p1a: Indeedee\n|turn|11\n|\n|t:|1733866054\n|move|p1a: Indeedee|Expanding Force|p2a: Sunflora\n|-damage|p2a: Sunflora|0 fnt\n|faint|p2a: Sunflora\n|-damage|p1a: Indeedee|186/238|[from] item: Life Orb\n|\n|-weather|Sandstorm|[upkeep]\n|-damage|p1a: Indeedee|172/238|[from] Sandstorm\n|upkeep\n|\n|t:|1733866065\n|switch|p2a: Dugtrio|Dugtrio, L84, F|196/196\n|turn|12\n|\n|t:|1733866072\n|move|p2a: Dugtrio|Throat Chop|p1a: Indeedee\n|-supereffective|p1a: Indeedee\n|-damage|p1a: Indeedee|0 fnt\n|faint|p1a: Indeedee\n|\n|-weather|Sandstorm|[upkeep]\n|upkeep\n|\n|t:|1733866080\n|switch|p1a: Blastoise|Blastoise, L80, M|258/258\n|-damage|p1a: Blastoise|226/258|[from] Stealth Rock\n|turn|13\n|\n|t:|1733866087\n|move|p2a: Dugtrio|Throat Chop|p1a: Blastoise\n|-damage|p1a: Blastoise|141/258\n|-start|p1a: Blastoise|Throat Chop|[silent]\n|move|p1a: Blastoise|Hydro Pump|p2a: Dugtrio|[miss]\n|-miss|p1a: Blastoise|p2a: Dugtrio\n|\n|-weather|none\n|upkeep\n|turn|14\n|\n|t:|1733866094\n|move|p2a: Dugtrio|Throat Chop|p1a: Blastoise\n|-damage|p1a: Blastoise|64/258\n|move|p1a: Blastoise|Hydro Pump|p2a: Dugtrio\n|-supereffective|p2a: Dugtrio\n|-damage|p2a: Dugtrio|0 fnt\n|faint|p2a: Dugtrio\n|\n|-end|p1a: Blastoise|Throat Chop|[silent]\n|upkeep\n|\n|t:|1733866101\n|switch|p2a: Lucario|Lucario, L84, F|255/255\n|turn|15\n|\n|t:|1733866107\n|move|p2a: Lucario|Nasty Plot|p2a: Lucario\n|-boost|p2a: Lucario|spa|2\n|move|p1a: Blastoise|Earthquake|p2a: Lucario\n|-supereffective|p2a: Lucario\n|-damage|p2a: Lucario|125/255\n|\n|-fieldend|move: Psychic Terrain\n|upkeep\n|turn|16\n|\n|t:|1733866115\n|move|p2a: Lucario|Vacuum Wave|p1a: Blastoise\n|-damage|p1a: Blastoise|0 fnt\n|faint|p1a: Blastoise\n|-damage|p2a: Lucario|100/255|[from] item: Life Orb\n|\n|upkeep\n|\n|t:|1733866122\n|switch|p1a: Mienshao|Mienshao, L83, M|243/243\n|-damage|p1a: Mienshao|228/243|[from] Stealth Rock\n|turn|17\n|\n|t:|1733866134\n|move|p2a: Lucario|Vacuum Wave|p1a: Mienshao\n|-damage|p1a: Mienshao|49/243\n|-damage|p2a: Lucario|75/255|[from] item: Life Orb\n|move|p1a: Mienshao|High Jump Kick|p2a: Lucario\n|-supereffective|p2a: Lucario\n|-damage|p2a: Lucario|0 fnt\n|faint|p2a: Lucario\n|\n|upkeep\n|\n|t:|1733866141\n|switch|p2a: Heatran|Heatran, L79, F|273/273\n|turn|18\n|\n|t:|1733866150\n|move|p1a: Mienshao|High Jump Kick|p2a: Heatran\n|-supereffective|p2a: Heatran\n|-damage|p2a: Heatran|0 fnt\n|faint|p2a: Heatran\n|\n|win|DeletingTravis\n|raw|DeletingTravis's rating: 1099 &rarr; <strong>1121</strong><br />(+22 for winning)\n|raw|catericraft's rating: 1053 &rarr; <strong>1037</strong><br />(-16 for losing)\n|l|\u2606catericraft\n|player|p2|\n", "inputlog": ">version bfd83cad13791eb5a5a409923076391caf6fb4d4\n>start {\"formatid\":\"gen9randombattle\",\"seed\":[41546,1498,29494,41264],\"rated\":\"Rated battle\"}\n>player p1 {\"name\":\"DeletingTravis\",\"avatar\":\"266\",\"rating\":1099,\"seed\":[64598,16893,64493,25393]}\n>player p2 {\"name\":\"catericraft\",\"avatar\":\"102\",\"rating\":1053,\"seed\":[11332,31826,19558,56774]}\n>p1 move iciclecrash\n>p2 move calmmind terastallize\n>p1 switch 6\n>p2 move calmmind\n>p1 move highjumpkick\n>p2 move psyshock\n>p2 switch 3\n>p1 switch 4\n>p2 move psychicnoise\n>p1 move knockoff\n>p2 move knockoff\n>p1 move knockoff\n>p2 move stealthrock\n>p2 switch 2\n>p1 switch 6\n>p2 move sunnyday\n>p1 move snowscape\n>p2 move weatherball\n>p1 switch 6\n>p1 move knockoff\n>p2 move earthpower\n>p1 move earthquake\n>p2 move earthpower\n>p1 switch 5\n>p1 move expandingforce\n>p2 move weatherball\n>p2 switch 6\n>p1 move expandingforce\n>p2 move throatchop\n>p1 switch 3\n>p1 move hydropump\n>p2 move throatchop\n>p1 move hydropump\n>p2 move throatchop\n>p2 switch 4\n>p1 move earthquake\n>p2 move nastyplot\n>p1 move earthquake\n>p2 move vacuumwave\n>p1 switch 4\n>p1 move highjumpkick\n>p2 move vacuumwave\n>p2 switch 5\n>p1 move highjumpkick\n>p2 move lavaplume", "uploadtime": 1733866718, "views": 1, "formatid": "gen9randombattle", "rating": 1037, "private": 0, "password": null}