{"id": "gen9randombattle-2154439517", "format": "[Gen 9] Random Battle", "players": ["kfc_jayd", "scyther225"], "log": "|badge|p1|bronze|gen9randombattle|100-2\n|uhtml|medal-msg|<div class=\"broadcast-blue\">Curious what those medals under the avatar are? PS now has Ladder Seasons! For more information, check out the <a href=\"https://www.smogon.com/forums/threads/3740067/\">thread on Smogon.</a></div>\n|j|\u2606kfc_jayd\n|j|\u2606scyther225\n|t:|1720014545\n|gametype|singles\n|player|p1|kfc_jayd|170|2322\n|player|p2|scyther225|acetrainer-gen4dp|2351\n|teamsize|p1|6\n|teamsize|p2|6\n|gen|9\n|tier|[Gen 9] Random Battle\n|rated|\n|rule|Species Clause: Limit one of each Pok\u00e9mon\n|rule|HP Percentage Mod: HP is shown in percentages\n|rule|Sleep Clause Mod: Limit one foe put to sleep\n|rule|Illusion Level Mod: Illusion disguises the Pok\u00e9mon's true level\n|\n|t:|1720014545\n|start\n|switch|p1a: Corviknight|Corviknight, L80, M|288/288\n|switch|p2a: Entei|Entei, L78|307/307\n|turn|1\n|\n|t:|1720014582\n|switch|p1a: Basculegion|Basculegion, L81, M|327/327\n|move|p2a: Entei|Sacred Fire|p1a: Basculegion\n|-resisted|p1a: Basculegion\n|-damage|p1a: Basculegion|228/327\n|\n|upkeep\n|turn|2\n|\n|t:|1720014589\n|switch|p2a: Skuntank|Skuntank, L84, F|310/310\n|move|p1a: Basculegion|Flip Turn|p2a: Skuntank\n|-damage|p2a: Skuntank|202/310\n|\n|t:|1720014604\n|switch|p1a: Sandy Shocks|Sandy Shocks, L80|267/267|[from] Flip Turn\n|\n|upkeep\n|turn|3\n|\n|t:|1720014607\n|switch|p2a: Gliscor|Gliscor, L76, M|239/239\n|move|p1a: Sandy Shocks|Earth Power|p2a: Gliscor\n|-immune|p2a: Gliscor\n|\n|-status|p2a: Gliscor|tox|[from] item: Toxic Orb\n|upkeep\n|turn|4\n|\n|t:|1720014639\n|-end|p1a: Sandy Shocks|Protosynthesis|[silent]\n|switch|p1a: Corviknight|Corviknight, L80, M|288/288\n|move|p2a: Gliscor|Toxic|p1a: Corviknight\n|-immune|p1a: Corviknight\n|\n|upkeep\n|turn|5\n|\n|t:|1720014646\n|switch|p2a: Entei|Entei, L78|307/307\n|move|p1a: Corviknight|Brave Bird|p2a: Entei\n|-damage|p2a: Entei|196/307\n|-damage|p1a: Corviknight|251/288|[from] Recoil\n|\n|-heal|p1a: Corviknight|269/288|[from] item: Leftovers\n|upkeep\n|turn|6\n|\n|t:|1720014670\n|switch|p1a: Basculegion|Basculegion, L81, M|228/327\n|move|p2a: Entei|Sacred Fire|p1a: Basculegion\n|-resisted|p1a: Basculegion\n|-damage|p1a: Basculegion|129/327\n|-status|p1a: Basculegion|brn\n|\n|-damage|p1a: Basculegion|109/327 brn|[from] brn\n|upkeep\n|turn|7\n|\n|t:|1720014681\n|switch|p2a: Skuntank|Skuntank, L84, F|202/310\n|move|p1a: Basculegion|Flip Turn|p2a: Skuntank\n|-damage|p2a: Skuntank|146/310\n|\n|t:|1720014699\n|switch|p1a: Sandy Shocks|Sandy Shocks, L80|267/267|[from] Flip Turn\n|\n|upkeep\n|turn|8\n|\n|t:|1720014710\n|-end|p1a: Sandy Shocks|Protosynthesis|[silent]\n|switch|p1a: Corviknight|Corviknight, L80, M|269/288\n|switch|p2a: Gliscor|Gliscor, L76, M|239/239 tox\n|\n|-heal|p1a: Corviknight|287/288|[from] item: Leftovers\n|upkeep\n|turn|9\n|\n|t:|1720014736\n|switch|p2a: Skuntank|Skuntank, L84, F|146/310\n|move|p1a: Corviknight|U-turn|p2a: Skuntank\n|-damage|p2a: Skuntank|98/310\n|\n|t:|1720014751\n|switch|p1a: Sandy Shocks|Sandy Shocks, L80|267/267|[from] U-turn\n|\n|upkeep\n|turn|10\n|\n|t:|1720014767\n|switch|p2a: Gliscor|Gliscor, L76, M|239/239 tox\n|move|p1a: Sandy Shocks|Volt Switch|p2a: Gliscor\n|-immune|p2a: Gliscor\n|\n|upkeep\n|turn|11\n|\n|t:|1720014772\n|-end|p1a: Sandy Shocks|Protosynthesis|[silent]\n|switch|p1a: Corviknight|Corviknight, L80, M|287/288\n|switch|p2a: Entei|Entei, L78|196/307\n|\n|-heal|p1a: Corviknight|288/288|[from] item: Leftovers\n|upkeep\n|turn|12\n|\n|t:|1720014799\n|switch|p1a: Lugia|Lugia, L72|272/272\n|move|p2a: Entei|Sacred Fire|p1a: Lugia\n|-damage|p1a: Lugia|208/272\n|\n|upkeep\n|turn|13\n|\n|t:|1720014810\n|move|p2a: Entei|Sacred Fire|p1a: Lugia|[miss]\n|-miss|p2a: Entei|p1a: Lugia\n|move|p1a: Lugia|Recover|p1a: Lugia\n|-heal|p1a: Lugia|272/272\n|\n|upkeep\n|turn|14\n|\n|t:|1720014815\n|move|p2a: Entei|Sacred Fire|p1a: Lugia\n|-damage|p1a: Lugia|206/272\n|move|p1a: Lugia|Calm Mind|p1a: Lugia\n|-boost|p1a: Lugia|spa|1\n|-boost|p1a: Lugia|spd|1\n|\n|upkeep\n|turn|15\n|\n|t:|1720014820\n|move|p2a: Entei|Sacred Fire|p1a: Lugia\n|-damage|p1a: Lugia|74/272\n|-status|p1a: Lugia|brn\n|move|p1a: Lugia|Recover|p1a: Lugia\n|-heal|p1a: Lugia|210/272 brn\n|\n|-damage|p1a: Lugia|193/272 brn|[from] brn\n|upkeep\n|turn|16\n|\n|t:|1720014838\n|move|p2a: Entei|Sacred Fire|p1a: Lugia\n|-damage|p1a: Lugia|67/272 brn\n|move|p1a: Lugia|Recover|p1a: Lugia\n|-heal|p1a: Lugia|203/272 brn\n|\n|-damage|p1a: Lugia|186/272 brn|[from] brn\n|upkeep\n|turn|17\n|\n|t:|1720014858\n|switch|p2a: Scyther|Scyther, L82, F|249/249\n|move|p1a: Lugia|Recover|p1a: Lugia\n|-heal|p1a: Lugia|272/272 brn\n|\n|-damage|p1a: Lugia|255/272 brn|[from] brn\n|upkeep\n|turn|18\n|\n|t:|1720014869\n|move|p2a: Scyther|Dual Wingbeat|p1a: Lugia\n|-damage|p1a: Lugia|198/272 brn\n|-damage|p1a: Lugia|140/272 brn\n|-hitcount|p1a: Lugia|2\n|move|p1a: Lugia|Aeroblast|p2a: Scyther\n|-supereffective|p2a: Scyther\n|-damage|p2a: Scyther|3/249\n|\n|-damage|p1a: Lugia|123/272 brn|[from] brn\n|upkeep\n|turn|19\n|\n|t:|1720014876\n|move|p2a: Scyther|Dual Wingbeat|p1a: Lugia\n|-damage|p1a: Lugia|68/272 brn\n|-damage|p1a: Lugia|8/272 brn\n|-hitcount|p1a: Lugia|2\n|move|p1a: Lugia|Recover|p1a: Lugia\n|-heal|p1a: Lugia|144/272 brn\n|\n|-damage|p1a: Lugia|127/272 brn|[from] brn\n|upkeep\n|turn|20\n|\n|t:|1720014898\n|move|p2a: Scyther|Dual Wingbeat|p1a: Lugia\n|-damage|p1a: Lugia|72/272 brn\n|-damage|p1a: Lugia|11/272 brn\n|-hitcount|p1a: Lugia|2\n|move|p1a: Lugia|Aeroblast|p2a: Scyther\n|-supereffective|p2a: Scyther\n|-damage|p2a: Scyther|0 fnt\n|faint|p2a: Scyther\n|\n|-damage|p1a: Lugia|0 fnt|[from] brn\n|faint|p1a: Lugia\n|upkeep\n|inactive|Battle timer is ON: inactive players will automatically lose when time's up. (requested by kfc_jayd)\n|\n|t:|1720014949\n|switch|p2a: Falinks|Falinks, L85|249/249\n|switch|p1a: Basculegion|Basculegion, L81, M|109/327 brn\n|turn|21\n|\n|t:|1720014976\n|move|p2a: Falinks|No Retreat|p2a: Falinks\n|-boost|p2a: Falinks|atk|1\n|-boost|p2a: Falinks|def|1\n|-boost|p2a: Falinks|spa|1\n|-boost|p2a: Falinks|spd|1\n|-boost|p2a: Falinks|spe|1\n|-start|p2a: Falinks|move: No Retreat\n|move|p1a: Basculegion|Flip Turn|p2a: Falinks\n|-damage|p2a: Falinks|220/249\n|inactive|kfc_jayd has 120 seconds left.\n|inactive|kfc_jayd has 90 seconds left.\n|inactive|kfc_jayd has 60 seconds left.\n|\n|t:|1720015047\n|switch|p1a: Sandy Shocks|Sandy Shocks, L80|267/267|[from] Flip Turn\n|\n|upkeep\n|turn|22\n|\n|t:|1720015054\n|move|p2a: Falinks|Close Combat|p1a: Sandy Shocks\n|-damage|p1a: Sandy Shocks|10/267\n|-unboost|p2a: Falinks|def|1\n|-unboost|p2a: Falinks|spd|1\n|-damage|p2a: Falinks|196/249|[from] item: Life Orb\n|move|p1a: Sandy Shocks|Thunder Wave|p2a: Falinks\n|-status|p2a: Falinks|par\n|\n|upkeep\n|turn|23\n|\n|t:|1720015065\n|move|p1a: Sandy Shocks|Volt Switch|p2a: Falinks\n|-damage|p2a: Falinks|87/249 par\n|\n|t:|1720015068\n|-end|p1a: Sandy Shocks|Protosynthesis|[silent]\n|switch|p1a: Basculegion|Basculegion, L81, M|109/327 brn|[from] Volt Switch\n|move|p2a: Falinks|Knock Off|p1a: Basculegion\n|-supereffective|p1a: Basculegion\n|-damage|p1a: Basculegion|0 fnt\n|-enditem|p1a: Basculegion|Assault Vest|[from] move: Knock Off|[of] p2a: Falinks\n|faint|p1a: Basculegion\n|-damage|p2a: Falinks|63/249 par|[from] item: Life Orb\n|\n|upkeep\n|\n|t:|1720015079\n|switch|p1a: Sandy Shocks|Sandy Shocks, L80|10/267\n|turn|24\n|\n|t:|1720015092\n|move|p1a: Sandy Shocks|Volt Switch|p2a: Falinks\n|-damage|p2a: Falinks|0 fnt\n|faint|p2a: Falinks\n|\n|t:|1720015094\n|-end|p1a: Sandy Shocks|Protosynthesis|[silent]\n|switch|p1a: Sandaconda|Sandaconda, L84, M|258/258|[from] Volt Switch\n|\n|upkeep\n|\n|t:|1720015108\n|switch|p2a: Gliscor|Gliscor, L76, M|239/239 tox\n|turn|25\n|\n|t:|1720015120\n|move|p2a: Gliscor|Toxic|p1a: Sandaconda|[miss]\n|-miss|p2a: Gliscor|p1a: Sandaconda\n|move|p1a: Sandaconda|Coil|p1a: Sandaconda\n|-boost|p1a: Sandaconda|atk|1\n|-boost|p1a: Sandaconda|def|1\n|-boost|p1a: Sandaconda|accuracy|1\n|\n|upkeep\n|turn|26\n|\n|t:|1720015124\n|move|p2a: Gliscor|Toxic|p1a: Sandaconda|[miss]\n|-miss|p2a: Gliscor|p1a: Sandaconda\n|move|p1a: Sandaconda|Coil|p1a: Sandaconda\n|-boost|p1a: Sandaconda|atk|1\n|-boost|p1a: Sandaconda|def|1\n|-boost|p1a: Sandaconda|accuracy|1\n|\n|upkeep\n|turn|27\n|-message|scyther225 forfeited.\n|\n|win|kfc_jayd\n|raw|kfc_jayd's rating: 2322 &rarr; <strong>2344</strong><br />(+22 for winning)\n|raw|scyther225's rating: 2351 &rarr; <strong>2329</strong><br />(-22 for losing)\n|l|\u2606scyther225\n|player|p2|\n", "inputlog": ">version 26771249c35d7a4b83b8b432d5cb35999166eb23\n>start {\"formatid\":\"gen9randombattle\",\"seed\":[27718,61095,39056,12220],\"rated\":\"Rated battle\"}\n>player p1 {\"name\":\"kfc_jayd\",\"avatar\":\"170\",\"rating\":2322,\"seed\":[61754,60690,51572,51235]}\n>player p2 {\"name\":\"scyther225\",\"avatar\":\"acetrainer-gen4dp\",\"rating\":2351,\"seed\":[16712,58960,43475,32763]}\n>p1 switch 3\n>p2 move sacredfire\n>p1 move flipturn\n>p2 switch 4\n>p1 switch 2\n>p1 move earthpower\n>p2 switch 6\n>p1 switch 3\n>p2 move toxic\n>p1 move bravebird\n>p2 switch 4\n>p1 switch 2\n>p2 move sacredfire\n>p1 move flipturn\n>p2 switch 6\n>p1 switch 3\n>p1 switch 2\n>p2 switch 4\n>p1 move uturn\n>p2 switch 4\n>p1 switch 2\n>p1 move voltswitch\n>p2 switch 4\n>p1 switch 2\n>p2 switch 6\n>p1 switch 5\n>p2 move sacredfire\n>p1 move recover\n>p2 move sacredfire\n>p1 move calmmind\n>p2 move sacredfire\n>p1 move recover\n>p2 move sacredfire\n>p1 move recover\n>p2 move sacredfire\n>p1 move recover\n>p2 switch 2\n>p1 move aeroblast\n>p2 move dualwingbeat\n>p1 move recover\n>p2 move dualwingbeat\n>p1 move aeroblast\n>p2 move dualwingbeat\n>p1 switch 3\n>p2 switch 5\n>p1 move flipturn\n>p2 move noretreat\n>p1 switch 2\n>p1 move thunderwave\n>p2 move closecombat\n>p1 move voltswitch\n>p2 move knockoff\n>p1 switch 2\n>p1 switch 2\n>p1 move voltswitch\n>p2 move closecombat\n>p1 switch 4\n>p2 switch 6\n>p1 move coil\n>p2 move toxic\n>p1 move coil\n>p2 move toxic\n>forcelose p2", "uploadtime": 1720015181, "views": 166, "formatid": "gen9randombattle", "rating": 2329, "private": 0, "password": null}