{"id": "gen9randombattle-2165982767", "format": "[Gen 9] Random Battle", "players": ["MichaelderBeste2", "paysa"], "log": "|badge|p1|silver|gen9randombattle|30-2\n|uhtml|medal-msg|<div class=\"broadcast-blue\">Curious what those medals under the avatar are? PS now has Ladder Seasons! For more information, check out the <a href=\"https://www.smogon.com/forums/threads/3740067/\">thread on Smogon.</a></div>\n|badge|p2|bronze|gen9randombattle|100-2\n|uhtml|medal-msg|<div class=\"broadcast-blue\">Curious what those medals under the avatar are? PS now has Ladder Seasons! For more information, check out the <a href=\"https://www.smogon.com/forums/threads/3740067/\">thread on Smogon.</a></div>\n|j|\u2606MichaelderBeste2\n|j|\u2606paysa\n|t:|1721743756\n|gametype|singles\n|player|p1|MichaelderBeste2|#wcop2021germany|2500\n|player|p2|paysa|viola-masters|2414\n|teamsize|p1|6\n|teamsize|p2|6\n|gen|9\n|tier|[Gen 9] Random Battle\n|rated|\n|rule|Species Clause: Limit one of each Pok\u00e9mon\n|rule|HP Percentage Mod: HP is shown in percentages\n|rule|Sleep Clause Mod: Limit one foe put to sleep\n|rule|Illusion Level Mod: Illusion disguises the Pok\u00e9mon's true level\n|\n|t:|1721743756\n|start\n|switch|p1a: Meowscarada|Meowscarada, L78, M|247/247\n|switch|p2a: Mightyena|Mightyena, L95, F|287/287\n|-ability|p2a: Mightyena|Intimidate|boost\n|-unboost|p1a: Meowscarada|atk|1\n|turn|1\n|inactive|Battle timer is ON: inactive players will automatically lose when time's up. (requested by paysa)\n|j| Referrals\n|inactive|paysa has 120 seconds left.\n|\n|t:|1721743787\n|move|p1a: Meowscarada|Toxic Spikes|p2a: Mightyena\n|-start|p1a: Meowscarada|typechange|Poison|[from] ability: Protean\n|-sidestart|p2: paysa|move: Toxic Spikes\n|move|p2a: Mightyena|Super Fang|p1a: Meowscarada\n|-damage|p1a: Meowscarada|124/247\n|\n|upkeep\n|turn|2\n|\n|t:|1721743799\n|move|p1a: Meowscarada|U-turn|p2a: Mightyena\n|-supereffective|p2a: Mightyena\n|-damage|p2a: Mightyena|223/287\n|\n|t:|1721743801\n|switch|p1a: Hydreigon|Hydreigon, L79, M|275/275|[from] U-turn\n|move|p2a: Mightyena|Throat Chop|p1a: Hydreigon\n|-resisted|p1a: Hydreigon\n|-damage|p1a: Hydreigon|218/275\n|-start|p1a: Hydreigon|Throat Chop|[silent]\n|\n|upkeep\n|turn|3\n|\n|t:|1721743806\n|move|p1a: Hydreigon|U-turn|p2a: Mightyena\n|-supereffective|p2a: Mightyena\n|-damage|p2a: Mightyena|131/287\n|\n|t:|1721743809\n|switch|p1a: Vikavolt|Vikavolt, L84, F|267/267|[from] U-turn\n|move|p2a: Mightyena|Play Rough|p1a: Vikavolt\n|-damage|p1a: Vikavolt|190/267\n|\n|upkeep\n|turn|4\n|\n|t:|1721743816\n|move|p2a: Mightyena|Throat Chop|p1a: Vikavolt\n|-damage|p1a: Vikavolt|87/267\n|-start|p1a: Vikavolt|Throat Chop|[silent]\n|cant|p1a: Vikavolt|move: Throat Chop\n|\n|upkeep\n|turn|5\n|j| haxlolo\n|\n|t:|1721743837\n|switch|p1a: Hydreigon|Hydreigon, L79, M|218/275\n|move|p2a: Mightyena|Play Rough|p1a: Hydreigon\n|-supereffective|p1a: Hydreigon\n|-damage|p1a: Hydreigon|0 fnt\n|faint|p1a: Hydreigon\n|\n|upkeep\n|\n|t:|1721743841\n|switch|p1a: Meowscarada|Meowscarada, L78, M|124/247\n|turn|6\n|\n|t:|1721743861\n|switch|p2a: Venusaur|Venusaur, L84, M|272/272\n|-sideend|p2: paysa|move: Toxic Spikes|[of] p2a: Venusaur\n|move|p1a: Meowscarada|U-turn|p2a: Venusaur\n|-start|p1a: Meowscarada|typechange|Bug|[from] ability: Protean\n|-damage|p2a: Venusaur|203/272\n|\n|t:|1721743864\n|switch|p1a: Jirachi|Jirachi, L80|291/291|[from] U-turn\n|\n|-heal|p2a: Venusaur|220/272|[from] item: Leftovers\n|upkeep\n|turn|7\n|j| Accadere \u2601@!\n|\n|t:|1721743875\n|switch|p2a: Arceus|Arceus-Ghost, L69|280/280\n|move|p1a: Jirachi|Stealth Rock|p2a: Arceus\n|-sidestart|p2: paysa|move: Stealth Rock\n|\n|upkeep\n|turn|8\n|\n|t:|1721743884\n|switch|p1a: Cyclizar|Cyclizar, L83, M|252/252\n|move|p2a: Arceus|Focus Blast|p1a: Cyclizar\n|-supereffective|p1a: Cyclizar\n|-damage|p1a: Cyclizar|90/252\n|\n|upkeep\n|turn|9\n|\n|t:|1721743897\n|switch|p1a: Vikavolt|Vikavolt, L84, F|87/267\n|move|p2a: Arceus|Will-O-Wisp|p1a: Vikavolt\n|-status|p1a: Vikavolt|brn\n|\n|-damage|p1a: Vikavolt|71/267 brn|[from] brn\n|upkeep\n|turn|10\n|\n|t:|1721743901\n|switch|p1a: Cyclizar|Cyclizar, L83, M|174/252\n|move|p2a: Arceus|Judgment|p1a: Cyclizar\n|-immune|p1a: Cyclizar\n|\n|upkeep\n|turn|11\n|\n|t:|1721743908\n|move|p1a: Cyclizar|Shed Tail|p1a: Cyclizar\n|-start|p1a: Cyclizar|Substitute|[from] move: Shed Tail\n|-damage|p1a: Cyclizar|48/252\n|\n|t:|1721743909\n|switch|p1a: Mewtwo|Mewtwo, L72|272/272|[from] Shed Tail\n|-ability|p1a: Mewtwo|Unnerve\n|move|p2a: Arceus|Judgment|p1a: Mewtwo\n|-supereffective|p1a: Mewtwo\n|-end|p1a: Mewtwo|Substitute\n|\n|upkeep\n|turn|12\n|\n|t:|1721743942\n|-terastallize|p1a: Mewtwo|Fire\n|move|p1a: Mewtwo|Dark Pulse|p2a: Arceus\n|-supereffective|p2a: Arceus\n|-damage|p2a: Arceus|116/280\n|-damage|p1a: Mewtwo|245/272|[from] item: Life Orb\n|move|p2a: Arceus|Judgment|p1a: Mewtwo\n|-damage|p1a: Mewtwo|134/272\n|\n|upkeep\n|turn|13\n|\n|t:|1721743949\n|switch|p2a: Mightyena|Mightyena, L95, F|131/287\n|-damage|p2a: Mightyena|96/287|[from] Stealth Rock\n|-ability|p2a: Mightyena|Intimidate|boost\n|-unboost|p1a: Mewtwo|atk|1\n|move|p1a: Mewtwo|Recover|p1a: Mewtwo\n|-heal|p1a: Mewtwo|270/272\n|\n|upkeep\n|turn|14\n|\n|t:|1721743954\n|move|p1a: Mewtwo|Fire Blast|p2a: Mightyena\n|-damage|p2a: Mightyena|0 fnt\n|faint|p2a: Mightyena\n|-damage|p1a: Mewtwo|243/272|[from] item: Life Orb\n|\n|upkeep\n|\n|t:|1721743965\n|switch|p2a: Basculin|Basculin, L86, M|261/261\n|-damage|p2a: Basculin|229/261|[from] Stealth Rock\n|turn|15\n|\n|t:|1721743969\n|switch|p1a: Vikavolt|Vikavolt, L84, F|71/267 brn\n|move|p2a: Basculin|Flip Turn|p1a: Vikavolt\n|-damage|p1a: Vikavolt|0 fnt\n|faint|p1a: Vikavolt\n|inactive|paysa has 120 seconds left.\n|j| Cu$tap\n|inactive|paysa has 90 seconds left.\n|\n|t:|1721744038\n|switch|p2a: Arceus|Arceus-Ghost, L69|116/280|[from] Flip Turn\n|-damage|p2a: Arceus|81/280|[from] Stealth Rock\n|\n|upkeep\n|\n|t:|1721744045\n|switch|p1a: Meowscarada|Meowscarada, L78, M|124/247\n|turn|16\n|inactive|paysa has 90 seconds left.\n|\n|t:|1721744060\n|move|p1a: Meowscarada|Knock Off|p2a: Arceus\n|-start|p1a: Meowscarada|typechange|Dark|[from] ability: Protean\n|-supereffective|p2a: Arceus\n|-damage|p2a: Arceus|0 fnt\n|faint|p2a: Arceus\n|\n|upkeep\n|\n|t:|1721744065\n|switch|p2a: Dodrio|Dodrio, L86, M|243/243\n|turn|17\n|inactive|paysa has 90 seconds left.\n|\n|t:|1721744095\n|switch|p1a: Jirachi|Jirachi, L80|291/291\n|move|p2a: Dodrio|Knock Off|p1a: Jirachi\n|-supereffective|p1a: Jirachi\n|-damage|p1a: Jirachi|145/291\n|-enditem|p1a: Jirachi|Leftovers|[from] move: Knock Off|[of] p2a: Dodrio\n|\n|upkeep\n|turn|18\n|inactive|paysa has 60 seconds left.\n|\n|t:|1721744141\n|switch|p2a: Venusaur|Venusaur, L84, M|220/272\n|-damage|p2a: Venusaur|186/272|[from] Stealth Rock\n|move|p1a: Jirachi|Body Slam|p2a: Venusaur\n|-damage|p2a: Venusaur|127/272\n|-status|p2a: Venusaur|par\n|\n|-heal|p2a: Venusaur|144/272 par|[from] item: Leftovers\n|upkeep\n|turn|19\n|\n|t:|1721744145\n|move|p1a: Jirachi|Iron Head|p2a: Venusaur\n|-damage|p2a: Venusaur|65/272 par\n|move|p2a: Venusaur|Leech Seed|p1a: Jirachi\n|-start|p1a: Jirachi|move: Leech Seed\n|\n|-heal|p2a: Venusaur|82/272 par|[from] item: Leftovers\n|-damage|p1a: Jirachi|109/291|[from] Leech Seed|[of] p2a: Venusaur\n|-heal|p2a: Venusaur|118/272 par|[silent]\n|upkeep\n|turn|20\n|\n|t:|1721744153\n|move|p1a: Jirachi|Iron Head|p2a: Venusaur\n|-damage|p2a: Venusaur|30/272 par\n|cant|p2a: Venusaur|flinch\n|\n|-heal|p2a: Venusaur|47/272 par|[from] item: Leftovers\n|-damage|p1a: Jirachi|73/291|[from] Leech Seed|[of] p2a: Venusaur\n|-heal|p2a: Venusaur|83/272 par|[silent]\n|upkeep\n|turn|21\n|j| Pepa de mango\n|\n|t:|1721744159\n|switch|p1a: Cyclizar|Cyclizar, L83, M|132/252\n|move|p2a: Venusaur|Sludge Bomb|p1a: Cyclizar\n|-damage|p1a: Cyclizar|5/252\n|-status|p1a: Cyclizar|psn\n|\n|-heal|p2a: Venusaur|100/272 par|[from] item: Leftovers\n|-damage|p1a: Cyclizar|0 fnt|[from] psn\n|faint|p1a: Cyclizar\n|upkeep\n|\n|t:|1721744164\n|switch|p1a: Mewtwo|Mewtwo, L72, tera:Fire|243/272\n|-ability|p1a: Mewtwo|Unnerve\n|turn|22\n|l| Pepa de mango\n|j| RELEASETHETANK\n|\n|t:|1721744174\n|move|p1a: Mewtwo|Psystrike|p2a: Venusaur\n|-supereffective|p2a: Venusaur\n|-damage|p2a: Venusaur|0 fnt\n|faint|p2a: Venusaur\n|-damage|p1a: Mewtwo|216/272|[from] item: Life Orb\n|\n|upkeep\n|\n|t:|1721744181\n|switch|p2a: Basculin|Basculin, L86, M|229/261\n|-damage|p2a: Basculin|197/261|[from] Stealth Rock\n|turn|23\n|\n|t:|1721744185\n|move|p1a: Mewtwo|Psystrike|p2a: Basculin\n|-damage|p2a: Basculin|25/261\n|-damage|p1a: Mewtwo|189/272|[from] item: Life Orb\n|move|p2a: Basculin|Flip Turn|p1a: Mewtwo\n|-supereffective|p1a: Mewtwo\n|-damage|p1a: Mewtwo|0 fnt\n|faint|p1a: Mewtwo\n|\n|t:|1721744190\n|switch|p2a: Dodrio|Dodrio, L86, M|243/243|[from] Flip Turn\n|\n|upkeep\n|c|\u2606paysa|gg\n|-message|MichaelderBeste2 forfeited.\n|\n|win|paysa\n|raw|MichaelderBeste2's rating: 2473 &rarr; <strong>2450</strong><br />(-23 for losing)\n|raw|paysa's rating: 2414 &rarr; <strong>2437</strong><br />(+23 for winning)\n|l|\u2606MichaelderBeste2\n|player|p1|\n", "inputlog": ">version 40a00717927414d2de8ab728c68cc0cdfbe4c28f\n>start {\"formatid\":\"gen9randombattle\",\"seed\":[30273,6406,3973,36119],\"rated\":\"Rated battle\"}\n>player p1 {\"name\":\"MichaelderBeste2\",\"avatar\":\"#wcop2021germany\",\"rating\":2500,\"seed\":[50238,42299,38337,25715]}\n>player p2 {\"name\":\"paysa\",\"avatar\":\"viola-masters\",\"rating\":2414,\"seed\":[24768,27344,48654,39174]}\n>p1 move toxicspikes\n>p2 move superfang\n>p1 move uturn\n>p2 move throatchop\n>p1 switch 2\n>p1 move uturn\n>p2 move playrough\n>p1 switch 6\n>p1 move bugbuzz\n>p2 move throatchop\n>p1 switch 6\n>p2 move playrough\n>p1 switch 2\n>p1 move uturn\n>p2 switch 3\n>p1 switch 5\n>p1 move stealthrock\n>p2 switch 4\n>p1 switch 4\n>p2 move focusblast\n>p1 switch 6\n>p2 move willowisp\n>p1 switch 6\n>p2 move judgment\n>p1 move shedtail\n>p2 move judgment\n>p1 switch 3\n>p1 move darkpulse terastallize\n>p2 move judgment\n>p1 move recover\n>p2 switch 3\n>p1 move fireblast\n>p2 move superfang\n>p2 switch 6\n>p1 switch 6\n>p2 move flipturn\n>p2 switch 3\n>p1 switch 5\n>p1 move knockoff\n>p2 move recover\n>p2 switch 5\n>p1 switch 4\n>p2 move knockoff\n>p1 move bodyslam\n>p2 switch 4\n>p1 move ironhead\n>p2 move leechseed\n>p1 move ironhead\n>p2 move sludgebomb\n>p1 switch 3\n>p2 move sludgebomb\n>p1 switch 6\n>p1 move psystrike\n>p2 move sludgebomb\n>p2 switch 3\n>p1 move psystrike\n>p2 move flipturn\n>p2 switch 4\n>chat \u2606paysa|gg\n>forcelose p1", "uploadtime": 1721744199, "views": 230, "formatid": "gen9randombattle", "rating": 2437, "private": 0, "password": null}