{"id": "gen9randombattle-2209767223", "format": "[Gen 9] Random Battle", "players": ["R3LT Theologos", "joecurryrat"], "log": "|badge|p1|bronze|gen9randombattle|100-2\n|uhtml|medal-msg|<div class=\"broadcast-blue\">Curious what those medals under the avatar are? PS now has Ladder Seasons! For more information, check out the <a href=\"https://www.smogon.com/forums/threads/3740067/\">thread on Smogon.</a></div>\n|raw|<div class=\"broadcast-blue\"><strong>This battle is required to be public due to a player having a name starting with 'r3lt'.</div>\n|j|\u2606R3LT Theologos\n|j|\u2606joecurryrat\n|t:|1727309590\n|gametype|singles\n|player|p1|R3LT Theologos|artist|2333\n|player|p2|joecurryrat|crasherwake|2215\n|teamsize|p1|6\n|teamsize|p2|6\n|gen|9\n|tier|[Gen 9] Random Battle\n|rated|\n|rule|Species Clause: Limit one of each Pok\u00e9mon\n|rule|HP Percentage Mod: HP is shown in percentages\n|rule|Sleep Clause Mod: Limit one foe put to sleep\n|rule|Illusion Level Mod: Illusion disguises the Pok\u00e9mon's true level\n|\n|t:|1727309590\n|start\n|switch|p1a: Lugia|Lugia, L72|272/272\n|switch|p2a: Poliwrath|Poliwrath, L88, M|302/302\n|turn|1\n|inactive|Battle timer is ON: inactive players will automatically lose when time's up. (requested by R3LT Theologos)\n|\n|t:|1727309610\n|move|p1a: Lugia|Aeroblast|p2a: Poliwrath\n|-supereffective|p2a: Poliwrath\n|-damage|p2a: Poliwrath|164/302\n|move|p2a: Poliwrath|Knock Off|p1a: Lugia\n|-supereffective|p1a: Lugia\n|-crit|p1a: Lugia\n|-damage|p1a: Lugia|146/272\n|-enditem|p1a: Lugia|Heavy-Duty Boots|[from] move: Knock Off|[of] p2a: Poliwrath\n|-damage|p2a: Poliwrath|134/302|[from] item: Life Orb\n|\n|upkeep\n|turn|2\n|\n|t:|1727309616\n|switch|p2a: Ting-Lu|Ting-Lu, L78|370/370\n|-ability|p2a: Ting-Lu|Vessel of Ruin\n|move|p1a: Lugia|Recover|p1a: Lugia\n|-heal|p1a: Lugia|272/272\n|\n|upkeep\n|turn|3\n|\n|t:|1727309621\n|switch|p1a: Glaceon|Glaceon, L94, F|275/275\n|move|p2a: Ting-Lu|Stealth Rock|p1a: Glaceon\n|-sidestart|p1: R3LT Theologos|move: Stealth Rock\n|\n|upkeep\n|turn|4\n|\n|t:|1727309635\n|switch|p2a: Magearna|Magearna, L77|250/250\n|move|p1a: Glaceon|Freeze-Dry|p2a: Magearna\n|-resisted|p2a: Magearna\n|-damage|p2a: Magearna|199/250\n|\n|-heal|p2a: Magearna|214/250|[from] item: Leftovers\n|upkeep\n|turn|5\n|\n|t:|1727309655\n|switch|p1a: Misdreavus|Misdreavus, L90, F|254/254\n|-damage|p1a: Misdreavus|223/254|[from] Stealth Rock\n|move|p2a: Magearna|Flash Cannon|p1a: Misdreavus\n|-damage|p1a: Misdreavus|169/254\n|-unboost|p1a: Misdreavus|spd|1\n|\n|-heal|p2a: Magearna|229/250|[from] item: Leftovers\n|upkeep\n|turn|6\n|\n|t:|1727309673\n|move|p1a: Misdreavus|Will-O-Wisp|p2a: Magearna\n|-status|p2a: Magearna|brn\n|move|p2a: Magearna|Calm Mind|p2a: Magearna\n|-boost|p2a: Magearna|spa|1\n|-boost|p2a: Magearna|spd|1\n|\n|-heal|p2a: Magearna|244/250 brn|[from] item: Leftovers\n|-damage|p2a: Magearna|229/250 brn|[from] brn\n|upkeep\n|turn|7\n|\n|t:|1727309681\n|move|p1a: Misdreavus|Calm Mind|p1a: Misdreavus\n|-boost|p1a: Misdreavus|spa|1\n|-boost|p1a: Misdreavus|spd|1\n|move|p2a: Magearna|Shift Gear|p2a: Magearna\n|-boost|p2a: Magearna|spe|2\n|-boost|p2a: Magearna|atk|1\n|\n|-heal|p2a: Magearna|244/250 brn|[from] item: Leftovers\n|-damage|p2a: Magearna|229/250 brn|[from] brn\n|upkeep\n|turn|8\n|\n|t:|1727309691\n|move|p2a: Magearna|Calm Mind|p2a: Magearna\n|-boost|p2a: Magearna|spa|1\n|-boost|p2a: Magearna|spd|1\n|move|p1a: Misdreavus|Shadow Ball|p2a: Magearna\n|-damage|p2a: Magearna|172/250 brn\n|\n|-heal|p2a: Magearna|187/250 brn|[from] item: Leftovers\n|-damage|p2a: Magearna|172/250 brn|[from] brn\n|upkeep\n|turn|9\n|\n|t:|1727309695\n|move|p2a: Magearna|Calm Mind|p2a: Magearna\n|-boost|p2a: Magearna|spa|1\n|-boost|p2a: Magearna|spd|1\n|move|p1a: Misdreavus|Calm Mind|p1a: Misdreavus\n|-boost|p1a: Misdreavus|spa|1\n|-boost|p1a: Misdreavus|spd|1\n|\n|-heal|p2a: Magearna|187/250 brn|[from] item: Leftovers\n|-damage|p2a: Magearna|172/250 brn|[from] brn\n|upkeep\n|turn|10\n|\n|t:|1727309702\n|move|p2a: Magearna|Flash Cannon|p1a: Misdreavus\n|-damage|p1a: Misdreavus|75/254\n|move|p1a: Misdreavus|Calm Mind|p1a: Misdreavus\n|-boost|p1a: Misdreavus|spa|1\n|-boost|p1a: Misdreavus|spd|1\n|\n|-heal|p2a: Magearna|187/250 brn|[from] item: Leftovers\n|-damage|p2a: Magearna|172/250 brn|[from] brn\n|upkeep\n|turn|11\n|\n|t:|1727309709\n|move|p2a: Magearna|Calm Mind|p2a: Magearna\n|-boost|p2a: Magearna|spa|1\n|-boost|p2a: Magearna|spd|1\n|move|p1a: Misdreavus|Shadow Ball|p2a: Magearna\n|-damage|p2a: Magearna|111/250 brn\n|-unboost|p2a: Magearna|spd|1\n|\n|-heal|p2a: Magearna|126/250 brn|[from] item: Leftovers\n|-damage|p2a: Magearna|111/250 brn|[from] brn\n|upkeep\n|turn|12\n|\n|t:|1727309715\n|move|p2a: Magearna|Flash Cannon|p1a: Misdreavus\n|-damage|p1a: Misdreavus|0 fnt\n|faint|p1a: Misdreavus\n|-ability|p2a: Magearna|Soul-Heart|boost\n|-boost|p2a: Magearna|spa|1\n|\n|-heal|p2a: Magearna|126/250 brn|[from] item: Leftovers\n|-damage|p2a: Magearna|111/250 brn|[from] brn\n|upkeep\n|\n|t:|1727309721\n|switch|p1a: Zebstrika|Zebstrika, L87, M|272/272\n|-damage|p1a: Zebstrika|238/272|[from] Stealth Rock\n|turn|13\n|\n|t:|1727309732\n|move|p2a: Magearna|Fleur Cannon|p1a: Zebstrika\n|-damage|p1a: Zebstrika|0 fnt\n|-unboost|p2a: Magearna|spa|2\n|faint|p1a: Zebstrika\n|-ability|p2a: Magearna|Soul-Heart|boost\n|-boost|p2a: Magearna|spa|1\n|\n|-heal|p2a: Magearna|126/250 brn|[from] item: Leftovers\n|-damage|p2a: Magearna|111/250 brn|[from] brn\n|upkeep\n|-message|R3LT Theologos forfeited.\n|\n|win|joecurryrat\n|raw|R3LT Theologos's rating: 2333 &rarr; <strong>2306</strong><br />(-27 for losing)\n|raw|joecurryrat's rating: 2215 &rarr; <strong>2242</strong><br />(+27 for winning)\n|l|\u2606R3LT Theologos\n|player|p1|\n|j|\u2606R3LT Theologos\n|player|p1|R3LT Theologos|artist|\n", "inputlog": ">version d155b4937d18dfffda2dee3f1f762535b4a408ed\n>start {\"formatid\":\"gen9randombattle\",\"seed\":[15487,33852,55727,36600],\"rated\":\"Rated battle\"}\n>player p1 {\"name\":\"R3LT Theologos\",\"avatar\":\"artist\",\"rating\":2333,\"seed\":[38326,33646,59998,48066]}\n>player p2 {\"name\":\"joecurryrat\",\"avatar\":\"crasherwake\",\"rating\":2215,\"seed\":[14314,15949,37417,32297]}\n>p1 move aeroblast\n>p2 move knockoff\n>p1 move recover\n>p2 switch 6\n>p1 switch 5\n>p2 move stealthrock\n>p1 move freezedry\n>p2 switch 3\n>p1 switch 2\n>p2 move flashcannon\n>p1 move willowisp\n>p2 move calmmind\n>p1 move calmmind\n>p2 move shiftgear\n>p1 move shadowball\n>p2 move calmmind\n>p1 move calmmind\n>p2 move calmmind\n>p1 move calmmind\n>p2 move flashcannon\n>p1 move shadowball\n>p2 move calmmind\n>p1 move shadowball\n>p2 move flashcannon\n>p1 switch 3\n>p1 move highhorsepower\n>p2 move fleurcannon\n>forcelose p1", "uploadtime": 1727309740, "views": 81, "formatid": "gen9randombattle", "rating": 2242, "private": 0, "password": null}