{"id": "gen9randombattle-2238286459", "format": "[Gen 9] Random Battle", "players": ["randbats andy", "ANIMEHATER91"], "log": "|badge|p2|bronze|gen9randombattle|100-3\n|uhtml|medal-msg|<div class=\"broadcast-blue\">Curious what those medals under the avatar are? PS now has Ladder Seasons! For more information, check out the <a href=\"https://www.smogon.com/forums/threads/3740067/\">thread on Smogon.</a></div>\n|j|\u203drandbats andy\n|j|\u2606ANIMEHATER91\n|t:|1730859135\n|gametype|singles\n|player|p1|randbats andy|265|2243\n|player|p2|ANIMEHATER91|lucas|2367\n|teamsize|p1|6\n|teamsize|p2|6\n|gen|9\n|tier|[Gen 9] Random Battle\n|rated|\n|rule|Species Clause: Limit one of each Pok\u00e9mon\n|rule|HP Percentage Mod: HP is shown in percentages\n|rule|Sleep Clause Mod: Limit one foe put to sleep\n|rule|Illusion Level Mod: Illusion disguises the Pok\u00e9mon's true level\n|\n|t:|1730859135\n|start\n|switch|p1a: Hitmonlee|Hitmonlee, L85, M|223/223\n|switch|p2a: Walking Wake|Walking Wake, L79|286/286\n|turn|1\n|\n|t:|1730859185\n|move|p2a: Walking Wake|Flip Turn|p1a: Hitmonlee\n|-damage|p1a: Hitmonlee|151/223\n|\n|t:|1730859189\n|-end|p2a: Walking Wake|Protosynthesis|[silent]\n|switch|p2a: Uxie|Uxie, L83|260/260|[from] Flip Turn\n|move|p1a: Hitmonlee|High Jump Kick|p2a: Uxie\n|-resisted|p2a: Uxie\n|-damage|p2a: Uxie|138/260\n|\n|-heal|p2a: Uxie|154/260|[from] item: Leftovers\n|upkeep\n|turn|2\n|\n|t:|1730859208\n|switch|p1a: Leafeon|Leafeon, L88, F|258/258\n|move|p2a: Uxie|Yawn|p1a: Leafeon\n|-start|p1a: Leafeon|move: Yawn|[of] p2a: Uxie\n|\n|-heal|p2a: Uxie|170/260|[from] item: Leftovers\n|upkeep\n|turn|3\n|\n|t:|1730859227\n|move|p1a: Leafeon|Knock Off|p2a: Uxie\n|-supereffective|p2a: Uxie\n|-damage|p2a: Uxie|17/260\n|-enditem|p2a: Uxie|Leftovers|[from] move: Knock Off|[of] p1a: Leafeon\n|-damage|p1a: Leafeon|233/258|[from] item: Life Orb\n|move|p2a: Uxie|U-turn|p1a: Leafeon\n|-supereffective|p1a: Leafeon\n|-damage|p1a: Leafeon|171/258\n|\n|t:|1730859255\n|switch|p2a: Typhlosion|Typhlosion, L84, M|267/267|[from] U-turn\n|\n|-end|p1a: Leafeon|move: Yawn|[silent]\n|-status|p1a: Leafeon|slp\n|upkeep\n|turn|4\n|\n|t:|1730859263\n|cant|p1a: Leafeon|slp\n|move|p2a: Typhlosion|Eruption|p1a: Leafeon\n|-supereffective|p1a: Leafeon\n|-damage|p1a: Leafeon|0 fnt\n|faint|p1a: Leafeon\n|\n|upkeep\n|\n|t:|1730859279\n|switch|p1a: Hitmonchan|Hitmonchan, L87, M|229/229\n|turn|5\n|\n|t:|1730859285\n|switch|p2a: Uxie|Uxie, L83|17/260\n|move|p1a: Hitmonchan|Knock Off|p2a: Uxie\n|-supereffective|p2a: Uxie\n|-damage|p2a: Uxie|0 fnt\n|faint|p2a: Uxie\n|\n|upkeep\n|\n|t:|1730859294\n|switch|p2a: Noivern|Noivern, L82, M|274/274\n|turn|6\n|\n|t:|1730859306\n|switch|p1a: Weezing|Weezing-Galar, L86, F|252/252\n|move|p2a: Noivern|Hurricane|p1a: Weezing\n|-damage|p1a: Weezing|47/252\n|-start|p1a: Weezing|confusion\n|\n|-heal|p1a: Weezing|62/252|[from] item: Leftovers\n|upkeep\n|turn|7\n|\n|t:|1730859314\n|move|p2a: Noivern|Hurricane|p1a: Weezing\n|-damage|p1a: Weezing|0 fnt\n|faint|p1a: Weezing\n|\n|upkeep\n|\n|t:|1730859318\n|switch|p1a: Clefable|Clefable, L83, M|293/293\n|turn|8\n|\n|t:|1730859324\n|switch|p2a: Iron Treads|Iron Treads, L77|265/265\n|move|p1a: Clefable|Calm Mind|p1a: Clefable\n|-boost|p1a: Clefable|spa|1\n|-boost|p1a: Clefable|spd|1\n|\n|upkeep\n|turn|9\n|\n|t:|1730859339\n|switch|p1a: Quagsire|Quagsire, L84, M|297/297\n|move|p2a: Iron Treads|Knock Off|p1a: Quagsire\n|-damage|p1a: Quagsire|231/297\n|-enditem|p1a: Quagsire|Leftovers|[from] move: Knock Off|[of] p2a: Iron Treads\n|\n|upkeep\n|turn|10\n|\n|t:|1730859346\n|-end|p2a: Iron Treads|Quark Drive|[silent]\n|switch|p2a: Walking Wake|Walking Wake, L79|286/286\n|move|p1a: Quagsire|Spikes|p2a: Walking Wake\n|-sidestart|p2: ANIMEHATER91|Spikes\n|\n|upkeep\n|turn|11\n|\n|t:|1730859354\n|move|p2a: Walking Wake|Hydro Pump|p1a: Quagsire|[miss]\n|-miss|p2a: Walking Wake|p1a: Quagsire\n|move|p1a: Quagsire|Spikes|p2a: Walking Wake\n|-sidestart|p2: ANIMEHATER91|Spikes\n|\n|upkeep\n|turn|12\n|\n|t:|1730859356\n|move|p2a: Walking Wake|Hydro Pump|p1a: Quagsire|[miss]\n|-miss|p2a: Walking Wake|p1a: Quagsire\n|move|p1a: Quagsire|Spikes|p2a: Walking Wake\n|-sidestart|p2: ANIMEHATER91|Spikes\n|\n|upkeep\n|turn|13\n|\n|t:|1730859362\n|move|p2a: Walking Wake|Hydro Pump|p1a: Quagsire|[miss]\n|-miss|p2a: Walking Wake|p1a: Quagsire\n|move|p1a: Quagsire|Earthquake|p2a: Walking Wake\n|-damage|p2a: Walking Wake|183/286\n|\n|upkeep\n|turn|14\n|\n|t:|1730859364\n|move|p2a: Walking Wake|Hydro Pump|p1a: Quagsire|[miss]\n|-miss|p2a: Walking Wake|p1a: Quagsire\n|move|p1a: Quagsire|Earthquake|p2a: Walking Wake\n|-damage|p2a: Walking Wake|89/286\n|\n|upkeep\n|turn|15\n|\n|t:|1730859366\n|move|p2a: Walking Wake|Hydro Pump|p1a: Quagsire\n|-damage|p1a: Quagsire|8/297\n|move|p1a: Quagsire|Earthquake|p2a: Walking Wake\n|-damage|p2a: Walking Wake|0 fnt\n|faint|p2a: Walking Wake\n|-end|p2a: Walking Wake|Protosynthesis|[silent]\n|\n|upkeep\n|\n|t:|1730859369\n|switch|p2a: Iron Treads|Iron Treads, L77|265/265\n|-damage|p2a: Iron Treads|199/265|[from] Spikes\n|turn|16\n|\n|t:|1730859377\n|move|p2a: Iron Treads|Rapid Spin|p1a: Quagsire\n|-damage|p1a: Quagsire|0 fnt\n|-boost|p2a: Iron Treads|spe|1\n|-sideend|p2: ANIMEHATER91|Spikes|[from] move: Rapid Spin|[of] p2a: Iron Treads\n|faint|p1a: Quagsire\n|\n|upkeep\n|\n|t:|1730859382\n|switch|p1a: Hitmonchan|Hitmonchan, L87, M|229/229\n|turn|17\n|\n|t:|1730859393\n|-end|p2a: Iron Treads|Quark Drive|[silent]\n|switch|p2a: Noivern|Noivern, L82, M|274/274\n|move|p1a: Hitmonchan|Knock Off|p2a: Noivern\n|-damage|p2a: Noivern|181/274\n|-enditem|p2a: Noivern|Choice Specs|[from] move: Knock Off|[of] p1a: Hitmonchan\n|\n|upkeep\n|turn|18\n|\n|t:|1730859400\n|switch|p1a: Hitmonlee|Hitmonlee, L85, M|151/223\n|move|p2a: Noivern|Hurricane|p1a: Hitmonlee\n|-supereffective|p1a: Hitmonlee\n|-damage|p1a: Hitmonlee|0 fnt\n|faint|p1a: Hitmonlee\n|\n|upkeep\n|\n|t:|1730859402\n|switch|p1a: Clefable|Clefable, L83, M|293/293\n|turn|19\n|\n|t:|1730859408\n|move|p2a: Noivern|U-turn|p1a: Clefable\n|-resisted|p1a: Clefable\n|-damage|p1a: Clefable|273/293\n|\n|t:|1730859411\n|switch|p2a: Iron Treads|Iron Treads, L77|199/265|[from] U-turn\n|move|p1a: Clefable|Calm Mind|p1a: Clefable\n|-boost|p1a: Clefable|spa|1\n|-boost|p1a: Clefable|spd|1\n|\n|-heal|p1a: Clefable|291/293|[from] item: Leftovers\n|upkeep\n|turn|20\n|\n|t:|1730859425\n|move|p2a: Iron Treads|Knock Off|p1a: Clefable\n|-resisted|p1a: Clefable\n|-damage|p1a: Clefable|251/293\n|-enditem|p1a: Clefable|Leftovers|[from] move: Knock Off|[of] p2a: Iron Treads\n|move|p1a: Clefable|Fire Blast|p2a: Iron Treads\n|-supereffective|p2a: Iron Treads\n|-damage|p2a: Iron Treads|0 fnt\n|faint|p2a: Iron Treads\n|-end|p2a: Iron Treads|Quark Drive|[silent]\n|\n|upkeep\n|\n|t:|1730859429\n|switch|p2a: Electivire|Electivire, L84, F|263/263\n|turn|21\n|\n|t:|1730859435\n|move|p2a: Electivire|Supercell Slam|p1a: Clefable\n|-damage|p1a: Clefable|64/293\n|-damage|p2a: Electivire|237/263|[from] item: Life Orb\n|move|p1a: Clefable|Moonblast|p2a: Electivire\n|-damage|p2a: Electivire|98/263\n|-unboost|p2a: Electivire|spa|1\n|\n|upkeep\n|turn|22\n|\n|t:|1730859442\n|move|p2a: Electivire|Supercell Slam|p1a: Clefable\n|-damage|p1a: Clefable|0 fnt\n|faint|p1a: Clefable\n|-damage|p2a: Electivire|72/263|[from] item: Life Orb\n|\n|upkeep\n|\n|t:|1730859443\n|switch|p1a: Hitmonchan|Hitmonchan, L87, M|229/229\n|turn|23\n|\n|t:|1730859453\n|move|p2a: Electivire|Supercell Slam|p1a: Hitmonchan\n|-damage|p1a: Hitmonchan|41/229\n|-damage|p2a: Electivire|46/263|[from] item: Life Orb\n|move|p1a: Hitmonchan|Bulk Up|p1a: Hitmonchan\n|-boost|p1a: Hitmonchan|atk|1\n|-boost|p1a: Hitmonchan|def|1\n|\n|-heal|p1a: Hitmonchan|55/229|[from] item: Leftovers\n|upkeep\n|turn|24\n|\n|t:|1730859460\n|move|p2a: Electivire|Knock Off|p1a: Hitmonchan\n|-resisted|p1a: Hitmonchan\n|-damage|p1a: Hitmonchan|15/229\n|-enditem|p1a: Hitmonchan|Leftovers|[from] move: Knock Off|[of] p2a: Electivire\n|-damage|p2a: Electivire|20/263|[from] item: Life Orb\n|move|p1a: Hitmonchan|Drain Punch|p2a: Electivire\n|-damage|p2a: Electivire|0 fnt\n|-heal|p1a: Hitmonchan|25/229|[from] drain|[of] p2a: Electivire\n|faint|p2a: Electivire\n|\n|upkeep\n|\n|t:|1730859463\n|switch|p2a: Typhlosion|Typhlosion, L84, M|267/267\n|turn|25\n|\n|t:|1730859467\n|-terastallize|p2a: Typhlosion|Fire\n|move|p2a: Typhlosion|Eruption|p1a: Hitmonchan\n|-damage|p1a: Hitmonchan|0 fnt\n|faint|p1a: Hitmonchan\n|\n|win|ANIMEHATER91\n|raw|randbats andy's rating: 2243 &rarr; <strong>2230</strong><br />(-13 for losing)\n|raw|ANIMEHATER91's rating: 2367 &rarr; <strong>2380</strong><br />(+13 for winning)\n", "inputlog": ">version 2425f1364de080346313a8917b8af0a0670d3b0a\n>start {\"formatid\":\"gen9randombattle\",\"seed\":[19173,35421,3671,19050],\"rated\":\"Rated battle\"}\n>player p1 {\"name\":\"randbats andy\",\"avatar\":\"265\",\"rating\":2243,\"seed\":[64833,52229,59976,64772]}\n>player p2 {\"name\":\"ANIMEHATER91\",\"avatar\":\"lucas\",\"rating\":2367,\"seed\":[32352,29146,64934,11272]}\n>p1 move highjumpkick\n>p2 move flipturn\n>p2 switch 2\n>p1 switch 2\n>p2 move yawn\n>p1 move knockoff\n>p2 move uturn\n>p2 switch 6\n>p1 move knockoff\n>p2 move eruption\n>p1 switch 5\n>p1 move knockoff\n>p2 switch 6\n>p2 switch 3\n>p1 switch 3\n>p2 move hurricane\n>p1 move strangesteam\n>p2 move hurricane\n>p1 switch 4\n>p1 move calmmind\n>p2 switch 5\n>p1 switch 6\n>p2 move knockoff\n>p1 move spikes\n>p2 switch 2\n>p1 move spikes\n>p2 move hydropump\n>p1 move spikes\n>p2 move hydropump\n>p1 move earthquake\n>p2 move hydropump\n>p1 move earthquake\n>p2 move hydropump\n>p1 move earthquake\n>p2 move hydropump\n>p2 switch 2\n>p1 move earthquake\n>p2 move rapidspin\n>p1 switch 3\n>p1 move knockoff\n>p2 switch 5\n>p1 switch 2\n>p2 move hurricane\n>p1 switch 6\n>p1 move calmmind\n>p2 move uturn\n>p2 switch 5\n>p1 move fireblast\n>p2 move knockoff\n>p2 switch 4\n>p1 move moonblast\n>p2 move supercellslam\n>p1 move moonblast\n>p2 move supercellslam\n>p1 switch 2\n>p1 move bulkup\n>p2 move supercellslam\n>p1 move drainpunch\n>p2 move knockoff\n>p2 switch 6\n>p1 move drainpunch\n>p2 move eruption terastallize", "uploadtime": 1730859471, "views": 40, "formatid": "gen9randombattle", "rating": 2230, "private": 0, "password": null}