{"id": "gen9randombattle-2260284506", "format": "[Gen 9] Random Battle", "players": ["Pokegod383", "EL NEGRO 0SCUR0"], "log": "|j|\u2606Pokegod383\n|j|\u2606EL NEGRO 0SCUR0\n|t:|1733835015\n|gametype|singles\n|player|p1|Pokegod383|266|1987\n|player|p2|EL NEGRO 0SCUR0|hoopster|2033\n|teamsize|p1|6\n|teamsize|p2|6\n|gen|9\n|tier|[Gen 9] Random Battle\n|rated|\n|rule|Species Clause: Limit one of each Pok\u00e9mon\n|rule|HP Percentage Mod: HP is shown in percentages\n|rule|Sleep Clause Mod: Limit one foe put to sleep\n|rule|Illusion Level Mod: Illusion disguises the Pok\u00e9mon's true level\n|\n|t:|1733835015\n|start\n|switch|p1a: Basculegion|Basculegion, L81, M|327/327\n|switch|p2a: Dunsparce|Dunsparce, L86, M|312/312\n|turn|1\n|\n|t:|1733835029\n|move|p1a: Basculegion|Wave Crash|p2a: Dunsparce\n|-damage|p2a: Dunsparce|170/312\n|-damage|p1a: Basculegion|280/327|[from] Recoil\n|move|p2a: Dunsparce|Coil|p2a: Dunsparce\n|-boost|p2a: Dunsparce|atk|1\n|-boost|p2a: Dunsparce|def|1\n|-boost|p2a: Dunsparce|accuracy|1\n|\n|upkeep\n|turn|2\n|inactive|Battle timer is ON: inactive players will automatically lose when time's up. (requested by EL NEGRO 0SCUR0)\n|\n|t:|1733835046\n|move|p1a: Basculegion|Flip Turn|p2a: Dunsparce\n|-damage|p2a: Dunsparce|120/312\n|\n|t:|1733835051\n|switch|p1a: Fezandipiti|Fezandipiti, L82, M|278/278|[from] Flip Turn\n|move|p2a: Dunsparce|Roost|p2a: Dunsparce\n|-heal|p2a: Dunsparce|276/312\n|-singleturn|p2a: Dunsparce|move: Roost\n|\n|upkeep\n|turn|3\n|\n|t:|1733835055\n|move|p1a: Fezandipiti|Beat Up|p2a: Dunsparce\n|-damage|p2a: Dunsparce|271/312\n|-damage|p2a: Dunsparce|266/312\n|-damage|p2a: Dunsparce|262/312\n|-damage|p2a: Dunsparce|255/312\n|-damage|p2a: Dunsparce|250/312\n|-status|p2a: Dunsparce|tox|[from] ability: Toxic Chain|[of] p1a: Fezandipiti\n|-damage|p2a: Dunsparce|245/312 tox\n|-hitcount|p2a: Dunsparce|6\n|move|p2a: Dunsparce|Body Slam|p1a: Fezandipiti\n|-damage|p1a: Fezandipiti|164/278\n|-status|p1a: Fezandipiti|par\n|\n|-heal|p1a: Fezandipiti|181/278 par|[from] item: Leftovers\n|-damage|p2a: Dunsparce|226/312 tox|[from] psn\n|upkeep\n|turn|4\n|\n|t:|1733835066\n|switch|p1a: Basculegion|Basculegion, L81, M|280/327\n|move|p2a: Dunsparce|Earthquake|p1a: Basculegion\n|-damage|p1a: Basculegion|176/327\n|\n|-damage|p2a: Dunsparce|188/312 tox|[from] psn\n|upkeep\n|turn|5\n|\n|t:|1733835074\n|move|p1a: Basculegion|Wave Crash|p2a: Dunsparce\n|-damage|p2a: Dunsparce|92/312 tox\n|-damage|p1a: Basculegion|144/327|[from] Recoil\n|move|p2a: Dunsparce|Roost|p2a: Dunsparce\n|-heal|p2a: Dunsparce|248/312 tox\n|-singleturn|p2a: Dunsparce|move: Roost\n|\n|-damage|p2a: Dunsparce|191/312 tox|[from] psn\n|upkeep\n|turn|6\n|\n|t:|1733835082\n|move|p1a: Basculegion|Wave Crash|p2a: Dunsparce\n|-crit|p2a: Dunsparce\n|-damage|p2a: Dunsparce|0 fnt\n|faint|p2a: Dunsparce\n|-damage|p1a: Basculegion|81/327|[from] Recoil\n|\n|upkeep\n|\n|t:|1733835098\n|switch|p2a: Farigiraf|Farigiraf, L91, M|366/366\n|turn|7\n|\n|t:|1733835123\n|move|p1a: Basculegion|Wave Crash|p2a: Farigiraf\n|-damage|p2a: Farigiraf|186/366\n|-damage|p1a: Basculegion|22/327|[from] Recoil\n|move|p2a: Farigiraf|Future Sight|p1a: Basculegion\n|-start|p2a: Farigiraf|move: Future Sight\n|\n|-heal|p2a: Farigiraf|208/366|[from] item: Leftovers\n|upkeep\n|turn|8\n|inactive|Pokegod383 has 120 seconds left.\n|\n|t:|1733835140\n|move|p1a: Basculegion|Flip Turn|p2a: Farigiraf\n|-damage|p2a: Farigiraf|112/366\n|inactive|Pokegod383 has 120 seconds left.\n|\n|t:|1733835148\n|switch|p1a: Ditto|Ditto, L87|225/225|[from] Flip Turn\n|-transform|p1a: Ditto|p2a: Farigiraf|[from] ability: Imposter\n|move|p2a: Farigiraf|Wish|p2a: Farigiraf\n|\n|-heal|p2a: Farigiraf|134/366|[from] item: Leftovers\n|upkeep\n|turn|9\n|\n|t:|1733835153\n|move|p2a: Farigiraf|Protect|p2a: Farigiraf\n|-singleturn|p2a: Farigiraf|Protect\n|move|p1a: Ditto|Wish|p1a: Ditto\n|\n|-end|p1a: Ditto|move: Future Sight\n|-resisted|p1a: Ditto\n|-damage|p1a: Ditto|136/225\n|-heal|p2a: Farigiraf|317/366|[from] move: Wish|[wisher] Farigiraf\n|-heal|p2a: Farigiraf|339/366|[from] item: Leftovers\n|upkeep\n|turn|10\n|\n|t:|1733835160\n|switch|p1a: Basculegion|Basculegion, L81, M|22/327\n|move|p2a: Farigiraf|Future Sight|p1a: Basculegion\n|-start|p2a: Farigiraf|move: Future Sight\n|\n|-heal|p1a: Basculegion|134/327|[from] move: Wish|[wisher] Ditto\n|-heal|p2a: Farigiraf|361/366|[from] item: Leftovers\n|upkeep\n|turn|11\n|\n|t:|1733835167\n|move|p1a: Basculegion|Flip Turn|p2a: Farigiraf\n|-damage|p2a: Farigiraf|261/366\n|\n|t:|1733835168\n|switch|p1a: Ditto|Ditto, L87|136/225|[from] Flip Turn\n|-transform|p1a: Ditto|p2a: Farigiraf|[from] ability: Imposter\n|move|p2a: Farigiraf|Wish|p2a: Farigiraf\n|\n|-heal|p2a: Farigiraf|283/366|[from] item: Leftovers\n|upkeep\n|turn|12\n|\n|t:|1733835172\n|move|p1a: Ditto|Protect|p1a: Ditto\n|-singleturn|p1a: Ditto|Protect\n|move|p2a: Farigiraf|Hyper Voice|p1a: Ditto\n|-activate|p1a: Ditto|move: Protect\n|\n|-end|p1a: Ditto|move: Future Sight\n|-resisted|p1a: Ditto\n|-damage|p1a: Ditto|42/225\n|-heal|p2a: Farigiraf|366/366|[from] move: Wish|[wisher] Farigiraf\n|upkeep\n|turn|13\n|\n|t:|1733835176\n|switch|p1a: Ariados|Ariados, L95, F|287/287\n|move|p2a: Farigiraf|Future Sight|p1a: Ariados\n|-start|p2a: Farigiraf|move: Future Sight\n|\n|upkeep\n|turn|14\n|\n|t:|1733835183\n|switch|p2a: Great Tusk|Great Tusk, L77|304/304\n|move|p1a: Ariados|Sticky Web|p2a: Great Tusk\n|-sidestart|p2: EL NEGRO 0SCUR0|move: Sticky Web\n|\n|upkeep\n|turn|15\n|\n|t:|1733835187\n|switch|p1a: Basculegion|Basculegion, L81, M|134/327\n|move|p2a: Great Tusk|Bulk Up|p2a: Great Tusk\n|-boost|p2a: Great Tusk|atk|1\n|-boost|p2a: Great Tusk|def|1\n|\n|-end|p1a: Basculegion|move: Future Sight\n|-damage|p1a: Basculegion|4/327\n|upkeep\n|turn|16\n|\n|t:|1733835194\n|move|p2a: Great Tusk|Earthquake|p1a: Basculegion\n|-damage|p1a: Basculegion|0 fnt\n|faint|p1a: Basculegion\n|\n|upkeep\n|\n|t:|1733835196\n|switch|p1a: Ditto|Ditto, L87|42/225\n|-transform|p1a: Ditto|p2a: Great Tusk|[from] ability: Imposter\n|turn|17\n|\n|t:|1733835200\n|move|p1a: Ditto|Close Combat|p2a: Great Tusk\n|-damage|p2a: Great Tusk|174/304\n|-unboost|p1a: Ditto|def|1\n|-unboost|p1a: Ditto|spd|1\n|move|p2a: Great Tusk|Earthquake|p1a: Ditto\n|-damage|p1a: Ditto|0 fnt\n|faint|p1a: Ditto\n|-end|p1a: Ditto|Protosynthesis|[silent]\n|\n|-heal|p2a: Great Tusk|193/304|[from] item: Leftovers\n|upkeep\n|\n|t:|1733835203\n|switch|p1a: Iron Valiant|Iron Valiant, L78|244/244\n|turn|18\n|\n|t:|1733835208\n|-end|p2a: Great Tusk|Protosynthesis|[silent]\n|switch|p2a: Farigiraf|Farigiraf, L91, M|366/366\n|-activate|p2a: Farigiraf|move: Sticky Web\n|-unboost|p2a: Farigiraf|spe|1\n|move|p1a: Iron Valiant|Moonblast|p2a: Farigiraf\n|-damage|p2a: Farigiraf|217/366\n|-damage|p1a: Iron Valiant|220/244|[from] item: Life Orb\n|\n|-heal|p2a: Farigiraf|239/366|[from] item: Leftovers\n|upkeep\n|turn|19\n|\n|t:|1733835215\n|move|p1a: Iron Valiant|Calm Mind|p1a: Iron Valiant\n|-boost|p1a: Iron Valiant|spa|1\n|-boost|p1a: Iron Valiant|spd|1\n|move|p2a: Farigiraf|Future Sight|p1a: Iron Valiant\n|-start|p2a: Farigiraf|move: Future Sight\n|\n|-heal|p2a: Farigiraf|261/366|[from] item: Leftovers\n|upkeep\n|turn|20\n|\n|t:|1733835220\n|move|p1a: Iron Valiant|Calm Mind|p1a: Iron Valiant\n|-boost|p1a: Iron Valiant|spa|1\n|-boost|p1a: Iron Valiant|spd|1\n|move|p2a: Farigiraf|Hyper Voice|p1a: Iron Valiant\n|-damage|p1a: Iron Valiant|129/244\n|\n|-heal|p2a: Farigiraf|283/366|[from] item: Leftovers\n|upkeep\n|turn|21\n|\n|t:|1733835224\n|move|p1a: Iron Valiant|Moonblast|p2a: Farigiraf\n|-damage|p2a: Farigiraf|1/366\n|-damage|p1a: Iron Valiant|105/244|[from] item: Life Orb\n|move|p2a: Farigiraf|Wish|p2a: Farigiraf\n|\n|-end|p1a: Iron Valiant|move: Future Sight\n|-supereffective|p1a: Iron Valiant\n|-damage|p1a: Iron Valiant|0 fnt\n|faint|p1a: Iron Valiant\n|-end|p1a: Iron Valiant|Quark Drive|[silent]\n|-heal|p2a: Farigiraf|23/366|[from] item: Leftovers\n|upkeep\n|\n|t:|1733835228\n|switch|p1a: Ariados|Ariados, L95, F|287/287\n|turn|22\n|\n|t:|1733835232\n|move|p2a: Farigiraf|Protect|p2a: Farigiraf\n|-singleturn|p2a: Farigiraf|Protect\n|move|p1a: Ariados|Poison Jab|p2a: Farigiraf\n|-activate|p2a: Farigiraf|move: Protect\n|\n|-heal|p2a: Farigiraf|206/366|[from] move: Wish|[wisher] Farigiraf\n|-heal|p2a: Farigiraf|228/366|[from] item: Leftovers\n|upkeep\n|turn|23\n|\n|t:|1733835236\n|switch|p2a: Great Tusk|Great Tusk, L77|193/304\n|-activate|p2a: Great Tusk|move: Sticky Web\n|-unboost|p2a: Great Tusk|spe|1\n|move|p1a: Ariados|Megahorn|p2a: Great Tusk\n|-resisted|p2a: Great Tusk\n|-damage|p2a: Great Tusk|127/304\n|\n|-heal|p2a: Great Tusk|146/304|[from] item: Leftovers\n|upkeep\n|turn|24\n|\n|t:|1733835245\n|move|p1a: Ariados|Poison Jab|p2a: Great Tusk\n|-resisted|p2a: Great Tusk\n|-crit|p2a: Great Tusk\n|-damage|p2a: Great Tusk|89/304\n|-status|p2a: Great Tusk|psn\n|move|p2a: Great Tusk|Stone Edge|p1a: Ariados\n|-supereffective|p1a: Ariados\n|-damage|p1a: Ariados|127/287\n|\n|-heal|p2a: Great Tusk|108/304 psn|[from] item: Leftovers\n|-damage|p2a: Great Tusk|70/304 psn|[from] psn\n|upkeep\n|turn|25\n|\n|t:|1733835252\n|move|p1a: Ariados|Sucker Punch|p2a: Great Tusk\n|-resisted|p2a: Great Tusk\n|-damage|p2a: Great Tusk|47/304 psn\n|move|p2a: Great Tusk|Stone Edge|p1a: Ariados\n|-supereffective|p1a: Ariados\n|-crit|p1a: Ariados\n|-damage|p1a: Ariados|0 fnt\n|faint|p1a: Ariados\n|\n|-heal|p2a: Great Tusk|66/304 psn|[from] item: Leftovers\n|-damage|p2a: Great Tusk|28/304 psn|[from] psn\n|upkeep\n|\n|t:|1733835255\n|switch|p1a: Walking Wake|Walking Wake, L79|286/286\n|turn|26\n|\n|t:|1733835261\n|move|p1a: Walking Wake|Hydro Steam|p2a: Great Tusk\n|-supereffective|p2a: Great Tusk\n|-damage|p2a: Great Tusk|0 fnt\n|faint|p2a: Great Tusk\n|-end|p2a: Great Tusk|Protosynthesis|[silent]\n|-damage|p1a: Walking Wake|258/286|[from] item: Life Orb\n|\n|upkeep\n|\n|t:|1733835269\n|switch|p2a: Farigiraf|Farigiraf, L91, M|228/366\n|-activate|p2a: Farigiraf|move: Sticky Web\n|-unboost|p2a: Farigiraf|spe|1\n|turn|27\n|\n|t:|1733835272\n|move|p1a: Walking Wake|Sunny Day|p1a: Walking Wake\n|-weather|SunnyDay\n|-activate|p1a: Walking Wake|ability: Protosynthesis\n|-start|p1a: Walking Wake|protosynthesisspa\n|move|p2a: Farigiraf|Future Sight|p1a: Walking Wake\n|-start|p2a: Farigiraf|move: Future Sight\n|\n|-weather|SunnyDay|[upkeep]\n|-heal|p2a: Farigiraf|250/366|[from] item: Leftovers\n|upkeep\n|turn|28\n|\n|t:|1733835275\n|move|p2a: Farigiraf|Protect|p2a: Farigiraf\n|-singleturn|p2a: Farigiraf|Protect\n|move|p1a: Walking Wake|Flamethrower|p2a: Farigiraf\n|-activate|p2a: Farigiraf|move: Protect\n|\n|-weather|SunnyDay|[upkeep]\n|-heal|p2a: Farigiraf|272/366|[from] item: Leftovers\n|upkeep\n|turn|29\n|\n|t:|1733835281\n|move|p1a: Walking Wake|Hydro Steam|p2a: Farigiraf\n|-damage|p2a: Farigiraf|0 fnt\n|faint|p2a: Farigiraf\n|-damage|p1a: Walking Wake|230/286|[from] item: Life Orb\n|\n|-weather|SunnyDay|[upkeep]\n|-end|p1a: Walking Wake|move: Future Sight\n|-damage|p1a: Walking Wake|44/286\n|upkeep\n|\n|t:|1733835284\n|switch|p2a: Breloom|Breloom, L82, M|233/233\n|-activate|p2a: Breloom|move: Sticky Web\n|-unboost|p2a: Breloom|spe|1\n|turn|30\n|\n|t:|1733835288\n|-end|p1a: Walking Wake|Protosynthesis|[silent]\n|switch|p1a: Fezandipiti|Fezandipiti, L82, M|181/278 par\n|move|p2a: Breloom|Mach Punch|p1a: Fezandipiti\n|-resisted|p1a: Fezandipiti\n|-damage|p1a: Fezandipiti|154/278 par\n|-damage|p2a: Breloom|210/233|[from] item: Life Orb\n|\n|-weather|SunnyDay|[upkeep]\n|-heal|p1a: Fezandipiti|171/278 par|[from] item: Leftovers\n|upkeep\n|turn|31\n|\n|t:|1733835296\n|switch|p2a: Typhlosion|Typhlosion, L84, M|267/267\n|-activate|p2a: Typhlosion|move: Sticky Web\n|-unboost|p2a: Typhlosion|spe|1\n|move|p1a: Fezandipiti|Gunk Shot|p2a: Typhlosion\n|-damage|p2a: Typhlosion|149/267\n|\n|-weather|none\n|-heal|p1a: Fezandipiti|188/278 par|[from] item: Leftovers\n|upkeep\n|turn|32\n|\n|t:|1733835307\n|move|p2a: Typhlosion|Scorching Sands|p1a: Fezandipiti\n|-supereffective|p1a: Fezandipiti\n|-damage|p1a: Fezandipiti|104/278 par\n|move|p1a: Fezandipiti|Roost|p1a: Fezandipiti\n|-heal|p1a: Fezandipiti|243/278 par\n|-singleturn|p1a: Fezandipiti|move: Roost\n|\n|-heal|p1a: Fezandipiti|260/278 par|[from] item: Leftovers\n|upkeep\n|turn|33\n|\n|t:|1733835312\n|move|p2a: Typhlosion|Scorching Sands|p1a: Fezandipiti\n|-supereffective|p1a: Fezandipiti\n|-crit|p1a: Fezandipiti\n|-damage|p1a: Fezandipiti|124/278 par\n|move|p1a: Fezandipiti|Gunk Shot|p2a: Typhlosion|[miss]\n|-miss|p1a: Fezandipiti|p2a: Typhlosion\n|\n|-heal|p1a: Fezandipiti|141/278 par|[from] item: Leftovers\n|upkeep\n|turn|34\n|\n|t:|1733835317\n|move|p2a: Typhlosion|Scorching Sands|p1a: Fezandipiti\n|-supereffective|p1a: Fezandipiti\n|-damage|p1a: Fezandipiti|63/278 par\n|move|p1a: Fezandipiti|Roost|p1a: Fezandipiti\n|-heal|p1a: Fezandipiti|202/278 par\n|-singleturn|p1a: Fezandipiti|move: Roost\n|\n|-heal|p1a: Fezandipiti|219/278 par|[from] item: Leftovers\n|upkeep\n|turn|35\n|\n|t:|1733835321\n|move|p2a: Typhlosion|Scorching Sands|p1a: Fezandipiti\n|-supereffective|p1a: Fezandipiti\n|-damage|p1a: Fezandipiti|135/278 par\n|move|p1a: Fezandipiti|Gunk Shot|p2a: Typhlosion\n|-damage|p2a: Typhlosion|22/267\n|-status|p2a: Typhlosion|psn\n|\n|-heal|p1a: Fezandipiti|152/278 par|[from] item: Leftovers\n|-damage|p2a: Typhlosion|0 fnt|[from] psn\n|faint|p2a: Typhlosion\n|upkeep\n|\n|t:|1733835326\n|switch|p2a: Kyogre|Kyogre, L71|259/259\n|-activate|p2a: Kyogre|move: Sticky Web\n|-unboost|p2a: Kyogre|spe|1\n|-weather|RainDance|[from] ability: Drizzle|[of] p2a: Kyogre\n|turn|36\n|\n|t:|1733835332\n|move|p2a: Kyogre|Water Spout|p1a: Fezandipiti\n|-damage|p1a: Fezandipiti|0 fnt\n|faint|p1a: Fezandipiti\n|\n|-weather|RainDance|[upkeep]\n|upkeep\n|\n|t:|1733835334\n|switch|p1a: Walking Wake|Walking Wake, L79|44/286\n|turn|37\n|\n|t:|1733835339\n|move|p1a: Walking Wake|Draco Meteor|p2a: Kyogre\n|-damage|p2a: Kyogre|98/259\n|-unboost|p1a: Walking Wake|spa|2\n|-damage|p1a: Walking Wake|16/286|[from] item: Life Orb\n|move|p2a: Kyogre|Water Spout|p1a: Walking Wake\n|-resisted|p1a: Walking Wake\n|-damage|p1a: Walking Wake|0 fnt\n|faint|p1a: Walking Wake\n|-end|p1a: Walking Wake|Protosynthesis|[silent]\n|\n|win|EL NEGRO 0SCUR0\n|raw|Pokegod383's rating: 1987 &rarr; <strong>1970</strong><br />(-17 for losing)\n|raw|EL NEGRO 0SCUR0's rating: 2033 &rarr; <strong>2050</strong><br />(+17 for winning)\n|l|\u2606Pokegod383\n|player|p1|\n", "inputlog": ">version bfd83cad13791eb5a5a409923076391caf6fb4d4\n>start {\"formatid\":\"gen9randombattle\",\"seed\":[43193,31821,64983,33310],\"rated\":\"Rated battle\"}\n>player p1 {\"name\":\"Pokegod383\",\"avatar\":\"266\",\"rating\":1987,\"seed\":[10172,7165,32998,13465]}\n>player p2 {\"name\":\"EL NEGRO 0SCUR0\",\"avatar\":\"hoopster\",\"rating\":2033,\"seed\":[9809,62316,47918,48649]}\n>p1 move wavecrash\n>p2 move coil\n>p1 move flipturn\n>p2 move roost\n>p1 switch 6\n>p1 move beatup\n>p2 move bodyslam\n>p1 switch 6\n>p2 move earthquake\n>p1 move wavecrash\n>p2 move roost\n>p1 move wavecrash\n>p2 move earthquake\n>p2 switch 4\n>p1 move wavecrash\n>p2 move futuresight\n>p1 move flipturn\n>p2 move wish\n>p1 switch 3\n>p1 move wish\n>p2 move protect\n>p1 switch 3\n>p2 move futuresight\n>p1 move flipturn\n>p2 move wish\n>p1 switch 3\n>p1 move protect\n>p2 move hypervoice\n>p1 switch 5\n>p2 move futuresight\n>p1 move stickyweb\n>p2 switch 3\n>p1 switch 3\n>p2 move bulkup\n>p1 move wavecrash\n>p2 move earthquake\n>p1 switch 5\n>p1 move closecombat\n>p2 move earthquake\n>p1 switch 4\n>p1 move moonblast\n>p2 switch 3\n>p1 move calmmind\n>p2 move futuresight\n>p1 move calmmind\n>p2 move hypervoice\n>p1 move moonblast\n>p2 move wish\n>p1 switch 3\n>p1 move poisonjab\n>p2 move protect\n>p1 move megahorn\n>p2 switch 3\n>p1 move poisonjab\n>p2 move stoneedge\n>p1 move suckerpunch\n>p2 move stoneedge\n>p1 switch 2\n>p1 move hydrosteam\n>p2 move closecombat\n>p2 switch 3\n>p1 move sunnyday\n>p2 move futuresight\n>p1 move flamethrower\n>p2 move protect\n>p1 move hydrosteam\n>p2 move wish\n>p2 switch 5\n>p1 switch 6\n>p2 move machpunch\n>p1 move gunkshot\n>p2 switch 2\n>p1 move roost\n>p2 move scorchingsands\n>p1 move gunkshot\n>p2 move scorchingsands\n>p1 move roost\n>p2 move scorchingsands\n>p1 move gunkshot\n>p2 move scorchingsands\n>p2 switch 6\n>p1 move gunkshot\n>p2 move waterspout\n>p1 switch 6\n>p1 move dracometeor\n>p2 move waterspout", "uploadtime": 1733835352, "views": 16, "formatid": "gen9randombattle", "rating": 1970, "private": 0, "password": null}