{"id": "gen9randombattle-2260321638", "format": "[Gen 9] Random Battle", "players": ["luckyman32", "kmnoi"], "log": "|j|\u2606luckyman32\n|j|\u2606kmnoi\n|t:|1733839671\n|gametype|singles\n|player|p1|luckyman32|169|1000\n|player|p2|kmnoi|266|1000\n|teamsize|p1|6\n|teamsize|p2|6\n|gen|9\n|tier|[Gen 9] Random Battle\n|rated|\n|rule|Species Clause: Limit one of each Pok\u00e9mon\n|rule|HP Percentage Mod: HP is shown in percentages\n|rule|Sleep Clause Mod: Limit one foe put to sleep\n|rule|Illusion Level Mod: Illusion disguises the Pok\u00e9mon's true level\n|\n|t:|1733839671\n|start\n|switch|p1a: Salamence|Salamence, L77, F|273/273\n|switch|p2a: Kyogre|Kyogre, L71|259/259\n|-ability|p1a: Salamence|Intimidate|boost\n|-unboost|p2a: Kyogre|atk|1\n|-weather|RainDance|[from] ability: Drizzle|[of] p2a: Kyogre\n|turn|1\n|inactive|Battle timer is ON: inactive players will automatically lose when time's up. (requested by kmnoi)\n|\n|t:|1733839683\n|move|p1a: Salamence|Dragon Dance|p1a: Salamence\n|-boost|p1a: Salamence|atk|1\n|-boost|p1a: Salamence|spe|1\n|move|p2a: Kyogre|Ice Beam|p1a: Salamence\n|-supereffective|p1a: Salamence\n|-damage|p1a: Salamence|0 fnt\n|faint|p1a: Salamence\n|\n|-weather|RainDance|[upkeep]\n|upkeep\n|\n|t:|1733839693\n|switch|p1a: Medicham|Medicham, L86, F|243/243\n|turn|2\n|\n|t:|1733839700\n|move|p1a: Medicham|Bullet Punch|p2a: Kyogre\n|-resisted|p2a: Kyogre\n|-damage|p2a: Kyogre|224/259\n|move|p2a: Kyogre|Thunder|p1a: Medicham\n|-damage|p1a: Medicham|161/243\n|-status|p1a: Medicham|par\n|\n|-weather|RainDance|[upkeep]\n|-heal|p2a: Kyogre|240/259|[from] item: Leftovers\n|upkeep\n|turn|3\n|\n|t:|1733839712\n|move|p1a: Medicham|Bullet Punch|p2a: Kyogre\n|-resisted|p2a: Kyogre\n|-damage|p2a: Kyogre|202/259\n|move|p2a: Kyogre|Origin Pulse|p1a: Medicham\n|-damage|p1a: Medicham|0 fnt\n|faint|p1a: Medicham\n|\n|-weather|RainDance|[upkeep]\n|-heal|p2a: Kyogre|218/259|[from] item: Leftovers\n|upkeep\n|\n|t:|1733839722\n|switch|p1a: Gholdengo|Gholdengo, L77|261/261\n|turn|4\n|\n|t:|1733839729\n|move|p1a: Gholdengo|Shadow Ball|p2a: Kyogre\n|-damage|p2a: Kyogre|148/259\n|-unboost|p2a: Kyogre|spd|1\n|move|p2a: Kyogre|Thunder|p1a: Gholdengo\n|-damage|p1a: Gholdengo|183/261\n|\n|-weather|RainDance|[upkeep]\n|-heal|p2a: Kyogre|164/259|[from] item: Leftovers\n|upkeep\n|turn|5\n|\n|t:|1733839741\n|switch|p2a: Smeargle|Smeargle, L95, M|258/258\n|move|p1a: Gholdengo|Shadow Ball|p2a: Smeargle\n|-immune|p2a: Smeargle\n|\n|-weather|none\n|upkeep\n|turn|6\n|\n|t:|1733839759\n|-terastallize|p1a: Gholdengo|Steel\n|move|p1a: Gholdengo|Shadow Ball|p2a: Smeargle\n|-immune|p2a: Smeargle\n|move|p2a: Smeargle|Spore|p1a: Gholdengo\n|-immune|p1a: Gholdengo|[from] ability: Good as Gold\n|\n|upkeep\n|turn|7\n|\n|t:|1733839768\n|switch|p1a: Grimmsnarl|Grimmsnarl, L83, M|293/293\n|move|p2a: Smeargle|Sticky Web|p1a: Grimmsnarl\n|-sidestart|p1: luckyman32|move: Sticky Web\n|\n|upkeep\n|turn|8\n|\n|t:|1733839778\n|move|p1a: Grimmsnarl|Thunder Wave|p2a: Smeargle\n|-status|p2a: Smeargle|par\n|cant|p2a: Smeargle|par\n|\n|upkeep\n|turn|9\n|\n|t:|1733839786\n|move|p1a: Grimmsnarl|Sucker Punch|p2a: Smeargle\n|-damage|p2a: Smeargle|105/258 par\n|move|p2a: Smeargle|Ceaseless Edge|p1a: Grimmsnarl\n|-resisted|p1a: Grimmsnarl\n|-damage|p1a: Grimmsnarl|285/293\n|-sidestart|p1: luckyman32|Spikes\n|\n|-heal|p1a: Grimmsnarl|293/293|[from] item: Leftovers\n|upkeep\n|turn|10\n|\n|t:|1733839796\n|move|p1a: Grimmsnarl|Sucker Punch||[still]\n|-fail|p1a: Grimmsnarl\n|move|p2a: Smeargle|Whirlwind|p1a: Grimmsnarl\n|drag|p1a: Gholdengo|Gholdengo, L77, tera:Steel|183/261\n|-activate|p1a: Gholdengo|move: Sticky Web\n|-unboost|p1a: Gholdengo|spe|1\n|-damage|p1a: Gholdengo|151/261|[from] Spikes\n|\n|upkeep\n|turn|11\n|\n|t:|1733839816\n|move|p1a: Gholdengo|Trick|p2a: Smeargle\n|-activate|p1a: Gholdengo|move: Trick|[of] p2a: Smeargle\n|-item|p2a: Smeargle|Choice Scarf|[from] move: Trick\n|-item|p1a: Gholdengo|Focus Sash|[from] move: Trick\n|move|p2a: Smeargle|Ceaseless Edge|p1a: Gholdengo\n|-damage|p1a: Gholdengo|126/261\n|-sidestart|p1: luckyman32|Spikes\n|\n|upkeep\n|turn|12\n|\n|t:|1733839826\n|move|p2a: Smeargle|Ceaseless Edge|p1a: Gholdengo\n|-crit|p1a: Gholdengo\n|-damage|p1a: Gholdengo|87/261\n|-sidestart|p1: luckyman32|Spikes\n|move|p1a: Gholdengo|Make It Rain|p2a: Smeargle\n|-damage|p2a: Smeargle|0 fnt\n|-unboost|p1a: Gholdengo|spa|1\n|faint|p2a: Smeargle\n|\n|upkeep\n|inactive|kmnoi has 120 seconds left.\n|\n|t:|1733839873\n|switch|p2a: Venusaur|Venusaur, L84, F|272/272\n|turn|13\n|\n|t:|1733839877\n|move|p2a: Venusaur|Leech Seed|p1a: Gholdengo\n|-immune|p1a: Gholdengo|[from] ability: Good as Gold\n|move|p1a: Gholdengo|Focus Blast|p2a: Venusaur|[miss]\n|-miss|p1a: Gholdengo|p2a: Venusaur\n|\n|upkeep\n|turn|14\n|\n|t:|1733839892\n|move|p2a: Venusaur|Giga Drain|p1a: Gholdengo\n|-resisted|p1a: Gholdengo\n|-damage|p1a: Gholdengo|45/261\n|move|p1a: Gholdengo|Focus Blast|p2a: Venusaur\n|-resisted|p2a: Venusaur\n|-damage|p2a: Venusaur|246/272\n|\n|-heal|p2a: Venusaur|263/272|[from] item: Leftovers\n|upkeep\n|turn|15\n|\n|t:|1733839902\n|move|p2a: Venusaur|Substitute|p2a: Venusaur\n|-start|p2a: Venusaur|Substitute\n|-damage|p2a: Venusaur|195/272\n|move|p1a: Gholdengo|Shadow Ball|p2a: Venusaur\n|-activate|p2a: Venusaur|move: Substitute|[damage]\n|\n|-heal|p2a: Venusaur|212/272|[from] item: Leftovers\n|upkeep\n|turn|16\n|inactive|kmnoi has 120 seconds left.\n|\n|t:|1733839919\n|move|p2a: Venusaur|Giga Drain|p1a: Gholdengo\n|-resisted|p1a: Gholdengo\n|-damage|p1a: Gholdengo|5/261\n|-heal|p2a: Venusaur|232/272|[from] drain|[of] p1a: Gholdengo\n|move|p1a: Gholdengo|Make It Rain|p2a: Venusaur\n|-end|p2a: Venusaur|Substitute\n|-unboost|p1a: Gholdengo|spa|1\n|\n|-heal|p2a: Venusaur|249/272|[from] item: Leftovers\n|upkeep\n|turn|17\n|inactive|kmnoi has 120 seconds left.\n|\n|t:|1733839932\n|move|p2a: Venusaur|Substitute|p2a: Venusaur\n|-start|p2a: Venusaur|Substitute\n|-damage|p2a: Venusaur|181/272\n|move|p1a: Gholdengo|Shadow Ball|p2a: Venusaur\n|-activate|p2a: Venusaur|move: Substitute|[damage]\n|\n|-heal|p2a: Venusaur|198/272|[from] item: Leftovers\n|upkeep\n|turn|18\n|\n|t:|1733839946\n|move|p2a: Venusaur|Giga Drain|p1a: Gholdengo\n|-resisted|p1a: Gholdengo\n|-damage|p1a: Gholdengo|0 fnt\n|-heal|p2a: Venusaur|201/272|[from] drain|[of] p1a: Gholdengo\n|faint|p1a: Gholdengo\n|\n|-heal|p2a: Venusaur|218/272|[from] item: Leftovers\n|upkeep\n|\n|t:|1733839954\n|switch|p1a: Ampharos|Ampharos, L88, F|302/302\n|-activate|p1a: Ampharos|move: Sticky Web\n|-unboost|p1a: Ampharos|spe|1\n|-damage|p1a: Ampharos|227/302|[from] Spikes\n|turn|19\n|\n|t:|1733839961\n|move|p2a: Venusaur|Leech Seed|p1a: Ampharos|[miss]\n|-miss|p2a: Venusaur|p1a: Ampharos\n|move|p1a: Ampharos|Volt Switch|p2a: Venusaur\n|-resisted|p2a: Venusaur\n|-end|p2a: Venusaur|Substitute\n|\n|t:|1733839971\n|switch|p1a: Politoed|Politoed, L88, F|302/302|[from] Volt Switch\n|-activate|p1a: Politoed|move: Sticky Web\n|-unboost|p1a: Politoed|spe|1\n|-damage|p1a: Politoed|227/302|[from] Spikes\n|-weather|RainDance|[from] ability: Drizzle|[of] p1a: Politoed\n|\n|-weather|RainDance|[upkeep]\n|-heal|p2a: Venusaur|235/272|[from] item: Leftovers\n|upkeep\n|turn|20\n|\n|t:|1733839983\n|move|p2a: Venusaur|Substitute|p2a: Venusaur\n|-start|p2a: Venusaur|Substitute\n|-damage|p2a: Venusaur|167/272\n|move|p1a: Politoed|Ice Beam|p2a: Venusaur\n|-supereffective|p2a: Venusaur\n|-end|p2a: Venusaur|Substitute\n|\n|-weather|RainDance|[upkeep]\n|-heal|p2a: Venusaur|184/272|[from] item: Leftovers\n|upkeep\n|turn|21\n|\n|t:|1733839991\n|move|p2a: Venusaur|Giga Drain|p1a: Politoed\n|-supereffective|p1a: Politoed\n|-damage|p1a: Politoed|87/302\n|-heal|p2a: Venusaur|254/272|[from] drain|[of] p1a: Politoed\n|move|p1a: Politoed|Ice Beam|p2a: Venusaur\n|-supereffective|p2a: Venusaur\n|-damage|p2a: Venusaur|74/272\n|\n|-weather|RainDance|[upkeep]\n|-heal|p2a: Venusaur|91/272|[from] item: Leftovers\n|upkeep\n|turn|22\n|\n|t:|1733840002\n|move|p2a: Venusaur|Giga Drain|p1a: Politoed\n|-supereffective|p1a: Politoed\n|-damage|p1a: Politoed|0 fnt\n|-heal|p2a: Venusaur|135/272|[from] drain|[of] p1a: Politoed\n|faint|p1a: Politoed\n|\n|-weather|RainDance|[upkeep]\n|-heal|p2a: Venusaur|152/272|[from] item: Leftovers\n|upkeep\n|\n|t:|1733840009\n|switch|p1a: Ampharos|Ampharos, L88, F|227/302\n|-activate|p1a: Ampharos|move: Sticky Web\n|-unboost|p1a: Ampharos|spe|1\n|-damage|p1a: Ampharos|152/302|[from] Spikes\n|turn|23\n|\n|t:|1733840015\n|move|p2a: Venusaur|Substitute|p2a: Venusaur\n|-start|p2a: Venusaur|Substitute\n|-damage|p2a: Venusaur|84/272\n|move|p1a: Ampharos|Discharge|p2a: Venusaur\n|-resisted|p2a: Venusaur\n|-activate|p2a: Venusaur|move: Substitute|[damage]\n|\n|-weather|none\n|-heal|p2a: Venusaur|101/272|[from] item: Leftovers\n|upkeep\n|turn|24\n|\n|t:|1733840027\n|move|p2a: Venusaur|Leech Seed|p1a: Ampharos\n|-start|p1a: Ampharos|move: Leech Seed\n|move|p1a: Ampharos|Dragon Tail|p2a: Venusaur|[miss]\n|-miss|p1a: Ampharos|p2a: Venusaur\n|\n|-heal|p2a: Venusaur|118/272|[from] item: Leftovers\n|-damage|p1a: Ampharos|115/302|[from] Leech Seed|[of] p2a: Venusaur\n|-heal|p2a: Venusaur|155/272|[silent]\n|upkeep\n|turn|25\n|\n|t:|1733840035\n|move|p2a: Venusaur|Giga Drain|p1a: Ampharos\n|-damage|p1a: Ampharos|60/302\n|-heal|p2a: Venusaur|183/272|[from] drain|[of] p1a: Ampharos\n|move|p1a: Ampharos|Volt Switch|p2a: Venusaur\n|-resisted|p2a: Venusaur\n|-end|p2a: Venusaur|Substitute\n|\n|t:|1733840042\n|switch|p1a: Grimmsnarl|Grimmsnarl, L83, M|293/293|[from] Volt Switch\n|-activate|p1a: Grimmsnarl|move: Sticky Web\n|-unboost|p1a: Grimmsnarl|spe|1\n|-damage|p1a: Grimmsnarl|220/293|[from] Spikes\n|\n|-heal|p2a: Venusaur|200/272|[from] item: Leftovers\n|-heal|p1a: Grimmsnarl|238/293|[from] item: Leftovers\n|upkeep\n|turn|26\n|\n|t:|1733840054\n|switch|p2a: Rhydon|Rhydon, L85, M|317/317\n|move|p1a: Grimmsnarl|Taunt|p2a: Rhydon\n|-start|p2a: Rhydon|move: Taunt\n|\n|-heal|p1a: Grimmsnarl|256/293|[from] item: Leftovers\n|upkeep\n|turn|27\n|\n|t:|1733840062\n|move|p2a: Rhydon|Earthquake|p1a: Grimmsnarl\n|-damage|p1a: Grimmsnarl|78/293\n|move|p1a: Grimmsnarl|Spirit Break|p2a: Rhydon\n|-damage|p2a: Rhydon|272/317\n|-unboost|p2a: Rhydon|spa|1\n|\n|-heal|p1a: Grimmsnarl|96/293|[from] item: Leftovers\n|upkeep\n|turn|28\n|\n|t:|1733840073\n|move|p1a: Grimmsnarl|Thunder Wave|p2a: Rhydon\n|-ability|p2a: Rhydon|Lightning Rod|boost\n|-boost|p2a: Rhydon|spa|1\n|move|p2a: Rhydon|Earthquake|p1a: Grimmsnarl\n|-damage|p1a: Grimmsnarl|0 fnt\n|faint|p1a: Grimmsnarl\n|\n|-end|p2a: Rhydon|move: Taunt\n|upkeep\n|\n|t:|1733840080\n|switch|p1a: Ampharos|Ampharos, L88, F|60/302\n|-activate|p1a: Ampharos|move: Sticky Web\n|-unboost|p1a: Ampharos|spe|1\n|-damage|p1a: Ampharos|0 fnt|[from] Spikes\n|faint|p1a: Ampharos\n|\n|win|kmnoi\n|raw|luckyman32's rating: 1000 &rarr; <strong>1000</strong><br />(+0 for losing)\n|raw|kmnoi's rating: 1045 &rarr; <strong>1074</strong><br />(+29 for winning)\n", "inputlog": ">version bfd83cad13791eb5a5a409923076391caf6fb4d4\n>start {\"formatid\":\"gen9randombattle\",\"seed\":[40828,26142,4840,42126],\"rated\":\"Rated battle\"}\n>player p1 {\"name\":\"luckyman32\",\"avatar\":\"169\",\"rating\":1000,\"seed\":[4367,12475,8513,17675]}\n>player p2 {\"name\":\"kmnoi\",\"avatar\":\"266\",\"rating\":1000,\"seed\":[61102,5548,62967,48819]}\n>p1 move dragondance\n>p2 move icebeam\n>p1 switch 4\n>p1 move bulletpunch\n>p2 move thunder\n>p1 move bulletpunch\n>p2 move originpulse\n>p1 switch 6\n>p1 move shadowball\n>p2 move thunder\n>p1 move shadowball\n>p2 switch 4\n>p1 move shadowball terastallize\n>p2 move spore\n>p1 switch 2\n>p2 move stickyweb\n>p1 move thunderwave\n>p2 move ceaselessedge\n>p1 move suckerpunch\n>p2 move ceaselessedge\n>p1 move suckerpunch\n>p2 move whirlwind\n>p1 move trick\n>p2 move ceaselessedge\n>p1 move makeitrain\n>p2 move ceaselessedge\n>p2 switch 2\n>p1 move focusblast\n>p2 move leechseed\n>p1 move focusblast\n>p2 move gigadrain\n>p1 move shadowball\n>p2 move substitute\n>p1 move makeitrain\n>p2 move gigadrain\n>p1 move shadowball\n>p2 move substitute\n>p1 move makeitrain\n>p2 move gigadrain\n>p1 switch 3\n>p1 move voltswitch\n>p2 move leechseed\n>p1 switch 5\n>p1 move icebeam\n>p2 move substitute\n>p1 move icebeam\n>p2 move gigadrain\n>p1 move icebeam\n>p2 move gigadrain\n>p1 switch 5\n>p1 move discharge\n>p2 move substitute\n>p1 move dragontail\n>p2 move leechseed\n>p1 move voltswitch\n>p2 move gigadrain\n>p1 switch 2\n>p1 move taunt\n>p2 switch 6\n>p1 move spiritbreak\n>p2 move earthquake\n>p1 move thunderwave\n>p2 move earthquake\n>p1 switch 2", "uploadtime": 1733840082, "views": 1, "formatid": "gen9randombattle", "rating": 1000, "private": 0, "password": null}