{"id": "gen9randombattle-2260874064", "format": "[Gen 9] Random Battle", "players": ["ibamakoto", "ellthesylveon"], "log": "|j|\u2606ibamakoto\n|j|\u203dellthesylveon\n|t:|1733908632\n|gametype|singles\n|player|p1|ibamakoto|erika|1321\n|player|p2|ellthesylveon|lady|1299\n|teamsize|p1|6\n|teamsize|p2|6\n|gen|9\n|tier|[Gen 9] Random Battle\n|rated|\n|rule|Species Clause: Limit one of each Pok\u00e9mon\n|rule|HP Percentage Mod: HP is shown in percentages\n|rule|Sleep Clause Mod: Limit one foe put to sleep\n|rule|Illusion Level Mod: Illusion disguises the Pok\u00e9mon's true level\n|\n|t:|1733908632\n|start\n|switch|p1a: Ribombee|Ribombee, L82, M|233/233\n|switch|p2a: Incineroar|Incineroar, L82, F|290/290\n|-ability|p2a: Incineroar|Intimidate|boost\n|-unboost|p1a: Ribombee|atk|1\n|turn|1\n|inactive|Battle timer is ON: inactive players will automatically lose when time's up. (requested by ellthesylveon)\n|\n|t:|1733908656\n|move|p1a: Ribombee|Moonblast|p2a: Incineroar\n|-damage|p2a: Incineroar|230/290\n|-unboost|p2a: Incineroar|spa|1\n|move|p2a: Incineroar|Overheat|p1a: Ribombee\n|-supereffective|p1a: Ribombee\n|-damage|p1a: Ribombee|47/233\n|-unboost|p2a: Incineroar|spa|2\n|\n|upkeep\n|turn|2\n|\n|t:|1733908674\n|move|p1a: Ribombee|Bug Buzz|p2a: Incineroar\n|-damage|p2a: Incineroar|167/290\n|move|p2a: Incineroar|Knock Off|p1a: Ribombee\n|-resisted|p1a: Ribombee\n|-damage|p1a: Ribombee|0 fnt\n|-enditem|p1a: Ribombee|Heavy-Duty Boots|[from] move: Knock Off|[of] p2a: Incineroar\n|faint|p1a: Ribombee\n|\n|upkeep\n|\n|t:|1733908690\n|switch|p1a: Cloyster|Cloyster, L80, M|211/211\n|turn|3\n|\n|t:|1733908693\n|move|p1a: Cloyster|Shell Smash|p1a: Cloyster\n|-unboost|p1a: Cloyster|def|1\n|-unboost|p1a: Cloyster|spd|1\n|-boost|p1a: Cloyster|atk|2\n|-boost|p1a: Cloyster|spa|2\n|-boost|p1a: Cloyster|spe|2\n|-enditem|p1a: Cloyster|White Herb\n|-clearnegativeboost|p1a: Cloyster|[silent]\n|move|p2a: Incineroar|Close Combat|p1a: Cloyster\n|-supereffective|p1a: Cloyster\n|-damage|p1a: Cloyster|93/211\n|-unboost|p2a: Incineroar|def|1\n|-unboost|p2a: Incineroar|spd|1\n|\n|upkeep\n|turn|4\n|\n|t:|1733908713\n|switch|p2a: Masquerain|Masquerain, L87, M|264/264\n|-ability|p2a: Masquerain|Intimidate|boost\n|-unboost|p1a: Cloyster|atk|1\n|move|p1a: Cloyster|Drill Run|p2a: Masquerain\n|-immune|p2a: Masquerain\n|\n|upkeep\n|turn|5\n|\n|t:|1733908720\n|switch|p2a: Incineroar|Incineroar, L82, F|167/290\n|-ability|p2a: Incineroar|Intimidate|boost\n|-unboost|p1a: Cloyster|atk|1\n|move|p1a: Cloyster|Rock Blast|p2a: Incineroar|[miss]\n|-miss|p1a: Cloyster|p2a: Incineroar\n|\n|upkeep\n|turn|6\n|\n|t:|1733908729\n|move|p1a: Cloyster|Rock Blast|p2a: Incineroar\n|-supereffective|p2a: Incineroar\n|-damage|p2a: Incineroar|133/290\n|-supereffective|p2a: Incineroar\n|-damage|p2a: Incineroar|101/290\n|-supereffective|p2a: Incineroar\n|-damage|p2a: Incineroar|67/290\n|-supereffective|p2a: Incineroar\n|-damage|p2a: Incineroar|31/290\n|-supereffective|p2a: Incineroar\n|-damage|p2a: Incineroar|0 fnt\n|faint|p2a: Incineroar\n|-hitcount|p2: Incineroar|5\n|\n|upkeep\n|\n|t:|1733908731\n|switch|p2a: Masquerain|Masquerain, L87, M|264/264\n|-ability|p2a: Masquerain|Intimidate|boost\n|-unboost|p1a: Cloyster|atk|1\n|turn|7\n|\n|t:|1733908745\n|switch|p2a: Conkeldurr|Conkeldurr, L80, M|299/299\n|move|p1a: Cloyster|Rock Blast|p2a: Conkeldurr\n|-resisted|p2a: Conkeldurr\n|-damage|p2a: Conkeldurr|294/299\n|-resisted|p2a: Conkeldurr\n|-damage|p2a: Conkeldurr|289/299\n|-resisted|p2a: Conkeldurr\n|-damage|p2a: Conkeldurr|283/299\n|-resisted|p2a: Conkeldurr\n|-damage|p2a: Conkeldurr|277/299\n|-resisted|p2a: Conkeldurr\n|-crit|p2a: Conkeldurr\n|-damage|p2a: Conkeldurr|264/299\n|-hitcount|p2a: Conkeldurr|5\n|\n|-status|p2a: Conkeldurr|brn|[from] item: Flame Orb\n|upkeep\n|turn|8\n|\n|t:|1733908770\n|move|p2a: Conkeldurr|Mach Punch|p1a: Cloyster\n|-supereffective|p1a: Cloyster\n|-damage|p1a: Cloyster|0 fnt\n|faint|p1a: Cloyster\n|\n|-damage|p2a: Conkeldurr|246/299 brn|[from] brn\n|upkeep\n|inactive|ibamakoto has 120 seconds left.\n|\n|t:|1733908782\n|switch|p1a: Raichu|Raichu-Alola, L87, M|246/246\n|turn|9\n|inactive|ibamakoto has 120 seconds left.\n|\n|t:|1733908822\n|-terastallize|p2a: Conkeldurr|Normal\n|move|p1a: Raichu|Psychic|p2a: Conkeldurr\n|-damage|p2a: Conkeldurr|38/299 brn\n|-unboost|p2a: Conkeldurr|spd|1\n|move|p2a: Conkeldurr|Knock Off|p1a: Raichu\n|-supereffective|p1a: Raichu\n|-damage|p1a: Raichu|0 fnt\n|-enditem|p1a: Raichu|Choice Specs|[from] move: Knock Off|[of] p2a: Conkeldurr\n|faint|p1a: Raichu\n|\n|-damage|p2a: Conkeldurr|20/299 brn|[from] brn\n|upkeep\n|inactive|ibamakoto has 90 seconds left.\n|inactive|ibamakoto has 60 seconds left.\n|\n|t:|1733908884\n|switch|p1a: Magearna|Magearna, L77|250/250\n|turn|10\n|\n|t:|1733908892\n|move|p1a: Magearna|Flash Cannon|p2a: Conkeldurr\n|-damage|p2a: Conkeldurr|0 fnt\n|faint|p2a: Conkeldurr\n|-ability|p1a: Magearna|Soul-Heart|boost\n|-boost|p1a: Magearna|spa|1\n|\n|upkeep\n|\n|t:|1733908897\n|switch|p2a: Cinderace|Cinderace, L77, M|249/249\n|turn|11\n|inactive|ibamakoto has 60 seconds left.\n|\n|t:|1733908946\n|-terastallize|p1a: Magearna|Water\n|move|p2a: Cinderace|Pyro Ball|p1a: Magearna\n|-resisted|p1a: Magearna\n|-damage|p1a: Magearna|197/250\n|move|p1a: Magearna|Calm Mind|p1a: Magearna\n|-boost|p1a: Magearna|spa|1\n|-boost|p1a: Magearna|spd|1\n|\n|-heal|p1a: Magearna|212/250|[from] item: Leftovers\n|upkeep\n|turn|12\n|\n|t:|1733908959\n|move|p2a: Cinderace|High Jump Kick|p1a: Magearna\n|-start|p2a: Cinderace|typechange|Fighting|[from] ability: Libero\n|-damage|p1a: Magearna|103/250\n|move|p1a: Magearna|Flash Cannon|p2a: Cinderace\n|-damage|p2a: Cinderace|15/249\n|\n|-heal|p1a: Magearna|118/250|[from] item: Leftovers\n|upkeep\n|turn|13\n|\n|t:|1733908974\n|move|p2a: Cinderace|High Jump Kick|p1a: Magearna|[miss]\n|-miss|p2a: Cinderace|p1a: Magearna\n|-damage|p2a: Cinderace|0 fnt|[from] highjumpkick\n|faint|p2a: Cinderace\n|-ability|p1a: Magearna|Soul-Heart|boost\n|-boost|p1a: Magearna|spa|1\n|move|p1a: Magearna|Shift Gear|p1a: Magearna\n|-boost|p1a: Magearna|spe|2\n|-boost|p1a: Magearna|atk|1\n|\n|-heal|p1a: Magearna|133/250|[from] item: Leftovers\n|upkeep\n|\n|t:|1733908977\n|switch|p2a: Lurantis|Lurantis, L87, M|264/264\n|turn|14\n|\n|t:|1733908983\n|move|p1a: Magearna|Fleur Cannon|p2a: Lurantis\n|-damage|p2a: Lurantis|48/264\n|-unboost|p1a: Magearna|spa|2\n|move|p2a: Lurantis|Leaf Storm|p1a: Magearna\n|-supereffective|p1a: Magearna\n|-damage|p1a: Magearna|0 fnt\n|-boost|p2a: Lurantis|spa|2\n|faint|p1a: Magearna\n|\n|upkeep\n|\n|t:|1733908993\n|switch|p1a: Munkidori|Munkidori, L79, M|269/269\n|turn|15\n|\n|t:|1733909001\n|move|p1a: Munkidori|Sludge Wave|p2a: Lurantis\n|-supereffective|p2a: Lurantis\n|-damage|p2a: Lurantis|0 fnt\n|faint|p2a: Lurantis\n|\n|upkeep\n|\n|t:|1733909009\n|switch|p2a: Swampert|Swampert, L83, F|302/302\n|turn|16\n|inactive|ibamakoto has 60 seconds left.\n|\n|t:|1733909027\n|move|p1a: Munkidori|U-turn|p2a: Swampert\n|-crit|p2a: Swampert\n|-damage|p2a: Swampert|244/302\n|\n|t:|1733909030\n|switch|p1a: Ting-Lu|Ting-Lu, L78|370/370|[from] U-turn\n|-ability|p1a: Ting-Lu|Vessel of Ruin\n|move|p2a: Swampert|Knock Off|p1a: Ting-Lu\n|-resisted|p1a: Ting-Lu\n|-damage|p1a: Ting-Lu|340/370\n|-enditem|p1a: Ting-Lu|Leftovers|[from] move: Knock Off|[of] p2a: Swampert\n|\n|-heal|p2a: Swampert|262/302|[from] item: Leftovers\n|upkeep\n|turn|17\n|inactive|ibamakoto has 60 seconds left.\n|\n|t:|1733909054\n|move|p2a: Swampert|Yawn|p1a: Ting-Lu\n|-start|p1a: Ting-Lu|move: Yawn|[of] p2a: Swampert\n|move|p1a: Ting-Lu|Throat Chop|p2a: Swampert\n|-damage|p2a: Swampert|172/302\n|-start|p2a: Swampert|Throat Chop|[silent]\n|\n|-heal|p2a: Swampert|190/302|[from] item: Leftovers\n|upkeep\n|turn|18\n|\n|t:|1733909062\n|move|p2a: Swampert|Stealth Rock|p1a: Ting-Lu\n|-sidestart|p1: ibamakoto|move: Stealth Rock\n|move|p1a: Ting-Lu|Throat Chop|p2a: Swampert\n|-damage|p2a: Swampert|100/302\n|\n|-heal|p2a: Swampert|118/302|[from] item: Leftovers\n|-end|p2a: Swampert|Throat Chop|[silent]\n|-end|p1a: Ting-Lu|move: Yawn|[silent]\n|-status|p1a: Ting-Lu|slp\n|upkeep\n|turn|19\n|inactive|ibamakoto has 60 seconds left.\n|\n|t:|1733909069\n|move|p2a: Swampert|Knock Off|p1a: Ting-Lu\n|-resisted|p1a: Ting-Lu\n|-damage|p1a: Ting-Lu|320/370 slp\n|cant|p1a: Ting-Lu|slp\n|\n|-heal|p2a: Swampert|136/302|[from] item: Leftovers\n|upkeep\n|turn|20\n|\n|t:|1733909074\n|switch|p2a: Masquerain|Masquerain, L87, M|264/264\n|-ability|p2a: Masquerain|Intimidate|boost\n|-unboost|p1a: Ting-Lu|atk|1\n|cant|p1a: Ting-Lu|slp\n|\n|upkeep\n|turn|21\n|\n|t:|1733909081\n|move|p2a: Masquerain|Quiver Dance|p2a: Masquerain\n|-boost|p2a: Masquerain|spa|1\n|-boost|p2a: Masquerain|spd|1\n|-boost|p2a: Masquerain|spe|1\n|-curestatus|p1a: Ting-Lu|slp|[msg]\n|move|p1a: Ting-Lu|Throat Chop|p2a: Masquerain\n|-damage|p2a: Masquerain|198/264\n|-start|p2a: Masquerain|Throat Chop|[silent]\n|\n|upkeep\n|turn|22\n|\n|t:|1733909094\n|move|p2a: Masquerain|Quiver Dance|p2a: Masquerain\n|-boost|p2a: Masquerain|spa|1\n|-boost|p2a: Masquerain|spd|1\n|-boost|p2a: Masquerain|spe|1\n|move|p1a: Ting-Lu|Throat Chop|p2a: Masquerain\n|-damage|p2a: Masquerain|129/264\n|\n|-end|p2a: Masquerain|Throat Chop|[silent]\n|upkeep\n|turn|23\n|\n|t:|1733909100\n|move|p2a: Masquerain|Bug Buzz|p1a: Ting-Lu\n|-supereffective|p1a: Ting-Lu\n|-damage|p1a: Ting-Lu|0 fnt\n|faint|p1a: Ting-Lu\n|\n|upkeep\n|\n|t:|1733909103\n|switch|p1a: Munkidori|Munkidori, L79, M|269/269\n|-damage|p1a: Munkidori|236/269|[from] Stealth Rock\n|turn|24\n|\n|t:|1733909107\n|move|p1a: Munkidori|Fake Out|p2a: Masquerain\n|-damage|p2a: Masquerain|101/264\n|cant|p2a: Masquerain|flinch\n|\n|upkeep\n|turn|25\n|\n|t:|1733909119\n|move|p2a: Masquerain|Hydro Pump|p1a: Munkidori|[miss]\n|-miss|p2a: Masquerain|p1a: Munkidori\n|move|p1a: Munkidori|Sludge Wave|p2a: Masquerain\n|-damage|p2a: Masquerain|43/264\n|\n|upkeep\n|turn|26\n|\n|t:|1733909125\n|move|p2a: Masquerain|Hydro Pump|p1a: Munkidori\n|-damage|p1a: Munkidori|126/269\n|move|p1a: Munkidori|Sludge Wave|p2a: Masquerain\n|-damage|p2a: Masquerain|0 fnt\n|faint|p2a: Masquerain\n|\n|upkeep\n|\n|t:|1733909130\n|switch|p2a: Swampert|Swampert, L83, F|136/302\n|turn|27\n|\n|t:|1733909134\n|move|p1a: Munkidori|Psychic Noise|p2a: Swampert\n|-damage|p2a: Swampert|51/302\n|-start|p2a: Swampert|move: Heal Block\n|move|p2a: Swampert|Earthquake|p1a: Munkidori\n|-supereffective|p1a: Munkidori\n|-damage|p1a: Munkidori|0 fnt\n|faint|p1a: Munkidori\n|\n|win|ellthesylveon\n|raw|ibamakoto's rating: 1321 &rarr; <strong>1300</strong><br />(-21 for losing)\n|raw|ellthesylveon's rating: 1299 &rarr; <strong>1326</strong><br />(+27 for winning)\n|l|\u2606ibamakoto\n|player|p1|\n", "inputlog": ">version bfd83cad13791eb5a5a409923076391caf6fb4d4\n>start {\"formatid\":\"gen9randombattle\",\"seed\":[25664,47916,7574,500],\"rated\":\"Rated battle\"}\n>player p1 {\"name\":\"ibamakoto\",\"avatar\":\"erika\",\"rating\":1321,\"seed\":[26129,42855,43489,26496]}\n>player p2 {\"name\":\"ellthesylveon\",\"avatar\":\"lady\",\"rating\":1299,\"seed\":[22633,679,56802,47855]}\n>p1 move moonblast\n>p2 move overheat\n>p1 move bugbuzz\n>p2 move knockoff\n>p1 switch 6\n>p1 move shellsmash\n>p2 move closecombat\n>p1 move drillrun\n>p2 switch 3\n>p1 move rockblast\n>p2 switch 3\n>p1 move rockblast\n>p2 move closecombat\n>p2 switch 3\n>p1 move rockblast\n>p2 switch 5\n>p1 move iciclespear\n>p2 move machpunch\n>p1 switch 2\n>p1 move psychic\n>p2 move knockoff terastallize\n>p1 switch 5\n>p1 move flashcannon\n>p2 move closecombat\n>p2 switch 2\n>p1 move calmmind terastallize\n>p2 move pyroball\n>p1 move flashcannon\n>p2 move highjumpkick\n>p1 move shiftgear\n>p2 move highjumpkick\n>p2 switch 4\n>p1 move fleurcannon\n>p2 move leafstorm\n>p1 switch 3\n>p1 move sludgewave\n>p2 move knockoff\n>p2 switch 6\n>p1 move uturn\n>p2 move knockoff\n>p1 switch 4\n>p1 move throatchop\n>p2 move yawn\n>p1 move throatchop\n>p2 move stealthrock\n>p1 move throatchop\n>p2 move knockoff\n>p1 move throatchop\n>p2 switch 5\n>p1 move throatchop\n>p2 move quiverdance\n>p1 move throatchop\n>p2 move quiverdance\n>p1 move throatchop\n>p2 move bugbuzz\n>p1 switch 4\n>p1 move fakeout\n>p2 move hydropump\n>p1 move sludgewave\n>p2 move hydropump\n>p1 move sludgewave\n>p2 move hydropump\n>p2 switch 5\n>p1 move psychicnoise\n>p2 move earthquake", "uploadtime": 1733909145, "views": 6, "formatid": "gen9randombattle", "rating": 1300, "private": 0, "password": null}