{"id": "gen9randombattle-2260630672", "format": "[Gen 9] Random Battle", "players": ["ms.thomas", "Geddie fribbs"], "log": "|j|\u2606ms.thomas\n|j|\u203dGeddie fribbs\n|t:|1733871399\n|gametype|singles\n|player|p1|ms.thomas|101|1607\n|player|p2|Geddie fribbs|norman|1609\n|teamsize|p1|6\n|teamsize|p2|6\n|gen|9\n|tier|[Gen 9] Random Battle\n|rated|\n|rule|Species Clause: Limit one of each Pok\u00e9mon\n|rule|HP Percentage Mod: HP is shown in percentages\n|rule|Sleep Clause Mod: Limit one foe put to sleep\n|rule|Illusion Level Mod: Illusion disguises the Pok\u00e9mon's true level\n|\n|t:|1733871399\n|start\n|switch|p1a: Decidueye|Decidueye-Hisui, L87, F|295/295\n|switch|p2a: Iron Leaves|Iron Leaves, L80|275/275\n|turn|1\n|inactive|Battle timer is ON: inactive players will automatically lose when time's up. (requested by Geddie fribbs)\n|j| Baruzin\n|\n|t:|1733871415\n|move|p2a: Iron Leaves|Psyblade|p1a: Decidueye\n|-supereffective|p1a: Decidueye\n|-damage|p1a: Decidueye|0 fnt\n|faint|p1a: Decidueye\n|\n|upkeep\n|\n|t:|1733871428\n|switch|p1a: Dedenne|Dedenne, L88, F|261/261\n|turn|2\n|inactive|Geddie fribbs has 120 seconds left.\n|\n|t:|1733871460\n|-end|p2a: Iron Leaves|Quark Drive|[silent]\n|switch|p2a: Noctowl|Noctowl, L95, M|344/344\n|move|p1a: Dedenne|U-turn|p2a: Noctowl\n|-resisted|p2a: Noctowl\n|-damage|p2a: Noctowl|319/344\n|\n|t:|1733871482\n|switch|p1a: Sandy Shocks|Sandy Shocks, L80|267/267|[from] U-turn\n|\n|upkeep\n|turn|3\n|\n|t:|1733871496\n|switch|p2a: Iron Leaves|Iron Leaves, L80|275/275\n|move|p1a: Sandy Shocks|Stealth Rock|p2a: Iron Leaves\n|-sidestart|p2: Geddie fribbs|move: Stealth Rock\n|\n|upkeep\n|turn|4\n|\n|t:|1733871500\n|-end|p1a: Sandy Shocks|Protosynthesis|[silent]\n|switch|p1a: Magmortar|Magmortar, L88, F|275/275\n|move|p2a: Iron Leaves|Leaf Blade|p1a: Magmortar\n|-resisted|p1a: Magmortar\n|-damage|p1a: Magmortar|174/275\n|\n|upkeep\n|turn|5\n|\n|t:|1733871511\n|-end|p2a: Iron Leaves|Quark Drive|[silent]\n|switch|p2a: Lumineon|Lumineon, L93, M|279/279\n|-damage|p2a: Lumineon|245/279|[from] Stealth Rock\n|move|p1a: Magmortar|Fire Blast|p2a: Lumineon\n|-resisted|p2a: Lumineon\n|-damage|p2a: Lumineon|173/279\n|-status|p2a: Lumineon|brn\n|\n|-damage|p2a: Lumineon|156/279 brn|[from] brn\n|upkeep\n|turn|6\n|\n|t:|1733871516\n|switch|p1a: Glalie|Glalie, L96, M|309/309\n|move|p2a: Lumineon|U-turn|p1a: Glalie\n|-damage|p1a: Glalie|287/309\n|\n|t:|1733871520\n|switch|p2a: Mabosstiff|Mabosstiff, L86, M|278/278|[from] U-turn\n|-damage|p2a: Mabosstiff|244/278|[from] Stealth Rock\n|\n|upkeep\n|turn|7\n|\n|t:|1733871533\n|switch|p1a: Magmortar|Magmortar, L88, F|174/275\n|move|p2a: Mabosstiff|Crunch|p1a: Magmortar\n|-damage|p1a: Magmortar|0 fnt\n|faint|p1a: Magmortar\n|\n|upkeep\n|\n|t:|1733871535\n|switch|p1a: Dedenne|Dedenne, L88, F|261/261\n|turn|8\n|\n|t:|1733871541\n|switch|p2a: Dachsbun|Dachsbun, L92, F|254/254\n|-damage|p2a: Dachsbun|223/254|[from] Stealth Rock\n|move|p1a: Dedenne|Dazzling Gleam|p2a: Dachsbun\n|-damage|p2a: Dachsbun|141/254\n|\n|-heal|p2a: Dachsbun|156/254|[from] item: Leftovers\n|upkeep\n|turn|9\n|\n|t:|1733871546\n|move|p1a: Dedenne|Thunderbolt|p2a: Dachsbun\n|-damage|p2a: Dachsbun|62/254\n|move|p2a: Dachsbun|Wish|p2a: Dachsbun\n|\n|-heal|p2a: Dachsbun|77/254|[from] item: Leftovers\n|upkeep\n|turn|10\n|\n|t:|1733871552\n|switch|p1a: Glalie|Glalie, L96, M|287/309\n|move|p2a: Dachsbun|Protect||[still]\n|-fail|p2a: Dachsbun\n|\n|-heal|p2a: Dachsbun|204/254|[from] move: Wish|[wisher] Dachsbun\n|-heal|p2a: Dachsbun|219/254|[from] item: Leftovers\n|upkeep\n|turn|11\n|\n|t:|1733871554\n|move|p2a: Dachsbun|Wish|p2a: Dachsbun\n|move|p1a: Glalie|Spikes|p2a: Dachsbun\n|-sidestart|p2: Geddie fribbs|Spikes\n|\n|-heal|p2a: Dachsbun|234/254|[from] item: Leftovers\n|upkeep\n|turn|12\n|\n|t:|1733871564\n|switch|p2a: Noctowl|Noctowl, L95, M|319/344\n|move|p1a: Glalie|Spikes|p2a: Noctowl\n|-sidestart|p2: Geddie fribbs|Spikes\n|\n|-heal|p2a: Noctowl|344/344|[from] move: Wish|[wisher] Dachsbun\n|upkeep\n|turn|13\n|\n|t:|1733871569\n|move|p1a: Glalie|Taunt|p2a: Noctowl\n|-start|p2a: Noctowl|move: Taunt\n|cant|p2a: Noctowl|move: Taunt|Defog\n|\n|upkeep\n|turn|14\n|\n|t:|1733871580\n|switch|p2a: Mabosstiff|Mabosstiff, L86, M|244/278\n|-damage|p2a: Mabosstiff|210/278|[from] Stealth Rock\n|-damage|p2a: Mabosstiff|164/278|[from] Spikes\n|move|p1a: Glalie|Freeze-Dry|p2a: Mabosstiff\n|-damage|p2a: Mabosstiff|74/278\n|\n|upkeep\n|turn|15\n|\n|t:|1733871585\n|move|p2a: Mabosstiff|Crunch|p1a: Glalie\n|-damage|p1a: Glalie|190/309\n|move|p1a: Glalie|Freeze-Dry|p2a: Mabosstiff\n|-damage|p2a: Mabosstiff|0 fnt\n|faint|p2a: Mabosstiff\n|\n|upkeep\n|\n|t:|1733871588\n|switch|p2a: Iron Leaves|Iron Leaves, L80|275/275\n|-damage|p2a: Iron Leaves|241/275|[from] Stealth Rock\n|-damage|p2a: Iron Leaves|196/275|[from] Spikes\n|turn|16\n|\n|t:|1733871595\n|switch|p1a: Dedenne|Dedenne, L88, F|261/261\n|move|p2a: Iron Leaves|Leaf Blade|p1a: Dedenne\n|-damage|p1a: Dedenne|33/261\n|-enditem|p1a: Dedenne|Sitrus Berry|[eat]\n|-heal|p1a: Dedenne|98/261|[from] item: Sitrus Berry\n|-heal|p1a: Dedenne|185/261|[from] ability: Cheek Pouch\n|\n|upkeep\n|turn|17\n|\n|t:|1733871600\n|-end|p2a: Iron Leaves|Quark Drive|[silent]\n|switch|p2a: Dachsbun|Dachsbun, L92, F|234/254\n|-damage|p2a: Dachsbun|203/254|[from] Stealth Rock\n|-damage|p2a: Dachsbun|161/254|[from] Spikes\n|move|p1a: Dedenne|U-turn|p2a: Dachsbun\n|-resisted|p2a: Dachsbun\n|-damage|p2a: Dachsbun|148/254\n|\n|t:|1733871608\n|switch|p1a: Sandy Shocks|Sandy Shocks, L80|267/267|[from] U-turn\n|\n|-heal|p2a: Dachsbun|163/254|[from] item: Leftovers\n|upkeep\n|turn|18\n|\n|t:|1733871612\n|move|p2a: Dachsbun|Protect|p2a: Dachsbun\n|-singleturn|p2a: Dachsbun|Protect\n|move|p1a: Sandy Shocks|Thunderbolt|p2a: Dachsbun\n|-activate|p2a: Dachsbun|move: Protect\n|\n|-heal|p2a: Dachsbun|178/254|[from] item: Leftovers\n|upkeep\n|turn|19\n|\n|t:|1733871616\n|move|p2a: Dachsbun|Wish|p2a: Dachsbun\n|move|p1a: Sandy Shocks|Thunderbolt|p2a: Dachsbun\n|-damage|p2a: Dachsbun|81/254\n|\n|-heal|p2a: Dachsbun|96/254|[from] item: Leftovers\n|upkeep\n|turn|20\n|\n|t:|1733871623\n|move|p2a: Dachsbun|Stomping Tantrum|p1a: Sandy Shocks\n|-supereffective|p1a: Sandy Shocks\n|-damage|p1a: Sandy Shocks|161/267\n|move|p1a: Sandy Shocks|Thunderbolt|p2a: Dachsbun\n|-damage|p2a: Dachsbun|0 fnt\n|faint|p2a: Dachsbun\n|\n|-heal|p1a: Sandy Shocks|177/267|[from] item: Leftovers\n|upkeep\n|\n|t:|1733871630\n|switch|p2a: Noctowl|Noctowl, L95, M|344/344\n|turn|21\n|\n|t:|1733871634\n|-terastallize|p2a: Noctowl|Steel\n|move|p1a: Sandy Shocks|Thunderbolt|p2a: Noctowl\n|-damage|p2a: Noctowl|257/344\n|-status|p2a: Noctowl|par\n|move|p2a: Noctowl|Defog|p1a: Sandy Shocks\n|-unboost|p1a: Sandy Shocks|evasion|1\n|-sideend|p2: Geddie fribbs|Spikes|[from] move: Defog|[of] p2a: Noctowl\n|-sideend|p2: Geddie fribbs|Stealth Rock|[from] move: Defog|[of] p2a: Noctowl\n|\n|-heal|p1a: Sandy Shocks|193/267|[from] item: Leftovers\n|upkeep\n|turn|22\n|\n|t:|1733871645\n|move|p1a: Sandy Shocks|Stealth Rock|p2a: Noctowl\n|-sidestart|p2: Geddie fribbs|move: Stealth Rock\n|cant|p2a: Noctowl|par\n|\n|-heal|p1a: Sandy Shocks|209/267|[from] item: Leftovers\n|upkeep\n|turn|23\n|\n|t:|1733871647\n|move|p1a: Sandy Shocks|Earth Power|p2a: Noctowl\n|-supereffective|p2a: Noctowl\n|-damage|p2a: Noctowl|71/344 par\n|move|p2a: Noctowl|Hurricane|p1a: Sandy Shocks\n|-resisted|p1a: Sandy Shocks\n|-damage|p1a: Sandy Shocks|59/267\n|\n|-heal|p1a: Sandy Shocks|75/267|[from] item: Leftovers\n|upkeep\n|turn|24\n|\n|t:|1733871658\n|move|p1a: Sandy Shocks|Thunderbolt|p2a: Noctowl\n|-damage|p2a: Noctowl|0 fnt\n|faint|p2a: Noctowl\n|\n|-heal|p1a: Sandy Shocks|91/267|[from] item: Leftovers\n|upkeep\n|\n|t:|1733871667\n|switch|p2a: Lumineon|Lumineon, L93, M|156/279 brn\n|-damage|p2a: Lumineon|122/279 brn|[from] Stealth Rock\n|turn|25\n|\n|t:|1733871678\n|move|p2a: Lumineon|Hydro Pump|p1a: Sandy Shocks\n|-supereffective|p1a: Sandy Shocks\n|-damage|p1a: Sandy Shocks|0 fnt\n|faint|p1a: Sandy Shocks\n|-end|p1a: Sandy Shocks|Protosynthesis|[silent]\n|\n|-damage|p2a: Lumineon|105/279 brn|[from] brn\n|upkeep\n|\n|t:|1733871681\n|switch|p1a: Dedenne|Dedenne, L88, F|185/261\n|turn|26\n|\n|t:|1733871685\n|move|p1a: Dedenne|Thunderbolt|p2a: Lumineon\n|-supereffective|p2a: Lumineon\n|-damage|p2a: Lumineon|0 fnt\n|faint|p2a: Lumineon\n|\n|upkeep\n|\n|t:|1733871690\n|switch|p2a: Iron Leaves|Iron Leaves, L80|196/275\n|-damage|p2a: Iron Leaves|162/275|[from] Stealth Rock\n|turn|27\n|\n|t:|1733871701\n|move|p1a: Dedenne|U-turn|p2a: Iron Leaves\n|-supereffective|p2a: Iron Leaves\n|-damage|p2a: Iron Leaves|0 fnt\n|faint|p2a: Iron Leaves\n|-end|p2a: Iron Leaves|Quark Drive|[silent]\n|\n|t:|1733871703\n|switch|p1a: Glalie|Glalie, L96, M|190/309|[from] U-turn\n|\n|upkeep\n|\n|t:|1733871706\n|switch|p2a: Staraptor|Staraptor, L79, M|263/263\n|-damage|p2a: Staraptor|198/263|[from] Stealth Rock\n|turn|28\n|\n|t:|1733871709\n|move|p2a: Staraptor|Double-Edge|p1a: Glalie\n|-damage|p1a: Glalie|48/309\n|-damage|p2a: Staraptor|151/263|[from] Recoil\n|move|p1a: Glalie|Freeze-Dry|p2a: Staraptor\n|-supereffective|p2a: Staraptor\n|-damage|p2a: Staraptor|0 fnt\n|faint|p2a: Staraptor\n|\n|win|ms.thomas\n|raw|ms.thomas's rating: 1607 &rarr; <strong>1627</strong><br />(+20 for winning)\n|raw|Geddie fribbs's rating: 1609 &rarr; <strong>1589</strong><br />(-20 for losing)\n|l|\u203dGeddie fribbs\n|player|p2|\n|l|\u2606ms.thomas\n|player|p1|\n", "inputlog": ">version bfd83cad13791eb5a5a409923076391caf6fb4d4\n>start {\"formatid\":\"gen9randombattle\",\"seed\":[32825,51944,25741,11117],\"rated\":\"Rated battle\"}\n>player p1 {\"name\":\"ms.thomas\",\"avatar\":\"101\",\"rating\":1607,\"seed\":[52955,51102,42123,14221]}\n>player p2 {\"name\":\"Geddie fribbs\",\"avatar\":\"norman\",\"rating\":1609,\"seed\":[747,40442,61960,35806]}\n>p1 move knockoff\n>p2 move psyblade\n>p1 switch 4\n>p1 move uturn\n>p2 switch 3\n>p1 switch 5\n>p1 move stealthrock\n>p2 switch 3\n>p1 switch 2\n>p2 move leafblade\n>p1 move fireblast\n>p2 switch 2\n>p1 switch 6\n>p2 move uturn\n>p2 switch 6\n>p1 switch 6\n>p2 move crunch\n>p1 switch 5\n>p1 move dazzlinggleam\n>p2 switch 5\n>p1 move thunderbolt\n>p2 move wish\n>p1 switch 6\n>p2 move protect\n>p1 move spikes\n>p2 move wish\n>p1 move spikes\n>p2 switch 3\n>p1 move taunt\n>p2 move defog\n>p1 move freezedry\n>p2 switch 5\n>p1 move freezedry\n>p2 move crunch\n>p2 switch 2\n>p1 switch 6\n>p2 move leafblade\n>p1 move uturn\n>p2 switch 3\n>p1 switch 2\n>p1 move thunderbolt\n>p2 move protect\n>p1 move thunderbolt\n>p2 move wish\n>p1 move thunderbolt\n>p2 move stompingtantrum\n>p2 switch 5\n>p1 move thunderbolt\n>p2 move defog terastallize\n>p1 move stealthrock\n>p2 move hurricane\n>p1 move earthpower\n>p2 move hurricane\n>p1 move thunderbolt\n>p2 move roost\n>p2 switch 6\n>p1 move thunderbolt\n>p2 move hydropump\n>p1 switch 2\n>p1 move thunderbolt\n>p2 move hydropump\n>p2 switch 3\n>p1 move uturn\n>p2 move leafblade\n>p1 switch 6\n>p2 switch 4\n>p1 move freezedry\n>p2 move doubleedge", "uploadtime": 1733871900, "views": 2, "formatid": "gen9randombattle", "rating": 1589, "private": 0, "password": null}