{"id": "gen9randombattle-2260299310", "format": "[Gen 9] Random Battle", "players": ["Pokechamp M-1", "obamas brother"], "log": "|j|\u2606Pokechamp M-1\n|j|\u2606obamas brother\n|t:|1733836983\n|gametype|singles\n|player|p1|Pokechamp M-1|169|\n|player|p2|obamas brother|dragontamer|\n|teamsize|p1|6\n|teamsize|p2|6\n|gen|9\n|tier|[Gen 9] Random Battle\n|rule|Species Clause: Limit one of each Pok\u00e9mon\n|rule|HP Percentage Mod: HP is shown in percentages\n|rule|Sleep Clause Mod: Limit one foe put to sleep\n|rule|Illusion Level Mod: Illusion disguises the Pok\u00e9mon's true level\n|\n|t:|1733836983\n|start\n|switch|p1a: Lugia|Lugia, L72|272/272\n|switch|p2a: Scream Tail|Scream Tail, L84|330/330\n|turn|1\n|inactive|Battle timer is ON: inactive players will automatically lose when time's up. (requested by Pokechamp M-1)\n|\n|t:|1733837016\n|switch|p1a: Luxray|Luxray, L88, M|284/284\n|-ability|p1a: Luxray|Intimidate|boost\n|-unboost|p2a: Scream Tail|atk|1\n|move|p2a: Scream Tail|Thunder Wave|p1a: Luxray|[miss]\n|-miss|p2a: Scream Tail|p1a: Luxray\n|\n|upkeep\n|turn|2\n|\n|t:|1733837041\n|move|p2a: Scream Tail|Play Rough|p1a: Luxray\n|-damage|p1a: Luxray|233/284\n|-unboost|p1a: Luxray|atk|1\n|move|p1a: Luxray|Wild Charge|p2a: Scream Tail\n|-damage|p2a: Scream Tail|252/330\n|-damage|p1a: Luxray|213/284|[from] Recoil\n|\n|-heal|p2a: Scream Tail|272/330|[from] item: Leftovers\n|upkeep\n|turn|3\n|\n|t:|1733837067\n|switch|p1a: Entei|Entei, L78|307/307\n|move|p2a: Scream Tail|Play Rough|p1a: Entei|[miss]\n|-miss|p2a: Scream Tail|p1a: Entei\n|\n|-heal|p2a: Scream Tail|292/330|[from] item: Leftovers\n|upkeep\n|turn|4\n|\n|t:|1733837077\n|move|p2a: Scream Tail|Thunder Wave|p1a: Entei\n|-status|p1a: Entei|par\n|cant|p1a: Entei|par\n|\n|-heal|p2a: Scream Tail|312/330|[from] item: Leftovers\n|upkeep\n|turn|5\n|\n|t:|1733837093\n|-end|p2a: Scream Tail|Protosynthesis|[silent]\n|switch|p2a: Keldeo|Keldeo-Resolute, L79|273/273\n|move|p1a: Entei|Flare Blitz|p2a: Keldeo\n|-resisted|p2a: Keldeo\n|-damage|p2a: Keldeo|177/273\n|-damage|p1a: Entei|275/307 par|[from] Recoil\n|\n|-heal|p2a: Keldeo|194/273|[from] item: Leftovers\n|upkeep\n|turn|6\n|\n|t:|1733837103\n|switch|p1a: Shiftry|Shiftry, L89, F|305/305\n|move|p2a: Keldeo|Hydro Pump|p1a: Shiftry\n|-resisted|p1a: Shiftry\n|-damage|p1a: Shiftry|232/305\n|\n|-heal|p2a: Keldeo|211/273|[from] item: Leftovers\n|upkeep\n|turn|7\n|inactive|obamas brother has 270 seconds left.\n|\n|t:|1733837125\n|move|p2a: Keldeo|Calm Mind|p2a: Keldeo\n|-boost|p2a: Keldeo|spa|1\n|-boost|p2a: Keldeo|spd|1\n|move|p1a: Shiftry|Leaf Blade|p2a: Keldeo\n|-supereffective|p2a: Keldeo\n|-damage|p2a: Keldeo|0 fnt\n|faint|p2a: Keldeo\n|-damage|p1a: Shiftry|202/305|[from] item: Life Orb\n|\n|upkeep\n|\n|t:|1733837136\n|switch|p2a: Scream Tail|Scream Tail, L84|312/330\n|turn|8\n|\n|t:|1733837157\n|move|p2a: Scream Tail|Play Rough|p1a: Shiftry\n|-supereffective|p1a: Shiftry\n|-damage|p1a: Shiftry|14/305\n|move|p1a: Shiftry|Leaf Blade|p2a: Scream Tail\n|-damage|p2a: Scream Tail|182/330\n|-damage|p1a: Shiftry|0 fnt|[from] item: Life Orb\n|faint|p1a: Shiftry\n|\n|-heal|p2a: Scream Tail|202/330|[from] item: Leftovers\n|upkeep\n|\n|t:|1733837165\n|switch|p1a: Entei|Entei, L78|275/307 par\n|turn|9\n|\n|t:|1733837174\n|move|p2a: Scream Tail|Play Rough|p1a: Entei|[miss]\n|-miss|p2a: Scream Tail|p1a: Entei\n|move|p1a: Entei|Flare Blitz|p2a: Scream Tail\n|-damage|p2a: Scream Tail|40/330\n|-damage|p1a: Entei|222/307 par|[from] Recoil\n|\n|-heal|p2a: Scream Tail|60/330|[from] item: Leftovers\n|upkeep\n|turn|10\n|inactive|obamas brother has 270 seconds left.\n|inactive|Pokechamp M-1 has 270 seconds left.\n|c|\u2606obamas brother|Paralyse reh ke rand \ud83d\ude2d\n|\n|t:|1733837220\n|move|p2a: Scream Tail|Wish|p2a: Scream Tail\n|move|p1a: Entei|Flare Blitz|p2a: Scream Tail\n|-damage|p2a: Scream Tail|0 fnt\n|faint|p2a: Scream Tail\n|-end|p2a: Scream Tail|Protosynthesis|[silent]\n|-damage|p1a: Entei|202/307 par|[from] Recoil\n|\n|upkeep\n|\n|t:|1733837236\n|switch|p2a: Basculin|Basculin, L86, M|261/261\n|turn|11\n|\n|t:|1733837248\n|switch|p1a: Shaymin|Shaymin-Sky, L73|266/266\n|move|p2a: Basculin|Wave Crash|p1a: Shaymin\n|-resisted|p1a: Shaymin\n|-damage|p1a: Shaymin|108/266\n|-damage|p2a: Basculin|209/261|[from] Recoil\n|\n|-heal|p2a: Basculin|261/261|[from] move: Wish|[wisher] Scream Tail\n|upkeep\n|turn|12\n|inactive|Pokechamp M-1 has 270 seconds left.\n|\n|t:|1733837261\n|move|p1a: Shaymin|Seed Flare|p2a: Basculin\n|-supereffective|p2a: Basculin\n|-damage|p2a: Basculin|0 fnt\n|faint|p2a: Basculin\n|\n|upkeep\n|\n|t:|1733837269\n|switch|p2a: Toxtricity|Toxtricity, L82, F, shiny|257/257\n|turn|13\n|\n|t:|1733837280\n|switch|p1a: Conkeldurr|Conkeldurr, L80, F|299/299\n|move|p2a: Toxtricity|Sludge Wave|p1a: Conkeldurr\n|-damage|p1a: Conkeldurr|86/299\n|-status|p1a: Conkeldurr|psn\n|\n|-damage|p1a: Conkeldurr|49/299 psn|[from] psn\n|upkeep\n|turn|14\n|inactive|Pokechamp M-1 has 270 seconds left.\n|\n|t:|1733837319\n|move|p1a: Conkeldurr|Mach Punch|p2a: Toxtricity\n|-resisted|p2a: Toxtricity\n|-damage|p2a: Toxtricity|209/257\n|move|p2a: Toxtricity|Sludge Wave|p1a: Conkeldurr\n|-damage|p1a: Conkeldurr|0 fnt\n|faint|p1a: Conkeldurr\n|\n|upkeep\n|\n|t:|1733837322\n|switch|p1a: Lugia|Lugia, L72|272/272\n|turn|15\n|inactive|obamas brother has 270 seconds left.\n|\n|t:|1733837329\n|-terastallize|p1a: Lugia|Ground\n|move|p1a: Lugia|Earth Power|p2a: Toxtricity\n|-supereffective|p2a: Toxtricity\n|-damage|p2a: Toxtricity|0 fnt\n|faint|p2a: Toxtricity\n|\n|upkeep\n|inactive|obamas brother has 270 seconds left.\n|\n|t:|1733837340\n|switch|p2a: Girafarig|Girafarig, L89, M|269/269\n|turn|16\n|inactive|obamas brother has 270 seconds left.\n|inactive|Pokechamp M-1 has 270 seconds left.\n|\n|t:|1733837368\n|move|p2a: Girafarig|Psychic|p1a: Lugia\n|-damage|p1a: Lugia|234/272\n|move|p1a: Lugia|Earth Power|p2a: Girafarig\n|-damage|p2a: Girafarig|220/269\n|\n|upkeep\n|turn|17\n|\n|t:|1733837380\n|move|p2a: Girafarig|Dazzling Gleam|p1a: Lugia\n|-damage|p1a: Lugia|190/272\n|move|p1a: Lugia|Calm Mind|p1a: Lugia\n|-boost|p1a: Lugia|spa|1\n|-boost|p1a: Lugia|spd|1\n|\n|upkeep\n|turn|18\n|\n|t:|1733837389\n|move|p2a: Girafarig|Nasty Plot|p2a: Girafarig\n|-boost|p2a: Girafarig|spa|2\n|move|p1a: Lugia|Calm Mind|p1a: Lugia\n|-boost|p1a: Lugia|spa|1\n|-boost|p1a: Lugia|spd|1\n|\n|upkeep\n|turn|19\n|inactive|obamas brother has 270 seconds left.\n|inactive|Pokechamp M-1 has 270 seconds left.\n|\n|t:|1733837418\n|move|p2a: Girafarig|Nasty Plot|p2a: Girafarig\n|-boost|p2a: Girafarig|spa|2\n|move|p1a: Lugia|Calm Mind|p1a: Lugia\n|-boost|p1a: Lugia|spa|1\n|-boost|p1a: Lugia|spd|1\n|\n|upkeep\n|turn|20\n|inactive|obamas brother has 270 seconds left.\n|\n|t:|1733837431\n|-terastallize|p2a: Girafarig|Psychic\n|move|p2a: Girafarig|Psychic|p1a: Lugia\n|-damage|p1a: Lugia|64/272\n|-unboost|p1a: Lugia|spd|1\n|move|p1a: Lugia|Calm Mind|p1a: Lugia\n|-boost|p1a: Lugia|spa|1\n|-boost|p1a: Lugia|spd|1\n|\n|upkeep\n|turn|21\n|inactive|obamas brother has 270 seconds left.\n|\n|t:|1733837441\n|move|p2a: Girafarig|Psychic|p1a: Lugia\n|-damage|p1a: Lugia|0 fnt\n|faint|p1a: Lugia\n|\n|upkeep\n|\n|t:|1733837444\n|switch|p1a: Entei|Entei, L78|202/307 par\n|turn|22\n|\n|t:|1733837451\n|move|p1a: Entei|Extreme Speed|p2a: Girafarig\n|-damage|p2a: Girafarig|156/269\n|move|p2a: Girafarig|Psychic|p1a: Entei\n|-damage|p1a: Entei|0 fnt\n|faint|p1a: Entei\n|\n|upkeep\n|\n|t:|1733837455\n|switch|p1a: Luxray|Luxray, L88, M|213/284\n|-ability|p1a: Luxray|Intimidate|boost\n|-unboost|p2a: Girafarig|atk|1\n|turn|23\n|\n|t:|1733837464\n|move|p2a: Girafarig|Psychic|p1a: Luxray\n|-damage|p1a: Luxray|0 fnt\n|faint|p1a: Luxray\n|\n|upkeep\n|\n|t:|1733837468\n|switch|p1a: Shaymin|Shaymin-Sky, L73|108/266\n|turn|24\n|\n|t:|1733837472\n|move|p1a: Shaymin|Synthesis|p1a: Shaymin\n|-heal|p1a: Shaymin|241/266\n|move|p2a: Girafarig|Psychic|p1a: Shaymin\n|-damage|p1a: Shaymin|0 fnt\n|faint|p1a: Shaymin\n|\n|win|obamas brother\n|c|\u2606Pokechamp M-1|gg\n|c|\u2606Pokechamp M-1|aaj t\n|c|\u2606Pokechamp M-1|to\n|c|\u2606obamas brother|Gg\n|c|\u2606Pokechamp M-1|kamaal hi khel liya\n|c|\u2606obamas brother|Yay\n|c|\u2606obamas brother|\ud83d\ude18\n", "inputlog": ">version bfd83cad13791eb5a5a409923076391caf6fb4d4\n>start {\"formatid\":\"gen9randombattle\",\"seed\":[39754,31479,58534,62211]}\n>player p1 {\"name\":\"Pokechamp M-1\",\"avatar\":\"169\",\"rating\":0,\"seed\":[37873,18544,50520,43846]}\n>player p2 {\"name\":\"obamas brother\",\"avatar\":\"dragontamer\",\"rating\":0,\"seed\":[10109,58051,49518,14456]}\n>p1 switch 3\n>p2 move thunderwave\n>p1 move wildcharge\n>p2 move playrough\n>p1 switch 6\n>p2 move playrough\n>p1 move sacredfire\n>p2 move thunderwave\n>p1 move flareblitz\n>p2 switch 5\n>p1 switch 4\n>p2 move hydropump\n>p1 move leafblade\n>p2 move calmmind\n>p2 switch 5\n>p1 move leafblade\n>p2 move playrough\n>p1 switch 4\n>p1 move flareblitz\n>p2 move playrough\n>chat \u2606obamas brother|Paralyse reh ke rand \ud83d\ude2d\n>p1 move flareblitz\n>p2 move wish\n>p2 switch 2\n>p1 switch 5\n>p2 move wavecrash\n>p1 move seedflare\n>p2 move wavecrash\n>p2 switch 4\n>p1 switch 2\n>p2 move sludgewave\n>p1 move machpunch\n>p2 move sludgewave\n>p1 switch 3\n>p1 move earthpower terastallize\n>p2 move sludgewave\n>p2 switch 3\n>p1 move earthpower\n>p2 move psychic\n>p1 move calmmind\n>p2 move dazzlinggleam\n>p1 move calmmind\n>p2 move nastyplot\n>p1 move calmmind\n>p2 move nastyplot\n>p1 move calmmind\n>p2 move psychic terastallize\n>p1 move calmmind\n>p2 move psychic\n>p1 switch 5\n>p1 move extremespeed\n>p2 move psychic\n>p1 switch 6\n>p1 move wildcharge\n>p2 move psychic\n>p1 switch 2\n>p1 move synthesis\n>p2 move psychic", "uploadtime": 1733837511, "views": 3, "formatid": "gen9randombattle", "rating": null, "private": 0, "password": null}