{"id": "gen9randombattle-2259919436", "format": "[Gen 9] Random Battle", "players": ["Foundthemobileuser", "Gilderon"], "log": "|j|\u2606Foundthemobileuser\n|j|\u2606Gilderon\n|t:|1733779969\n|gametype|singles\n|player|p1|Foundthemobileuser|101|1716\n|player|p2|Gilderon|2|1747\n|teamsize|p1|6\n|teamsize|p2|6\n|gen|9\n|tier|[Gen 9] Random Battle\n|rated|\n|rule|Species Clause: Limit one of each Pok\u00e9mon\n|rule|HP Percentage Mod: HP is shown in percentages\n|rule|Sleep Clause Mod: Limit one foe put to sleep\n|rule|Illusion Level Mod: Illusion disguises the Pok\u00e9mon's true level\n|\n|t:|1733779969\n|start\n|switch|p1a: Raichu|Raichu, L88, F|249/249\n|switch|p2a: Tauros|Tauros-Paldea-Aqua, L81, M|254/254\n|-ability|p2a: Tauros|Intimidate|boost\n|-unboost|p1a: Raichu|atk|1\n|turn|1\n|j| help90\n|\n|t:|1733779979\n|switch|p2a: Electivire|Electivire, L84, M|263/263\n|move|p1a: Raichu|Thunderbolt|p2a: Electivire\n|-ability|p2a: Electivire|Motor Drive|boost\n|-boost|p2a: Electivire|spe|1\n|\n|upkeep\n|turn|2\n|\n|t:|1733779989\n|switch|p1a: Plusle|Plusle, L95, M|268/268\n|move|p2a: Electivire|Knock Off|p1a: Plusle\n|-damage|p1a: Plusle|99/268\n|-enditem|p1a: Plusle|Life Orb|[from] move: Knock Off|[of] p2a: Electivire\n|-damage|p2a: Electivire|237/263|[from] item: Life Orb\n|\n|upkeep\n|turn|3\n|l| help90\n|\n|t:|1733779998\n|move|p2a: Electivire|Earthquake|p1a: Plusle\n|-supereffective|p1a: Plusle\n|-damage|p1a: Plusle|0 fnt\n|faint|p1a: Plusle\n|-damage|p2a: Electivire|211/263|[from] item: Life Orb\n|\n|upkeep\n|\n|t:|1733780003\n|switch|p1a: Sceptile|Sceptile, L87, M|264/264\n|turn|4\n|\n|t:|1733780007\n|move|p2a: Electivire|Volt Switch|p1a: Sceptile\n|-resisted|p1a: Sceptile\n|-damage|p1a: Sceptile|217/264\n|-damage|p2a: Electivire|185/263|[from] item: Life Orb\n|\n|t:|1733780013\n|switch|p2a: Hydrapple|Hydrapple, L83, M|312/312|[from] Volt Switch\n|move|p1a: Sceptile|Earthquake|p2a: Hydrapple\n|-resisted|p2a: Hydrapple\n|-damage|p2a: Hydrapple|274/312\n|-damage|p1a: Sceptile|191/264|[from] item: Life Orb\n|\n|-heal|p2a: Hydrapple|293/312|[from] item: Leftovers\n|upkeep\n|turn|5\n|\n|t:|1733780018\n|move|p1a: Sceptile|Shed Tail|p1a: Sceptile\n|-start|p1a: Sceptile|Substitute|[from] move: Shed Tail\n|-damage|p1a: Sceptile|59/264\n|\n|t:|1733780022\n|switch|p1a: Iron Valiant|Iron Valiant, L78|244/244|[from] Shed Tail\n|move|p2a: Hydrapple|Nasty Plot|p2a: Hydrapple\n|-boost|p2a: Hydrapple|spa|2\n|\n|-heal|p2a: Hydrapple|312/312|[from] item: Leftovers\n|upkeep\n|turn|6\n|\n|t:|1733780030\n|move|p1a: Iron Valiant|Swords Dance|p1a: Iron Valiant\n|-boost|p1a: Iron Valiant|atk|2\n|move|p2a: Hydrapple|Giga Drain|p1a: Iron Valiant\n|-end|p1a: Iron Valiant|Substitute\n|\n|upkeep\n|turn|7\n|inactive|Battle timer is ON: inactive players will automatically lose when time's up. (requested by Foundthemobileuser)\n|inactive|Gilderon has 120 seconds left.\n|\n|t:|1733780101\n|move|p1a: Iron Valiant|Spirit Break|p2a: Hydrapple\n|-supereffective|p2a: Hydrapple\n|-damage|p2a: Hydrapple|0 fnt\n|faint|p2a: Hydrapple\n|-damage|p1a: Iron Valiant|220/244|[from] item: Life Orb\n|\n|upkeep\n|inactive|Gilderon has 120 seconds left.\n|inactive|Gilderon has 90 seconds left.\n|inactive|Gilderon has 60 seconds left.\n|\n|t:|1733780211\n|switch|p2a: Tauros|Tauros-Paldea-Aqua, L81, M|254/254\n|-ability|p2a: Tauros|Intimidate|boost\n|-unboost|p1a: Iron Valiant|atk|1\n|turn|8\n|\n|t:|1733780218\n|move|p1a: Iron Valiant|Spirit Break|p2a: Tauros\n|-supereffective|p2a: Tauros\n|-damage|p2a: Tauros|0 fnt\n|faint|p2a: Tauros\n|-damage|p1a: Iron Valiant|196/244|[from] item: Life Orb\n|\n|upkeep\n|\n|t:|1733780223\n|switch|p2a: Munkidori|Munkidori, L79, M|269/269\n|turn|9\n|\n|t:|1733780228\n|move|p2a: Munkidori|Fake Out|p1a: Iron Valiant\n|-damage|p1a: Iron Valiant|173/244\n|cant|p1a: Iron Valiant|flinch\n|\n|upkeep\n|turn|10\n|\n|t:|1733780235\n|-terastallize|p1a: Iron Valiant|Dark\n|move|p1a: Iron Valiant|Knock Off|p2a: Munkidori\n|-supereffective|p2a: Munkidori\n|-damage|p2a: Munkidori|0 fnt\n|-enditem|p2a: Munkidori|Assault Vest|[from] move: Knock Off|[of] p1a: Iron Valiant\n|faint|p2a: Munkidori\n|-damage|p1a: Iron Valiant|149/244|[from] item: Life Orb\n|\n|upkeep\n|\n|t:|1733780240\n|switch|p2a: Florges|Florges-Yellow, L85, F|271/271\n|turn|11\n|\n|t:|1733780254\n|move|p1a: Iron Valiant|Spirit Break|p2a: Florges\n|-damage|p2a: Florges|57/271\n|-unboost|p2a: Florges|spa|1\n|-damage|p1a: Iron Valiant|125/244|[from] item: Life Orb\n|move|p2a: Florges|Moonblast|p1a: Iron Valiant\n|-supereffective|p1a: Iron Valiant\n|-crit|p1a: Iron Valiant\n|-damage|p1a: Iron Valiant|0 fnt\n|faint|p1a: Iron Valiant\n|-end|p1a: Iron Valiant|Quark Drive|[silent]\n|\n|-heal|p2a: Florges|73/271|[from] item: Leftovers\n|upkeep\n|\n|t:|1733780263\n|switch|p1a: Sceptile|Sceptile, L87, M|59/264\n|turn|12\n|\n|t:|1733780281\n|move|p1a: Sceptile|Giga Drain|p2a: Florges\n|-damage|p2a: Florges|0 fnt\n|-heal|p1a: Sceptile|96/264|[from] drain|[of] p2a: Florges\n|faint|p2a: Florges\n|-damage|p1a: Sceptile|70/264|[from] item: Life Orb\n|\n|upkeep\n|\n|t:|1733780287\n|switch|p2a: Electivire|Electivire, L84, M|185/263\n|turn|13\n|\n|t:|1733780315\n|move|p1a: Sceptile|Earthquake|p2a: Electivire\n|-supereffective|p2a: Electivire\n|-damage|p2a: Electivire|0 fnt\n|faint|p2a: Electivire\n|-damage|p1a: Sceptile|44/264|[from] item: Life Orb\n|\n|upkeep\n|\n|t:|1733780319\n|switch|p2a: Hydreigon|Hydreigon, L79, F|275/275\n|turn|14\n|inactive|Gilderon has 90 seconds left.\n|\n|t:|1733780337\n|move|p1a: Sceptile|Focus Blast|p2a: Hydreigon\n|-supereffective|p2a: Hydreigon\n|-crit|p2a: Hydreigon\n|-damage|p2a: Hydreigon|0 fnt\n|faint|p2a: Hydreigon\n|-damage|p1a: Sceptile|18/264|[from] item: Life Orb\n|\n|win|Foundthemobileuser\n|raw|Foundthemobileuser's rating: 1716 &rarr; <strong>1738</strong><br />(+22 for winning)\n|raw|Gilderon's rating: 1747 &rarr; <strong>1725</strong><br />(-22 for losing)\n|l|\u2606Gilderon\n|player|p2|\n", "inputlog": ">version bfd83cad13791eb5a5a409923076391caf6fb4d4\n>start {\"formatid\":\"gen9randombattle\",\"seed\":[41062,58176,11892,20119],\"rated\":\"Rated battle\"}\n>player p1 {\"name\":\"Foundthemobileuser\",\"avatar\":\"101\",\"rating\":1716,\"seed\":[8015,60033,56690,7540]}\n>player p2 {\"name\":\"Gilderon\",\"avatar\":\"2\",\"rating\":1747,\"seed\":[12366,13927,13737,23461]}\n>p1 move thunderbolt\n>p2 switch 5\n>p1 switch 3\n>p2 move knockoff\n>p1 move alluringvoice\n>p2 move earthquake\n>p1 switch 5\n>p1 move earthquake\n>p2 move voltswitch\n>p2 switch 2\n>p1 move shedtail\n>p2 move nastyplot\n>p1 switch 4\n>p1 move swordsdance\n>p2 move gigadrain\n>p1 move spiritbreak\n>p2 move gigadrain\n>p2 switch 5\n>p1 move spiritbreak\n>p2 move wavecrash\n>p2 switch 6\n>p1 move knockoff\n>p2 move fakeout\n>p1 move knockoff terastallize\n>p2 move psychicnoise\n>p2 switch 4\n>p1 move spiritbreak\n>p2 move moonblast\n>p1 switch 4\n>p1 move gigadrain\n>p2 move synthesis\n>p2 switch 2\n>p1 move earthquake\n>p2 move knockoff\n>p2 switch 3\n>p1 move focusblast\n>p2 move darkpulse", "uploadtime": 1733780364, "views": 1, "formatid": "gen9randombattle", "rating": 1725, "private": 0, "password": null}