{"id": "gen9randombattle-2260871281", "format": "[Gen 9] Random Battle", "players": ["LadyValari", "Ugvyytttfcdddc"], "log": "|j|\u2606LadyValari\n|j|\u2606Ugvyytttfcdddc\n|t:|1733908112\n|gametype|singles\n|player|p1|LadyValari|jupiter|1198\n|player|p2|Ugvyytttfcdddc|102|1199\n|teamsize|p1|6\n|teamsize|p2|6\n|gen|9\n|tier|[Gen 9] Random Battle\n|rated|\n|rule|Species Clause: Limit one of each Pok\u00e9mon\n|rule|HP Percentage Mod: HP is shown in percentages\n|rule|Sleep Clause Mod: Limit one foe put to sleep\n|rule|Illusion Level Mod: Illusion disguises the Pok\u00e9mon's true level\n|\n|t:|1733908112\n|start\n|switch|p1a: Klawf|Klawf, L90, M|272/272\n|switch|p2a: Mudsdale|Mudsdale, L84, M|305/305\n|turn|1\n|inactive|Battle timer is ON: inactive players will automatically lose when time's up. (requested by LadyValari)\n|\n|t:|1733908140\n|move|p1a: Klawf|Stealth Rock|p2a: Mudsdale\n|-sidestart|p2: Ugvyytttfcdddc|move: Stealth Rock\n|move|p2a: Mudsdale|Earthquake|p1a: Klawf\n|-supereffective|p1a: Klawf\n|-damage|p1a: Klawf|68/272\n|\n|upkeep\n|turn|2\n|\n|t:|1733908163\n|move|p1a: Klawf|Crabhammer|p2a: Mudsdale\n|-supereffective|p2a: Mudsdale\n|-damage|p2a: Mudsdale|97/305\n|-ability|p2a: Mudsdale|Stamina|boost\n|-boost|p2a: Mudsdale|def|1\n|-damage|p1a: Klawf|41/272|[from] item: Life Orb\n|move|p2a: Mudsdale|Heavy Slam|p1a: Klawf\n|-supereffective|p1a: Klawf\n|-damage|p1a: Klawf|0 fnt\n|faint|p1a: Klawf\n|\n|-heal|p2a: Mudsdale|116/305|[from] item: Leftovers\n|upkeep\n|\n|t:|1733908173\n|switch|p1a: Spidops|Spidops, L96, M|271/271\n|turn|3\n|\n|t:|1733908181\n|move|p1a: Spidops|Sticky Web|p2a: Mudsdale\n|-sidestart|p2: Ugvyytttfcdddc|move: Sticky Web\n|move|p2a: Mudsdale|Stone Edge|p1a: Spidops|[miss]\n|-miss|p2a: Mudsdale|p1a: Spidops\n|\n|-heal|p2a: Mudsdale|135/305|[from] item: Leftovers\n|upkeep\n|turn|4\n|\n|t:|1733908194\n|move|p2a: Mudsdale|Stone Edge|p1a: Spidops\n|-supereffective|p1a: Spidops\n|-crit|p1a: Spidops\n|-damage|p1a: Spidops|47/271\n|move|p1a: Spidops|Circle Throw|p2a: Mudsdale\n|-damage|p2a: Mudsdale|103/305\n|-ability|p2a: Mudsdale|Stamina|boost\n|-boost|p2a: Mudsdale|def|1\n|drag|p2a: Calyrex|Calyrex-Ice, L72|263/263\n|-ability|p2a: Calyrex|As One\n|-ability|p2a: Calyrex|Unnerve\n|-damage|p2a: Calyrex|198/263|[from] Stealth Rock\n|-activate|p2a: Calyrex|move: Sticky Web\n|-unboost|p2a: Calyrex|spe|1\n|\n|upkeep\n|turn|5\n|\n|t:|1733908209\n|move|p1a: Spidops|Knock Off|p2a: Calyrex\n|-supereffective|p2a: Calyrex\n|-damage|p2a: Calyrex|76/263\n|-enditem|p2a: Calyrex|Weakness Policy\n|-boost|p2a: Calyrex|atk|2|[from] item: Weakness Policy\n|-boost|p2a: Calyrex|spa|2|[from] item: Weakness Policy\n|move|p2a: Calyrex|Agility|p2a: Calyrex\n|-boost|p2a: Calyrex|spe|2\n|\n|upkeep\n|turn|6\n|\n|t:|1733908221\n|move|p2a: Calyrex|Glacial Lance|p1a: Spidops\n|-damage|p1a: Spidops|0 fnt\n|faint|p1a: Spidops\n|-ability|p2a: Calyrex|Chilling Neigh|boost\n|-boost|p2a: Calyrex|atk|1\n|\n|upkeep\n|inactive|LadyValari has 120 seconds left.\n|\n|t:|1733908243\n|switch|p1a: Tornadus|Tornadus-Therian, L79, M|254/254\n|turn|7\n|\n|t:|1733908249\n|-terastallize|p1a: Tornadus|Fire\n|move|p1a: Tornadus|Heat Wave|p2a: Calyrex\n|-supereffective|p2a: Calyrex\n|-damage|p2a: Calyrex|0 fnt\n|faint|p2a: Calyrex\n|\n|upkeep\n|\n|t:|1733908253\n|switch|p2a: Hitmontop|Hitmontop, L88, M|231/231\n|-damage|p2a: Hitmontop|217/231|[from] Stealth Rock\n|-activate|p2a: Hitmontop|move: Sticky Web\n|-unboost|p2a: Hitmontop|spe|1\n|turn|8\n|\n|t:|1733908262\n|move|p1a: Tornadus|Bleakwind Storm|p2a: Hitmontop\n|-supereffective|p2a: Hitmontop\n|-damage|p2a: Hitmontop|55/231\n|-unboost|p2a: Hitmontop|spe|1\n|move|p2a: Hitmontop|Rapid Spin|p1a: Tornadus\n|-damage|p1a: Tornadus|192/254\n|-boost|p2a: Hitmontop|spe|1\n|-sideend|p2: Ugvyytttfcdddc|Stealth Rock|[from] move: Rapid Spin|[of] p2a: Hitmontop\n|-sideend|p2: Ugvyytttfcdddc|Sticky Web|[from] move: Rapid Spin|[of] p2a: Hitmontop\n|\n|-heal|p2a: Hitmontop|69/231|[from] item: Leftovers\n|upkeep\n|turn|9\n|\n|t:|1733908269\n|move|p1a: Tornadus|Bleakwind Storm|p2a: Hitmontop\n|-supereffective|p2a: Hitmontop\n|-damage|p2a: Hitmontop|0 fnt\n|faint|p2a: Hitmontop\n|\n|upkeep\n|\n|t:|1733908280\n|switch|p2a: Ogerpon|Ogerpon-Cornerstone, L76, F|247/247\n|turn|10\n|\n|t:|1733908289\n|switch|p1a: Sableye|Sableye, L89, M|234/234\n|-terastallize|p2a: Ogerpon|Rock\n|detailschange|p2a: Ogerpon|Ogerpon-Cornerstone-Tera, L76, F, tera:Rock\n|-ability|p2a: Ogerpon|Embody Aspect (Cornerstone)|boost\n|-boost|p2a: Ogerpon|def|1\n|move|p2a: Ogerpon|Ivy Cudgel|p1a: Sableye|[anim] Ivy Cudgel Rock\n|-damage|p1a: Sableye|54/234\n|\n|-heal|p1a: Sableye|68/234|[from] item: Leftovers\n|upkeep\n|turn|11\n|\n|t:|1733908296\n|switch|p2a: Cacturne|Cacturne, L92, M|278/278\n|move|p1a: Sableye|Thunder Wave|p2a: Cacturne\n|-hint|Since gen 7, Dark is immune to Prankster moves.\n|-immune|p2a: Cacturne\n|\n|-heal|p1a: Sableye|82/234|[from] item: Leftovers\n|upkeep\n|turn|12\n|\n|t:|1733908316\n|switch|p1a: Chandelure|Chandelure, L83, F|235/235\n|move|p2a: Cacturne|Knock Off|p1a: Chandelure\n|-supereffective|p1a: Chandelure\n|-damage|p1a: Chandelure|0 fnt\n|-enditem|p1a: Chandelure|Heavy-Duty Boots|[from] move: Knock Off|[of] p2a: Cacturne\n|faint|p1a: Chandelure\n|-damage|p2a: Cacturne|251/278|[from] item: Life Orb\n|\n|upkeep\n|\n|t:|1733908321\n|switch|p1a: Tornadus|Tornadus-Therian, L79, M, tera:Fire|254/254\n|turn|13\n|\n|t:|1733908325\n|switch|p2a: Mudsdale|Mudsdale, L84, M|103/305\n|move|p1a: Tornadus|Focus Blast|p2a: Mudsdale\n|-damage|p2a: Mudsdale|25/305\n|-ability|p2a: Mudsdale|Stamina|boost\n|-boost|p2a: Mudsdale|def|1\n|\n|-heal|p2a: Mudsdale|44/305|[from] item: Leftovers\n|upkeep\n|turn|14\n|\n|t:|1733908332\n|move|p1a: Tornadus|Heat Wave|p2a: Mudsdale\n|-damage|p2a: Mudsdale|0 fnt\n|faint|p2a: Mudsdale\n|\n|upkeep\n|\n|t:|1733908334\n|switch|p2a: Ogerpon|Ogerpon-Cornerstone-Tera, L76, F, tera:Rock|247/247\n|-ability|p2a: Ogerpon|Embody Aspect (Cornerstone)|boost\n|-boost|p2a: Ogerpon|def|1\n|turn|15\n|\n|t:|1733908340\n|move|p1a: Tornadus|Focus Blast|p2a: Ogerpon|[miss]\n|-miss|p1a: Tornadus|p2a: Ogerpon\n|move|p2a: Ogerpon|Ivy Cudgel|p1a: Tornadus|[anim] Ivy Cudgel Rock\n|-supereffective|p1a: Tornadus\n|-crit|p1a: Tornadus\n|-damage|p1a: Tornadus|0 fnt\n|faint|p1a: Tornadus\n|\n|upkeep\n|-message|LadyValari forfeited.\n|\n|win|Ugvyytttfcdddc\n|raw|LadyValari's rating: 1198 &rarr; <strong>1173</strong><br />(-25 for losing)\n|raw|Ugvyytttfcdddc's rating: 1199 &rarr; <strong>1224</strong><br />(+25 for winning)\n|l|\u2606LadyValari\n|player|p1|\n", "inputlog": ">version bfd83cad13791eb5a5a409923076391caf6fb4d4\n>start {\"formatid\":\"gen9randombattle\",\"seed\":[47309,17808,32641,25138],\"rated\":\"Rated battle\"}\n>player p1 {\"name\":\"LadyValari\",\"avatar\":\"jupiter\",\"rating\":1198,\"seed\":[51841,14800,4759,32777]}\n>player p2 {\"name\":\"Ugvyytttfcdddc\",\"avatar\":\"102\",\"rating\":1199,\"seed\":[43725,59072,31243,56183]}\n>p1 move stealthrock\n>p2 move earthquake\n>p1 move crabhammer\n>p2 move heavyslam\n>p1 switch 2\n>p1 move stickyweb\n>p2 move stoneedge\n>p1 move circlethrow\n>p2 move stoneedge\n>p1 move knockoff\n>p2 move agility\n>p1 move knockoff\n>p2 move glaciallance\n>p1 switch 5\n>p1 move heatwave terastallize\n>p2 move glaciallance\n>p2 switch 3\n>p1 move bleakwindstorm\n>p2 move rapidspin\n>p1 move bleakwindstorm\n>p2 move closecombat\n>p2 switch 2\n>p1 switch 4\n>p2 move ivycudgel terastallize\n>p1 move thunderwave\n>p2 switch 6\n>p1 switch 6\n>p2 move knockoff\n>p1 switch 4\n>p1 move focusblast\n>p2 switch 5\n>p1 move heatwave\n>p2 move earthquake\n>p2 switch 6\n>p1 move focusblast\n>p2 move ivycudgel\n>forcelose p1", "uploadtime": 1733908348, "views": 1, "formatid": "gen9randombattle", "rating": 1173, "private": 0, "password": null}