{"id": "gen9randombattle-2260432900", "format": "[Gen 9] Random Battle", "players": ["asweduy", "cris107"], "log": "|j|\u2606asweduy\n|j|\u2606cris107\n|t:|1733851114\n|gametype|singles\n|player|p1|asweduy|hilda-wonderlauncher|\n|player|p2|cris107|102|\n|teamsize|p1|6\n|teamsize|p2|6\n|gen|9\n|tier|[Gen 9] Random Battle\n|rule|Species Clause: Limit one of each Pok\u00e9mon\n|rule|HP Percentage Mod: HP is shown in percentages\n|rule|Sleep Clause Mod: Limit one foe put to sleep\n|rule|Illusion Level Mod: Illusion disguises the Pok\u00e9mon's true level\n|\n|t:|1733851114\n|start\n|switch|p1a: Komala|Komala, L89, M|260/260\n|switch|p2a: Sandslash|Sandslash, L88, M|275/275\n|-ability|p1a: Komala|Comatose\n|turn|1\n|inactive|Battle timer is ON: inactive players will automatically lose when time's up. (requested by cris107)\n|\n|t:|1733851133\n|move|p1a: Komala|Rapid Spin|p2a: Sandslash\n|-damage|p2a: Sandslash|217/275\n|-boost|p1a: Komala|spe|1\n|move|p2a: Sandslash|Knock Off|p1a: Komala\n|-damage|p1a: Komala|171/260\n|-enditem|p1a: Komala|Assault Vest|[from] move: Knock Off|[of] p2a: Sandslash\n|\n|-heal|p2a: Sandslash|234/275|[from] item: Leftovers\n|upkeep\n|turn|2\n|\n|t:|1733851146\n|move|p1a: Komala|Knock Off|p2a: Sandslash\n|-damage|p2a: Sandslash|167/275\n|-enditem|p2a: Sandslash|Leftovers|[from] move: Knock Off|[of] p1a: Komala\n|move|p2a: Sandslash|Rapid Spin|p1a: Komala\n|-damage|p1a: Komala|127/260\n|-boost|p2a: Sandslash|spe|1\n|\n|upkeep\n|turn|3\n|\n|t:|1733851159\n|move|p1a: Komala|Body Slam|p2a: Sandslash\n|-damage|p2a: Sandslash|67/275\n|move|p2a: Sandslash|Earthquake|p1a: Komala\n|-damage|p1a: Komala|0 fnt\n|faint|p1a: Komala\n|\n|upkeep\n|\n|t:|1733851172\n|switch|p1a: Beartic|Beartic, L91, F|321/321\n|turn|4\n|\n|t:|1733851179\n|move|p1a: Beartic|Aqua Jet|p2a: Sandslash\n|-supereffective|p2a: Sandslash\n|-damage|p2a: Sandslash|0 fnt\n|faint|p2a: Sandslash\n|\n|upkeep\n|\n|t:|1733851194\n|switch|p2a: Ampharos|Ampharos, L88, F|302/302\n|turn|5\n|\n|t:|1733851204\n|move|p2a: Ampharos|Focus Blast|p1a: Beartic\n|-supereffective|p1a: Beartic\n|-damage|p1a: Beartic|101/321\n|move|p1a: Beartic|Snowscape|p1a: Beartic\n|-weather|Snow\n|\n|-weather|Snow|[upkeep]\n|upkeep\n|turn|6\n|\n|t:|1733851223\n|move|p1a: Beartic|Icicle Crash|p2a: Ampharos\n|-damage|p2a: Ampharos|173/302\n|move|p2a: Ampharos|Discharge|p1a: Beartic\n|-damage|p1a: Beartic|0 fnt\n|faint|p1a: Beartic\n|\n|-weather|Snow|[upkeep]\n|upkeep\n|\n|t:|1733851231\n|switch|p1a: Ariados|Ariados, L95, M|287/287\n|turn|7\n|\n|t:|1733851240\n|move|p2a: Ampharos|Volt Switch|p1a: Ariados\n|-damage|p1a: Ariados|187/287\n|\n|t:|1733851248\n|switch|p2a: Scizor|Scizor, L79, M|240/240|[from] Volt Switch\n|move|p1a: Ariados|Sticky Web|p2a: Scizor\n|-sidestart|p2: cris107|move: Sticky Web\n|\n|-weather|Snow|[upkeep]\n|upkeep\n|turn|8\n|\n|t:|1733851254\n|move|p2a: Scizor|Swords Dance|p2a: Scizor\n|-boost|p2a: Scizor|atk|2\n|move|p1a: Ariados|Knock Off|p2a: Scizor\n|-damage|p2a: Scizor|163/240\n|-enditem|p2a: Scizor|Life Orb|[from] move: Knock Off|[of] p1a: Ariados\n|\n|-weather|Snow|[upkeep]\n|upkeep\n|turn|9\n|\n|t:|1733851260\n|move|p2a: Scizor|Knock Off|p1a: Ariados\n|-crit|p1a: Ariados\n|-damage|p1a: Ariados|0 fnt\n|-enditem|p1a: Ariados|Heavy-Duty Boots|[from] move: Knock Off|[of] p2a: Scizor\n|faint|p1a: Ariados\n|\n|-weather|none\n|upkeep\n|\n|t:|1733851264\n|switch|p1a: Sandy Shocks|Sandy Shocks, L80|267/267\n|turn|10\n|\n|t:|1733851270\n|move|p1a: Sandy Shocks|Earth Power|p2a: Scizor\n|-damage|p2a: Scizor|33/240\n|move|p2a: Scizor|Bug Bite|p1a: Sandy Shocks\n|-damage|p1a: Sandy Shocks|68/267\n|\n|upkeep\n|turn|11\n|\n|t:|1733851278\n|-terastallize|p2a: Scizor|Steel\n|move|p2a: Scizor|Bullet Punch|p1a: Sandy Shocks\n|-resisted|p1a: Sandy Shocks\n|-damage|p1a: Sandy Shocks|0 fnt\n|faint|p1a: Sandy Shocks\n|-end|p1a: Sandy Shocks|Protosynthesis|[silent]\n|\n|upkeep\n|\n|t:|1733851281\n|switch|p1a: Giratina|Giratina, L75|349/349\n|-ability|p1a: Giratina|Pressure\n|turn|12\n|\n|t:|1733851287\n|-terastallize|p1a: Giratina|Fairy\n|move|p2a: Scizor|Bullet Punch|p1a: Giratina\n|-supereffective|p1a: Giratina\n|-damage|p1a: Giratina|1/349\n|move|p1a: Giratina|Shadow Ball|p2a: Scizor\n|-damage|p2a: Scizor|0 fnt\n|faint|p2a: Scizor\n|\n|-heal|p1a: Giratina|22/349|[from] item: Leftovers\n|upkeep\n|c|\u2606asweduy|puto\n|c|\u2606cris107|pero pq tera\n|c|\u2606cris107|xd\n|c|\u2606asweduy|knock off\n|c|\u2606cris107|soy mas lento\n|c|\u2606cris107|:v\n|inactive|cris107 has 270 seconds left.\n|c|\u2606asweduy|igual bro el poder del amor gano\n|c|\u2606asweduy|1 ps\n|\n|t:|1733851333\n|switch|p2a: Falinks|Falinks, L84|246/246\n|-activate|p2a: Falinks|move: Sticky Web\n|-unboost|p2a: Falinks|spe|1\n|-ability|p2a: Falinks|Defiant|boost\n|-boost|p2a: Falinks|atk|2\n|turn|13\n|\n|t:|1733851343\n|move|p1a: Giratina|Rest|p1a: Giratina\n|-status|p1a: Giratina|slp|[from] move: Rest\n|-heal|p1a: Giratina|349/349 slp|[silent]\n|move|p2a: Falinks|Iron Head|p1a: Giratina\n|-supereffective|p1a: Giratina\n|-damage|p1a: Giratina|86/349 slp\n|-damage|p2a: Falinks|222/246|[from] item: Life Orb\n|\n|-heal|p1a: Giratina|107/349 slp|[from] item: Leftovers\n|upkeep\n|turn|14\n|\n|t:|1733851348\n|cant|p1a: Giratina|slp\n|move|p1a: Giratina|Sleep Talk|p1a: Giratina\n|move|p1a: Giratina|Rest||[from]move: Sleep Talk|[still]\n|-fail|p1a: Giratina\n|move|p2a: Falinks|Iron Head|p1a: Giratina\n|-supereffective|p1a: Giratina\n|-damage|p1a: Giratina|0 fnt\n|faint|p1a: Giratina\n|-damage|p2a: Falinks|198/246|[from] item: Life Orb\n|\n|upkeep\n|\n|t:|1733851354\n|switch|p1a: Flutter Mane|Flutter Mane, L74|203/203\n|turn|15\n|\n|t:|1733851365\n|move|p1a: Flutter Mane|Moonblast|p2a: Falinks\n|-supereffective|p2a: Falinks\n|-damage|p2a: Falinks|0 fnt\n|faint|p2a: Falinks\n|-damage|p1a: Flutter Mane|183/203|[from] item: Life Orb\n|\n|upkeep\n|inactive|cris107 has 270 seconds left.\n|\n|t:|1733851380\n|switch|p2a: Decidueye|Decidueye-Hisui, L87, F|295/295\n|-activate|p2a: Decidueye|move: Sticky Web\n|-unboost|p2a: Decidueye|spe|1\n|turn|16\n|\n|t:|1733851387\n|move|p1a: Flutter Mane|Calm Mind|p1a: Flutter Mane\n|-boost|p1a: Flutter Mane|spa|1\n|-boost|p1a: Flutter Mane|spd|1\n|move|p2a: Decidueye|Leaf Blade|p1a: Flutter Mane\n|-damage|p1a: Flutter Mane|0 fnt\n|faint|p1a: Flutter Mane\n|-end|p1a: Flutter Mane|Protosynthesis|[silent]\n|\n|win|cris107\n|c|\u2606asweduy|vrga\n|c|\u2606asweduy|gg\n|c|\u2606asweduy|otra\n|c|\u2606cris107|amen\n", "inputlog": ">version bfd83cad13791eb5a5a409923076391caf6fb4d4\n>start {\"formatid\":\"gen9randombattle\",\"seed\":[29158,45295,19708,3488]}\n>player p1 {\"name\":\"asweduy\",\"avatar\":\"hilda-wonderlauncher\",\"rating\":0,\"seed\":[50605,10059,41526,37765]}\n>player p2 {\"name\":\"cris107\",\"avatar\":\"102\",\"rating\":0,\"seed\":[9256,23981,47077,3921]}\n>p1 move rapidspin\n>p2 move knockoff\n>p1 move knockoff\n>p2 move rapidspin\n>p1 move bodyslam\n>p2 move earthquake\n>p1 switch 4\n>p1 move aquajet\n>p2 move spikes\n>p2 switch 4\n>p1 move snowscape\n>p2 move focusblast\n>p1 move iciclecrash\n>p2 move discharge\n>p1 switch 2\n>p1 move stickyweb\n>p2 move voltswitch\n>p2 switch 6\n>p1 move knockoff\n>p2 move swordsdance\n>p1 move megahorn\n>p2 move knockoff\n>p1 switch 6\n>p1 move earthpower\n>p2 move bugbite\n>p1 move earthpower\n>p2 move bulletpunch terastallize\n>p1 switch 5\n>p1 move shadowball terastallize\n>p2 move bulletpunch\n>chat \u2606asweduy|puto\n>chat \u2606cris107|pero pq tera\n>chat \u2606cris107|xd\n>chat \u2606asweduy|knock off\n>chat \u2606cris107|soy mas lento\n>chat \u2606cris107|:v\n>chat \u2606asweduy|igual bro el poder del amor gano\n>chat \u2606asweduy|1 ps\n>p2 switch 3\n>p1 move rest\n>p2 move ironhead\n>p1 move sleeptalk\n>p2 move ironhead\n>p1 switch 3\n>p1 move moonblast\n>p2 move ironhead\n>p2 switch 2\n>p1 move calmmind\n>p2 move leafblade", "uploadtime": 1733851410, "views": 1, "formatid": "gen9randombattle", "rating": null, "private": 0, "password": null}