{"id": "gen9randombattle-2159598930", "format": "[Gen 9] Random Battle", "players": ["Woelolo", "YveltalNL"], "log": "|j|\u2606Woelolo\n|j|\u2606YveltalNL\n|t:|1720784117\n|gametype|singles\n|player|p1|Woelolo|169|2258\n|player|p2|YveltalNL|#yveltalnl|2226\n|teamsize|p1|6\n|teamsize|p2|6\n|gen|9\n|tier|[Gen 9] Random Battle\n|rated|\n|rule|Species Clause: Limit one of each Pok\u00e9mon\n|rule|HP Percentage Mod: HP is shown in percentages\n|rule|Sleep Clause Mod: Limit one foe put to sleep\n|rule|Illusion Level Mod: Illusion disguises the Pok\u00e9mon's true level\n|\n|t:|1720784117\n|start\n|switch|p1a: Sandslash|Sandslash, L88, M|275/275\n|switch|p2a: Malamar|Malamar, L82, F|275/275\n|turn|1\n|inactive|Battle timer is ON: inactive players will automatically lose when time's up. (requested by Woelolo)\n|\n|t:|1720784136\n|switch|p1a: Moltres|Moltres, L81|278/278\n|move|p2a: Malamar|Superpower|p1a: Moltres\n|-resisted|p1a: Moltres\n|-damage|p1a: Moltres|239/278\n|-boost|p2a: Malamar|atk|1\n|-boost|p2a: Malamar|def|1\n|\n|upkeep\n|turn|2\n|\n|t:|1720784157\n|move|p1a: Moltres|Fire Blast|p2a: Malamar|[miss]\n|-miss|p1a: Moltres|p2a: Malamar\n|move|p2a: Malamar|Superpower|p1a: Moltres\n|-resisted|p1a: Moltres\n|-damage|p1a: Moltres|184/278\n|-boost|p2a: Malamar|atk|1\n|-boost|p2a: Malamar|def|1\n|\n|upkeep\n|turn|3\n|\n|t:|1720784162\n|move|p1a: Moltres|Fire Blast|p2a: Malamar|[miss]\n|-miss|p1a: Moltres|p2a: Malamar\n|move|p2a: Malamar|Knock Off|p1a: Moltres\n|-crit|p1a: Moltres\n|-damage|p1a: Moltres|0 fnt\n|-enditem|p1a: Moltres|Heavy-Duty Boots|[from] move: Knock Off|[of] p2a: Malamar\n|faint|p1a: Moltres\n|\n|upkeep\n|c|\u2606YveltalNL|well\n|\n|t:|1720784176\n|switch|p1a: Fezandipiti|Fezandipiti, L82, M|278/278\n|turn|4\n|\n|t:|1720784186\n|-terastallize|p1a: Fezandipiti|Dark\n|move|p1a: Fezandipiti|Beat Up|p2a: Malamar\n|-damage|p2a: Malamar|268/275\n|-damage|p2a: Malamar|259/275\n|-damage|p2a: Malamar|250/275\n|-damage|p2a: Malamar|241/275\n|-damage|p2a: Malamar|232/275\n|-hitcount|p2a: Malamar|5\n|move|p2a: Malamar|Psycho Cut|p1a: Fezandipiti\n|-immune|p1a: Fezandipiti\n|\n|upkeep\n|turn|5\n|c|\u2606YveltalNL|covert cloak malamar going crazy\n|\n|t:|1720784206\n|move|p1a: Fezandipiti|U-turn|p2a: Malamar\n|-supereffective|p2a: Malamar\n|-damage|p2a: Malamar|128/275\n|\n|t:|1720784210\n|switch|p1a: Sandslash|Sandslash, L88, M|275/275|[from] U-turn\n|move|p2a: Malamar|Superpower|p1a: Sandslash\n|-damage|p1a: Sandslash|146/275\n|-boost|p2a: Malamar|atk|1\n|-boost|p2a: Malamar|def|1\n|\n|-heal|p1a: Sandslash|163/275|[from] item: Leftovers\n|upkeep\n|turn|6\n|\n|t:|1720784215\n|move|p2a: Malamar|Superpower|p1a: Sandslash\n|-damage|p1a: Sandslash|5/275\n|-boost|p2a: Malamar|atk|1\n|-boost|p2a: Malamar|def|1\n|move|p1a: Sandslash|Knock Off|p2a: Malamar\n|-damage|p2a: Malamar|103/275\n|-enditem|p2a: Malamar|Chesto Berry|[from] move: Knock Off|[of] p1a: Sandslash\n|\n|-heal|p1a: Sandslash|22/275|[from] item: Leftovers\n|upkeep\n|turn|7\n|\n|t:|1720784222\n|move|p2a: Malamar|Superpower|p1a: Sandslash\n|-damage|p1a: Sandslash|0 fnt\n|-boost|p2a: Malamar|atk|1\n|-boost|p2a: Malamar|def|1\n|faint|p1a: Sandslash\n|\n|upkeep\n|\n|t:|1720784242\n|switch|p1a: Fezandipiti|Fezandipiti, L82, M, tera:Dark|278/278\n|turn|8\n|\n|t:|1720784245\n|move|p1a: Fezandipiti|U-turn|p2a: Malamar\n|-supereffective|p2a: Malamar\n|-damage|p2a: Malamar|51/275\n|\n|t:|1720784253\n|switch|p1a: Donphan|Donphan, L84, F|288/288|[from] U-turn\n|move|p2a: Malamar|Superpower|p1a: Donphan\n|-damage|p1a: Donphan|63/288\n|-boost|p2a: Malamar|atk|1\n|-boost|p2a: Malamar|def|1\n|\n|-heal|p1a: Donphan|81/288|[from] item: Leftovers\n|upkeep\n|turn|9\n|\n|t:|1720784257\n|move|p2a: Malamar|Rest|p2a: Malamar\n|-status|p2a: Malamar|slp|[from] move: Rest\n|-heal|p2a: Malamar|275/275 slp|[silent]\n|move|p1a: Donphan|Earthquake|p2a: Malamar\n|-damage|p2a: Malamar|242/275 slp\n|\n|-heal|p1a: Donphan|99/288|[from] item: Leftovers\n|upkeep\n|turn|10\n|\n|t:|1720784270\n|switch|p1a: Ogerpon|Ogerpon-Wellspring, L76, F|247/247\n|cant|p2a: Malamar|slp\n|\n|upkeep\n|turn|11\n|\n|t:|1720784273\n|move|p1a: Ogerpon|Ivy Cudgel|p2a: Malamar|[anim] Ivy Cudgel Water\n|-damage|p2a: Malamar|208/275 slp\n|cant|p2a: Malamar|slp\n|\n|upkeep\n|turn|12\n|\n|t:|1720784278\n|move|p1a: Ogerpon|U-turn|p2a: Malamar\n|-supereffective|p2a: Malamar\n|-damage|p2a: Malamar|144/275 slp\n|\n|t:|1720784281\n|switch|p1a: Donphan|Donphan, L84, F|99/288|[from] U-turn\n|-curestatus|p2a: Malamar|slp|[msg]\n|move|p2a: Malamar|Psycho Cut|p1a: Donphan\n|-damage|p1a: Donphan|0 fnt\n|faint|p1a: Donphan\n|\n|upkeep\n|\n|t:|1720784284\n|switch|p1a: Fezandipiti|Fezandipiti, L82, M, tera:Dark|278/278\n|turn|13\n|\n|t:|1720784289\n|move|p1a: Fezandipiti|U-turn|p2a: Malamar\n|-supereffective|p2a: Malamar\n|-damage|p2a: Malamar|88/275\n|-status|p2a: Malamar|tox|[from] ability: Toxic Chain|[of] p1a: Fezandipiti\n|\n|t:|1720784294\n|switch|p1a: Gyarados|Gyarados, L79, F|280/280|[from] U-turn\n|-ability|p1a: Gyarados|Intimidate|boost\n|-boost|p2a: Malamar|atk|0\n|move|p2a: Malamar|Knock Off|p1a: Gyarados\n|-crit|p1a: Gyarados\n|-damage|p1a: Gyarados|0 fnt\n|-enditem|p1a: Gyarados|Heavy-Duty Boots|[from] move: Knock Off|[of] p2a: Malamar\n|faint|p1a: Gyarados\n|\n|-damage|p2a: Malamar|71/275 tox|[from] psn\n|upkeep\n|j| ds des chats\n|\n|t:|1720784308\n|switch|p1a: Ogerpon|Ogerpon-Wellspring, L76, F|247/247\n|turn|14\n|\n|t:|1720784315\n|-terastallize|p2a: Malamar|Fighting\n|move|p1a: Ogerpon|U-turn|p2a: Malamar\n|-resisted|p2a: Malamar\n|-damage|p2a: Malamar|64/275 tox\n|\n|t:|1720784320\n|switch|p1a: Fezandipiti|Fezandipiti, L82, M, tera:Dark|278/278|[from] U-turn\n|move|p2a: Malamar|Rest|p2a: Malamar\n|-status|p2a: Malamar|slp|[from] move: Rest\n|-heal|p2a: Malamar|275/275 slp|[silent]\n|\n|upkeep\n|turn|15\n|\n|t:|1720784325\n|move|p1a: Fezandipiti|Play Rough|p2a: Malamar|[miss]\n|-miss|p1a: Fezandipiti|p2a: Malamar\n|cant|p2a: Malamar|slp\n|\n|upkeep\n|turn|16\n|\n|t:|1720784327\n|move|p1a: Fezandipiti|Play Rough|p2a: Malamar|[miss]\n|-miss|p1a: Fezandipiti|p2a: Malamar\n|cant|p2a: Malamar|slp\n|\n|upkeep\n|turn|17\n|\n|t:|1720784330\n|move|p1a: Fezandipiti|Play Rough|p2a: Malamar\n|-supereffective|p2a: Malamar\n|-damage|p2a: Malamar|233/275 slp\n|-curestatus|p2a: Malamar|slp|[msg]\n|move|p2a: Malamar|Superpower|p1a: Fezandipiti\n|-supereffective|p1a: Fezandipiti\n|-damage|p1a: Fezandipiti|0 fnt\n|faint|p1a: Fezandipiti\n|\n|upkeep\n|\n|t:|1720784333\n|switch|p1a: Ogerpon|Ogerpon-Wellspring, L76, F|247/247\n|turn|18\n|\n|t:|1720784338\n|move|p1a: Ogerpon|Wood Hammer|p2a: Malamar\n|-damage|p2a: Malamar|191/275\n|-damage|p1a: Ogerpon|233/247|[from] Recoil\n|move|p2a: Malamar|Knock Off|p1a: Ogerpon\n|-damage|p1a: Ogerpon|0 fnt\n|faint|p1a: Ogerpon\n|\n|win|YveltalNL\n|raw|Woelolo's rating: 2258 &rarr; <strong>2236</strong><br />(-22 for losing)\n|raw|YveltalNL's rating: 2226 &rarr; <strong>2248</strong><br />(+22 for winning)\n|c|\u2606Woelolo|gg\n|c|\u2606YveltalNL|gg\n|l|\u2606Woelolo\n|player|p1|\n|l|\u2606YveltalNL\n|player|p2|\n", "inputlog": ">version f7ad7c1b8a6ce355e8dbcd95eca255f5f71ead83\n>start {\"formatid\":\"gen9randombattle\",\"seed\":[5838,13063,37663,28781],\"rated\":\"Rated battle\"}\n>player p1 {\"name\":\"Woelolo\",\"avatar\":\"169\",\"rating\":2258,\"seed\":[29179,22384,2207,3613]}\n>player p2 {\"name\":\"YveltalNL\",\"avatar\":\"#yveltalnl\",\"rating\":2226,\"seed\":[44525,12091,23510,49892]}\n>p1 switch 3\n>p2 move superpower\n>p1 move fireblast\n>p2 move superpower\n>p1 move fireblast\n>p2 move knockoff\n>chat \u2606YveltalNL|well\n>p1 switch 6\n>p1 move beatup terastallize\n>p2 move psychocut\n>chat \u2606YveltalNL|covert cloak malamar going crazy\n>p1 move uturn\n>p2 move superpower\n>p1 switch 3\n>p1 move knockoff\n>p2 move superpower\n>p1 move swordsdance\n>p2 move superpower\n>p1 switch 3\n>p1 move uturn\n>p2 move superpower\n>p1 switch 4\n>p1 move earthquake\n>p2 move rest\n>p1 switch 2\n>p2 move psychocut\n>p1 move ivycudgel\n>p2 move psychocut\n>p1 move uturn\n>p2 move psychocut\n>p1 switch 2\n>p1 switch 4\n>p1 move uturn\n>p2 move knockoff\n>p1 switch 5\n>p1 switch 2\n>p1 move uturn\n>p2 move rest terastallize\n>p1 switch 5\n>p1 move playrough\n>p2 move psychocut\n>p1 move playrough\n>p2 move psychocut\n>p1 move playrough\n>p2 move superpower\n>p1 switch 5\n>p1 move woodhammer\n>p2 move knockoff", "uploadtime": 1720784377, "views": 156, "formatid": "gen9randombattle", "rating": 2236, "private": 0, "password": null}