{"id": "gen9randombattle-2141590544", "format": "[Gen 9] Random Battle", "players": ["jameshardie", "Irongraf"], "log": "|badge|p2|bronze|gen9randombattle|100-1\n|uhtml|medal-msg|<div class=\"broadcast-blue\">Curious what those medals under the avatar are? PS now has Ladder Seasons! For more information, check out the <a href=\"https://www.smogon.com/forums/threads/3740067/\">thread on Smogon.</a></div>\n|j|\u2606jameshardie\n|j|\u2606Irongraf\n|t:|1718154363\n|gametype|singles\n|player|p1|jameshardie|1|2269\n|player|p2|Irongraf|steven|2361\n|teamsize|p1|6\n|teamsize|p2|6\n|gen|9\n|tier|[Gen 9] Random Battle\n|rated|\n|rule|Species Clause: Limit one of each Pok\u00e9mon\n|rule|HP Percentage Mod: HP is shown in percentages\n|rule|Sleep Clause Mod: Limit one foe put to sleep\n|rule|Illusion Level Mod: Illusion disguises the Pok\u00e9mon's true level\n|\n|t:|1718154363\n|start\n|switch|p1a: Ogerpon|Ogerpon, L80, F|259/259\n|switch|p2a: Armarouge|Armarouge, L81, M|270/270\n|turn|1\n|inactive|Battle timer is ON: inactive players will automatically lose when time's up. (requested by Irongraf)\n|\n|t:|1718154383\n|switch|p1a: Grumpig|Grumpig, L92, M|297/297\n|move|p2a: Armarouge|Armor Cannon|p1a: Grumpig\n|-damage|p1a: Grumpig|237/297\n|-unboost|p2a: Armarouge|def|1\n|-unboost|p2a: Armarouge|spd|1\n|\n|upkeep\n|turn|2\n|\n|t:|1718154392\n|switch|p2a: Dudunsparce|Dudunsparce-Three-Segment, L82, M|339/339\n|move|p1a: Grumpig|Psyshock|p2a: Dudunsparce\n|-damage|p2a: Dudunsparce|174/339\n|\n|-heal|p2a: Dudunsparce|195/339|[from] item: Leftovers\n|upkeep\n|turn|3\n|\n|t:|1718154397\n|move|p1a: Grumpig|Psyshock|p2a: Dudunsparce\n|-damage|p2a: Dudunsparce|35/339\n|move|p2a: Dudunsparce|Glare|p1a: Grumpig\n|-status|p1a: Grumpig|par\n|\n|-heal|p2a: Dudunsparce|56/339|[from] item: Leftovers\n|upkeep\n|turn|4\n|\n|t:|1718154410\n|switch|p1a: Qwilfish|Qwilfish, L86, F|252/252\n|-ability|p1a: Qwilfish|Intimidate|boost\n|-unboost|p2a: Dudunsparce|atk|1\n|move|p2a: Dudunsparce|Roost|p2a: Dudunsparce\n|-heal|p2a: Dudunsparce|226/339\n|-singleturn|p2a: Dudunsparce|move: Roost\n|\n|-heal|p2a: Dudunsparce|247/339|[from] item: Leftovers\n|upkeep\n|turn|5\n|\n|t:|1718154428\n|move|p1a: Qwilfish|Toxic|p2a: Dudunsparce\n|-status|p2a: Dudunsparce|tox\n|move|p2a: Dudunsparce|Glare|p1a: Qwilfish\n|-status|p1a: Qwilfish|par\n|\n|-heal|p2a: Dudunsparce|268/339 tox|[from] item: Leftovers\n|-damage|p2a: Dudunsparce|247/339 tox|[from] psn\n|upkeep\n|turn|6\n|\n|t:|1718154439\n|switch|p2a: Garganacl|Garganacl, L80, F|291/291\n|cant|p1a: Qwilfish|par\n|\n|upkeep\n|turn|7\n|\n|t:|1718154443\n|move|p2a: Garganacl|Salt Cure|p1a: Qwilfish\n|-damage|p1a: Qwilfish|212/252 par\n|-start|p1a: Qwilfish|Salt Cure\n|cant|p1a: Qwilfish|par\n|\n|-damage|p1a: Qwilfish|149/252 par|[from] Salt Cure\n|upkeep\n|turn|8\n|\n|t:|1718154450\n|move|p2a: Garganacl|Iron Defense|p2a: Garganacl\n|-boost|p2a: Garganacl|def|2\n|move|p1a: Qwilfish|Pain Split|p2a: Garganacl\n|-sethp|p2a: Garganacl|220/291|[from] move: Pain Split|[silent]\n|-sethp|p1a: Qwilfish|220/252 par|[from] move: Pain Split\n|\n|-heal|p2a: Garganacl|238/291|[from] item: Leftovers\n|-damage|p1a: Qwilfish|157/252 par|[from] Salt Cure\n|upkeep\n|turn|9\n|\n|t:|1718154453\n|move|p2a: Garganacl|Salt Cure|p1a: Qwilfish\n|-damage|p1a: Qwilfish|118/252 par\n|move|p1a: Qwilfish|Flip Turn|p2a: Garganacl\n|-supereffective|p2a: Garganacl\n|-damage|p2a: Garganacl|182/291\n|\n|t:|1718154471\n|switch|p1a: Grumpig|Grumpig, L92, M|237/297 par|[from] Flip Turn\n|\n|-heal|p2a: Garganacl|200/291|[from] item: Leftovers\n|upkeep\n|turn|10\n|\n|t:|1718154484\n|switch|p2a: Alcremie|Alcremie-Ruby-Cream, L90, F|263/263\n|cant|p1a: Grumpig|par\n|\n|upkeep\n|turn|11\n|\n|t:|1718154501\n|switch|p1a: Revavroom|Revavroom, L79, F|256/256\n|move|p2a: Alcremie|Alluring Voice|p1a: Revavroom\n|-resisted|p1a: Revavroom\n|-damage|p1a: Revavroom|221/256\n|\n|upkeep\n|turn|12\n|\n|t:|1718154518\n|switch|p1a: Swampert|Swampert, L83, F|302/302\n|-terastallize|p2a: Alcremie|Ground\n|move|p2a: Alcremie|Tera Blast|p1a: Swampert|[anim] Tera Blast Ground\n|-damage|p1a: Swampert|233/302\n|\n|upkeep\n|turn|13\n|\n|t:|1718154528\n|move|p2a: Alcremie|Calm Mind|p2a: Alcremie\n|-boost|p2a: Alcremie|spa|1\n|-boost|p2a: Alcremie|spd|1\n|move|p1a: Swampert|Flip Turn|p2a: Alcremie\n|-supereffective|p2a: Alcremie\n|-damage|p2a: Alcremie|113/263\n|\n|t:|1718154547\n|switch|p1a: Ogerpon|Ogerpon, L80, F|259/259|[from] Flip Turn\n|\n|-heal|p2a: Alcremie|129/263|[from] item: Leftovers\n|upkeep\n|turn|14\n|\n|t:|1718154554\n|switch|p2a: Okidogi|Okidogi, L77, M|262/262\n|move|p1a: Ogerpon|Swords Dance|p1a: Ogerpon\n|-boost|p1a: Ogerpon|atk|2\n|\n|upkeep\n|turn|15\n|\n|t:|1718154576\n|switch|p1a: Qwilfish|Qwilfish, L86, F|118/252 par\n|-ability|p1a: Qwilfish|Intimidate|boost\n|-unboost|p2a: Okidogi|atk|1\n|move|p2a: Okidogi|Gunk Shot|p1a: Qwilfish\n|-resisted|p1a: Qwilfish\n|-damage|p1a: Qwilfish|70/252 par\n|\n|upkeep\n|turn|16\n|\n|t:|1718154586\n|switch|p2a: Garganacl|Garganacl, L80, F|200/291\n|move|p1a: Qwilfish|Pain Split|p2a: Garganacl\n|-sethp|p2a: Garganacl|135/291|[from] move: Pain Split|[silent]\n|-sethp|p1a: Qwilfish|135/252 par|[from] move: Pain Split\n|\n|-heal|p2a: Garganacl|153/291|[from] item: Leftovers\n|upkeep\n|turn|17\n|\n|t:|1718154590\n|move|p2a: Garganacl|Recover|p2a: Garganacl\n|-heal|p2a: Garganacl|291/291\n|move|p1a: Qwilfish|Flip Turn|p2a: Garganacl\n|-supereffective|p2a: Garganacl\n|-damage|p2a: Garganacl|183/291\n|\n|t:|1718154608\n|switch|p1a: Swampert|Swampert, L83, F|233/302|[from] Flip Turn\n|\n|-heal|p2a: Garganacl|201/291|[from] item: Leftovers\n|upkeep\n|turn|18\n|\n|t:|1718154618\n|move|p1a: Swampert|Knock Off|p2a: Garganacl\n|-damage|p2a: Garganacl|143/291\n|-enditem|p2a: Garganacl|Leftovers|[from] move: Knock Off|[of] p1a: Swampert\n|move|p2a: Garganacl|Salt Cure|p1a: Swampert\n|-resisted|p1a: Swampert\n|-damage|p1a: Swampert|212/302\n|-start|p1a: Swampert|Salt Cure\n|\n|-damage|p1a: Swampert|137/302|[from] Salt Cure\n|upkeep\n|turn|19\n|\n|t:|1718154622\n|move|p1a: Swampert|Flip Turn|p2a: Garganacl\n|-supereffective|p2a: Garganacl\n|-damage|p2a: Garganacl|27/291\n|\n|t:|1718154636\n|switch|p1a: Grumpig|Grumpig, L92, M|237/297 par|[from] Flip Turn\n|move|p2a: Garganacl|Recover|p2a: Garganacl\n|-heal|p2a: Garganacl|173/291\n|\n|upkeep\n|turn|20\n|\n|t:|1718154647\n|switch|p2a: Alcremie|Alcremie-Ruby-Cream, L90, F, tera:Ground|129/263\n|move|p1a: Grumpig|Earth Power|p2a: Alcremie\n|-damage|p2a: Alcremie|50/263\n|\n|-heal|p2a: Alcremie|66/263|[from] item: Leftovers\n|upkeep\n|turn|21\n|\n|t:|1718154660\n|switch|p1a: Swampert|Swampert, L83, F|137/302\n|move|p2a: Alcremie|Recover|p2a: Alcremie\n|-heal|p2a: Alcremie|198/263\n|\n|-heal|p2a: Alcremie|214/263|[from] item: Leftovers\n|upkeep\n|turn|22\n|\n|t:|1718154668\n|switch|p2a: Okidogi|Okidogi, L77, M|262/262\n|move|p1a: Swampert|Flip Turn|p2a: Okidogi\n|-damage|p2a: Okidogi|202/262\n|\n|t:|1718154692\n|switch|p1a: Grumpig|Grumpig, L92, M|237/297 par|[from] Flip Turn\n|\n|-heal|p2a: Okidogi|218/262|[from] item: Leftovers\n|upkeep\n|turn|23\n|\n|t:|1718154708\n|move|p2a: Okidogi|Knock Off|p1a: Grumpig\n|-supereffective|p1a: Grumpig\n|-damage|p1a: Grumpig|73/297 par\n|-enditem|p1a: Grumpig|Choice Specs|[from] move: Knock Off|[of] p2a: Okidogi\n|cant|p1a: Grumpig|par\n|\n|-heal|p2a: Okidogi|234/262|[from] item: Leftovers\n|upkeep\n|turn|24\n|\n|t:|1718154714\n|switch|p1a: Qwilfish|Qwilfish, L86, F|135/252 par\n|-ability|p1a: Qwilfish|Intimidate|boost\n|-unboost|p2a: Okidogi|atk|1\n|move|p2a: Okidogi|Knock Off|p1a: Qwilfish\n|-damage|p1a: Qwilfish|82/252 par\n|-enditem|p1a: Qwilfish|Heavy-Duty Boots|[from] move: Knock Off|[of] p2a: Okidogi\n|\n|-heal|p2a: Okidogi|250/262|[from] item: Leftovers\n|upkeep\n|turn|25\n|\n|t:|1718154726\n|move|p2a: Okidogi|Bulk Up|p2a: Okidogi\n|-boost|p2a: Okidogi|atk|1\n|-boost|p2a: Okidogi|def|1\n|move|p1a: Qwilfish|Pain Split|p2a: Okidogi\n|-sethp|p2a: Okidogi|166/262|[from] move: Pain Split|[silent]\n|-sethp|p1a: Qwilfish|166/252 par|[from] move: Pain Split\n|\n|-heal|p2a: Okidogi|182/262|[from] item: Leftovers\n|upkeep\n|turn|26\n|\n|t:|1718154730\n|move|p2a: Okidogi|Bulk Up|p2a: Okidogi\n|-boost|p2a: Okidogi|atk|1\n|-boost|p2a: Okidogi|def|1\n|move|p1a: Qwilfish|Flip Turn|p2a: Okidogi\n|-damage|p2a: Okidogi|149/262\n|\n|t:|1718154733\n|switch|p1a: Volbeat|Volbeat, L90, M|263/263|[from] Flip Turn\n|\n|-heal|p2a: Okidogi|165/262|[from] item: Leftovers\n|upkeep\n|turn|27\n|\n|t:|1718154741\n|switch|p2a: Garganacl|Garganacl, L80, F|173/291\n|move|p1a: Volbeat|Encore||[still]\n|-fail|p1a: Volbeat\n|\n|upkeep\n|turn|28\n|\n|t:|1718154744\n|move|p1a: Volbeat|U-turn|p2a: Garganacl\n|-damage|p2a: Garganacl|121/291\n|\n|t:|1718154756\n|switch|p1a: Qwilfish|Qwilfish, L86, F|166/252 par|[from] U-turn\n|-ability|p1a: Qwilfish|Intimidate|boost\n|-unboost|p2a: Garganacl|atk|1\n|move|p2a: Garganacl|Salt Cure|p1a: Qwilfish\n|-damage|p1a: Qwilfish|139/252 par\n|-start|p1a: Qwilfish|Salt Cure\n|\n|-damage|p1a: Qwilfish|76/252 par|[from] Salt Cure\n|upkeep\n|turn|29\n|\n|t:|1718154766\n|move|p2a: Garganacl|Recover|p2a: Garganacl\n|-heal|p2a: Garganacl|267/291\n|move|p1a: Qwilfish|Flip Turn|p2a: Garganacl\n|-supereffective|p2a: Garganacl\n|-damage|p2a: Garganacl|169/291\n|\n|t:|1718154772\n|switch|p1a: Swampert|Swampert, L83, F|137/302|[from] Flip Turn\n|\n|upkeep\n|turn|30\n|inactive|Irongraf has 120 seconds left.\n|\n|t:|1718154813\n|move|p1a: Swampert|Earthquake|p2a: Garganacl\n|-supereffective|p2a: Garganacl\n|-damage|p2a: Garganacl|0 fnt\n|faint|p2a: Garganacl\n|\n|upkeep\n|\n|t:|1718154821\n|switch|p2a: Armarouge|Armarouge, L81, M|270/270\n|turn|31\n|\n|t:|1718154831\n|switch|p1a: Grumpig|Grumpig, L92, M|73/297 par\n|move|p2a: Armarouge|Energy Ball|p1a: Grumpig\n|-damage|p1a: Grumpig|12/297 par\n|-unboost|p1a: Grumpig|spd|1\n|\n|upkeep\n|turn|32\n|\n|t:|1718154837\n|move|p2a: Armarouge|Energy Ball|p1a: Grumpig\n|-damage|p1a: Grumpig|0 fnt\n|faint|p1a: Grumpig\n|\n|upkeep\n|\n|t:|1718154859\n|switch|p1a: Volbeat|Volbeat, L90, M|263/263\n|turn|33\n|\n|t:|1718154871\n|switch|p2a: Dudunsparce|Dudunsparce-Three-Segment, L82, M|247/339 tox\n|move|p1a: Volbeat|Encore||[still]\n|-fail|p1a: Volbeat\n|\n|-heal|p2a: Dudunsparce|268/339 tox|[from] item: Leftovers\n|-damage|p2a: Dudunsparce|247/339 tox|[from] psn\n|upkeep\n|turn|34\n|\n|t:|1718154884\n|move|p1a: Volbeat|U-turn|p2a: Dudunsparce\n|-damage|p2a: Dudunsparce|166/339 tox\n|\n|t:|1718154887\n|switch|p1a: Qwilfish|Qwilfish, L86, F|76/252 par|[from] U-turn\n|-ability|p1a: Qwilfish|Intimidate|boost\n|-unboost|p2a: Dudunsparce|atk|1\n|move|p2a: Dudunsparce|Earthquake|p1a: Qwilfish\n|-supereffective|p1a: Qwilfish\n|-damage|p1a: Qwilfish|0 fnt\n|faint|p1a: Qwilfish\n|\n|-heal|p2a: Dudunsparce|187/339 tox|[from] item: Leftovers\n|-damage|p2a: Dudunsparce|145/339 tox|[from] psn\n|upkeep\n|inactive|jameshardie has 120 seconds left.\n|\n|t:|1718154933\n|switch|p1a: Revavroom|Revavroom, L79, F|221/256\n|turn|35\n|\n|t:|1718154946\n|move|p1a: Revavroom|Gunk Shot|p2a: Dudunsparce|[miss]\n|-miss|p1a: Revavroom|p2a: Dudunsparce\n|move|p2a: Dudunsparce|Glare|p1a: Revavroom\n|-status|p1a: Revavroom|par\n|\n|-heal|p2a: Dudunsparce|166/339 tox|[from] item: Leftovers\n|-damage|p2a: Dudunsparce|103/339 tox|[from] psn\n|upkeep\n|turn|36\n|\n|t:|1718154959\n|move|p2a: Dudunsparce|Earthquake|p1a: Revavroom\n|-supereffective|p1a: Revavroom\n|-damage|p1a: Revavroom|83/256 par\n|move|p1a: Revavroom|Shift Gear|p1a: Revavroom\n|-boost|p1a: Revavroom|spe|2\n|-boost|p1a: Revavroom|atk|1\n|\n|-heal|p2a: Dudunsparce|124/339 tox|[from] item: Leftovers\n|-damage|p2a: Dudunsparce|40/339 tox|[from] psn\n|upkeep\n|turn|37\n|\n|t:|1718154966\n|move|p1a: Revavroom|High Horsepower|p2a: Dudunsparce\n|-damage|p2a: Dudunsparce|0 fnt\n|faint|p2a: Dudunsparce\n|-damage|p1a: Revavroom|58/256 par|[from] item: Life Orb\n|\n|upkeep\n|\n|t:|1718154974\n|switch|p2a: Palafin|Palafin, L77, M|281/281\n|turn|38\n|\n|t:|1718154980\n|move|p2a: Palafin|Close Combat|p1a: Revavroom\n|-damage|p1a: Revavroom|2/256 par\n|-unboost|p2a: Palafin|def|1\n|-unboost|p2a: Palafin|spd|1\n|move|p1a: Revavroom|Gunk Shot|p2a: Palafin|[miss]\n|-miss|p1a: Revavroom|p2a: Palafin\n|\n|upkeep\n|turn|39\n|inactive|jameshardie has 120 seconds left.\n|\n|t:|1718154997\n|move|p2a: Palafin|Jet Punch|p1a: Revavroom\n|-damage|p1a: Revavroom|0 fnt\n|faint|p1a: Revavroom\n|\n|upkeep\n|inactive|jameshardie has 120 seconds left.\n|\n|t:|1718155004\n|switch|p1a: Ogerpon|Ogerpon, L80, F|259/259\n|turn|40\n|\n|t:|1718155009\n|detailschange|p2a: Palafin|Palafin-Hero, L77, M\n|switch|p2a: Okidogi|Okidogi, L77, M|165/262\n|move|p1a: Ogerpon|Swords Dance|p1a: Ogerpon\n|-boost|p1a: Ogerpon|atk|2\n|\n|-heal|p2a: Okidogi|181/262|[from] item: Leftovers\n|upkeep\n|turn|41\n|inactive|jameshardie has 120 seconds left.\n|\n|t:|1718155036\n|-terastallize|p1a: Ogerpon|Grass\n|detailschange|p1a: Ogerpon|Ogerpon-Teal-Tera, L80, F, tera:Grass\n|-ability|p1a: Ogerpon|Embody Aspect (Teal)|boost\n|-boost|p1a: Ogerpon|spe|1\n|move|p1a: Ogerpon|Ivy Cudgel|p2a: Okidogi\n|-resisted|p2a: Okidogi\n|-damage|p2a: Okidogi|0 fnt\n|faint|p2a: Okidogi\n|-damage|p1a: Ogerpon|234/259|[from] item: Life Orb\n|\n|upkeep\n|\n|t:|1718155045\n|switch|p2a: Armarouge|Armarouge, L81, M|270/270\n|turn|42\n|\n|t:|1718155049\n|move|p1a: Ogerpon|Knock Off|p2a: Armarouge\n|-supereffective|p2a: Armarouge\n|-damage|p2a: Armarouge|0 fnt\n|-enditem|p2a: Armarouge|Power Herb|[from] move: Knock Off|[of] p1a: Ogerpon\n|faint|p2a: Armarouge\n|-damage|p1a: Ogerpon|209/259|[from] item: Life Orb\n|\n|upkeep\n|-message|Irongraf forfeited.\n|\n|win|jameshardie\n|raw|jameshardie's rating: 2269 &rarr; <strong>2294</strong><br />(+25 for winning)\n|raw|Irongraf's rating: 2361 &rarr; <strong>2336</strong><br />(-25 for losing)\n|l|\u2606Irongraf\n|player|p2|\n|c|\u2606jameshardie|Had to work for that\n", "inputlog": ">version e046c5ea766451ca9500a73fe72ec774e92e6f7e\n>start {\"formatid\":\"gen9randombattle\",\"seed\":[28334,54935,32445,58647],\"rated\":\"Rated battle\"}\n>player p1 {\"name\":\"jameshardie\",\"avatar\":\"1\",\"rating\":2269,\"seed\":[43546,8772,33844,3629]}\n>player p2 {\"name\":\"Irongraf\",\"avatar\":\"steven\",\"rating\":2361,\"seed\":[54749,62998,12481,61775]}\n>p1 switch 2\n>p2 move armorcannon\n>p1 move psyshock\n>p2 switch 5\n>p1 move psyshock\n>p2 move glare\n>p1 switch 5\n>p2 move roost\n>p1 move toxic\n>p2 move glare\n>p1 move flipturn\n>p2 switch 3\n>p1 move flipturn\n>p2 move saltcure\n>p1 move painsplit\n>p2 move irondefense\n>p1 move flipturn\n>p2 move saltcure\n>p1 switch 5\n>p1 move earthpower\n>p2 switch 4\n>p1 switch 3\n>p2 move alluringvoice\n>p1 switch 6\n>p2 move terablast terastallize\n>p1 move flipturn\n>p2 move calmmind\n>p1 switch 2\n>p1 move swordsdance\n>p2 switch 2\n>p1 switch 5\n>p2 move gunkshot\n>p1 move painsplit\n>p2 switch 4\n>p1 move flipturn\n>p2 move recover\n>p1 switch 2\n>p1 move knockoff\n>p2 move saltcure\n>p1 move flipturn\n>p2 move recover\n>p1 switch 3\n>p1 move earthpower\n>p2 switch 2\n>p1 switch 3\n>p2 move recover\n>p1 move flipturn\n>p2 switch 4\n>p1 switch 3\n>p1 move psyshock\n>p2 move knockoff\n>p1 switch 2\n>p2 move knockoff\n>p1 move painsplit\n>p2 move bulkup\n>p1 move flipturn\n>p2 move bulkup\n>p1 switch 4\n>p1 move encore\n>p2 switch 2\n>p1 move uturn\n>p2 move saltcure\n>p1 switch 4\n>p1 move flipturn\n>p2 move recover\n>p1 switch 3\n>p1 move earthquake\n>p2 move recover\n>p2 switch 5\n>p1 switch 2\n>p2 move energyball\n>p1 move shadowball\n>p2 move energyball\n>p1 switch 4\n>p1 move encore\n>p2 switch 3\n>p1 move uturn\n>p2 move earthquake\n>p1 switch 3\n>p1 switch 6\n>p1 move gunkshot\n>p2 move glare\n>p1 move shiftgear\n>p2 move earthquake\n>p1 move highhorsepower\n>p2 move earthquake\n>p2 switch 6\n>p1 move gunkshot\n>p2 move closecombat\n>p1 move highhorsepower\n>p2 move jetpunch\n>p1 switch 5\n>p1 move swordsdance\n>p2 switch 2\n>p1 move ivycudgel terastallize\n>p2 move gunkshot\n>p2 switch 3\n>p1 move knockoff\n>p2 move armorcannon\n>forcelose p2", "uploadtime": 1718155057, "views": 189, "formatid": "gen9randombattle", "rating": 2294, "private": 0, "password": null}