{"id": "gen9randombattle-2193222528", "format": "[Gen 9] Random Battle", "players": ["freyaknightvgc", "TechBuster"], "log": "|j|\u2606freyaknightvgc\n|j|\u2606TechBuster\n|t:|1725309485\n|gametype|singles\n|player|p1|freyaknightvgc|grusha|2289\n|player|p2|TechBuster|parasollady-gen4|2199\n|teamsize|p1|6\n|teamsize|p2|6\n|gen|9\n|tier|[Gen 9] Random Battle\n|rated|\n|rule|Species Clause: Limit one of each Pok\u00e9mon\n|rule|HP Percentage Mod: HP is shown in percentages\n|rule|Sleep Clause Mod: Limit one foe put to sleep\n|rule|Illusion Level Mod: Illusion disguises the Pok\u00e9mon's true level\n|\n|t:|1725309485\n|start\n|switch|p1a: Granbull|Granbull, L88, M|302/302\n|switch|p2a: Palossand|Palossand, L89, F|296/296\n|-ability|p1a: Granbull|Intimidate|boost\n|-unboost|p2a: Palossand|atk|1\n|turn|1\n|inactive|Battle timer is ON: inactive players will automatically lose when time's up. (requested by freyaknightvgc)\n|\n|t:|1725309532\n|switch|p1a: Forretress|Forretress, L84, M|263/263\n|move|p2a: Palossand|Earth Power|p1a: Forretress\n|-damage|p1a: Forretress|131/263\n|-unboost|p1a: Forretress|spd|1\n|\n|-heal|p1a: Forretress|147/263|[from] item: Leftovers\n|upkeep\n|turn|2\n|\n|t:|1725309549\n|switch|p1a: Shiftry|Shiftry, L89, F|305/305\n|move|p2a: Palossand|Shadow Ball|p1a: Shiftry\n|-resisted|p1a: Shiftry\n|-damage|p1a: Shiftry|251/305\n|\n|upkeep\n|turn|3\n|\n|t:|1725309559\n|switch|p2a: Roaring Moon|Roaring Moon, L72|270/270\n|-enditem|p2a: Roaring Moon|Booster Energy\n|-activate|p2a: Roaring Moon|ability: Protosynthesis|[fromitem]\n|-start|p2a: Roaring Moon|protosynthesisatk\n|move|p1a: Shiftry|Knock Off|p2a: Roaring Moon\n|-resisted|p2a: Roaring Moon\n|-damage|p2a: Roaring Moon|197/270\n|-damage|p1a: Shiftry|221/305|[from] item: Life Orb\n|\n|upkeep\n|turn|4\n|\n|t:|1725309583\n|-end|p2a: Roaring Moon|Protosynthesis|[silent]\n|switch|p2a: Palossand|Palossand, L89, F|296/296\n|switch|p1a: Forretress|Forretress, L84, M|147/263\n|\n|-heal|p1a: Forretress|163/263|[from] item: Leftovers\n|upkeep\n|turn|5\n|\n|t:|1725309589\n|move|p1a: Forretress|Stealth Rock|p2a: Palossand\n|-sidestart|p2: TechBuster|move: Stealth Rock\n|move|p2a: Palossand|Earth Power|p1a: Forretress\n|-damage|p1a: Forretress|22/263\n|\n|-heal|p1a: Forretress|38/263|[from] item: Leftovers\n|upkeep\n|turn|6\n|\n|t:|1725309612\n|move|p1a: Forretress|Spikes|p2a: Palossand\n|-sidestart|p2: TechBuster|Spikes\n|move|p2a: Palossand|Earth Power|p1a: Forretress\n|-damage|p1a: Forretress|0 fnt\n|faint|p1a: Forretress\n|\n|upkeep\n|\n|t:|1725309615\n|switch|p1a: Shiftry|Shiftry, L89, F|221/305\n|turn|7\n|\n|t:|1725309622\n|move|p1a: Shiftry|Knock Off|p2a: Palossand\n|-supereffective|p2a: Palossand\n|-damage|p2a: Palossand|44/296\n|-enditem|p2a: Palossand|Leftovers|[from] move: Knock Off|[of] p1a: Shiftry\n|-damage|p1a: Shiftry|191/305|[from] item: Life Orb\n|move|p2a: Palossand|Earth Power|p1a: Shiftry\n|-resisted|p1a: Shiftry\n|-damage|p1a: Shiftry|119/305\n|\n|upkeep\n|turn|8\n|\n|t:|1725309629\n|switch|p2a: Roaring Moon|Roaring Moon, L72|197/270\n|-damage|p2a: Roaring Moon|164/270|[from] Stealth Rock\n|-damage|p2a: Roaring Moon|131/270|[from] Spikes\n|move|p1a: Shiftry|Leaf Blade|p2a: Roaring Moon\n|-resisted|p2a: Roaring Moon\n|-damage|p2a: Roaring Moon|30/270\n|-damage|p1a: Shiftry|89/305|[from] item: Life Orb\n|\n|upkeep\n|turn|9\n|\n|t:|1725309636\n|move|p1a: Shiftry|Sucker Punch||[still]\n|-fail|p1a: Shiftry\n|move|p2a: Roaring Moon|Dragon Dance|p2a: Roaring Moon\n|-boost|p2a: Roaring Moon|atk|1\n|-boost|p2a: Roaring Moon|spe|1\n|\n|upkeep\n|turn|10\n|\n|t:|1725309643\n|move|p1a: Shiftry|Sucker Punch||[still]\n|-fail|p1a: Shiftry\n|move|p2a: Roaring Moon|Dragon Dance|p2a: Roaring Moon\n|-boost|p2a: Roaring Moon|atk|1\n|-boost|p2a: Roaring Moon|spe|1\n|\n|upkeep\n|turn|11\n|\n|t:|1725309648\n|move|p1a: Shiftry|Sucker Punch||[still]\n|-fail|p1a: Shiftry\n|move|p2a: Roaring Moon|Dragon Dance|p2a: Roaring Moon\n|-boost|p2a: Roaring Moon|atk|1\n|-boost|p2a: Roaring Moon|spe|1\n|\n|upkeep\n|turn|12\n|\n|t:|1725309657\n|move|p1a: Shiftry|Sucker Punch||[still]\n|-fail|p1a: Shiftry\n|move|p2a: Roaring Moon|Dragon Dance|p2a: Roaring Moon\n|-boost|p2a: Roaring Moon|atk|1\n|-boost|p2a: Roaring Moon|spe|1\n|\n|upkeep\n|turn|13\n|\n|t:|1725309665\n|move|p2a: Roaring Moon|Acrobatics|p1a: Shiftry\n|-supereffective|p1a: Shiftry\n|-damage|p1a: Shiftry|0 fnt\n|faint|p1a: Shiftry\n|\n|upkeep\n|c|\u2606freyaknightvgc|impressive\n|\n|t:|1725309683\n|switch|p1a: Granbull|Granbull, L88, M|302/302\n|-ability|p1a: Granbull|Intimidate|boost\n|-unboost|p2a: Roaring Moon|atk|1\n|turn|14\n|c|\u2606TechBuster|sucker punch mindgames is kinda  my thing\n|c|\u2606freyaknightvgc|normally mine too\n|c|\u2606freyaknightvgc|so i lost to some big expert here\n|inactive|freyaknightvgc has 120 seconds left.\n|inactive|TechBuster has 120 seconds left.\n|\n|t:|1725309730\n|move|p2a: Roaring Moon|Acrobatics|p1a: Granbull\n|-damage|p1a: Granbull|93/302\n|move|p1a: Granbull|Play Rough|p2a: Roaring Moon\n|-supereffective|p2a: Roaring Moon\n|-damage|p2a: Roaring Moon|0 fnt\n|faint|p2a: Roaring Moon\n|-end|p2a: Roaring Moon|Protosynthesis|[silent]\n|\n|-heal|p1a: Granbull|111/302|[from] item: Leftovers\n|upkeep\n|\n|t:|1725309746\n|switch|p2a: Vivillon|Vivillon-Ocean, L84, F|272/272\n|turn|15\n|\n|t:|1725309750\n|move|p2a: Vivillon|Hurricane|p1a: Granbull\n|-damage|p1a: Granbull|0 fnt\n|faint|p1a: Granbull\n|\n|upkeep\n|inactive|freyaknightvgc has 120 seconds left.\n|\n|t:|1725309771\n|switch|p1a: Feraligatr|Feraligatr, L79, F|264/264\n|turn|16\n|\n|t:|1725309780\n|move|p2a: Vivillon|Sleep Powder|p1a: Feraligatr\n|-status|p1a: Feraligatr|slp|[from] move: Sleep Powder\n|cant|p1a: Feraligatr|slp\n|\n|upkeep\n|turn|17\n|inactive|freyaknightvgc has 120 seconds left.\n|inactive|TechBuster has 120 seconds left.\n|\n|t:|1725309798\n|switch|p1a: Sneasler|Sneasler, L74, M|240/240\n|move|p2a: Vivillon|Quiver Dance|p2a: Vivillon\n|-boost|p2a: Vivillon|spa|1\n|-boost|p2a: Vivillon|spd|1\n|-boost|p2a: Vivillon|spe|1\n|\n|upkeep\n|turn|18\n|\n|t:|1725309803\n|-terastallize|p1a: Sneasler|Flying\n|move|p2a: Vivillon|Hurricane|p1a: Sneasler\n|-crit|p1a: Sneasler\n|-damage|p1a: Sneasler|0 fnt\n|faint|p1a: Sneasler\n|\n|upkeep\n|inactive|freyaknightvgc has 120 seconds left.\n|c|\u2606TechBuster|sry\n|\n|t:|1725309814\n|switch|p1a: Feraligatr|Feraligatr, L79, F|264/264 slp\n|turn|19\n|c|\u2606freyaknightvgc|yea, happens\n|inactive|freyaknightvgc has 120 seconds left.\n|inactive|TechBuster has 120 seconds left.\n|\n|t:|1725309826\n|move|p2a: Vivillon|Bug Buzz|p1a: Feraligatr\n|-damage|p1a: Feraligatr|107/264 slp\n|-curestatus|p1a: Feraligatr|slp|[msg]\n|move|p1a: Feraligatr|Ice Punch|p2a: Vivillon\n|-supereffective|p2a: Vivillon\n|-damage|p2a: Vivillon|38/272\n|\n|upkeep\n|turn|20\n|inactive|freyaknightvgc has 120 seconds left.\n|inactive|TechBuster has 120 seconds left.\n|c|\u2606TechBuster|damn no max roll that just sucks\n|\n|t:|1725309842\n|move|p2a: Vivillon|Bug Buzz|p1a: Feraligatr\n|-damage|p1a: Feraligatr|0 fnt\n|faint|p1a: Feraligatr\n|\n|upkeep\n|\n|t:|1725309844\n|switch|p1a: Gallade|Gallade, L81, M|243/243\n|turn|21\n|\n|t:|1725309849\n|move|p2a: Vivillon|Bug Buzz|p1a: Gallade\n|-damage|p1a: Gallade|140/243\n|move|p1a: Gallade|Psycho Cut|p2a: Vivillon\n|-damage|p2a: Vivillon|0 fnt\n|faint|p2a: Vivillon\n|-damage|p1a: Gallade|116/243|[from] item: Life Orb\n|\n|upkeep\n|\n|t:|1725309857\n|switch|p2a: Minun|Minun, L95, F|268/268\n|-damage|p2a: Minun|235/268|[from] Stealth Rock\n|-damage|p2a: Minun|202/268|[from] Spikes\n|turn|22\n|\n|t:|1725309861\n|move|p2a: Minun|Encore|p1a: Gallade\n|-start|p1a: Gallade|Encore\n|move|p1a: Gallade|Psycho Cut|p2a: Minun\n|-damage|p2a: Minun|0 fnt\n|faint|p2a: Minun\n|-damage|p1a: Gallade|92/243|[from] item: Life Orb\n|\n|upkeep\n|\n|t:|1725309865\n|switch|p2a: Kingambit|Kingambit, L74, M|270/270\n|-damage|p2a: Kingambit|254/270|[from] Stealth Rock\n|-damage|p2a: Kingambit|221/270|[from] Spikes\n|-activate|p2a: Kingambit|ability: Supreme Overlord\n|-start|p2a: Kingambit|fallen3|[silent]\n|turn|23\n|c|\u2606TechBuster|gg\n|\n|t:|1725309873\n|move|p1a: Gallade|Psycho Cut|p2a: Kingambit\n|-immune|p2a: Kingambit\n|move|p2a: Kingambit|Kowtow Cleave|p1a: Gallade\n|-damage|p1a: Gallade|0 fnt\n|faint|p1a: Gallade\n|\n|win|TechBuster\n|raw|freyaknightvgc's rating: 2289 &rarr; <strong>2264</strong><br />(-25 for losing)\n|raw|TechBuster's rating: 2199 &rarr; <strong>2224</strong><br />(+25 for winning)\n|c|\u2606freyaknightvgc|gg!\n|c|\u2606freyaknightvgc|i wonder if we would have tried another sucker punch mindgame with kingambit without the crit\n|c|\u2606TechBuster|ohhh yeah that could have occured\n|c|\u2606TechBuster|my last was blissey\n|c|\u2606freyaknightvgc|yeah it was your answer to sneasler then\n|c|\u2606TechBuster|ahhh ok\n|c|\u2606TechBuster|I mean the sucker punch mindgame I played wasn't game defining\n|c|\u2606TechBuster|the one between roaring moon and shiftry\n|c|\u2606freyaknightvgc|yeah true\n|c|\u2606TechBuster|I wasn't even sure if you had sucker punch\n|c|\u2606freyaknightvgc|you still went with cautious, like it\n|c|\u2606freyaknightvgc|Anyway, take care and gl with nexts\n|c|\u2606TechBuster|well even if you attacked on dragon dance I wasn't going to be too behind\n|c|\u2606TechBuster|yeah see ya\n|c|\u2606TechBuster|gl\n|l|\u2606TechBuster\n|player|p2|\n", "inputlog": ">version fb38517c27254f3634e2780c496b6b56e66c1790\n>start {\"formatid\":\"gen9randombattle\",\"seed\":[3605,62100,4360,9123],\"rated\":\"Rated battle\"}\n>player p1 {\"name\":\"freyaknightvgc\",\"avatar\":\"grusha\",\"rating\":2289,\"seed\":[16127,57308,48791,36312]}\n>player p2 {\"name\":\"TechBuster\",\"avatar\":\"parasollady-gen4\",\"rating\":2199,\"seed\":[5026,11204,21579,5456]}\n>p1 switch 4\n>p2 move earthpower\n>p1 switch 6\n>p2 move shadowball\n>p1 move knockoff\n>p2 switch 3\n>p1 switch 6\n>p2 switch 3\n>p1 move stealthrock\n>p2 move earthpower\n>p1 move spikes\n>p2 move earthpower\n>p1 switch 6\n>p1 move knockoff\n>p2 move earthpower\n>p1 move leafblade\n>p2 switch 3\n>p1 move suckerpunch\n>p2 move dragondance\n>p1 move suckerpunch\n>p2 move dragondance\n>p1 move suckerpunch\n>p2 move dragondance\n>p1 move suckerpunch\n>p2 move dragondance\n>p1 move leafblade\n>p2 move acrobatics\n>chat \u2606freyaknightvgc|impressive\n>p1 switch 4\n>chat \u2606TechBuster|sucker punch mindgames is kinda  my thing\n>chat \u2606freyaknightvgc|normally mine too\n>chat \u2606freyaknightvgc|so i lost to some big expert here\n>p1 move playrough\n>p2 move acrobatics\n>p2 switch 2\n>p1 move roar\n>p2 move hurricane\n>p1 switch 3\n>p1 move icepunch\n>p2 move sleeppowder\n>p1 switch 2\n>p2 move quiverdance\n>p1 move closecombat terastallize\n>p2 move hurricane\n>chat \u2606TechBuster|sry\n>p1 switch 2\n>chat \u2606freyaknightvgc|yea, happens\n>p1 move icepunch\n>p2 move bugbuzz\n>chat \u2606TechBuster|damn no max roll that just sucks\n>p1 move icepunch\n>p2 move bugbuzz\n>p1 switch 5\n>p1 move psychocut\n>p2 move bugbuzz\n>p2 switch 5\n>p1 move sacredsword\n>p2 move encore\n>p2 switch 6\n>chat \u2606TechBuster|gg\n>p1 move psychocut\n>p2 move kowtowcleave", "uploadtime": 1725309892, "views": 101, "formatid": "gen9randombattle", "rating": 2224, "private": 0, "password": null}