{"id": "gen9randombattle-2260490616", "format": "[Gen 9] Random Battle", "players": ["AKmaster", "waebo"], "log": "|j|\u2606AKmaster\n|j|\u2606waebo\n|t:|1733856658\n|gametype|singles\n|player|p1|AKmaster|ethan|1359\n|player|p2|waebo|hilda|1402\n|teamsize|p1|6\n|teamsize|p2|6\n|gen|9\n|tier|[Gen 9] Random Battle\n|rated|\n|rule|Species Clause: Limit one of each Pok\u00e9mon\n|rule|HP Percentage Mod: HP is shown in percentages\n|rule|Sleep Clause Mod: Limit one foe put to sleep\n|rule|Illusion Level Mod: Illusion disguises the Pok\u00e9mon's true level\n|\n|t:|1733856658\n|start\n|switch|p1a: Volcarona|Volcarona, L77, F|257/257\n|switch|p2a: Bruxish|Bruxish, L85, F|254/254\n|turn|1\n|inactive|Battle timer is ON: inactive players will automatically lose when time's up. (requested by waebo)\n|\n|t:|1733856692\n|-terastallize|p1a: Volcarona|Grass\n|move|p2a: Bruxish|Ice Fang|p1a: Volcarona\n|-supereffective|p1a: Volcarona\n|-damage|p1a: Volcarona|0 fnt\n|faint|p1a: Volcarona\n|\n|upkeep\n|c|\u2606waebo|HOOLY\n|\n|t:|1733856715\n|switch|p1a: Terrakion|Terrakion, L79|273/273\n|turn|2\n|c|\u2606AKmaster|That was an amazing read lol\n|inactive|AKmaster has 120 seconds left.\n|c|\u2606waebo|ty ty\n|\n|t:|1733856742\n|switch|p2a: Leafeon|Leafeon, L88, M|258/258\n|move|p1a: Terrakion|Stone Edge|p2a: Leafeon|[miss]\n|-miss|p1a: Terrakion|p2a: Leafeon\n|\n|upkeep\n|turn|3\n|c|\u2606waebo|I've peaked already\n|\n|t:|1733856752\n|switch|p1a: Mightyena|Mightyena, L95, M|287/287\n|-ability|p1a: Mightyena|Intimidate|boost\n|-unboost|p2a: Leafeon|atk|1\n|move|p2a: Leafeon|Knock Off|p1a: Mightyena\n|-resisted|p1a: Mightyena\n|-damage|p1a: Mightyena|249/287\n|-enditem|p1a: Mightyena|Assault Vest|[from] move: Knock Off|[of] p2a: Leafeon\n|-damage|p2a: Leafeon|233/258|[from] item: Life Orb\n|\n|upkeep\n|turn|4\n|\n|t:|1733856763\n|move|p2a: Leafeon|Swords Dance|p2a: Leafeon\n|-boost|p2a: Leafeon|atk|2\n|move|p1a: Mightyena|Poison Fang|p2a: Leafeon\n|-supereffective|p2a: Leafeon\n|-damage|p2a: Leafeon|175/258\n|-status|p2a: Leafeon|tox\n|\n|-damage|p2a: Leafeon|159/258 tox|[from] psn\n|upkeep\n|turn|5\n|\n|t:|1733856777\n|move|p2a: Leafeon|Leaf Blade|p1a: Mightyena\n|-damage|p1a: Mightyena|23/287\n|-damage|p2a: Leafeon|134/258 tox|[from] item: Life Orb\n|move|p1a: Mightyena|Crunch|p2a: Leafeon\n|-damage|p2a: Leafeon|61/258 tox\n|\n|-damage|p2a: Leafeon|29/258 tox|[from] psn\n|upkeep\n|turn|6\n|\n|t:|1733856783\n|move|p1a: Mightyena|Sucker Punch|p2a: Leafeon\n|-damage|p2a: Leafeon|0 fnt\n|faint|p2a: Leafeon\n|\n|upkeep\n|\n|t:|1733856795\n|switch|p2a: Vivillon|Vivillon-River, L84, F|272/272\n|turn|7\n|\n|t:|1733856800\n|move|p2a: Vivillon|Sleep Powder|p1a: Mightyena\n|-status|p1a: Mightyena|slp|[from] move: Sleep Powder\n|cant|p1a: Mightyena|slp\n|\n|upkeep\n|turn|8\n|\n|t:|1733856805\n|switch|p1a: Terrakion|Terrakion, L79|273/273\n|move|p2a: Vivillon|Quiver Dance|p2a: Vivillon\n|-boost|p2a: Vivillon|spa|1\n|-boost|p2a: Vivillon|spd|1\n|-boost|p2a: Vivillon|spe|1\n|\n|upkeep\n|turn|9\n|\n|t:|1733856814\n|-terastallize|p2a: Vivillon|Ground\n|move|p2a: Vivillon|Quiver Dance|p2a: Vivillon\n|-boost|p2a: Vivillon|spa|1\n|-boost|p2a: Vivillon|spd|1\n|-boost|p2a: Vivillon|spe|1\n|move|p1a: Terrakion|Stone Edge|p2a: Vivillon\n|-resisted|p2a: Vivillon\n|-damage|p2a: Vivillon|140/272\n|\n|upkeep\n|turn|10\n|\n|t:|1733856821\n|move|p2a: Vivillon|Tera Blast|p1a: Terrakion|[anim] Tera Blast Ground\n|-supereffective|p1a: Terrakion\n|-damage|p1a: Terrakion|0 fnt\n|faint|p1a: Terrakion\n|\n|upkeep\n|\n|t:|1733856827\n|switch|p1a: Mightyena|Mightyena, L95, M|23/287 slp\n|-ability|p1a: Mightyena|Intimidate|boost\n|-unboost|p2a: Vivillon|atk|1\n|turn|11\n|\n|t:|1733856832\n|move|p2a: Vivillon|Tera Blast|p1a: Mightyena|[anim] Tera Blast Ground\n|-damage|p1a: Mightyena|0 fnt\n|faint|p1a: Mightyena\n|\n|upkeep\n|\n|t:|1733856836\n|switch|p1a: Coalossal|Coalossal, L89, M|341/341\n|turn|12\n|\n|t:|1733856842\n|move|p2a: Vivillon|Tera Blast|p1a: Coalossal|[anim] Tera Blast Ground\n|-supereffective|p1a: Coalossal\n|-damage|p1a: Coalossal|0 fnt\n|faint|p1a: Coalossal\n|\n|upkeep\n|\n|t:|1733856844\n|switch|p1a: Grumpig|Grumpig, L92, M|297/297\n|turn|13\n|\n|t:|1733856847\n|move|p2a: Vivillon|Sleep Powder|p1a: Grumpig\n|-status|p1a: Grumpig|slp|[from] move: Sleep Powder\n|cant|p1a: Grumpig|slp\n|\n|upkeep\n|turn|14\n|\n|t:|1733856862\n|move|p2a: Vivillon|Hurricane|p1a: Grumpig\n|-damage|p1a: Grumpig|137/297 slp\n|-start|p1a: Grumpig|confusion\n|-curestatus|p1a: Grumpig|slp|[msg]\n|-activate|p1a: Grumpig|confusion\n|move|p1a: Grumpig|Nasty Plot|p1a: Grumpig\n|-boost|p1a: Grumpig|spa|2\n|\n|-heal|p1a: Grumpig|155/297|[from] item: Leftovers\n|upkeep\n|turn|15\n|\n|t:|1733856880\n|move|p2a: Vivillon|Tera Blast|p1a: Grumpig|[anim] Tera Blast Ground\n|-damage|p1a: Grumpig|25/297\n|-end|p1a: Grumpig|confusion\n|move|p1a: Grumpig|Psyshock|p2a: Vivillon\n|-damage|p2a: Vivillon|0 fnt\n|faint|p2a: Vivillon\n|\n|-heal|p1a: Grumpig|43/297|[from] item: Leftovers\n|upkeep\n|\n|t:|1733856898\n|switch|p2a: Bruxish|Bruxish, L85, F|238/238\n|turn|16\n|\n|t:|1733856907\n|move|p2a: Bruxish|Psychic|p1a: Grumpig\n|-resisted|p1a: Grumpig\n|-damage|p1a: Grumpig|0 fnt\n|faint|p1a: Grumpig\n|\n|upkeep\n|\n|t:|1733856909\n|switch|p1a: Meowstic|Meowstic-F, L89, F|277/277\n|turn|17\n|\n|t:|1733856914\n|switch|p2a: Carbink|Carbink, L90|236/236\n|move|p1a: Meowstic|Nasty Plot|p1a: Meowstic\n|-boost|p1a: Meowstic|spa|2\n|\n|upkeep\n|turn|18\n|\n|t:|1733856922\n|move|p1a: Meowstic|Psyshock|p2a: Carbink\n|-damage|p2a: Carbink|107/236\n|-damage|p1a: Meowstic|250/277|[from] item: Life Orb\n|move|p2a: Carbink|Moonblast|p1a: Meowstic\n|-damage|p1a: Meowstic|169/277\n|-unboost|p1a: Meowstic|spa|1\n|-ability|p1a: Meowstic|Competitive|boost\n|-boost|p1a: Meowstic|spa|2\n|\n|upkeep\n|turn|19\n|\n|t:|1733856932\n|move|p1a: Meowstic|Psyshock|p2a: Carbink\n|-damage|p2a: Carbink|0 fnt\n|faint|p2a: Carbink\n|-damage|p1a: Meowstic|142/277|[from] item: Life Orb\n|\n|upkeep\n|\n|t:|1733856942\n|switch|p2a: Bruxish|Bruxish, L85, F|254/254\n|turn|20\n|\n|t:|1733856951\n|move|p1a: Meowstic|Thunderbolt|p2a: Bruxish\n|-supereffective|p2a: Bruxish\n|-damage|p2a: Bruxish|0 fnt\n|faint|p2a: Bruxish\n|-damage|p1a: Meowstic|115/277|[from] item: Life Orb\n|\n|upkeep\n|\n|t:|1733856955\n|switch|p2a: Blaziken|Blaziken, L76, F|238/238\n|turn|21\n|\n|t:|1733856964\n|move|p1a: Meowstic|Psyshock|p2a: Blaziken\n|-immune|p2a: Blaziken\n|move|p2a: Blaziken|Dark Pulse|p1a: Meowstic\n|-supereffective|p1a: Meowstic\n|-damage|p1a: Meowstic|0 fnt\n|faint|p1a: Meowstic\n|\n|win|waebo\n|raw|AKmaster's rating: 1359 &rarr; <strong>1341</strong><br />(-18 for losing)\n|raw|waebo's rating: 1402 &rarr; <strong>1420</strong><br />(+18 for winning)\n|c|\u2606waebo|zoroark my beloved\n|c|\u2606AKmaster|Gg\n|c|\u2606waebo|gg\n", "inputlog": ">version bfd83cad13791eb5a5a409923076391caf6fb4d4\n>start {\"formatid\":\"gen9randombattle\",\"seed\":[20870,3809,33400,43459],\"rated\":\"Rated battle\"}\n>player p1 {\"name\":\"AKmaster\",\"avatar\":\"ethan\",\"rating\":1359,\"seed\":[41385,11675,6563,5086]}\n>player p2 {\"name\":\"waebo\",\"avatar\":\"hilda\",\"rating\":1402,\"seed\":[46281,39281,34889,3950]}\n>p1 move quiverdance terastallize\n>p2 move icefang\n>chat \u2606waebo|HOOLY\n>p1 switch 6\n>chat \u2606AKmaster|That was an amazing read lol\n>chat \u2606waebo|ty ty\n>p1 move stoneedge\n>p2 switch 4\n>chat \u2606waebo|I've peaked already\n>p1 switch 5\n>p2 move knockoff\n>p1 move poisonfang\n>p2 move swordsdance\n>p1 move crunch\n>p2 move leafblade\n>p1 move suckerpunch\n>p2 move knockoff\n>p2 switch 6\n>p1 move poisonfang\n>p2 move sleeppowder\n>p1 switch 5\n>p2 move quiverdance\n>p1 move stoneedge\n>p2 move quiverdance terastallize\n>p1 move stoneedge\n>p2 move terablast\n>p1 switch 5\n>p1 move crunch\n>p2 move terablast\n>p1 switch 4\n>p1 move rapidspin\n>p2 move terablast\n>p1 switch 2\n>p1 move nastyplot\n>p2 move sleeppowder\n>p1 move nastyplot\n>p2 move hurricane\n>p1 move psyshock\n>p2 move terablast\n>p2 switch 5\n>p1 move shadowball\n>p2 move psychic\n>p1 switch 3\n>p1 move nastyplot\n>p2 switch 2\n>p1 move psyshock\n>p2 move moonblast\n>p1 move psyshock\n>p2 move rest\n>p2 switch 4\n>p1 move thunderbolt\n>p2 move wavecrash\n>p2 switch 2\n>p1 move psyshock\n>p2 move darkpulse", "uploadtime": 1733856977, "views": 2, "formatid": "gen9randombattle", "rating": 1341, "private": 0, "password": null}