{"id": "gen9randombattle-2260300412", "format": "[Gen 9] Random Battle", "players": ["RiverInTheDryLand", "Karrottensirup"], "log": "|j|\u2606RiverInTheDryLand\n|j|\u2606Karrottensirup\n|t:|1733837123\n|gametype|singles\n|player|p1|RiverInTheDryLand|hoopster|1502\n|player|p2|Karrottensirup|bugcatcher-gen4dp|1472\n|teamsize|p1|6\n|teamsize|p2|6\n|gen|9\n|tier|[Gen 9] Random Battle\n|rated|\n|rule|Species Clause: Limit one of each Pok\u00e9mon\n|rule|HP Percentage Mod: HP is shown in percentages\n|rule|Sleep Clause Mod: Limit one foe put to sleep\n|rule|Illusion Level Mod: Illusion disguises the Pok\u00e9mon's true level\n|\n|t:|1733837123\n|start\n|switch|p1a: Ribombee|Ribombee, L82, M|233/233\n|switch|p2a: Dragapult|Dragapult, L77, M|262/262\n|turn|1\n|inactive|Battle timer is ON: inactive players will automatically lose when time's up. (requested by Karrottensirup)\n|\n|t:|1733837139\n|move|p2a: Dragapult|U-turn|p1a: Ribombee\n|-resisted|p1a: Ribombee\n|-damage|p1a: Ribombee|202/233\n|\n|t:|1733837151\n|switch|p2a: Diancie|Diancie, L82|216/216|[from] U-turn\n|move|p1a: Ribombee|Sticky Web|p2a: Diancie\n|-sidestart|p2: Karrottensirup|move: Sticky Web\n|\n|upkeep\n|turn|2\n|\n|t:|1733837156\n|move|p1a: Ribombee|U-turn|p2a: Diancie\n|-resisted|p2a: Diancie\n|-damage|p2a: Diancie|201/216\n|\n|t:|1733837172\n|switch|p1a: Dondozo|Dondozo, L78, F|362/362|[from] U-turn\n|move|p2a: Diancie|Diamond Storm|p1a: Dondozo\n|-damage|p1a: Dondozo|278/362\n|\n|-heal|p2a: Diancie|214/216|[from] item: Leftovers\n|-heal|p1a: Dondozo|300/362|[from] item: Leftovers\n|upkeep\n|turn|3\n|\n|t:|1733837184\n|switch|p2a: Salamence|Salamence, L77, M|273/273\n|-ability|p2a: Salamence|Intimidate|boost\n|-unboost|p1a: Dondozo|atk|1\n|move|p1a: Dondozo|Curse|p1a: Dondozo\n|-unboost|p1a: Dondozo|spe|1\n|-boost|p1a: Dondozo|atk|1\n|-boost|p1a: Dondozo|def|1\n|\n|-heal|p1a: Dondozo|322/362|[from] item: Leftovers\n|upkeep\n|turn|4\n|\n|t:|1733837213\n|move|p2a: Salamence|Dual Wingbeat|p1a: Dondozo\n|-damage|p1a: Dondozo|295/362\n|-damage|p1a: Dondozo|268/362\n|-hitcount|p1a: Dondozo|2\n|move|p1a: Dondozo|Curse|p1a: Dondozo\n|-unboost|p1a: Dondozo|spe|1\n|-boost|p1a: Dondozo|atk|1\n|-boost|p1a: Dondozo|def|1\n|\n|-heal|p1a: Dondozo|290/362|[from] item: Leftovers\n|upkeep\n|turn|5\n|\n|t:|1733837224\n|switch|p2a: Espathra|Espathra, L80, F|283/283\n|-activate|p2a: Espathra|move: Sticky Web\n|-unboost|p2a: Espathra|spe|1\n|move|p1a: Dondozo|Curse|p1a: Dondozo\n|-unboost|p1a: Dondozo|spe|1\n|-boost|p1a: Dondozo|atk|1\n|-boost|p1a: Dondozo|def|1\n|\n|-heal|p1a: Dondozo|312/362|[from] item: Leftovers\n|upkeep\n|turn|6\n|\n|t:|1733837228\n|move|p2a: Espathra|Lumina Crash|p1a: Dondozo\n|-damage|p1a: Dondozo|150/362\n|-unboost|p1a: Dondozo|spd|2\n|move|p1a: Dondozo|Wave Crash|p2a: Espathra\n|-damage|p2a: Espathra|0 fnt\n|faint|p2a: Espathra\n|-damage|p1a: Dondozo|57/362|[from] Recoil\n|\n|-heal|p1a: Dondozo|79/362|[from] item: Leftovers\n|upkeep\n|\n|t:|1733837236\n|switch|p2a: Diancie|Diancie, L82|214/216\n|-activate|p2a: Diancie|move: Sticky Web\n|-fail|p2a: Diancie|unboost|[from] ability: Clear Body|[of] p2a: Diancie\n|turn|7\n|\n|t:|1733837241\n|move|p2a: Diancie|Earth Power|p1a: Dondozo\n|-damage|p1a: Dondozo|0 fnt\n|faint|p1a: Dondozo\n|\n|-heal|p2a: Diancie|216/216|[from] item: Leftovers\n|upkeep\n|c|\u2606Karrottensirup|Fuck that whale\n|\n|t:|1733837257\n|switch|p1a: Iron Moth|Iron Moth, L78|253/253\n|turn|8\n|\n|t:|1733837262\n|move|p1a: Iron Moth|Sludge Wave|p2a: Diancie\n|-damage|p2a: Diancie|134/216\n|move|p2a: Diancie|Diamond Storm|p1a: Iron Moth\n|-supereffective|p1a: Iron Moth\n|-damage|p1a: Iron Moth|0 fnt\n|-boost|p2a: Diancie|def|2\n|faint|p1a: Iron Moth\n|-end|p1a: Iron Moth|Quark Drive|[silent]\n|\n|-heal|p2a: Diancie|147/216|[from] item: Leftovers\n|upkeep\n|\n|t:|1733837268\n|switch|p1a: Alcremie|Alcremie-Ruby-Cream, L90, F|263/263\n|turn|9\n|\n|t:|1733837293\n|move|p1a: Alcremie|Calm Mind|p1a: Alcremie\n|-boost|p1a: Alcremie|spa|1\n|-boost|p1a: Alcremie|spd|1\n|move|p2a: Diancie|Diamond Storm|p1a: Alcremie\n|-damage|p1a: Alcremie|158/263\n|\n|-heal|p1a: Alcremie|174/263|[from] item: Leftovers\n|-heal|p2a: Diancie|160/216|[from] item: Leftovers\n|upkeep\n|turn|10\n|\n|t:|1733837307\n|move|p1a: Alcremie|Recover|p1a: Alcremie\n|-heal|p1a: Alcremie|263/263\n|move|p2a: Diancie|Diamond Storm|p1a: Alcremie\n|-damage|p1a: Alcremie|157/263\n|\n|-heal|p1a: Alcremie|173/263|[from] item: Leftovers\n|-heal|p2a: Diancie|173/216|[from] item: Leftovers\n|upkeep\n|turn|11\n|\n|t:|1733837318\n|move|p1a: Alcremie|Calm Mind|p1a: Alcremie\n|-boost|p1a: Alcremie|spa|1\n|-boost|p1a: Alcremie|spd|1\n|move|p2a: Diancie|Diamond Storm|p1a: Alcremie\n|-damage|p1a: Alcremie|56/263\n|-boost|p2a: Diancie|def|2\n|\n|-heal|p1a: Alcremie|72/263|[from] item: Leftovers\n|-heal|p2a: Diancie|186/216|[from] item: Leftovers\n|upkeep\n|turn|12\n|\n|t:|1733837332\n|move|p1a: Alcremie|Recover|p1a: Alcremie\n|-heal|p1a: Alcremie|204/263\n|move|p2a: Diancie|Diamond Storm|p1a: Alcremie\n|-damage|p1a: Alcremie|95/263\n|-boost|p2a: Diancie|def|2\n|\n|-heal|p1a: Alcremie|111/263|[from] item: Leftovers\n|-heal|p2a: Diancie|199/216|[from] item: Leftovers\n|upkeep\n|turn|13\n|\n|t:|1733837342\n|-terastallize|p1a: Alcremie|Ground\n|move|p1a: Alcremie|Tera Blast|p2a: Diancie|[anim] Tera Blast Ground\n|-supereffective|p2a: Diancie\n|-damage|p2a: Diancie|0 fnt\n|faint|p2a: Diancie\n|\n|-heal|p1a: Alcremie|127/263|[from] item: Leftovers\n|upkeep\n|\n|t:|1733837349\n|switch|p2a: Salamence|Salamence, L77, M|273/273\n|-ability|p2a: Salamence|Intimidate|boost\n|-unboost|p1a: Alcremie|atk|1\n|turn|14\n|\n|t:|1733837352\n|move|p2a: Salamence|Outrage|p1a: Alcremie\n|-damage|p1a: Alcremie|0 fnt\n|faint|p1a: Alcremie\n|\n|upkeep\n|\n|t:|1733837358\n|switch|p1a: Ribombee|Ribombee, L82, M|202/233\n|turn|15\n|\n|t:|1733837362\n|move|p1a: Ribombee|Moonblast|p2a: Salamence\n|-supereffective|p2a: Salamence\n|-damage|p2a: Salamence|37/273\n|move|p2a: Salamence|Outrage|p1a: Ribombee|[from]lockedmove\n|-immune|p1a: Ribombee\n|\n|upkeep\n|turn|16\n|\n|t:|1733837367\n|move|p1a: Ribombee|Moonblast|p2a: Salamence\n|-supereffective|p2a: Salamence\n|-damage|p2a: Salamence|0 fnt\n|faint|p2a: Salamence\n|\n|upkeep\n|\n|t:|1733837371\n|switch|p2a: Lycanroc|Lycanroc, L86, M|269/269\n|-activate|p2a: Lycanroc|move: Sticky Web\n|-unboost|p2a: Lycanroc|spe|1\n|turn|17\n|\n|t:|1733837380\n|move|p1a: Ribombee|U-turn|p2a: Lycanroc\n|-damage|p2a: Lycanroc|211/269\n|\n|t:|1733837383\n|switch|p1a: Kingambit|Kingambit, L74, F|270/270|[from] U-turn\n|-activate|p1a: Kingambit|ability: Supreme Overlord\n|-start|p1a: Kingambit|fallen3|[silent]\n|move|p2a: Lycanroc|Stone Edge|p1a: Kingambit|[miss]\n|-miss|p2a: Lycanroc|p1a: Kingambit\n|\n|upkeep\n|turn|18\n|\n|t:|1733837389\n|move|p2a: Lycanroc|Close Combat|p1a: Kingambit\n|-supereffective|p1a: Kingambit\n|-damage|p1a: Kingambit|0 fnt\n|-unboost|p2a: Lycanroc|def|1\n|-unboost|p2a: Lycanroc|spd|1\n|faint|p1a: Kingambit\n|-end|p1a: Kingambit|fallen3|[silent]\n|-damage|p2a: Lycanroc|185/269|[from] item: Life Orb\n|\n|upkeep\n|\n|t:|1733837392\n|switch|p1a: Ribombee|Ribombee, L82, M|238/238\n|turn|19\n|\n|t:|1733837396\n|switch|p2a: Dragapult|Dragapult, L77, M|262/262\n|move|p1a: Ribombee|Focus Blast|p2a: Dragapult\n|-immune|p2a: Dragapult\n|\n|upkeep\n|turn|20\n|\n|t:|1733837403\n|move|p2a: Dragapult|U-turn|p1a: Ribombee\n|-supereffective|p1a: Ribombee\n|-damage|p1a: Ribombee|104/238\n|replace|p1a: Zoroark|Zoroark, L84, F\n|-end|p1a: Zoroark|Illusion\n|-hint|Illusion Level Mod is active, so this Pok\u00e9mon's true level was hidden.\n|\n|t:|1733837409\n|switch|p2a: Lycanroc|Lycanroc, L86, M|185/269|[from] U-turn\n|-activate|p2a: Lycanroc|move: Sticky Web\n|-unboost|p2a: Lycanroc|spe|1\n|move|p1a: Zoroark|Dark Pulse|p2a: Lycanroc\n|-crit|p2a: Lycanroc\n|-damage|p2a: Lycanroc|0 fnt\n|faint|p2a: Lycanroc\n|-damage|p1a: Zoroark|81/238|[from] item: Life Orb\n|\n|upkeep\n|\n|t:|1733837412\n|switch|p2a: Spiritomb|Spiritomb, L89, F|234/234\n|-activate|p2a: Spiritomb|move: Sticky Web\n|-unboost|p2a: Spiritomb|spe|1\n|turn|21\n|\n|t:|1733837418\n|move|p1a: Zoroark|Dark Pulse|p2a: Spiritomb\n|-damage|p2a: Spiritomb|121/234\n|-damage|p1a: Zoroark|58/238|[from] item: Life Orb\n|move|p2a: Spiritomb|Poltergeist|p1a: Zoroark\n|-activate|p1a: Zoroark|move: Poltergeist|Life Orb\n|-resisted|p1a: Zoroark\n|-damage|p1a: Zoroark|0 fnt\n|faint|p1a: Zoroark\n|\n|-heal|p2a: Spiritomb|135/234|[from] item: Leftovers\n|upkeep\n|\n|t:|1733837424\n|switch|p1a: Ribombee|Ribombee, L82, M|202/233\n|turn|22\n|\n|t:|1733837428\n|move|p1a: Ribombee|Moonblast|p2a: Spiritomb\n|-supereffective|p2a: Spiritomb\n|-damage|p2a: Spiritomb|0 fnt\n|faint|p2a: Spiritomb\n|\n|upkeep\n|\n|t:|1733837431\n|switch|p2a: Dragapult|Dragapult, L77, M|262/262\n|turn|23\n|\n|t:|1733837435\n|-terastallize|p2a: Dragapult|Fairy\n|move|p2a: Dragapult|Will-O-Wisp|p1a: Ribombee\n|-status|p1a: Ribombee|brn\n|move|p1a: Ribombee|Moonblast|p2a: Dragapult\n|-damage|p2a: Dragapult|138/262\n|-unboost|p2a: Dragapult|spa|1\n|\n|-damage|p1a: Ribombee|188/233 brn|[from] brn\n|upkeep\n|turn|24\n|\n|t:|1733837441\n|move|p2a: Dragapult|Hex|p1a: Ribombee\n|-damage|p1a: Ribombee|86/233 brn\n|move|p1a: Ribombee|Moonblast|p2a: Dragapult\n|-damage|p2a: Dragapult|33/262\n|-unboost|p2a: Dragapult|spa|1\n|\n|-damage|p1a: Ribombee|72/233 brn|[from] brn\n|upkeep\n|turn|25\n|\n|t:|1733837444\n|move|p2a: Dragapult|Hex|p1a: Ribombee\n|-damage|p1a: Ribombee|0 fnt\n|faint|p1a: Ribombee\n|\n|win|Karrottensirup\n", "inputlog": ">version bfd83cad13791eb5a5a409923076391caf6fb4d4\n>start {\"formatid\":\"gen9randombattle\",\"seed\":[27582,51686,23467,44784],\"rated\":\"Rated battle\"}\n>player p1 {\"name\":\"RiverInTheDryLand\",\"avatar\":\"hoopster\",\"rating\":1502,\"seed\":[11680,33877,38711,37055]}\n>player p2 {\"name\":\"Karrottensirup\",\"avatar\":\"bugcatcher-gen4dp\",\"rating\":1472,\"seed\":[52836,56112,30107,53850]}\n>p1 move stickyweb\n>p2 move uturn\n>p2 switch 6\n>p1 move uturn\n>p2 move diamondstorm\n>p1 switch 6\n>p1 move curse\n>p2 switch 5\n>p1 move curse\n>p2 move dualwingbeat\n>p1 move curse\n>p2 switch 4\n>p1 move wavecrash\n>p2 move luminacrash\n>p2 switch 5\n>p1 move wavecrash\n>p2 move earthpower\n>chat \u2606Karrottensirup|Fuck that whale\n>p1 switch 2\n>p1 move sludgewave\n>p2 move diamondstorm\n>p1 switch 4\n>p1 move calmmind\n>p2 move diamondstorm\n>p1 move recover\n>p2 move diamondstorm\n>p1 move calmmind\n>p2 move diamondstorm\n>p1 move recover\n>p2 move diamondstorm\n>p1 move terablast terastallize\n>p2 move calmmind\n>p2 switch 4\n>p1 move alluringvoice\n>p2 move outrage\n>p1 switch 6\n>p1 move moonblast\n>p2 move outrage\n>p1 move moonblast\n>p2 move dualwingbeat\n>p2 switch 2\n>p1 move uturn\n>p2 move stoneedge\n>p1 switch 3\n>p1 move ironhead\n>p2 move closecombat\n>p1 switch 5\n>p1 move focusblast\n>p2 switch 6\n>p1 move darkpulse\n>p2 move uturn\n>p2 switch 6\n>p2 switch 3\n>p1 move darkpulse\n>p2 move poltergeist\n>p1 switch 3\n>p1 move moonblast\n>p2 move poltergeist\n>p2 switch 6\n>p1 move moonblast\n>p2 move willowisp terastallize\n>p1 move moonblast\n>p2 move hex\n>p1 move moonblast\n>p2 move hex", "uploadtime": 1733837250, "views": 1, "formatid": "gen9randombattle", "rating": null, "private": 0, "password": null}