{"id": "gen9randombattle-2260901723", "format": "[Gen 9] Random Battle", "players": ["handyverlorehshdj", "Dhanush12"], "log": "|j|\u2606handyverlorehshdj\n|j|\u2606Dhanush12\n|t:|1733913722\n|gametype|singles\n|player|p1|handyverlorehshdj|lass-gen4dp|1140\n|player|p2|Dhanush12|wallace|1102\n|teamsize|p1|6\n|teamsize|p2|6\n|gen|9\n|tier|[Gen 9] Random Battle\n|rated|\n|rule|Species Clause: Limit one of each Pok\u00e9mon\n|rule|HP Percentage Mod: HP is shown in percentages\n|rule|Sleep Clause Mod: Limit one foe put to sleep\n|rule|Illusion Level Mod: Illusion disguises the Pok\u00e9mon's true level\n|\n|t:|1733913722\n|start\n|switch|p1a: Dusknoir|Dusknoir, L89, F|225/225\n|switch|p2a: Grumpig|Grumpig, L92, F|297/297\n|-item|p2a: Grumpig|Choice Specs|[from] ability: Frisk|[of] p1a: Dusknoir\n|turn|1\n|\n|t:|1733913741\n|move|p2a: Grumpig|Shadow Ball|p1a: Dusknoir\n|-supereffective|p1a: Dusknoir\n|-damage|p1a: Dusknoir|105/225\n|move|p1a: Dusknoir|Substitute|p1a: Dusknoir\n|-start|p1a: Dusknoir|Substitute\n|-damage|p1a: Dusknoir|49/225\n|\n|-heal|p1a: Dusknoir|63/225|[from] item: Leftovers\n|upkeep\n|turn|2\n|\n|t:|1733913752\n|move|p2a: Grumpig|Shadow Ball|p1a: Dusknoir\n|-supereffective|p1a: Dusknoir\n|-end|p1a: Dusknoir|Substitute\n|move|p1a: Dusknoir|Pain Split|p2a: Grumpig\n|-sethp|p2a: Grumpig|180/297|[from] move: Pain Split|[silent]\n|-sethp|p1a: Dusknoir|180/225|[from] move: Pain Split\n|\n|-heal|p1a: Dusknoir|194/225|[from] item: Leftovers\n|upkeep\n|turn|3\n|\n|t:|1733913767\n|move|p2a: Grumpig|Shadow Ball|p1a: Dusknoir\n|-supereffective|p1a: Dusknoir\n|-damage|p1a: Dusknoir|58/225\n|move|p1a: Dusknoir|Substitute|p1a: Dusknoir\n|-start|p1a: Dusknoir|Substitute\n|-damage|p1a: Dusknoir|2/225\n|\n|-heal|p1a: Dusknoir|16/225|[from] item: Leftovers\n|upkeep\n|turn|4\n|\n|t:|1733913778\n|move|p2a: Grumpig|Shadow Ball|p1a: Dusknoir\n|-supereffective|p1a: Dusknoir\n|-end|p1a: Dusknoir|Substitute\n|move|p1a: Dusknoir|Pain Split|p2a: Grumpig\n|-sethp|p2a: Grumpig|98/297|[from] move: Pain Split|[silent]\n|-sethp|p1a: Dusknoir|98/225|[from] move: Pain Split\n|\n|-heal|p1a: Dusknoir|112/225|[from] item: Leftovers\n|upkeep\n|turn|5\n|\n|t:|1733913795\n|switch|p1a: Porygon-Z|Porygon-Z, L83|277/277\n|move|p2a: Grumpig|Shadow Ball|p1a: Porygon-Z\n|-immune|p1a: Porygon-Z\n|\n|upkeep\n|turn|6\n|\n|t:|1733913812\n|switch|p2a: Gastrodon|Gastrodon, L86, F|331/331\n|move|p1a: Porygon-Z|Shadow Ball|p2a: Gastrodon\n|-damage|p2a: Gastrodon|236/331\n|-damage|p1a: Porygon-Z|250/277|[from] item: Life Orb\n|\n|-heal|p2a: Gastrodon|256/331|[from] item: Leftovers\n|upkeep\n|turn|7\n|\n|t:|1733913832\n|move|p1a: Porygon-Z|Nasty Plot|p1a: Porygon-Z\n|-boost|p1a: Porygon-Z|spa|2\n|move|p2a: Gastrodon|Sludge Bomb|p1a: Porygon-Z\n|-damage|p1a: Porygon-Z|179/277\n|-status|p1a: Porygon-Z|psn\n|\n|-heal|p2a: Gastrodon|276/331|[from] item: Leftovers\n|-damage|p1a: Porygon-Z|145/277 psn|[from] psn\n|upkeep\n|turn|8\n|\n|t:|1733913851\n|move|p1a: Porygon-Z|Tri Attack|p2a: Gastrodon\n|-damage|p2a: Gastrodon|0 fnt\n|faint|p2a: Gastrodon\n|-damage|p1a: Porygon-Z|118/277 psn|[from] item: Life Orb\n|\n|-damage|p1a: Porygon-Z|84/277 psn|[from] psn\n|upkeep\n|\n|t:|1733913856\n|switch|p2a: Grumpig|Grumpig, L92, F|98/297\n|turn|9\n|\n|t:|1733913862\n|move|p2a: Grumpig|Psyshock|p1a: Porygon-Z\n|-damage|p1a: Porygon-Z|0 fnt\n|faint|p1a: Porygon-Z\n|\n|upkeep\n|\n|t:|1733913882\n|switch|p1a: Mew|Mew, L82|298/298\n|turn|10\n|\n|t:|1733913886\n|move|p1a: Mew|Dark Pulse|p2a: Grumpig\n|-supereffective|p2a: Grumpig\n|-damage|p2a: Grumpig|0 fnt\n|faint|p2a: Grumpig\n|-damage|p1a: Mew|269/298|[from] item: Life Orb\n|\n|upkeep\n|\n|t:|1733913899\n|switch|p2a: Ariados|Ariados, L95, M|287/287\n|turn|11\n|\n|t:|1733913932\n|move|p1a: Mew|Nasty Plot|p1a: Mew\n|-boost|p1a: Mew|spa|2\n|move|p2a: Ariados|Sticky Web|p1a: Mew\n|-sidestart|p1: handyverlorehshdj|move: Sticky Web\n|\n|upkeep\n|turn|12\n|\n|t:|1733913939\n|move|p2a: Ariados|Sucker Punch|p1a: Mew\n|-supereffective|p1a: Mew\n|-damage|p1a: Mew|155/298\n|move|p1a: Mew|Psychic|p2a: Ariados\n|-supereffective|p2a: Ariados\n|-damage|p2a: Ariados|0 fnt\n|faint|p2a: Ariados\n|-damage|p1a: Mew|126/298|[from] item: Life Orb\n|\n|upkeep\n|\n|t:|1733913946\n|switch|p2a: Komala|Komala, L89, F|260/260\n|-ability|p2a: Komala|Comatose\n|turn|13\n|\n|t:|1733913956\n|move|p2a: Komala|Knock Off|p1a: Mew\n|-supereffective|p1a: Mew\n|-damage|p1a: Mew|0 fnt\n|-enditem|p1a: Mew|Life Orb|[from] move: Knock Off|[of] p2a: Komala\n|faint|p1a: Mew\n|\n|upkeep\n|\n|t:|1733913968\n|switch|p1a: Iron Hands|Iron Hands, L79|373/373\n|-activate|p1a: Iron Hands|move: Sticky Web\n|-unboost|p1a: Iron Hands|spe|1\n|turn|14\n|\n|t:|1733913979\n|move|p2a: Komala|Knock Off|p1a: Iron Hands\n|-resisted|p1a: Iron Hands\n|-damage|p1a: Iron Hands|331/373\n|-enditem|p1a: Iron Hands|Assault Vest|[from] move: Knock Off|[of] p2a: Komala\n|move|p1a: Iron Hands|Drain Punch|p2a: Komala\n|-supereffective|p2a: Komala\n|-damage|p2a: Komala|48/260\n|-heal|p1a: Iron Hands|373/373|[from] drain|[of] p2a: Komala\n|\n|upkeep\n|turn|15\n|\n|t:|1733913991\n|move|p2a: Komala|Knock Off|p1a: Iron Hands\n|-resisted|p1a: Iron Hands\n|-damage|p1a: Iron Hands|345/373\n|move|p1a: Iron Hands|Heavy Slam|p2a: Komala\n|-crit|p2a: Komala\n|-damage|p2a: Komala|0 fnt\n|faint|p2a: Komala\n|\n|upkeep\n|\n|t:|1733913995\n|switch|p2a: Lurantis|Lurantis, L87, F|264/264\n|turn|16\n|\n|t:|1733914019\n|move|p2a: Lurantis|Superpower|p1a: Iron Hands\n|-damage|p1a: Iron Hands|265/373\n|-boost|p2a: Lurantis|atk|1\n|-boost|p2a: Lurantis|def|1\n|move|p1a: Iron Hands|Heavy Slam|p2a: Lurantis\n|-damage|p2a: Lurantis|204/264\n|\n|upkeep\n|turn|17\n|\n|t:|1733914030\n|move|p2a: Lurantis|Leech Life|p1a: Iron Hands\n|-resisted|p1a: Iron Hands\n|-damage|p1a: Iron Hands|225/373\n|-heal|p2a: Lurantis|224/264|[from] drain|[of] p1a: Iron Hands\n|move|p1a: Iron Hands|Thunder Punch|p2a: Lurantis\n|-resisted|p2a: Lurantis\n|-damage|p2a: Lurantis|195/264\n|\n|upkeep\n|turn|18\n|\n|t:|1733914047\n|move|p2a: Lurantis|Leaf Storm|p1a: Iron Hands\n|-damage|p1a: Iron Hands|72/373\n|-boost|p2a: Lurantis|spa|2\n|move|p1a: Iron Hands|Volt Switch|p2a: Lurantis\n|-resisted|p2a: Lurantis\n|-damage|p2a: Lurantis|183/264\n|\n|t:|1733914055\n|-end|p1a: Iron Hands|Quark Drive|[silent]\n|switch|p1a: Glastrier|Glastrier, L86|312/312|[from] Volt Switch\n|\n|upkeep\n|turn|19\n|\n|t:|1733914079\n|move|p2a: Lurantis|Superpower|p1a: Glastrier\n|-supereffective|p1a: Glastrier\n|-damage|p1a: Glastrier|118/312\n|-boost|p2a: Lurantis|atk|1\n|-boost|p2a: Lurantis|def|1\n|move|p1a: Glastrier|Icicle Crash|p2a: Lurantis\n|-supereffective|p2a: Lurantis\n|-damage|p2a: Lurantis|55/264\n|\n|upkeep\n|turn|20\n|\n|t:|1733914098\n|switch|p1a: Dusknoir|Dusknoir, L89, F|112/225\n|-activate|p1a: Dusknoir|move: Sticky Web\n|-unboost|p1a: Dusknoir|spe|1\n|-item|p2a: Lurantis|Assault Vest|[from] ability: Frisk|[of] p1a: Dusknoir\n|move|p2a: Lurantis|Superpower|p1a: Dusknoir\n|-immune|p1a: Dusknoir\n|\n|-heal|p1a: Dusknoir|126/225|[from] item: Leftovers\n|upkeep\n|turn|21\n|\n|t:|1733914125\n|move|p2a: Lurantis|Knock Off|p1a: Dusknoir\n|-supereffective|p1a: Dusknoir\n|-damage|p1a: Dusknoir|0 fnt\n|-enditem|p1a: Dusknoir|Leftovers|[from] move: Knock Off|[of] p2a: Lurantis\n|faint|p1a: Dusknoir\n|\n|upkeep\n|\n|t:|1733914135\n|switch|p1a: Jirachi|Jirachi, L80|291/291\n|-activate|p1a: Jirachi|move: Sticky Web\n|-unboost|p1a: Jirachi|spe|1\n|turn|22\n|\n|t:|1733914145\n|-terastallize|p1a: Jirachi|Fighting\n|move|p1a: Jirachi|Iron Head|p2a: Lurantis\n|-damage|p2a: Lurantis|13/264\n|move|p2a: Lurantis|Leech Life|p1a: Jirachi\n|-resisted|p1a: Jirachi\n|-damage|p1a: Jirachi|234/291\n|-heal|p2a: Lurantis|42/264|[from] drain|[of] p1a: Jirachi\n|\n|-heal|p1a: Jirachi|252/291|[from] item: Leftovers\n|upkeep\n|turn|23\n|\n|t:|1733914158\n|move|p1a: Jirachi|Drain Punch|p2a: Lurantis\n|-damage|p2a: Lurantis|8/264\n|-heal|p1a: Jirachi|269/291|[from] drain|[of] p2a: Lurantis\n|move|p2a: Lurantis|Leaf Storm|p1a: Jirachi\n|-damage|p1a: Jirachi|29/291\n|-boost|p2a: Lurantis|spa|2\n|\n|-heal|p1a: Jirachi|47/291|[from] item: Leftovers\n|upkeep\n|turn|24\n|\n|t:|1733914190\n|move|p1a: Jirachi|Iron Head|p2a: Lurantis\n|-damage|p2a: Lurantis|0 fnt\n|faint|p2a: Lurantis\n|\n|-heal|p1a: Jirachi|65/291|[from] item: Leftovers\n|upkeep\n|\n|t:|1733914194\n|switch|p2a: Regidrago|Regidrago, L77|435/435\n|turn|25\n|\n|t:|1733914213\n|-terastallize|p2a: Regidrago|Dragon\n|move|p2a: Regidrago|Dragon Dance|p2a: Regidrago\n|-boost|p2a: Regidrago|atk|1\n|-boost|p2a: Regidrago|spe|1\n|move|p1a: Jirachi|Drain Punch|p2a: Regidrago\n|-damage|p2a: Regidrago|303/435\n|-heal|p1a: Jirachi|131/291|[from] drain|[of] p2a: Regidrago\n|\n|-heal|p1a: Jirachi|149/291|[from] item: Leftovers\n|upkeep\n|turn|26\n|\n|t:|1733914225\n|move|p2a: Regidrago|Earthquake|p1a: Jirachi\n|-damage|p1a: Jirachi|56/291\n|move|p1a: Jirachi|U-turn|p2a: Regidrago\n|-damage|p2a: Regidrago|224/435\n|\n|t:|1733914232\n|switch|p1a: Iron Hands|Iron Hands, L79|72/373|[from] U-turn\n|-activate|p1a: Iron Hands|move: Sticky Web\n|-unboost|p1a: Iron Hands|spe|1\n|\n|upkeep\n|turn|27\n|\n|t:|1733914243\n|move|p2a: Regidrago|Outrage|p1a: Iron Hands\n|-damage|p1a: Iron Hands|0 fnt\n|faint|p1a: Iron Hands\n|-end|p1a: Iron Hands|Quark Drive|[silent]\n|\n|upkeep\n|\n|t:|1733914249\n|switch|p1a: Glastrier|Glastrier, L86|118/312\n|turn|28\n|\n|t:|1733914256\n|move|p2a: Regidrago|Outrage|p1a: Glastrier|[from]lockedmove\n|-damage|p1a: Glastrier|0 fnt\n|faint|p1a: Glastrier\n|-start|p2a: Regidrago|confusion|[fatigue]\n|-enditem|p2a: Regidrago|Lum Berry|[eat]\n|-end|p2a: Regidrago|confusion\n|\n|upkeep\n|\n|t:|1733914264\n|switch|p1a: Jirachi|Jirachi, L80, tera:Fighting|56/291\n|-activate|p1a: Jirachi|move: Sticky Web\n|-unboost|p1a: Jirachi|spe|1\n|turn|29\n|\n|t:|1733914274\n|move|p2a: Regidrago|Outrage|p1a: Jirachi\n|-damage|p1a: Jirachi|0 fnt\n|faint|p1a: Jirachi\n|\n|win|Dhanush12\n|raw|handyverlorehshdj's rating: 1140 &rarr; <strong>1112</strong><br />(-28 for losing)\n|raw|Dhanush12's rating: 1102 &rarr; <strong>1130</strong><br />(+28 for winning)\n", "inputlog": ">version bfd83cad13791eb5a5a409923076391caf6fb4d4\n>start {\"formatid\":\"gen9randombattle\",\"seed\":[28175,47514,2749,60628],\"rated\":\"Rated battle\"}\n>player p1 {\"name\":\"handyverlorehshdj\",\"avatar\":\"lass-gen4dp\",\"rating\":1140,\"seed\":[38415,4557,51403,60940]}\n>player p2 {\"name\":\"Dhanush12\",\"avatar\":\"wallace\",\"rating\":1102,\"seed\":[38738,32640,17795,36878]}\n>p1 move substitute\n>p2 move shadowball\n>p1 move painsplit\n>p2 move shadowball\n>p1 move substitute\n>p2 move shadowball\n>p1 move painsplit\n>p2 move shadowball\n>p1 switch 6\n>p2 move shadowball\n>p1 move shadowball\n>p2 switch 2\n>p1 move nastyplot\n>p2 move sludgebomb\n>p1 move triattack\n>p2 move stealthrock\n>p2 switch 2\n>p1 move shadowball\n>p2 move psyshock\n>p1 switch 3\n>p1 move darkpulse\n>p2 move psyshock\n>p2 switch 3\n>p1 move nastyplot\n>p2 move stickyweb\n>p1 move psychic\n>p2 move suckerpunch\n>p2 switch 6\n>p1 move hydropump\n>p2 move knockoff\n>p1 switch 5\n>p1 move drainpunch\n>p2 move knockoff\n>p1 move heavyslam\n>p2 move knockoff\n>p2 switch 4\n>p1 move heavyslam\n>p2 move superpower\n>p1 move thunderpunch\n>p2 move leechlife\n>p1 move voltswitch\n>p2 move leafstorm\n>p1 switch 4\n>p1 move iciclecrash\n>p2 move superpower\n>p1 switch 6\n>p2 move superpower\n>p1 move poltergeist\n>p2 move knockoff\n>p1 switch 2\n>p1 move ironhead terastallize\n>p2 move leechlife\n>p1 move drainpunch\n>p2 move leafstorm\n>p1 move ironhead\n>p2 move superpower\n>p2 switch 5\n>p1 move drainpunch\n>p2 move dragondance terastallize\n>p1 move uturn\n>p2 move earthquake\n>p1 switch 4\n>p1 move voltswitch\n>p2 move outrage\n>p1 switch 6\n>p1 move iciclecrash\n>p2 move outrage\n>p1 switch 4\n>p1 move drainpunch\n>p2 move outrage", "uploadtime": 1733914279, "views": 1, "formatid": "gen9randombattle", "rating": 1112, "private": 0, "password": null}