{"id": "gen9randombattle-2260637716", "format": "[Gen 9] Random Battle", "players": ["ez shiny", "Lokux"], "log": "|j|\u2606ez shiny\n|j|\u2606Lokux\n|t:|1733872248\n|gametype|singles\n|player|p1|ez shiny|steven|\n|player|p2|Lokux|giovanni|\n|teamsize|p1|6\n|teamsize|p2|6\n|gen|9\n|tier|[Gen 9] Random Battle\n|rule|Species Clause: Limit one of each Pok\u00e9mon\n|rule|HP Percentage Mod: HP is shown in percentages\n|rule|Sleep Clause Mod: Limit one foe put to sleep\n|rule|Illusion Level Mod: Illusion disguises the Pok\u00e9mon's true level\n|\n|t:|1733872248\n|start\n|switch|p1a: Lunala|Lunala, L70|308/308\n|switch|p2a: Gengar|Gengar, L81, M|230/230\n|turn|1\n|\n|t:|1733872262\n|-terastallize|p1a: Lunala|Dark\n|move|p2a: Gengar|Shadow Ball|p1a: Lunala\n|-resisted|p1a: Lunala\n|-damage|p1a: Lunala|276/308\n|-damage|p2a: Gengar|207/230|[from] item: Life Orb\n|move|p1a: Lunala|Calm Mind|p1a: Lunala\n|-boost|p1a: Lunala|spa|1\n|-boost|p1a: Lunala|spd|1\n|\n|-heal|p1a: Lunala|295/308|[from] item: Leftovers\n|upkeep\n|turn|2\n|\n|t:|1733872278\n|move|p2a: Gengar|Encore|p1a: Lunala\n|-start|p1a: Lunala|Encore\n|move|p1a: Lunala|Calm Mind|p1a: Lunala\n|-boost|p1a: Lunala|spa|1\n|-boost|p1a: Lunala|spd|1\n|\n|-heal|p1a: Lunala|308/308|[from] item: Leftovers\n|upkeep\n|turn|3\n|\n|t:|1733872286\n|move|p2a: Gengar|Toxic Spikes|p1a: Lunala\n|-sidestart|p1: ez shiny|move: Toxic Spikes\n|move|p1a: Lunala|Calm Mind|p1a: Lunala\n|-boost|p1a: Lunala|spa|1\n|-boost|p1a: Lunala|spd|1\n|\n|upkeep\n|turn|4\n|\n|t:|1733872293\n|move|p2a: Gengar|Toxic Spikes|p1a: Lunala\n|-sidestart|p1: ez shiny|move: Toxic Spikes\n|move|p1a: Lunala|Calm Mind|p1a: Lunala\n|-boost|p1a: Lunala|spa|1\n|-boost|p1a: Lunala|spd|1\n|\n|-end|p1a: Lunala|Encore\n|upkeep\n|turn|5\n|\n|t:|1733872305\n|move|p2a: Gengar|Sludge Wave|p1a: Lunala\n|-damage|p1a: Lunala|281/308\n|-damage|p2a: Gengar|184/230|[from] item: Life Orb\n|move|p1a: Lunala|Moongeist Beam|p2a: Gengar\n|-supereffective|p2a: Gengar\n|-damage|p2a: Gengar|0 fnt\n|faint|p2a: Gengar\n|\n|-heal|p1a: Lunala|300/308|[from] item: Leftovers\n|upkeep\n|\n|t:|1733872325\n|switch|p2a: Flutter Mane|Flutter Mane, L74|203/203\n|turn|6\n|\n|t:|1733872332\n|move|p2a: Flutter Mane|Moonblast|p1a: Lunala\n|-supereffective|p1a: Lunala\n|-damage|p1a: Lunala|196/308\n|-unboost|p1a: Lunala|spa|1\n|move|p1a: Lunala|Moongeist Beam|p2a: Flutter Mane\n|-supereffective|p2a: Flutter Mane\n|-damage|p2a: Flutter Mane|0 fnt\n|faint|p2a: Flutter Mane\n|-end|p2a: Flutter Mane|Protosynthesis|[silent]\n|\n|-heal|p1a: Lunala|215/308|[from] item: Leftovers\n|upkeep\n|\n|t:|1733872360\n|switch|p2a: Overqwil|Overqwil, L82, M|274/274\n|-ability|p2a: Overqwil|Intimidate|boost\n|-unboost|p1a: Lunala|atk|1\n|turn|7\n|\n|t:|1733872375\n|move|p2a: Overqwil|Gunk Shot|p1a: Lunala\n|-damage|p1a: Lunala|53/308\n|move|p1a: Lunala|Calm Mind|p1a: Lunala\n|-boost|p1a: Lunala|spa|1\n|-boost|p1a: Lunala|spd|1\n|\n|-heal|p1a: Lunala|72/308|[from] item: Leftovers\n|upkeep\n|turn|8\n|\n|t:|1733872409\n|switch|p1a: Slowbro|Slowbro-Galar, L87, M|307/307\n|-sideend|p1: ez shiny|move: Toxic Spikes|[of] p1a: Slowbro\n|move|p2a: Overqwil|Gunk Shot|p1a: Slowbro\n|-resisted|p1a: Slowbro\n|-damage|p1a: Slowbro|244/307\n|\n|upkeep\n|turn|9\n|\n|t:|1733872425\n|move|p2a: Overqwil|Crunch|p1a: Slowbro\n|-supereffective|p1a: Slowbro\n|-damage|p1a: Slowbro|92/307\n|-damage|p2a: Overqwil|229/274|[from] item: Rocky Helmet|[of] p1a: Slowbro\n|move|p1a: Slowbro|Thunder Wave|p2a: Overqwil\n|-status|p2a: Overqwil|par\n|\n|upkeep\n|turn|10\n|\n|t:|1733872433\n|switch|p1a: Clawitzer|Clawitzer, L87, F|265/265\n|cant|p2a: Overqwil|par\n|\n|upkeep\n|turn|11\n|\n|t:|1733872441\n|move|p1a: Clawitzer|Water Pulse|p2a: Overqwil\n|-damage|p2a: Overqwil|15/274 par\n|cant|p2a: Overqwil|par\n|\n|upkeep\n|turn|12\n|\n|t:|1733872447\n|move|p1a: Clawitzer|Water Pulse|p2a: Overqwil\n|-damage|p2a: Overqwil|0 fnt\n|faint|p2a: Overqwil\n|\n|upkeep\n|\n|t:|1733872455\n|switch|p2a: Lilligant|Lilligant, L86, F|261/261\n|turn|13\n|\n|t:|1733872462\n|switch|p1a: Gyarados|Gyarados, L79, M|280/280\n|move|p2a: Lilligant|Sleep Powder|p1a: Gyarados\n|-status|p1a: Gyarados|slp|[from] move: Sleep Powder\n|\n|upkeep\n|turn|14\n|\n|t:|1733872471\n|switch|p1a: Slowbro|Slowbro-Galar, L87, M|194/307\n|move|p2a: Lilligant|Quiver Dance|p2a: Lilligant\n|-boost|p2a: Lilligant|spa|1\n|-boost|p2a: Lilligant|spd|1\n|-boost|p2a: Lilligant|spe|1\n|\n|upkeep\n|turn|15\n|\n|t:|1733872482\n|move|p2a: Lilligant|Sleep Powder|p1a: Slowbro|[miss]\n|-miss|p2a: Lilligant|p1a: Slowbro\n|move|p1a: Slowbro|Thunder Wave|p2a: Lilligant|[miss]\n|-miss|p1a: Slowbro|p2a: Lilligant\n|\n|upkeep\n|turn|16\n|\n|t:|1733872497\n|move|p2a: Lilligant|Sleep Powder|p1a: Slowbro\n|-message|Sleep Clause Mod activated.\n|-hint|Sleep Clause Mod prevents players from putting more than one of their opponent's Pok\u00e9mon to sleep at a time\n|move|p1a: Slowbro|Thunder Wave|p2a: Lilligant\n|-status|p2a: Lilligant|par\n|\n|upkeep\n|turn|17\n|\n|t:|1733872518\n|move|p2a: Lilligant|Giga Drain|p1a: Slowbro\n|-resisted|p1a: Slowbro\n|-damage|p1a: Slowbro|95/307\n|-damage|p2a: Lilligant|235/261 par|[from] item: Life Orb\n|move|p1a: Slowbro|Shell Side Arm|p2a: Lilligant|[anim] Shell Side Arm Physical\n|-supereffective|p2a: Lilligant\n|-damage|p2a: Lilligant|23/261 par\n|-hint|Physical Shell Side Arm\n|\n|upkeep\n|turn|18\n|\n|t:|1733872530\n|switch|p1a: Jumpluff|Jumpluff, L87, F|271/271\n|cant|p2a: Lilligant|par\n|\n|upkeep\n|turn|19\n|\n|t:|1733872543\n|move|p1a: Jumpluff|Substitute|p1a: Jumpluff\n|-start|p1a: Jumpluff|Substitute\n|-damage|p1a: Jumpluff|204/271\n|move|p2a: Lilligant|Tera Blast|p1a: Jumpluff\n|-end|p1a: Jumpluff|Substitute\n|-damage|p2a: Lilligant|0 fnt|[from] item: Life Orb\n|faint|p2a: Lilligant\n|\n|upkeep\n|\n|t:|1733872561\n|switch|p2a: Stonjourner|Stonjourner, L91, M|330/330\n|turn|20\n|\n|t:|1733872573\n|move|p1a: Jumpluff|Substitute|p1a: Jumpluff\n|-start|p1a: Jumpluff|Substitute\n|-damage|p1a: Jumpluff|137/271\n|move|p2a: Stonjourner|Stone Edge|p1a: Jumpluff\n|-supereffective|p1a: Jumpluff\n|-end|p1a: Jumpluff|Substitute\n|-damage|p2a: Stonjourner|297/330|[from] item: Life Orb\n|\n|upkeep\n|turn|21\n|\n|t:|1733872585\n|switch|p1a: Golem|Golem-Alola, L93, F|300/300\n|move|p2a: Stonjourner|Stone Edge|p1a: Golem|[miss]\n|-miss|p2a: Stonjourner|p1a: Golem\n|\n|upkeep\n|turn|22\n|\n|t:|1733872602\n|move|p2a: Stonjourner|Earthquake|p1a: Golem\n|-supereffective|p1a: Golem\n|-damage|p1a: Golem|0 fnt\n|faint|p1a: Golem\n|-damage|p2a: Stonjourner|264/330|[from] item: Life Orb\n|\n|upkeep\n|\n|t:|1733872610\n|switch|p1a: Jumpluff|Jumpluff, L87, F|137/271\n|turn|23\n|\n|t:|1733872618\n|move|p1a: Jumpluff|Substitute|p1a: Jumpluff\n|-start|p1a: Jumpluff|Substitute\n|-damage|p1a: Jumpluff|70/271\n|move|p2a: Stonjourner|Stone Edge|p1a: Jumpluff\n|-supereffective|p1a: Jumpluff\n|-end|p1a: Jumpluff|Substitute\n|-damage|p2a: Stonjourner|231/330|[from] item: Life Orb\n|\n|upkeep\n|turn|24\n|\n|t:|1733872626\n|move|p1a: Jumpluff|Strength Sap|p2a: Stonjourner\n|-unboost|p2a: Stonjourner|atk|1\n|-heal|p1a: Jumpluff|271/271\n|move|p2a: Stonjourner|Rock Polish|p2a: Stonjourner\n|-boost|p2a: Stonjourner|spe|2\n|\n|upkeep\n|turn|25\n|\n|t:|1733872643\n|move|p2a: Stonjourner|Stone Edge|p1a: Jumpluff\n|-supereffective|p1a: Jumpluff\n|-damage|p1a: Jumpluff|0 fnt\n|faint|p1a: Jumpluff\n|-damage|p2a: Stonjourner|198/330|[from] item: Life Orb\n|\n|upkeep\n|\n|t:|1733872650\n|switch|p1a: Clawitzer|Clawitzer, L87, F|265/265\n|turn|26\n|\n|t:|1733872654\n|move|p2a: Stonjourner|Stone Edge|p1a: Clawitzer\n|-damage|p1a: Clawitzer|143/265\n|-damage|p2a: Stonjourner|165/330|[from] item: Life Orb\n|move|p1a: Clawitzer|Water Pulse|p2a: Stonjourner\n|-supereffective|p2a: Stonjourner\n|-damage|p2a: Stonjourner|0 fnt\n|faint|p2a: Stonjourner\n|\n|upkeep\n|\n|t:|1733872663\n|switch|p2a: Whiscash|Whiscash, L88, M|337/337\n|turn|27\n|\n|t:|1733872675\n|move|p2a: Whiscash|Dragon Dance|p2a: Whiscash\n|-boost|p2a: Whiscash|atk|1\n|-boost|p2a: Whiscash|spe|1\n|move|p1a: Clawitzer|Water Pulse|p2a: Whiscash\n|-damage|p2a: Whiscash|129/337\n|-start|p2a: Whiscash|confusion\n|\n|upkeep\n|turn|28\n|\n|t:|1733872685\n|-activate|p2a: Whiscash|confusion\n|move|p2a: Whiscash|Earthquake|p1a: Clawitzer\n|-damage|p1a: Clawitzer|0 fnt\n|faint|p1a: Clawitzer\n|-damage|p2a: Whiscash|96/337|[from] item: Life Orb\n|\n|upkeep\n|\n|t:|1733872691\n|switch|p1a: Lunala|Lunala, L70, tera:Dark|72/308\n|turn|29\n|\n|t:|1733872697\n|-activate|p2a: Whiscash|confusion\n|move|p2a: Whiscash|Liquidation|p1a: Lunala\n|-damage|p1a: Lunala|0 fnt\n|faint|p1a: Lunala\n|-damage|p2a: Whiscash|63/337|[from] item: Life Orb\n|\n|upkeep\n|\n|t:|1733872700\n|switch|p1a: Gyarados|Gyarados, L79, M|280/280 slp\n|turn|30\n|\n|t:|1733872708\n|-end|p2a: Whiscash|confusion\n|move|p2a: Whiscash|Stone Edge|p1a: Gyarados\n|-supereffective|p1a: Gyarados\n|-damage|p1a: Gyarados|0 fnt\n|faint|p1a: Gyarados\n|-damage|p2a: Whiscash|30/337|[from] item: Life Orb\n|\n|upkeep\n|\n|t:|1733872713\n|switch|p1a: Slowbro|Slowbro-Galar, L87, M|197/307\n|turn|31\n|\n|t:|1733872720\n|move|p2a: Whiscash|Earthquake|p1a: Slowbro\n|-supereffective|p1a: Slowbro\n|-damage|p1a: Slowbro|0 fnt\n|faint|p1a: Slowbro\n|-damage|p2a: Whiscash|0 fnt|[from] item: Life Orb\n|faint|p2a: Whiscash\n|\n|win|Lokux\n|l|\u2606ez shiny\n|player|p1|\n", "inputlog": ">version bfd83cad13791eb5a5a409923076391caf6fb4d4\n>start {\"formatid\":\"gen9randombattle\",\"seed\":[47010,31890,32238,22911]}\n>player p1 {\"name\":\"ez shiny\",\"avatar\":\"steven\",\"rating\":0,\"seed\":[26635,11611,39264,34299]}\n>player p2 {\"name\":\"Lokux\",\"avatar\":\"giovanni\",\"rating\":0,\"seed\":[40598,48093,31602,63914]}\n>p1 move calmmind terastallize\n>p2 move shadowball\n>p1 move calmmind\n>p2 move encore\n>p1 move calmmind\n>p2 move toxicspikes\n>p1 move calmmind\n>p2 move toxicspikes\n>p1 move moongeistbeam\n>p2 move sludgewave\n>p2 switch 6\n>p1 move moongeistbeam\n>p2 move moonblast\n>p2 switch 2\n>p1 move calmmind\n>p2 move gunkshot\n>p1 switch 5\n>p2 move gunkshot\n>p1 move thunderwave\n>p2 move crunch\n>p1 switch 4\n>p2 move crunch\n>p1 move waterpulse\n>p2 move gunkshot\n>p1 move waterpulse\n>p2 move gunkshot\n>p2 switch 3\n>p1 switch 3\n>p2 move sleeppowder\n>p1 switch 4\n>p2 move quiverdance\n>p1 move thunderwave\n>p2 move sleeppowder\n>p1 move thunderwave\n>p2 move sleeppowder\n>p1 move shellsidearm\n>p2 move gigadrain\n>p1 switch 6\n>p2 move gigadrain\n>p1 move substitute\n>p2 move terablast\n>p2 switch 4\n>p1 move substitute\n>p2 move stoneedge\n>p1 switch 2\n>p2 move stoneedge\n>p1 move explosion\n>p2 move earthquake\n>p1 switch 2\n>p1 move substitute\n>p2 move stoneedge\n>p1 move strengthsap\n>p2 move rockpolish\n>p1 move substitute\n>p2 move stoneedge\n>p1 switch 3\n>p1 move waterpulse\n>p2 move stoneedge\n>p2 switch 5\n>p1 move waterpulse\n>p2 move dragondance\n>p1 move waterpulse\n>p2 move earthquake\n>p1 switch 5\n>p1 move moongeistbeam\n>p2 move liquidation\n>p1 switch 4\n>p1 move dragondance\n>p2 move stoneedge\n>p1 switch 6\n>p1 move psychic\n>p2 move earthquake", "uploadtime": 1733872860, "views": 36, "formatid": "gen9randombattle", "rating": null, "private": 0, "password": null}