{"id": "gen9randombattle-2052300219", "format": "[Gen 9] Random Battle", "players": ["chemcoop", "MichaelderBeste2"], "log": "|j|\u2606chemcoop\n|j|\u2606MichaelderBeste2\n|t:|1707149227\n|gametype|singles\n|player|p1|chemcoop|#chemcoop|2272\n|player|p2|MichaelderBeste2|#uuplxiidols|2434\n|teamsize|p1|6\n|teamsize|p2|6\n|gen|9\n|tier|[Gen 9] Random Battle\n|rated|\n|rule|Species Clause: Limit one of each Pok\u00e9mon\n|rule|HP Percentage Mod: HP is shown in percentages\n|rule|Sleep Clause Mod: Limit one foe put to sleep\n|rule|Illusion Level Mod: Illusion disguises the Pok\u00e9mon's true level\n|\n|t:|1707149227\n|start\n|switch|p1a: Fezandipiti|Fezandipiti, L81, M|275/275\n|switch|p2a: Slowbro|Slowbro-Galar, L87, F|307/307\n|turn|1\n|j| KingZuko\n|j| gatordile82\n|inactive|Battle timer is ON: inactive players will automatically lose when time's up. (requested by MichaelderBeste2)\n|\n|t:|1707149267\n|switch|p1a: Rhydon|Rhydon, L85, F|317/317\n|move|p2a: Slowbro|Shell Side Arm|p1a: Rhydon|[anim] Shell Side Arm Special\n|-resisted|p1a: Rhydon\n|-crit|p1a: Rhydon\n|-damage|p1a: Rhydon|273/317\n|-hint|Special Shell Side Arm\n|-status|p1a: Rhydon|psn\n|\n|-damage|p1a: Rhydon|234/317 psn|[from] psn\n|upkeep\n|turn|2\n|\n|t:|1707149276\n|move|p1a: Rhydon|Earthquake|p2a: Slowbro\n|-supereffective|p2a: Slowbro\n|-damage|p2a: Slowbro|65/307\n|move|p2a: Slowbro|Surf|p1a: Rhydon\n|-supereffective|p1a: Rhydon\n|-damage|p1a: Rhydon|0 fnt\n|faint|p1a: Rhydon\n|\n|upkeep\n|\n|t:|1707149279\n|switch|p1a: Rayquaza|Rayquaza, L72|270/270\n|-ability|p1a: Rayquaza|Air Lock\n|turn|3\n|\n|t:|1707149285\n|switch|p2a: Noivern|Noivern, L82, M|274/274\n|move|p1a: Rayquaza|Dragon Dance|p1a: Rayquaza\n|-boost|p1a: Rayquaza|atk|1\n|-boost|p1a: Rayquaza|spe|1\n|\n|upkeep\n|turn|4\n|\n|t:|1707149308\n|-terastallize|p1a: Rayquaza|Flying\n|move|p1a: Rayquaza|Dragon Ascent|p2a: Noivern\n|-damage|p2a: Noivern|0 fnt\n|-unboost|p1a: Rayquaza|def|1\n|-unboost|p1a: Rayquaza|spd|1\n|faint|p2a: Noivern\n|\n|upkeep\n|\n|t:|1707149321\n|switch|p2a: Volcanion|Volcanion, L79|256/256\n|turn|5\n|\n|t:|1707149335\n|switch|p1a: Sylveon|Sylveon, L84, F|297/297\n|move|p2a: Volcanion|Steam Eruption|p1a: Sylveon\n|-damage|p1a: Sylveon|194/297\n|-status|p1a: Sylveon|brn\n|\n|-heal|p1a: Sylveon|212/297 brn|[from] item: Leftovers\n|-damage|p1a: Sylveon|194/297 brn|[from] brn\n|upkeep\n|turn|6\n|\n|t:|1707149341\n|move|p2a: Volcanion|Sludge Bomb|p1a: Sylveon\n|-supereffective|p1a: Sylveon\n|-damage|p1a: Sylveon|90/297 brn\n|move|p1a: Sylveon|Wish|p1a: Sylveon\n|\n|-heal|p1a: Sylveon|108/297 brn|[from] item: Leftovers\n|-damage|p1a: Sylveon|90/297 brn|[from] brn\n|upkeep\n|turn|7\n|\n|t:|1707149346\n|switch|p2a: Slowbro|Slowbro-Galar, L87, F|167/307\n|move|p1a: Sylveon|Protect||[still]\n|-fail|p1a: Sylveon\n|\n|-heal|p1a: Sylveon|238/297 brn|[from] move: Wish|[wisher] Sylveon\n|-heal|p1a: Sylveon|256/297 brn|[from] item: Leftovers\n|-damage|p1a: Sylveon|238/297 brn|[from] brn\n|upkeep\n|turn|8\n|\n|t:|1707149351\n|switch|p1a: Spiritomb|Spiritomb, L90, F|236/236\n|switch|p2a: Chansey|Chansey, L85, F|564/564\n|\n|upkeep\n|turn|9\n|j| Shaky3\n|\n|t:|1707149358\n|switch|p1a: Sylveon|Sylveon, L84, F|238/297 brn\n|move|p2a: Chansey|Stealth Rock|p1a: Sylveon\n|-sidestart|p1: chemcoop|move: Stealth Rock\n|\n|-heal|p1a: Sylveon|256/297 brn|[from] item: Leftovers\n|-damage|p1a: Sylveon|238/297 brn|[from] brn\n|upkeep\n|turn|10\n|\n|t:|1707149362\n|move|p1a: Sylveon|Wish|p1a: Sylveon\n|move|p2a: Chansey|Seismic Toss|p1a: Sylveon\n|-damage|p1a: Sylveon|153/297 brn\n|\n|-heal|p1a: Sylveon|171/297 brn|[from] item: Leftovers\n|-damage|p1a: Sylveon|153/297 brn|[from] brn\n|upkeep\n|turn|11\n|\n|t:|1707149368\n|switch|p2a: Slowbro|Slowbro-Galar, L87, F|269/307\n|move|p1a: Sylveon|Calm Mind|p1a: Sylveon\n|-boost|p1a: Sylveon|spa|1\n|-boost|p1a: Sylveon|spd|1\n|\n|-heal|p1a: Sylveon|297/297 brn|[from] move: Wish|[wisher] Sylveon\n|-damage|p1a: Sylveon|279/297 brn|[from] brn\n|upkeep\n|turn|12\n|\n|t:|1707149372\n|switch|p1a: Drifblim|Drifblim, L86, M|398/398\n|move|p2a: Slowbro|Shell Side Arm|p1a: Drifblim|[anim] Shell Side Arm Physical\n|-resisted|p1a: Drifblim\n|-damage|p1a: Drifblim|323/398\n|-hint|Physical Shell Side Arm\n|\n|upkeep\n|turn|13\n|\n|t:|1707149382\n|switch|p2a: Chansey|Chansey, L85, F|564/564\n|move|p1a: Drifblim|Defog|p2a: Chansey\n|-unboost|p2a: Chansey|evasion|1\n|-sideend|p1: chemcoop|Stealth Rock|[from] move: Defog|[of] p1a: Drifblim\n|\n|upkeep\n|turn|14\n|\n|t:|1707149386\n|switch|p1a: Fezandipiti|Fezandipiti, L81, M|275/275\n|move|p2a: Chansey|Thunder Wave|p1a: Fezandipiti\n|-status|p1a: Fezandipiti|par\n|\n|upkeep\n|turn|15\n|\n|t:|1707149389\n|switch|p1a: Rayquaza|Rayquaza, L72, tera:Flying|270/270\n|-ability|p1a: Rayquaza|Air Lock\n|move|p2a: Chansey|Stealth Rock|p1a: Rayquaza\n|-sidestart|p1: chemcoop|move: Stealth Rock\n|\n|upkeep\n|turn|16\n|\n|t:|1707149393\n|move|p1a: Rayquaza|Dragon Dance|p1a: Rayquaza\n|-boost|p1a: Rayquaza|atk|1\n|-boost|p1a: Rayquaza|spe|1\n|move|p2a: Chansey|Thunder Wave|p1a: Rayquaza\n|-status|p1a: Rayquaza|par\n|\n|upkeep\n|turn|17\n|\n|t:|1707149398\n|switch|p2a: Volcanion|Volcanion, L79|256/256\n|cant|p1a: Rayquaza|par\n|\n|upkeep\n|turn|18\n|\n|t:|1707149403\n|move|p2a: Volcanion|Steam Eruption|p1a: Rayquaza\n|-damage|p1a: Rayquaza|114/270 par\n|move|p1a: Rayquaza|Dragon Dance|p1a: Rayquaza\n|-boost|p1a: Rayquaza|atk|1\n|-boost|p1a: Rayquaza|spe|1\n|\n|upkeep\n|turn|19\n|\n|t:|1707149416\n|-terastallize|p2a: Volcanion|Water\n|move|p1a: Rayquaza|Dragon Ascent|p2a: Volcanion\n|-damage|p2a: Volcanion|0 fnt\n|-unboost|p1a: Rayquaza|def|1\n|-unboost|p1a: Rayquaza|spd|1\n|faint|p2a: Volcanion\n|\n|upkeep\n|\n|t:|1707149422\n|switch|p2a: Brambleghast|Brambleghast, L88, M|240/240\n|turn|20\n|\n|t:|1707149443\n|move|p2a: Brambleghast|Poltergeist|p1a: Rayquaza\n|-activate|p1a: Rayquaza|move: Poltergeist|Heavy-Duty Boots\n|-damage|p1a: Rayquaza|0 fnt\n|faint|p1a: Rayquaza\n|\n|upkeep\n|\n|t:|1707149445\n|switch|p1a: Spiritomb|Spiritomb, L90, F|236/236\n|-damage|p1a: Spiritomb|207/236|[from] Stealth Rock\n|turn|21\n|\n|t:|1707149449\n|move|p2a: Brambleghast|Power Whip|p1a: Spiritomb\n|-damage|p1a: Spiritomb|87/236\n|move|p1a: Spiritomb|Foul Play|p2a: Brambleghast\n|-supereffective|p2a: Brambleghast\n|-damage|p2a: Brambleghast|0 fnt\n|faint|p2a: Brambleghast\n|\n|-heal|p1a: Spiritomb|101/236|[from] item: Leftovers\n|upkeep\n|\n|t:|1707149453\n|switch|p2a: Wugtrio|Wugtrio, L91, F|212/212\n|turn|22\n|\n|t:|1707149465\n|switch|p1a: Drifblim|Drifblim, L86, M|323/398\n|move|p2a: Wugtrio|Liquidation|p1a: Drifblim\n|-damage|p1a: Drifblim|55/398\n|\n|upkeep\n|turn|23\n|\n|t:|1707149468\n|move|p2a: Wugtrio|Liquidation|p1a: Drifblim\n|-damage|p1a: Drifblim|0 fnt\n|-damage|p2a: Wugtrio|159/212|[from] ability: Aftermath|[of] p1a: Drifblim\n|faint|p1a: Drifblim\n|\n|upkeep\n|\n|t:|1707149471\n|switch|p1a: Sylveon|Sylveon, L84, F|279/297 brn\n|-damage|p1a: Sylveon|242/297 brn|[from] Stealth Rock\n|turn|24\n|\n|t:|1707149474\n|switch|p2a: Slowbro|Slowbro-Galar, L87, F|307/307\n|move|p1a: Sylveon|Hyper Voice|p2a: Slowbro\n|-resisted|p2a: Slowbro\n|-damage|p2a: Slowbro|257/307\n|\n|-heal|p1a: Sylveon|260/297 brn|[from] item: Leftovers\n|-damage|p1a: Sylveon|242/297 brn|[from] brn\n|upkeep\n|turn|25\n|\n|t:|1707149481\n|move|p1a: Sylveon|Wish|p1a: Sylveon\n|move|p2a: Slowbro|Shell Side Arm|p1a: Sylveon|[anim] Shell Side Arm Physical\n|-supereffective|p1a: Sylveon\n|-damage|p1a: Sylveon|0 fnt\n|-hint|Physical Shell Side Arm\n|faint|p1a: Sylveon\n|\n|upkeep\n|\n|t:|1707149484\n|switch|p1a: Spiritomb|Spiritomb, L90, F|101/236\n|-damage|p1a: Spiritomb|72/236|[from] Stealth Rock\n|turn|26\n|l| Shaky3\n|j| Petros\n|\n|t:|1707149520\n|move|p1a: Spiritomb|Poltergeist|p2a: Slowbro\n|-activate|p2a: Slowbro|move: Poltergeist|Assault Vest\n|-supereffective|p2a: Slowbro\n|-damage|p2a: Slowbro|39/307\n|move|p2a: Slowbro|Shell Side Arm|p1a: Spiritomb|[anim] Shell Side Arm Special\n|-resisted|p1a: Spiritomb\n|-damage|p1a: Spiritomb|33/236\n|-hint|Special Shell Side Arm\n|\n|-heal|p1a: Spiritomb|181/236|[from] move: Wish|[wisher] Sylveon\n|-heal|p1a: Spiritomb|195/236|[from] item: Leftovers\n|upkeep\n|turn|27\n|\n|t:|1707149528\n|switch|p2a: Chansey|Chansey, L85, F|564/564\n|move|p1a: Spiritomb|Foul Play|p2a: Chansey\n|-damage|p2a: Chansey|545/564\n|\n|-heal|p1a: Spiritomb|209/236|[from] item: Leftovers\n|upkeep\n|turn|28\n|\n|t:|1707149542\n|switch|p1a: Fezandipiti|Fezandipiti, L81, M|275/275 par\n|-damage|p1a: Fezandipiti|241/275 par|[from] Stealth Rock\n|move|p2a: Chansey|Seismic Toss|p1a: Fezandipiti\n|-damage|p1a: Fezandipiti|156/275 par\n|\n|upkeep\n|turn|29\n|\n|t:|1707149545\n|switch|p2a: Slowbro|Slowbro-Galar, L87, F|141/307\n|move|p1a: Fezandipiti|Swords Dance|p1a: Fezandipiti\n|-boost|p1a: Fezandipiti|atk|2\n|\n|upkeep\n|turn|30\n|\n|t:|1707149549\n|cant|p1a: Fezandipiti|par\n|move|p2a: Slowbro|Psychic|p1a: Fezandipiti\n|-supereffective|p1a: Fezandipiti\n|-damage|p1a: Fezandipiti|0 fnt\n|faint|p1a: Fezandipiti\n|\n|upkeep\n|-message|chemcoop forfeited.\n|\n|win|MichaelderBeste2\n|raw|chemcoop's rating: 2248 &rarr; <strong>2238</strong><br />(-10 for losing)\n|raw|MichaelderBeste2's rating: 2441 &rarr; <strong>2451</strong><br />(+10 for winning)\n|l|\u2606chemcoop\n|player|p1|\n|l|\u2606MichaelderBeste2\n|player|p2|\n", "inputlog": ">version f7febc1e180278a4fad948cfe1d20c95eaa9a53c\n>start {\"formatid\":\"gen9randombattle\",\"seed\":[28642,23709,926,35412],\"rated\":\"Rated battle\"}\n>player p1 {\"name\":\"chemcoop\",\"avatar\":\"#chemcoop\",\"rating\":2272,\"seed\":[15616,16611,52664,5738]}\n>player p2 {\"name\":\"MichaelderBeste2\",\"avatar\":\"#uuplxiidols\",\"rating\":2434,\"seed\":[6392,31119,25345,45395]}\n>p1 switch 5\n>p2 move shellsidearm\n>p1 move earthquake\n>p2 move surf\n>p1 switch 2\n>p1 move dragondance\n>p2 switch 4\n>p1 move dragonascent terastallize\n>p2 move dracometeor\n>p2 switch 5\n>p1 switch 3\n>p2 move steameruption\n>p1 move wish\n>p2 move sludgebomb\n>p1 move protect\n>p2 switch 4\n>p1 switch 4\n>p2 switch 6\n>p1 switch 4\n>p2 move stealthrock\n>p1 move wish\n>p2 move seismictoss\n>p1 move calmmind\n>p2 switch 6\n>p1 switch 6\n>p2 move shellsidearm\n>p1 move defog\n>p2 switch 6\n>p1 switch 5\n>p2 move thunderwave\n>p1 switch 3\n>p2 move stealthrock\n>p1 move dragondance\n>p2 move thunderwave\n>p1 move dragondance\n>p2 switch 4\n>p1 move dragondance\n>p2 move steameruption\n>p1 move dragonascent\n>p2 move flamethrower terastallize\n>p2 switch 3\n>p1 move dragonascent\n>p2 move poltergeist\n>p1 switch 4\n>p1 move foulplay\n>p2 move powerwhip\n>p2 switch 2\n>p1 switch 5\n>p2 move liquidation\n>p1 move defog\n>p2 move liquidation\n>p1 switch 6\n>p1 move hypervoice\n>p2 switch 6\n>p1 move wish\n>p2 move shellsidearm\n>p1 switch 5\n>p1 move poltergeist\n>p2 move shellsidearm\n>p1 move foulplay\n>p2 switch 4\n>p1 switch 3\n>p2 move seismictoss\n>p1 move swordsdance\n>p2 switch 4\n>p1 move gunkshot\n>p2 move psychic\n>forcelose p1", "uploadtime": 1707149554, "views": 286, "formatid": "gen9randombattle", "rating": 2238, "private": 0, "password": null}