{"id": "gen9randombattle-2260423985", "format": "[Gen 9] Random Battle", "players": ["khaos909", "KumaonTiger436"], "log": "|j|\u2606khaos909\n|j|\u2606KumaonTiger436\n|t:|1733850253\n|gametype|singles\n|player|p1|khaos909|266|\n|player|p2|KumaonTiger436|veteran|\n|teamsize|p1|6\n|teamsize|p2|6\n|gen|9\n|tier|[Gen 9] Random Battle\n|rule|Species Clause: Limit one of each Pok\u00e9mon\n|rule|HP Percentage Mod: HP is shown in percentages\n|rule|Sleep Clause Mod: Limit one foe put to sleep\n|rule|Illusion Level Mod: Illusion disguises the Pok\u00e9mon's true level\n|\n|t:|1733850253\n|start\n|switch|p1a: Roaring Moon|Roaring Moon, L72|270/270\n|switch|p2a: Kyurem|Kyurem-White, L73|303/303\n|-ability|p2a: Kyurem|Turboblaze\n|turn|1\n|\n|t:|1733850295\n|move|p2a: Kyurem|Draco Meteor|p1a: Roaring Moon\n|-supereffective|p1a: Roaring Moon\n|-damage|p1a: Roaring Moon|0 fnt\n|-unboost|p2a: Kyurem|spa|2\n|faint|p1a: Roaring Moon\n|-end|p1a: Roaring Moon|Protosynthesis|[silent]\n|\n|upkeep\n|c|\u2606khaos909|Yoo\n|c|\u2606KumaonTiger436|Yooo\n|\n|t:|1733850354\n|switch|p1a: Hatterene|Hatterene, L85, F|236/236\n|turn|2\n|c|\u2606KumaonTiger436|Yoo\n|c|\u2606KumaonTiger436|Bro\n|c|\u2606khaos909|Yes\n|c|\u2606khaos909|I'm here\n|c|\u2606KumaonTiger436|Bri tyoe\n|c|\u2606khaos909|Yes \ud83d\ude02\ud83e\udd70\n|c|\u2606KumaonTiger436|First pute /weak\n|c|\u2606khaos909|Battle broo\n|c|\u2606khaos909|Ok\n|c|\u2606KumaonTiger436|Then space and then pikachu\n|c|\u2606khaos909|Ok\n|c|\u2606KumaonTiger436|Did you get it\n|c|\u2606khaos909|Yes\n|c|\u2606khaos909|Broo\n|c|\u2606khaos909|Battle\n|c|\u2606khaos909|Broo be quick\n|\n|t:|1733850487\n|switch|p2a: Zangoose|Zangoose, L85, F|263/263\n|move|p1a: Hatterene|Draining Kiss|p2a: Zangoose\n|-damage|p2a: Zangoose|166/263\n|\n|-status|p2a: Zangoose|tox|[from] item: Toxic Orb\n|upkeep\n|turn|3\n|\n|t:|1733850504\n|move|p2a: Zangoose|Knock Off|p1a: Hatterene\n|-damage|p1a: Hatterene|124/236\n|-enditem|p1a: Hatterene|Assault Vest|[from] move: Knock Off|[of] p2a: Zangoose\n|move|p1a: Hatterene|Mystical Fire|p2a: Zangoose\n|-damage|p2a: Zangoose|66/263 tox\n|-unboost|p2a: Zangoose|spa|1\n|\n|-damage|p2a: Zangoose|50/263 tox|[from] psn\n|upkeep\n|turn|4\n|c|\u2606KumaonTiger436|Use it next time\n|c|\u2606KumaonTiger436|It cool aint it\n|\n|t:|1733850536\n|switch|p1a: Phione|Phione, L91|293/293\n|move|p2a: Zangoose|Facade|p1a: Phione\n|-damage|p1a: Phione|25/293\n|\n|-heal|p1a: Phione|43/293|[from] item: Leftovers\n|-damage|p2a: Zangoose|18/263 tox|[from] psn\n|upkeep\n|turn|5\n|\n|t:|1733850569\n|switch|p1a: Banette|Banette, L93, M|270/270\n|-item|p2a: Zangoose|Toxic Orb|[from] ability: Frisk|[of] p1a: Banette\n|move|p2a: Zangoose|Facade|p1a: Banette\n|-immune|p1a: Banette\n|\n|-damage|p2a: Zangoose|0 fnt|[from] psn\n|faint|p2a: Zangoose\n|upkeep\n|\n|t:|1733850604\n|switch|p2a: Zekrom|Zekrom, L71|259/259\n|-ability|p2a: Zekrom|Teravolt\n|turn|6\n|c|\u2606khaos909|Ur team is strong asf wtf\n|c|\u2606KumaonTiger436|Yeah fr but i might lose this one\n|\n|t:|1733850672\n|move|p1a: Banette|Gunk Shot|p2a: Zekrom\n|-damage|p2a: Zekrom|120/259\n|-damage|p1a: Banette|243/270|[from] item: Life Orb\n|move|p2a: Zekrom|Substitute|p2a: Zekrom\n|-start|p2a: Zekrom|Substitute\n|-damage|p2a: Zekrom|56/259\n|\n|-heal|p2a: Zekrom|72/259|[from] item: Leftovers\n|upkeep\n|turn|7\n|\n|t:|1733850690\n|move|p1a: Banette|Shadow Sneak|p2a: Zekrom\n|-end|p2a: Zekrom|Substitute\n|-damage|p1a: Banette|216/270|[from] item: Life Orb\n|move|p2a: Zekrom|Dragon Dance|p2a: Zekrom\n|-boost|p2a: Zekrom|atk|1\n|-boost|p2a: Zekrom|spe|1\n|\n|-heal|p2a: Zekrom|88/259|[from] item: Leftovers\n|upkeep\n|turn|8\n|\n|t:|1733850711\n|move|p1a: Banette|Shadow Sneak|p2a: Zekrom\n|-damage|p2a: Zekrom|14/259\n|-damage|p1a: Banette|189/270|[from] item: Life Orb\n|move|p2a: Zekrom|Bolt Strike|p1a: Banette\n|-damage|p1a: Banette|0 fnt\n|faint|p1a: Banette\n|\n|-heal|p2a: Zekrom|30/259|[from] item: Leftovers\n|upkeep\n|\n|t:|1733850725\n|switch|p1a: Phione|Phione, L91|43/293\n|turn|9\n|\n|t:|1733850736\n|move|p2a: Zekrom|Bolt Strike|p1a: Phione\n|-supereffective|p1a: Phione\n|-damage|p1a: Phione|0 fnt\n|faint|p1a: Phione\n|\n|-heal|p2a: Zekrom|46/259|[from] item: Leftovers\n|upkeep\n|\n|t:|1733850749\n|switch|p1a: Plusle|Plusle, L95, F|268/268\n|turn|10\n|\n|t:|1733850758\n|move|p2a: Zekrom|Outrage|p1a: Plusle\n|-damage|p1a: Plusle|0 fnt\n|faint|p1a: Plusle\n|\n|-heal|p2a: Zekrom|62/259|[from] item: Leftovers\n|upkeep\n|\n|t:|1733850767\n|switch|p1a: Hatterene|Hatterene, L85, F|124/236\n|turn|11\n|\n|t:|1733850772\n|move|p2a: Zekrom|Outrage|p1a: Hatterene|[from]lockedmove\n|-immune|p1a: Hatterene\n|-start|p2a: Zekrom|confusion|[fatigue]\n|move|p1a: Hatterene|Draining Kiss|p2a: Zekrom\n|-supereffective|p2a: Zekrom\n|-damage|p2a: Zekrom|0 fnt\n|-heal|p1a: Hatterene|171/236|[from] drain|[of] p2a: Zekrom\n|faint|p2a: Zekrom\n|\n|upkeep\n|c|\u2606khaos909|How tf do get these powerful teams really\n|inactive|Battle timer is ON: inactive players will automatically lose when time's up. (requested by khaos909)\n|\n|t:|1733850840\n|switch|p2a: Kyurem|Kyurem-White, L73|303/303\n|-ability|p2a: Kyurem|Turboblaze\n|turn|12\n|inactiveoff|Battle timer is now OFF.\n|\n|t:|1733850885\n|switch|p2a: Lumineon|Lumineon, L93, F|279/279\n|move|p1a: Hatterene|Draining Kiss|p2a: Lumineon\n|-damage|p2a: Lumineon|206/279\n|-heal|p1a: Hatterene|226/236|[from] drain|[of] p2a: Lumineon\n|\n|upkeep\n|turn|13\n|\n|t:|1733850898\n|-terastallize|p2a: Lumineon|Fairy\n|move|p2a: Lumineon|Encore|p1a: Hatterene\n|move|p1a: Hatterene|Encore||[from]ability: Magic Bounce|[still]\n|-fail|p1a: Hatterene\n|move|p1a: Hatterene|Psychic Noise|p2a: Lumineon\n|-damage|p2a: Lumineon|100/279\n|-start|p2a: Lumineon|move: Heal Block\n|\n|upkeep\n|turn|14\n|\n|t:|1733850910\n|move|p2a: Lumineon|Hydro Pump|p1a: Hatterene\n|-damage|p1a: Hatterene|93/236\n|-damage|p2a: Lumineon|73/279|[from] item: Life Orb\n|move|p1a: Hatterene|Psychic Noise|p2a: Lumineon\n|-damage|p2a: Lumineon|0 fnt\n|faint|p2a: Lumineon\n|\n|upkeep\n|c|\u2606khaos909|Fast\n|\n|t:|1733850932\n|switch|p2a: Kyurem|Kyurem-White, L73|303/303\n|-ability|p2a: Kyurem|Turboblaze\n|turn|15\n|\n|t:|1733850947\n|move|p2a: Kyurem|Fusion Flare|p1a: Hatterene\n|-damage|p1a: Hatterene|14/236\n|move|p1a: Hatterene|Draining Kiss|p2a: Kyurem\n|-supereffective|p2a: Kyurem\n|-damage|p2a: Kyurem|163/303\n|-heal|p1a: Hatterene|119/236|[from] drain|[of] p2a: Kyurem\n|\n|upkeep\n|turn|16\n|\n|t:|1733850963\n|move|p2a: Kyurem|Fusion Flare|p1a: Hatterene\n|-damage|p1a: Hatterene|43/236\n|move|p1a: Hatterene|Draining Kiss|p2a: Kyurem\n|-supereffective|p2a: Kyurem\n|-damage|p2a: Kyurem|5/303\n|-heal|p1a: Hatterene|162/236|[from] drain|[of] p2a: Kyurem\n|\n|upkeep\n|turn|17\n|\n|t:|1733850978\n|move|p2a: Kyurem|Fusion Flare|p1a: Hatterene\n|-damage|p1a: Hatterene|82/236\n|move|p1a: Hatterene|Draining Kiss|p2a: Kyurem\n|-supereffective|p2a: Kyurem\n|-damage|p2a: Kyurem|0 fnt\n|-heal|p1a: Hatterene|86/236|[from] drain|[of] p2a: Kyurem\n|faint|p2a: Kyurem\n|\n|upkeep\n|c|\u2606khaos909|Be quick\n|\n|t:|1733851010\n|switch|p2a: Zacian|Zacian, L69|241/241\n|-ability|p2a: Zacian|Intrepid Sword|boost\n|-boost|p2a: Zacian|atk|1\n|turn|18\n|\n|t:|1733851054\n|-terastallize|p1a: Hatterene|Steel\n|move|p2a: Zacian|Play Rough|p1a: Hatterene\n|-resisted|p1a: Hatterene\n|-damage|p1a: Hatterene|1/236\n|move|p1a: Hatterene|Psychic Noise|p2a: Zacian\n|-damage|p2a: Zacian|136/241\n|-start|p2a: Zacian|move: Heal Block\n|\n|upkeep\n|turn|19\n|\n|t:|1733851067\n|move|p2a: Zacian|Play Rough|p1a: Hatterene\n|-resisted|p1a: Hatterene\n|-damage|p1a: Hatterene|0 fnt\n|faint|p1a: Hatterene\n|\n|-end|p2a: Zacian|move: Heal Block\n|upkeep\n|\n|t:|1733851075\n|switch|p1a: Slowbro|Slowbro, L85, M|300/300\n|turn|20\n|\n|t:|1733851109\n|switch|p2a: Girafarig|Girafarig, L89, M|269/269\n|move|p1a: Slowbro|Fire Blast|p2a: Girafarig|[miss]\n|-miss|p1a: Slowbro|p2a: Girafarig\n|\n|upkeep\n|turn|21\n|\n|t:|1733851122\n|move|p2a: Girafarig|Nasty Plot|p2a: Girafarig\n|-boost|p2a: Girafarig|spa|2\n|move|p1a: Slowbro|Fire Blast|p2a: Girafarig\n|-damage|p2a: Girafarig|200/269\n|\n|upkeep\n|turn|22\n|\n|t:|1733851131\n|move|p2a: Girafarig|Thunderbolt|p1a: Slowbro\n|-supereffective|p1a: Slowbro\n|-damage|p1a: Slowbro|116/300\n|move|p1a: Slowbro|Future Sight|p2a: Girafarig\n|-start|p1a: Slowbro|move: Future Sight\n|\n|upkeep\n|turn|23\n|\n|t:|1733851138\n|move|p2a: Girafarig|Thunderbolt|p1a: Slowbro\n|-supereffective|p1a: Slowbro\n|-damage|p1a: Slowbro|0 fnt\n|faint|p1a: Slowbro\n|\n|win|KumaonTiger436\n|c|\u2606KumaonTiger436|Gg\n", "inputlog": ">version bfd83cad13791eb5a5a409923076391caf6fb4d4\n>start {\"formatid\":\"gen9randombattle\",\"seed\":[38658,59480,7390,65323]}\n>player p1 {\"name\":\"khaos909\",\"avatar\":\"266\",\"rating\":0,\"seed\":[3940,7642,39596,46952]}\n>player p2 {\"name\":\"KumaonTiger436\",\"avatar\":\"veteran\",\"rating\":0,\"seed\":[15773,59220,44194,21517]}\n>p1 move outrage\n>p2 move dracometeor\n>chat \u2606khaos909|Yoo\n>chat \u2606KumaonTiger436|Yooo\n>p1 switch 5\n>chat \u2606KumaonTiger436|Yoo\n>chat \u2606KumaonTiger436|Bro\n>chat \u2606khaos909|Yes\n>chat \u2606khaos909|I'm here\n>chat \u2606KumaonTiger436|Bri tyoe \n>chat \u2606khaos909|Yes \ud83d\ude02\ud83e\udd70 \n>chat \u2606KumaonTiger436|First pute /weak\n>chat \u2606khaos909|Battle broo\n>chat \u2606khaos909|Ok\n>chat \u2606KumaonTiger436|Then space and then pikachu\n>chat \u2606khaos909|Ok\n>chat \u2606KumaonTiger436|Did you get it\n>chat \u2606khaos909|Yes \n>chat \u2606khaos909|Broo \n>chat \u2606khaos909|Battle\n>chat \u2606khaos909|Broo be quick\n>p1 move drainingkiss\n>p2 switch 4\n>p1 move mysticalfire\n>p2 move knockoff\n>chat \u2606KumaonTiger436|Use it next time\n>chat \u2606KumaonTiger436|It cool aint it\n>p1 switch 6\n>p2 move facade\n>p1 switch 3\n>p2 move facade\n>p2 switch 3\n>chat \u2606khaos909|Ur team is strong asf wtf\n>chat \u2606KumaonTiger436|Yeah fr but i might lose this one\n>p1 move gunkshot\n>p2 move substitute\n>p1 move shadowsneak\n>p2 move dragondance\n>p1 move shadowsneak\n>p2 move boltstrike\n>p1 switch 3\n>p1 move grassknot\n>p2 move boltstrike\n>p1 switch 4\n>p1 move thunderbolt\n>p2 move outrage\n>p1 switch 6\n>p1 move drainingkiss\n>p2 move outrage\n>chat \u2606khaos909|How tf do get these powerful teams really\n>p2 switch 4\n>p1 move drainingkiss\n>p2 switch 5\n>p1 move psychicnoise\n>p2 move encore terastallize\n>p1 move psychicnoise\n>p2 move hydropump\n>chat \u2606khaos909|Fast\n>p2 switch 5\n>p1 move drainingkiss\n>p2 move fusionflare\n>p1 move drainingkiss\n>p2 move fusionflare\n>p1 move drainingkiss\n>p2 move fusionflare\n>chat \u2606khaos909|Be quick \n>p2 switch 2\n>p1 move psychicnoise terastallize\n>p2 move playrough\n>p1 move psychicnoise\n>p2 move playrough\n>p1 switch 2\n>p1 move fireblast\n>p2 switch 6\n>p1 move fireblast\n>p2 move nastyplot\n>p1 move futuresight\n>p2 move thunderbolt\n>p1 move bodypress\n>p2 move thunderbolt", "uploadtime": 1733851165, "views": 2, "formatid": "gen9randombattle", "rating": null, "private": 0, "password": null}