{"id": "gen9randombattle-2247378513", "format": "[Gen 9] Random Battle", "players": ["Oh No! Charizard", "physicsgurl"], "log": "|j|\u2606Oh No! Charizard\n|j|\u2606physicsgurl\n|t:|1732078065\n|gametype|singles\n|player|p1|Oh No! Charizard|klara|2297\n|player|p2|physicsgurl|colress|2212\n|teamsize|p1|6\n|teamsize|p2|6\n|gen|9\n|tier|[Gen 9] Random Battle\n|rated|\n|rule|Species Clause: Limit one of each Pok\u00e9mon\n|rule|HP Percentage Mod: HP is shown in percentages\n|rule|Sleep Clause Mod: Limit one foe put to sleep\n|rule|Illusion Level Mod: Illusion disguises the Pok\u00e9mon's true level\n|\n|t:|1732078065\n|start\n|switch|p1a: Dugtrio|Dugtrio-Alola, L84, M|196/196\n|switch|p2a: Piloswine|Piloswine, L85, F|309/309\n|turn|1\n|inactive|Battle timer is ON: inactive players will automatically lose when time's up. (requested by Oh No! Charizard)\n|c|\u2606physicsgurl|glhf\n|\n|t:|1732078086\n|switch|p2a: Blastoise|Blastoise, L80, M|258/258\n|move|p1a: Dugtrio|Iron Head|p2a: Blastoise\n|-resisted|p2a: Blastoise\n|-damage|p2a: Blastoise|202/258\n|-damage|p1a: Dugtrio|177/196|[from] item: Life Orb\n|\n|upkeep\n|turn|2\n|\n|t:|1732078103\n|switch|p1a: Mesprit|Mesprit, L85|275/275\n|move|p2a: Blastoise|Hydro Pump|p1a: Mesprit\n|-damage|p1a: Mesprit|218/275\n|\n|upkeep\n|turn|3\n|\n|t:|1732078108\n|switch|p2a: Piloswine|Piloswine, L85, F|309/309\n|move|p1a: Mesprit|Psychic Noise|p2a: Piloswine\n|-damage|p2a: Piloswine|225/309\n|-start|p2a: Piloswine|move: Heal Block\n|\n|upkeep\n|turn|4\n|\n|t:|1732078113\n|move|p1a: Mesprit|Drain Punch|p2a: Piloswine\n|-supereffective|p2a: Piloswine\n|-damage|p2a: Piloswine|145/309\n|-heal|p1a: Mesprit|258/275|[from] drain|[of] p2a: Piloswine\n|move|p2a: Piloswine|Stealth Rock|p1a: Mesprit\n|-sidestart|p1: Oh No! Charizard|move: Stealth Rock\n|\n|-end|p2a: Piloswine|move: Heal Block\n|upkeep\n|turn|5\n|\n|t:|1732078122\n|switch|p2a: Frosmoth|Frosmoth, L82, M|249/249\n|move|p1a: Mesprit|Drain Punch|p2a: Frosmoth\n|-damage|p2a: Frosmoth|165/249\n|-heal|p1a: Mesprit|275/275|[from] drain|[of] p2a: Frosmoth\n|\n|upkeep\n|turn|6\n|\n|t:|1732078126\n|move|p1a: Mesprit|Drain Punch|p2a: Frosmoth\n|-damage|p2a: Frosmoth|93/249\n|move|p2a: Frosmoth|Quiver Dance|p2a: Frosmoth\n|-boost|p2a: Frosmoth|spa|1\n|-boost|p2a: Frosmoth|spd|1\n|-boost|p2a: Frosmoth|spe|1\n|\n|upkeep\n|turn|7\n|\n|t:|1732078129\n|move|p2a: Frosmoth|Bug Buzz|p1a: Mesprit\n|-supereffective|p1a: Mesprit\n|-damage|p1a: Mesprit|93/275\n|move|p1a: Mesprit|Drain Punch|p2a: Frosmoth\n|-damage|p2a: Frosmoth|17/249\n|-heal|p1a: Mesprit|131/275|[from] drain|[of] p2a: Frosmoth\n|\n|upkeep\n|turn|8\n|\n|t:|1732078136\n|switch|p1a: Dugtrio|Dugtrio-Alola, L84, M|177/196\n|-damage|p1a: Dugtrio|171/196|[from] Stealth Rock\n|move|p2a: Frosmoth|Bug Buzz|p1a: Dugtrio\n|-resisted|p1a: Dugtrio\n|-damage|p1a: Dugtrio|70/196\n|-unboost|p1a: Dugtrio|spd|1\n|\n|upkeep\n|turn|9\n|\n|t:|1732078155\n|move|p1a: Dugtrio|Earthquake|p2a: Frosmoth\n|-resisted|p2a: Frosmoth\n|-damage|p2a: Frosmoth|0 fnt\n|faint|p2a: Frosmoth\n|-damage|p1a: Dugtrio|51/196|[from] item: Life Orb\n|\n|upkeep\n|\n|t:|1732078160\n|switch|p2a: Grumpig|Grumpig, L92, M|297/297\n|turn|10\n|\n|t:|1732078164\n|move|p2a: Grumpig|Shadow Ball|p1a: Dugtrio\n|-damage|p1a: Dugtrio|0 fnt\n|faint|p1a: Dugtrio\n|\n|upkeep\n|\n|t:|1732078179\n|switch|p1a: Minun|Minun, L95, M|268/268\n|-damage|p1a: Minun|235/268|[from] Stealth Rock\n|turn|11\n|\n|t:|1732078192\n|switch|p2a: Reuniclus|Reuniclus, L88, F|337/337\n|move|p1a: Minun|Nasty Plot|p1a: Minun\n|-boost|p1a: Minun|spa|2\n|\n|upkeep\n|turn|12\n|\n|t:|1732078195\n|move|p1a: Minun|Alluring Voice|p2a: Reuniclus\n|-damage|p2a: Reuniclus|186/337\n|-damage|p1a: Minun|209/268|[from] item: Life Orb\n|move|p2a: Reuniclus|Psyshock|p1a: Minun\n|-damage|p1a: Minun|1/268\n|\n|upkeep\n|turn|13\n|\n|t:|1732078199\n|move|p1a: Minun|Thunderbolt|p2a: Reuniclus\n|-damage|p2a: Reuniclus|0 fnt\n|faint|p2a: Reuniclus\n|-damage|p1a: Minun|0 fnt|[from] item: Life Orb\n|faint|p1a: Minun\n|\n|upkeep\n|\n|t:|1732078211\n|switch|p1a: Mesprit|Mesprit, L85|131/275\n|switch|p2a: Grumpig|Grumpig, L92, M|297/297\n|-damage|p1a: Mesprit|97/275|[from] Stealth Rock\n|turn|14\n|\n|t:|1732078238\n|move|p2a: Grumpig|Shadow Ball|p1a: Mesprit\n|-supereffective|p1a: Mesprit\n|-damage|p1a: Mesprit|21/275\n|move|p1a: Mesprit|Thunderbolt|p2a: Grumpig\n|-damage|p2a: Grumpig|244/297\n|\n|upkeep\n|turn|15\n|\n|t:|1732078243\n|move|p2a: Grumpig|Shadow Ball|p1a: Mesprit\n|-supereffective|p1a: Mesprit\n|-damage|p1a: Mesprit|0 fnt\n|faint|p1a: Mesprit\n|\n|upkeep\n|\n|t:|1732078246\n|switch|p1a: Crabominable|Crabominable, L90, M|321/321\n|-damage|p1a: Crabominable|281/321|[from] Stealth Rock\n|turn|16\n|\n|t:|1732078261\n|switch|p2a: Piloswine|Piloswine, L85, F|145/309\n|move|p1a: Crabominable|Knock Off|p2a: Piloswine\n|-damage|p2a: Piloswine|30/309\n|-enditem|p2a: Piloswine|Eviolite|[from] move: Knock Off|[of] p1a: Crabominable\n|\n|upkeep\n|turn|17\n|\n|t:|1732078267\n|move|p2a: Piloswine|Earthquake|p1a: Crabominable\n|-damage|p1a: Crabominable|172/321\n|move|p1a: Crabominable|Knock Off|p2a: Piloswine\n|-crit|p2a: Piloswine\n|-damage|p2a: Piloswine|0 fnt\n|faint|p2a: Piloswine\n|\n|upkeep\n|\n|t:|1732078275\n|switch|p2a: Blastoise|Blastoise, L80, M|202/258\n|turn|18\n|\n|t:|1732078282\n|move|p2a: Blastoise|Shell Smash|p2a: Blastoise\n|-unboost|p2a: Blastoise|def|1\n|-unboost|p2a: Blastoise|spd|1\n|-boost|p2a: Blastoise|atk|2\n|-boost|p2a: Blastoise|spa|2\n|-boost|p2a: Blastoise|spe|2\n|-enditem|p2a: Blastoise|White Herb\n|-clearnegativeboost|p2a: Blastoise|[silent]\n|move|p1a: Crabominable|Knock Off|p2a: Blastoise\n|-damage|p2a: Blastoise|104/258\n|\n|upkeep\n|turn|19\n|\n|t:|1732078309\n|move|p2a: Blastoise|Hydro Pump|p1a: Crabominable|[miss]\n|-miss|p2a: Blastoise|p1a: Crabominable\n|move|p1a: Crabominable|Knock Off|p2a: Blastoise\n|-damage|p2a: Blastoise|11/258\n|\n|upkeep\n|turn|20\n|\n|t:|1732078314\n|move|p2a: Blastoise|Hydro Pump|p1a: Crabominable\n|-damage|p1a: Crabominable|0 fnt\n|faint|p1a: Crabominable\n|\n|upkeep\n|\n|t:|1732078316\n|switch|p1a: Raichu|Raichu-Alola, L87, M|246/246\n|-damage|p1a: Raichu|216/246|[from] Stealth Rock\n|turn|21\n|\n|t:|1732078334\n|-terastallize|p1a: Raichu|Water\n|move|p2a: Blastoise|Hydro Pump|p1a: Raichu\n|-resisted|p1a: Raichu\n|-damage|p1a: Raichu|69/246\n|move|p1a: Raichu|Surf|p2a: Blastoise\n|-resisted|p2a: Blastoise\n|-damage|p2a: Blastoise|0 fnt\n|faint|p2a: Blastoise\n|\n|upkeep\n|\n|t:|1732078341\n|switch|p2a: Grumpig|Grumpig, L92, M|244/297\n|turn|22\n|\n|t:|1732078344\n|move|p2a: Grumpig|Psychic|p1a: Raichu\n|-damage|p1a: Raichu|0 fnt\n|faint|p1a: Raichu\n|\n|upkeep\n|\n|t:|1732078345\n|switch|p1a: Flygon|Flygon, L82, F|265/265\n|-damage|p1a: Flygon|249/265|[from] Stealth Rock\n|turn|23\n|\n|t:|1732078356\n|-terastallize|p2a: Grumpig|Psychic\n|move|p1a: Flygon|Outrage|p2a: Grumpig\n|-damage|p2a: Grumpig|109/297\n|move|p2a: Grumpig|Psychic|p1a: Flygon\n|-damage|p1a: Flygon|101/265\n|\n|upkeep\n|turn|24\n|\n|t:|1732078368\n|move|p1a: Flygon|Outrage|p2a: Grumpig|[from]lockedmove\n|-damage|p2a: Grumpig|0 fnt\n|faint|p2a: Grumpig\n|-start|p1a: Flygon|confusion|[fatigue]\n|\n|upkeep\n|\n|t:|1732078371\n|switch|p2a: Arbok|Arbok, L87, M|246/246\n|-ability|p2a: Arbok|Intimidate|boost\n|-unboost|p1a: Flygon|atk|1\n|turn|25\n|\n|t:|1732078373\n|-activate|p1a: Flygon|confusion\n|move|p1a: Flygon|Outrage|p2a: Arbok\n|-damage|p2a: Arbok|150/246\n|move|p2a: Arbok|Trailblaze|p1a: Flygon\n|-damage|p1a: Flygon|63/265\n|-boost|p2a: Arbok|spe|1\n|\n|-heal|p2a: Arbok|165/246|[from] item: Leftovers\n|upkeep\n|turn|26\n|\n|t:|1732078377\n|-activate|p1a: Flygon|confusion\n|move|p1a: Flygon|Outrage|p2a: Arbok|[from]lockedmove\n|-damage|p2a: Arbok|77/246\n|move|p2a: Arbok|Trailblaze|p1a: Flygon\n|-damage|p1a: Flygon|23/265\n|-boost|p2a: Arbok|spe|1\n|\n|-heal|p2a: Arbok|92/246|[from] item: Leftovers\n|upkeep\n|turn|27\n|\n|t:|1732078382\n|move|p2a: Arbok|Trailblaze|p1a: Flygon\n|-damage|p1a: Flygon|0 fnt\n|-boost|p2a: Arbok|spe|1\n|faint|p1a: Flygon\n|\n|win|physicsgurl\n|raw|Oh No! Charizard's rating: 2297 &rarr; <strong>2272</strong><br />(-25 for losing)\n|raw|physicsgurl's rating: 2212 &rarr; <strong>2237</strong><br />(+25 for winning)\n|c|\u2606physicsgurl|gg\n|l|\u2606Oh No! Charizard\n|player|p1|\n|l|\u2606physicsgurl\n|player|p2|\n", "inputlog": ">version baf9aa68cbe18cf25f290680a08c9ad9c5e3e828\n>start {\"formatid\":\"gen9randombattle\",\"seed\":[45007,18651,33292,50302],\"rated\":\"Rated battle\"}\n>player p1 {\"name\":\"Oh No! Charizard\",\"avatar\":\"klara\",\"rating\":2297,\"seed\":[11274,35158,28084,17441]}\n>player p2 {\"name\":\"physicsgurl\",\"avatar\":\"colress\",\"rating\":2212,\"seed\":[13067,59285,47336,24298]}\n>chat \u2606physicsgurl|glhf\n>p1 move ironhead\n>p2 switch 2\n>p1 switch 2\n>p2 move hydropump\n>p1 move psychicnoise\n>p2 switch 2\n>p1 move drainpunch\n>p2 move stealthrock\n>p1 move drainpunch\n>p2 switch 4\n>p1 move drainpunch\n>p2 move quiverdance\n>p1 move drainpunch\n>p2 move bugbuzz\n>p1 switch 2\n>p2 move bugbuzz\n>p1 move earthquake\n>p2 move icebeam\n>p2 switch 3\n>p1 move stealthrock\n>p2 move shadowball\n>p1 switch 4\n>p1 move nastyplot\n>p2 switch 6\n>p1 move alluringvoice\n>p2 move psyshock\n>p1 move thunderbolt\n>p2 move recover\n>p1 switch 2\n>p2 switch 6\n>p1 move thunderbolt\n>p2 move shadowball\n>p1 move thunderbolt\n>p2 move shadowball\n>p1 switch 6\n>p1 move knockoff\n>p2 switch 4\n>p1 move knockoff\n>p2 move earthquake\n>p2 switch 2\n>p1 move knockoff\n>p2 move shellsmash\n>p1 move knockoff\n>p2 move hydropump\n>p1 move knockoff\n>p2 move hydropump\n>p1 switch 5\n>p1 move surf terastallize\n>p2 move hydropump\n>p2 switch 4\n>p1 move surf\n>p2 move psychic\n>p1 switch 3\n>p1 move outrage\n>p2 move psychic terastallize\n>p1 move outrage\n>p2 move psychic\n>p2 switch 5\n>p1 move outrage\n>p2 move trailblaze\n>p1 move outrage\n>p2 move trailblaze\n>p1 move outrage\n>p2 move trailblaze", "uploadtime": 1732079105, "views": 39, "formatid": "gen9randombattle", "rating": 2237, "private": 0, "password": null}