{"id": "gen9randombattle-2260092709", "format": "[Gen 9] Random Battle", "players": ["hmmjrji", "canyousparechange"], "log": "|j|\u2606hmmjrji\n|j|\u2606canyousparechange\n|t:|1733801360\n|gametype|singles\n|player|p1|hmmjrji|2|2053\n|player|p2|canyousparechange|li|2030\n|teamsize|p1|6\n|teamsize|p2|6\n|gen|9\n|tier|[Gen 9] Random Battle\n|rated|\n|rule|Species Clause: Limit one of each Pok\u00e9mon\n|rule|HP Percentage Mod: HP is shown in percentages\n|rule|Sleep Clause Mod: Limit one foe put to sleep\n|rule|Illusion Level Mod: Illusion disguises the Pok\u00e9mon's true level\n|\n|t:|1733801360\n|start\n|switch|p1a: Scizor|Scizor, L79, M|240/240\n|switch|p2a: Medicham|Medicham, L86, F|243/243\n|turn|1\n|inactive|Battle timer is ON: inactive players will automatically lose when time's up. (requested by canyousparechange)\n|\n|t:|1733801376\n|move|p2a: Medicham|Close Combat|p1a: Scizor\n|-damage|p1a: Scizor|0 fnt\n|-unboost|p2a: Medicham|def|1\n|-unboost|p2a: Medicham|spd|1\n|faint|p1a: Scizor\n|\n|upkeep\n|\n|t:|1733801401\n|switch|p1a: Barraskewda|Barraskewda, L81, F|231/231\n|turn|2\n|\n|t:|1733801411\n|switch|p2a: Cramorant|Cramorant, L86, M|261/261\n|move|p1a: Barraskewda|Flip Turn|p2a: Cramorant\n|-resisted|p2a: Cramorant\n|-damage|p2a: Cramorant|183/261\n|\n|t:|1733801419\n|switch|p1a: Iron Hands|Iron Hands, L79|373/373|[from] Flip Turn\n|\n|upkeep\n|turn|3\n|\n|t:|1733801444\n|switch|p2a: Crabominable|Crabominable, L90, F|321/321\n|move|p1a: Iron Hands|Swords Dance|p1a: Iron Hands\n|-boost|p1a: Iron Hands|atk|2\n|\n|upkeep\n|turn|4\n|\n|t:|1733801461\n|switch|p2a: Gothitelle|Gothitelle, L90, M|272/272\n|move|p1a: Iron Hands|Drain Punch|p2a: Gothitelle\n|-resisted|p2a: Gothitelle\n|-damage|p2a: Gothitelle|194/272\n|\n|-heal|p2a: Gothitelle|211/272|[from] item: Leftovers\n|upkeep\n|turn|5\n|\n|t:|1733801474\n|-terastallize|p1a: Iron Hands|Flying\n|move|p2a: Gothitelle|Psychic Noise|p1a: Iron Hands\n|-damage|p1a: Iron Hands|262/373\n|-start|p1a: Iron Hands|move: Heal Block\n|move|p1a: Iron Hands|Thunder Punch|p2a: Gothitelle\n|-damage|p2a: Gothitelle|45/272\n|-status|p2a: Gothitelle|par\n|\n|-heal|p2a: Gothitelle|62/272 par|[from] item: Leftovers\n|upkeep\n|turn|6\n|\n|t:|1733801488\n|move|p1a: Iron Hands|Ice Punch|p2a: Gothitelle\n|-damage|p2a: Gothitelle|0 fnt\n|faint|p2a: Gothitelle\n|\n|-end|p1a: Iron Hands|move: Heal Block\n|upkeep\n|\n|t:|1733801491\n|switch|p2a: Crabominable|Crabominable, L90, F|321/321\n|turn|7\n|\n|t:|1733801496\n|-end|p1a: Iron Hands|Quark Drive|[silent]\n|switch|p1a: Barraskewda|Barraskewda, L81, F|231/231\n|move|p2a: Crabominable|Ice Hammer|p1a: Barraskewda|[miss]\n|-miss|p2a: Crabominable|p1a: Barraskewda\n|\n|upkeep\n|turn|8\n|\n|t:|1733801503\n|move|p1a: Barraskewda|Waterfall|p2a: Crabominable\n|-damage|p2a: Crabominable|186/321\n|cant|p2a: Crabominable|flinch\n|\n|upkeep\n|turn|9\n|\n|t:|1733801506\n|switch|p2a: Cramorant|Cramorant, L86, M|183/261\n|move|p1a: Barraskewda|Waterfall|p2a: Cramorant\n|-resisted|p2a: Cramorant\n|-damage|p2a: Cramorant|85/261\n|\n|upkeep\n|turn|10\n|\n|t:|1733801516\n|move|p1a: Barraskewda|Waterfall|p2a: Cramorant\n|-resisted|p2a: Cramorant\n|-damage|p2a: Cramorant|0 fnt\n|faint|p2a: Cramorant\n|\n|upkeep\n|\n|t:|1733801520\n|switch|p2a: Crabominable|Crabominable, L90, F|186/321\n|turn|11\n|\n|t:|1733801526\n|move|p1a: Barraskewda|Waterfall|p2a: Crabominable\n|-damage|p2a: Crabominable|32/321\n|move|p2a: Crabominable|Gunk Shot|p1a: Barraskewda\n|-damage|p1a: Barraskewda|0 fnt\n|faint|p1a: Barraskewda\n|\n|upkeep\n|\n|t:|1733801536\n|switch|p1a: Chansey|Chansey, L85, F|564/564\n|turn|12\n|inactive|canyousparechange has 120 seconds left.\n|\n|t:|1733801576\n|switch|p2a: Gholdengo|Gholdengo, L77|261/261\n|move|p1a: Chansey|Seismic Toss|p2a: Gholdengo\n|-immune|p2a: Gholdengo\n|\n|upkeep\n|turn|13\n|\n|t:|1733801585\n|switch|p2a: Medicham|Medicham, L86, F|243/243\n|move|p1a: Chansey|Stealth Rock|p2a: Medicham\n|-sidestart|p2: canyousparechange|move: Stealth Rock\n|\n|upkeep\n|turn|14\n|\n|t:|1733801594\n|move|p2a: Medicham|Zen Headbutt|p1a: Chansey\n|-damage|p1a: Chansey|140/564\n|move|p1a: Chansey|Thunder Wave|p2a: Medicham\n|-status|p2a: Medicham|par\n|\n|upkeep\n|turn|15\n|\n|t:|1733801599\n|move|p1a: Chansey|Seismic Toss|p2a: Medicham\n|-damage|p2a: Medicham|158/243 par\n|move|p2a: Medicham|Zen Headbutt|p1a: Chansey\n|-damage|p1a: Chansey|0 fnt\n|faint|p1a: Chansey\n|\n|upkeep\n|\n|t:|1733801603\n|switch|p1a: Lurantis|Lurantis, L87, M|264/264\n|turn|16\n|\n|t:|1733801613\n|move|p1a: Lurantis|Knock Off|p2a: Medicham\n|-damage|p2a: Medicham|79/243 par\n|-enditem|p2a: Medicham|Choice Band|[from] move: Knock Off|[of] p1a: Lurantis\n|move|p2a: Medicham|Zen Headbutt|p1a: Lurantis\n|-damage|p1a: Lurantis|144/264\n|\n|-heal|p1a: Lurantis|160/264|[from] item: Leftovers\n|upkeep\n|turn|17\n|\n|t:|1733801623\n|move|p1a: Lurantis|Synthesis|p1a: Lurantis\n|-heal|p1a: Lurantis|264/264\n|move|p2a: Medicham|Zen Headbutt|p1a: Lurantis\n|-damage|p1a: Lurantis|153/264\n|\n|-heal|p1a: Lurantis|169/264|[from] item: Leftovers\n|upkeep\n|turn|18\n|\n|t:|1733801626\n|switch|p2a: Braviary|Braviary, L85, M|309/309\n|move|p1a: Lurantis|Superpower|p2a: Braviary\n|-damage|p2a: Braviary|197/309\n|-boost|p1a: Lurantis|atk|1\n|-boost|p1a: Lurantis|def|1\n|\n|-heal|p1a: Lurantis|185/264|[from] item: Leftovers\n|upkeep\n|turn|19\n|\n|t:|1733801636\n|move|p2a: Braviary|Brave Bird|p1a: Lurantis\n|-supereffective|p1a: Lurantis\n|-damage|p1a: Lurantis|0 fnt\n|faint|p1a: Lurantis\n|-damage|p2a: Braviary|136/309|[from] Recoil\n|\n|upkeep\n|\n|t:|1733801642\n|switch|p1a: Iron Hands|Iron Hands, L79, tera:Flying|262/373\n|turn|20\n|\n|t:|1733801651\n|move|p2a: Braviary|Brave Bird|p1a: Iron Hands\n|-damage|p1a: Iron Hands|112/373\n|-damage|p2a: Braviary|86/309|[from] Recoil\n|move|p1a: Iron Hands|Thunder Punch|p2a: Braviary\n|-supereffective|p2a: Braviary\n|-damage|p2a: Braviary|0 fnt\n|faint|p2a: Braviary\n|\n|-heal|p1a: Iron Hands|135/373|[from] item: Leftovers\n|upkeep\n|\n|t:|1733801658\n|switch|p2a: Gholdengo|Gholdengo, L77|261/261\n|-damage|p2a: Gholdengo|245/261|[from] Stealth Rock\n|turn|21\n|\n|t:|1733801665\n|move|p2a: Gholdengo|Make It Rain|p1a: Iron Hands\n|-damage|p1a: Iron Hands|0 fnt\n|-unboost|p2a: Gholdengo|spa|1\n|faint|p1a: Iron Hands\n|-end|p1a: Iron Hands|Quark Drive|[silent]\n|\n|-heal|p2a: Gholdengo|261/261|[from] item: Leftovers\n|upkeep\n|\n|t:|1733801669\n|switch|p1a: Tatsugiri|Tatsugiri-Stretchy, L87, F|260/260\n|turn|22\n|\n|t:|1733801688\n|move|p1a: Tatsugiri|Nasty Plot|p1a: Tatsugiri\n|-boost|p1a: Tatsugiri|spa|2\n|move|p2a: Gholdengo|Nasty Plot|p2a: Gholdengo\n|-boost|p2a: Gholdengo|spa|2\n|\n|upkeep\n|turn|23\n|\n|t:|1733801692\n|move|p1a: Tatsugiri|Hydro Pump|p2a: Gholdengo|[miss]\n|-miss|p1a: Tatsugiri|p2a: Gholdengo\n|move|p2a: Gholdengo|Shadow Ball|p1a: Tatsugiri\n|-damage|p1a: Tatsugiri|140/260\n|\n|upkeep\n|turn|24\n|\n|t:|1733801703\n|move|p1a: Tatsugiri|Hydro Pump|p2a: Gholdengo|[miss]\n|-miss|p1a: Tatsugiri|p2a: Gholdengo\n|move|p2a: Gholdengo|Shadow Ball|p1a: Tatsugiri\n|-damage|p1a: Tatsugiri|11/260\n|\n|upkeep\n|turn|25\n|\n|t:|1733801714\n|move|p1a: Tatsugiri|Hydro Pump|p2a: Gholdengo\n|-damage|p2a: Gholdengo|0 fnt\n|faint|p2a: Gholdengo\n|\n|upkeep\n|c|\u2606canyousparechange|its not over yet\n|\n|t:|1733801717\n|switch|p2a: Medicham|Medicham, L86, F|79/243 par\n|-damage|p2a: Medicham|64/243 par|[from] Stealth Rock\n|turn|26\n|\n|t:|1733801726\n|cant|p2a: Medicham|par\n|move|p1a: Tatsugiri|Hydro Pump|p2a: Medicham\n|-damage|p2a: Medicham|0 fnt\n|faint|p2a: Medicham\n|\n|upkeep\n|\n|t:|1733801730\n|switch|p2a: Crabominable|Crabominable, L90, F|32/321\n|-damage|p2a: Crabominable|0 fnt|[from] Stealth Rock\n|faint|p2a: Crabominable\n|\n|win|hmmjrji\n|raw|hmmjrji's rating: 2053 &rarr; <strong>2071</strong><br />(+18 for winning)\n|raw|canyousparechange's rating: 2013 &rarr; <strong>1995</strong><br />(-18 for losing)\n|c|\u2606canyousparechange|i told you\n|c|\u2606canyousparechange|gg\n|c|\u2606hmmjrji|Gg\n", "inputlog": ">version bfd83cad13791eb5a5a409923076391caf6fb4d4\n>start {\"formatid\":\"gen9randombattle\",\"seed\":[43959,59308,40142,20413],\"rated\":\"Rated battle\"}\n>player p1 {\"name\":\"hmmjrji\",\"avatar\":\"2\",\"rating\":2053,\"seed\":[154,26187,16851,45706]}\n>player p2 {\"name\":\"canyousparechange\",\"avatar\":\"li\",\"rating\":2030,\"seed\":[26426,34846,9768,22828]}\n>p1 move uturn\n>p2 move closecombat\n>p1 switch 3\n>p1 move flipturn\n>p2 switch 4\n>p1 switch 2\n>p1 move swordsdance\n>p2 switch 6\n>p1 move drainpunch\n>p2 switch 2\n>p1 move thunderpunch terastallize\n>p2 move psychicnoise\n>p1 move icepunch\n>p2 move psychicnoise\n>p2 switch 2\n>p1 switch 2\n>p2 move icehammer\n>p1 move waterfall\n>p2 move icehammer\n>p1 move waterfall\n>p2 switch 6\n>p1 move waterfall\n>p2 move roost\n>p2 switch 6\n>p1 move waterfall\n>p2 move gunkshot\n>p1 switch 4\n>p1 move seismictoss\n>p2 switch 3\n>p1 move stealthrock\n>p2 switch 4\n>p1 move thunderwave\n>p2 move zenheadbutt\n>p1 move seismictoss\n>p2 move zenheadbutt\n>p1 switch 6\n>p1 move knockoff\n>p2 move zenheadbutt\n>p1 move synthesis\n>p2 move zenheadbutt\n>p1 move superpower\n>p2 switch 5\n>p1 move superpower\n>p2 move bravebird\n>p1 switch 2\n>p1 move thunderpunch\n>p2 move bravebird\n>p2 switch 4\n>p1 move thunderpunch\n>p2 move makeitrain\n>p1 switch 5\n>p1 move nastyplot\n>p2 move nastyplot\n>p1 move hydropump\n>p2 move shadowball\n>p1 move hydropump\n>p2 move shadowball\n>p1 move hydropump\n>p2 move shadowball\n>chat \u2606canyousparechange|its not over yet\n>p2 switch 5\n>p1 move hydropump\n>p2 move bulletpunch\n>p2 switch 3", "uploadtime": 1733801737, "views": 16, "formatid": "gen9randombattle", "rating": 1995, "private": 0, "password": null}