{"id": "gen9randombattle-2260591790", "format": "[Gen 9] Random Battle", "players": ["freeuser", "Davriel90"], "log": "|j|\u2606freeuser\n|j|\u2606Davriel90\n|t:|1733866938\n|gametype|singles\n|player|p1|freeuser|1|1430\n|player|p2|Davriel90|steven|1451\n|teamsize|p1|6\n|teamsize|p2|6\n|gen|9\n|tier|[Gen 9] Random Battle\n|rated|\n|rule|Species Clause: Limit one of each Pok\u00e9mon\n|rule|HP Percentage Mod: HP is shown in percentages\n|rule|Sleep Clause Mod: Limit one foe put to sleep\n|rule|Illusion Level Mod: Illusion disguises the Pok\u00e9mon's true level\n|\n|t:|1733866938\n|start\n|switch|p1a: Skeledirge|Skeledirge, L79, M|294/294\n|switch|p2a: Pachirisu|Pachirisu, L96, M|271/271\n|turn|1\n|\n|t:|1733866968\n|switch|p1a: Terapagos|Terapagos, L76, M|262/262\n|-activate|p1a: Terapagos|ability: Tera Shift\n|detailschange|p1a: Terapagos|Terapagos-Terastal, L76, M\n|-heal|p1a: Terapagos|269/269|[silent]\n|move|p2a: Pachirisu|Nuzzle|p1a: Terapagos\n|-activate|p1a: Terapagos|ability: Tera Shell\n|-resisted|p1a: Terapagos\n|-damage|p1a: Terapagos|261/269\n|-status|p1a: Terapagos|par\n|\n|upkeep\n|turn|2\n|inactive|Battle timer is ON: inactive players will automatically lose when time's up. (requested by freeuser)\n|\n|t:|1733866985\n|move|p2a: Pachirisu|Super Fang|p1a: Terapagos\n|-damage|p1a: Terapagos|131/269 par\n|move|p1a: Terapagos|Calm Mind|p1a: Terapagos\n|-boost|p1a: Terapagos|spa|1\n|-boost|p1a: Terapagos|spd|1\n|\n|upkeep\n|turn|3\n|\n|t:|1733867009\n|move|p2a: Pachirisu|Super Fang|p1a: Terapagos|[miss]\n|-miss|p2a: Pachirisu|p1a: Terapagos\n|cant|p1a: Terapagos|par\n|\n|upkeep\n|turn|4\n|\n|t:|1733867031\n|move|p2a: Pachirisu|Thunderbolt|p1a: Terapagos\n|-damage|p1a: Terapagos|85/269 par\n|move|p1a: Terapagos|Calm Mind|p1a: Terapagos\n|-boost|p1a: Terapagos|spa|1\n|-boost|p1a: Terapagos|spd|1\n|\n|upkeep\n|turn|5\n|\n|t:|1733867040\n|move|p2a: Pachirisu|Super Fang|p1a: Terapagos\n|-damage|p1a: Terapagos|43/269 par\n|cant|p1a: Terapagos|par\n|\n|upkeep\n|turn|6\n|\n|t:|1733867054\n|move|p2a: Pachirisu|U-turn|p1a: Terapagos\n|-damage|p1a: Terapagos|6/269 par\n|\n|t:|1733867064\n|switch|p2a: Carbink|Carbink, L90|236/236|[from] U-turn\n|move|p1a: Terapagos|Rest|p1a: Terapagos\n|-status|p1a: Terapagos|slp|[from] move: Rest\n|-heal|p1a: Terapagos|269/269 slp|[silent]\n|-enditem|p1a: Terapagos|Chesto Berry|[eat]\n|-curestatus|p1a: Terapagos|slp|[msg]\n|\n|upkeep\n|turn|7\n|\n|t:|1733867085\n|move|p1a: Terapagos|Earth Power|p2a: Carbink\n|-supereffective|p2a: Carbink\n|-damage|p2a: Carbink|104/236\n|move|p2a: Carbink|Body Press|p1a: Terapagos\n|-activate|p1a: Terapagos|ability: Tera Shell\n|-resisted|p1a: Terapagos\n|-damage|p1a: Terapagos|227/269\n|\n|upkeep\n|turn|8\n|\n|t:|1733867096\n|move|p1a: Terapagos|Earth Power|p2a: Carbink\n|-supereffective|p2a: Carbink\n|-damage|p2a: Carbink|0 fnt\n|faint|p2a: Carbink\n|\n|upkeep\n|\n|t:|1733867110\n|switch|p2a: Donphan|Donphan, L84, F|288/288\n|turn|9\n|\n|t:|1733867136\n|move|p1a: Terapagos|Tera Starstorm|p2a: Donphan\n|-damage|p2a: Donphan|99/288\n|move|p2a: Donphan|Earthquake|p1a: Terapagos\n|-damage|p1a: Terapagos|112/269\n|\n|upkeep\n|turn|10\n|\n|t:|1733867146\n|move|p1a: Terapagos|Tera Starstorm|p2a: Donphan\n|-damage|p2a: Donphan|0 fnt\n|faint|p2a: Donphan\n|\n|upkeep\n|\n|t:|1733867155\n|switch|p2a: Ogerpon|Ogerpon-Wellspring, L76, F|247/247\n|turn|11\n|\n|t:|1733867161\n|-terastallize|p2a: Ogerpon|Water\n|detailschange|p2a: Ogerpon|Ogerpon-Wellspring-Tera, L76, F, tera:Water\n|-ability|p2a: Ogerpon|Embody Aspect (Wellspring)|boost\n|-boost|p2a: Ogerpon|spd|1\n|move|p2a: Ogerpon|Ivy Cudgel|p1a: Terapagos|[anim] Ivy Cudgel Water\n|-damage|p1a: Terapagos|0 fnt\n|faint|p1a: Terapagos\n|\n|upkeep\n|\n|t:|1733867183\n|switch|p1a: Scrafty|Scrafty, L84, M|246/246\n|-ability|p1a: Scrafty|Intimidate|boost\n|-unboost|p2a: Ogerpon|atk|1\n|turn|12\n|\n|t:|1733867203\n|switch|p2a: Volcanion|Volcanion, L79|255/255\n|move|p1a: Scrafty|Dragon Dance|p1a: Scrafty\n|-boost|p1a: Scrafty|atk|1\n|-boost|p1a: Scrafty|spe|1\n|\n|upkeep\n|turn|13\n|\n|t:|1733867213\n|move|p1a: Scrafty|Knock Off|p2a: Volcanion\n|-damage|p2a: Volcanion|109/255\n|-enditem|p2a: Volcanion|Assault Vest|[from] move: Knock Off|[of] p1a: Scrafty\n|-damage|p1a: Scrafty|222/246|[from] item: Life Orb\n|move|p2a: Volcanion|Steam Eruption|p1a: Scrafty\n|-damage|p1a: Scrafty|113/246\n|\n|upkeep\n|turn|14\n|\n|t:|1733867225\n|move|p1a: Scrafty|Close Combat|p2a: Volcanion\n|-damage|p2a: Volcanion|0 fnt\n|-unboost|p1a: Scrafty|def|1\n|-unboost|p1a: Scrafty|spd|1\n|faint|p2a: Volcanion\n|-damage|p1a: Scrafty|89/246|[from] item: Life Orb\n|\n|upkeep\n|\n|t:|1733867233\n|switch|p2a: Pachirisu|Pachirisu, L96, M|271/271\n|turn|15\n|\n|t:|1733867251\n|move|p2a: Pachirisu|Nuzzle|p1a: Scrafty\n|-damage|p1a: Scrafty|70/246\n|-status|p1a: Scrafty|par\n|move|p1a: Scrafty|Close Combat|p2a: Pachirisu\n|-damage|p2a: Pachirisu|24/271\n|-unboost|p1a: Scrafty|def|1\n|-unboost|p1a: Scrafty|spd|1\n|-damage|p1a: Scrafty|46/246 par|[from] item: Life Orb\n|\n|upkeep\n|turn|16\n|inactive|freeuser has 120 seconds left.\n|\n|t:|1733867279\n|move|p2a: Pachirisu|Thunderbolt|p1a: Scrafty\n|-damage|p1a: Scrafty|0 fnt\n|faint|p1a: Scrafty\n|\n|upkeep\n|inactive|freeuser has 120 seconds left.\n|\n|t:|1733867293\n|switch|p1a: Tinkaton|Tinkaton, L82, F|274/274\n|-ability|p1a: Tinkaton|Mold Breaker\n|turn|17\n|inactive|freeuser has 120 seconds left.\n|\n|t:|1733867301\n|move|p2a: Pachirisu|Nuzzle|p1a: Tinkaton\n|-damage|p1a: Tinkaton|255/274\n|-status|p1a: Tinkaton|par\n|cant|p1a: Tinkaton|par\n|\n|-heal|p1a: Tinkaton|272/274 par|[from] item: Leftovers\n|upkeep\n|turn|18\n|\n|t:|1733867315\n|move|p2a: Pachirisu|Super Fang|p1a: Tinkaton\n|-damage|p1a: Tinkaton|136/274 par\n|move|p1a: Tinkaton|Stealth Rock|p2a: Pachirisu\n|-sidestart|p2: Davriel90|move: Stealth Rock\n|\n|-heal|p1a: Tinkaton|153/274 par|[from] item: Leftovers\n|upkeep\n|turn|19\n|\n|t:|1733867329\n|move|p2a: Pachirisu|Super Fang|p1a: Tinkaton\n|-damage|p1a: Tinkaton|77/274 par\n|cant|p1a: Tinkaton|par\n|\n|-heal|p1a: Tinkaton|94/274 par|[from] item: Leftovers\n|upkeep\n|turn|20\n|\n|t:|1733867337\n|move|p2a: Pachirisu|Thunderbolt|p1a: Tinkaton\n|-damage|p1a: Tinkaton|31/274 par\n|move|p1a: Tinkaton|Play Rough|p2a: Pachirisu\n|-damage|p2a: Pachirisu|0 fnt\n|faint|p2a: Pachirisu\n|\n|-heal|p1a: Tinkaton|48/274 par|[from] item: Leftovers\n|upkeep\n|\n|t:|1733867347\n|switch|p2a: Ogerpon|Ogerpon-Wellspring-Tera, L76, F, tera:Water|247/247\n|-damage|p2a: Ogerpon|217/247|[from] Stealth Rock\n|-ability|p2a: Ogerpon|Embody Aspect (Wellspring)|boost\n|-boost|p2a: Ogerpon|spd|1\n|turn|21\n|\n|t:|1733867354\n|move|p2a: Ogerpon|Swords Dance|p2a: Ogerpon\n|-boost|p2a: Ogerpon|atk|2\n|cant|p1a: Tinkaton|par\n|\n|-heal|p1a: Tinkaton|65/274 par|[from] item: Leftovers\n|upkeep\n|turn|22\n|\n|t:|1733867362\n|move|p2a: Ogerpon|Ivy Cudgel|p1a: Tinkaton|[anim] Ivy Cudgel Water\n|-damage|p1a: Tinkaton|0 fnt\n|faint|p1a: Tinkaton\n|\n|upkeep\n|\n|t:|1733867370\n|switch|p1a: Chien-Pao|Chien-Pao, L72|234/234\n|-ability|p1a: Chien-Pao|Sword of Ruin\n|turn|23\n|\n|t:|1733867376\n|move|p1a: Chien-Pao|Throat Chop|p2a: Ogerpon\n|-damage|p2a: Ogerpon|112/247\n|-start|p2a: Ogerpon|Throat Chop|[silent]\n|move|p2a: Ogerpon|Ivy Cudgel|p1a: Chien-Pao|[anim] Ivy Cudgel Water\n|-damage|p1a: Chien-Pao|0 fnt\n|faint|p1a: Chien-Pao\n|\n|upkeep\n|\n|t:|1733867383\n|switch|p1a: Masquerain|Masquerain, L87, F|264/264\n|-ability|p1a: Masquerain|Intimidate|boost\n|-unboost|p2a: Ogerpon|atk|1\n|turn|24\n|\n|t:|1733867393\n|move|p2a: Ogerpon|Ivy Cudgel|p1a: Masquerain|[anim] Ivy Cudgel Water\n|-damage|p1a: Masquerain|0 fnt\n|faint|p1a: Masquerain\n|\n|-end|p2a: Ogerpon|Throat Chop|[silent]\n|upkeep\n|\n|t:|1733867398\n|switch|p1a: Skeledirge|Skeledirge, L79, M|294/294\n|turn|25\n|\n|t:|1733867402\n|move|p2a: Ogerpon|Ivy Cudgel|p1a: Skeledirge|[anim] Ivy Cudgel Water\n|-supereffective|p1a: Skeledirge\n|-damage|p1a: Skeledirge|0 fnt\n|faint|p1a: Skeledirge\n|\n|win|Davriel90\n|raw|freeuser's rating: 1430 &rarr; <strong>1411</strong><br />(-19 for losing)\n|raw|Davriel90's rating: 1451 &rarr; <strong>1470</strong><br />(+19 for winning)\n|c|\u2606freeuser|gg\n|l|\u2606freeuser\n|player|p1|\n|c|\u2606Davriel90|Gh\n|c|\u2606Davriel90|Gg\n", "inputlog": ">version bfd83cad13791eb5a5a409923076391caf6fb4d4\n>start {\"formatid\":\"gen9randombattle\",\"seed\":[49256,21499,62600,8240],\"rated\":\"Rated battle\"}\n>player p1 {\"name\":\"freeuser\",\"avatar\":\"1\",\"rating\":1430,\"seed\":[56567,29539,48800,24961]}\n>player p2 {\"name\":\"Davriel90\",\"avatar\":\"steven\",\"rating\":1451,\"seed\":[15142,4231,1377,64553]}\n>p1 switch 6\n>p2 move nuzzle\n>p1 move calmmind\n>p2 move superfang\n>p1 move calmmind\n>p2 move superfang\n>p1 move calmmind\n>p2 move thunderbolt\n>p1 move rest\n>p2 move superfang\n>p1 move rest\n>p2 move uturn\n>p2 switch 4\n>p1 move earthpower\n>p2 move bodypress\n>p1 move earthpower\n>p2 move bodypress\n>p2 switch 3\n>p1 move terastarstorm\n>p2 move earthquake\n>p1 move terastarstorm\n>p2 move earthquake\n>p2 switch 6\n>p1 move rest\n>p2 move ivycudgel terastallize\n>p1 switch 2\n>p1 move dragondance\n>p2 switch 5\n>p1 move knockoff\n>p2 move steameruption\n>p1 move closecombat\n>p2 move steameruption\n>p2 switch 4\n>p1 move closecombat\n>p2 move nuzzle\n>p1 move knockoff\n>p2 move thunderbolt\n>p1 switch 5\n>p1 move stealthrock\n>p2 move nuzzle\n>p1 move stealthrock\n>p2 move superfang\n>p1 move playrough\n>p2 move superfang\n>p1 move playrough\n>p2 move thunderbolt\n>p2 switch 5\n>p1 move playrough\n>p2 move swordsdance\n>p1 move encore\n>p2 move ivycudgel\n>p1 switch 4\n>p1 move throatchop\n>p2 move ivycudgel\n>p1 switch 3\n>p1 move hurricane\n>p2 move ivycudgel\n>p1 switch 6\n>p1 move shadowball\n>p2 move ivycudgel", "uploadtime": 1733867420, "views": 2, "formatid": "gen9randombattle", "rating": 1411, "private": 0, "password": null}