{"id": "gen9randombattle-2260100654", "format": "[Gen 9] Random Battle", "players": ["Accelgor321", "Mafetan"], "log": "|j|\u2606Accelgor321\n|j|\u2606Mafetan\n|t:|1733802481\n|gametype|singles\n|player|p1|Accelgor321|hilbert-masters|1885\n|player|p2|Mafetan|falkner|1911\n|teamsize|p1|6\n|teamsize|p2|6\n|gen|9\n|tier|[Gen 9] Random Battle\n|rated|\n|rule|Species Clause: Limit one of each Pok\u00e9mon\n|rule|HP Percentage Mod: HP is shown in percentages\n|rule|Sleep Clause Mod: Limit one foe put to sleep\n|rule|Illusion Level Mod: Illusion disguises the Pok\u00e9mon's true level\n|\n|t:|1733802481\n|start\n|switch|p1a: Spectrier|Spectrier, L75|274/274\n|switch|p2a: Cinccino|Cinccino, L83, F|260/260\n|turn|1\n|inactive|Battle timer is ON: inactive players will automatically lose when time's up. (requested by Accelgor321)\n|\n|t:|1733802500\n|move|p2a: Cinccino|U-turn|p1a: Spectrier\n|-resisted|p1a: Spectrier\n|-damage|p1a: Spectrier|236/274\n|\n|t:|1733802503\n|switch|p2a: Umbreon|Umbreon, L84, M|297/297|[from] U-turn\n|move|p1a: Spectrier|Will-O-Wisp|p2a: Umbreon\n|-status|p2a: Umbreon|brn\n|-activate|p2a: Umbreon|ability: Synchronize\n|-status|p1a: Spectrier|brn\n|\n|-damage|p1a: Spectrier|219/274 brn|[from] brn\n|-damage|p2a: Umbreon|279/297 brn|[from] brn\n|upkeep\n|turn|2\n|\n|t:|1733802513\n|switch|p1a: Glimmora|Glimmora, L75, F|248/248\n|move|p2a: Umbreon|Foul Play|p1a: Glimmora\n|-damage|p1a: Glimmora|226/248\n|-activate|p1a: Glimmora|ability: Toxic Debris\n|-sidestart|p2: Mafetan|move: Toxic Spikes\n|\n|-heal|p2a: Umbreon|297/297 brn|[from] item: Leftovers\n|-damage|p2a: Umbreon|279/297 brn|[from] brn\n|upkeep\n|turn|3\n|\n|t:|1733802522\n|switch|p2a: Swalot|Swalot, L90, F|326/326\n|-sideend|p2: Mafetan|move: Toxic Spikes|[of] p2a: Swalot\n|move|p1a: Glimmora|Meteor Beam||[still]\n|-prepare|p1a: Glimmora|Meteor Beam\n|-boost|p1a: Glimmora|spa|1\n|-enditem|p1a: Glimmora|Power Herb\n|-anim|p1a: Glimmora|Meteor Beam|p2a: Swalot\n|-damage|p2a: Swalot|146/326\n|\n|-heal|p2a: Swalot|166/326|[from] item: Leftovers\n|upkeep\n|turn|4\n|\n|t:|1733802532\n|move|p1a: Glimmora|Earth Power|p2a: Swalot\n|-supereffective|p2a: Swalot\n|-damage|p2a: Swalot|0 fnt\n|faint|p2a: Swalot\n|\n|upkeep\n|\n|t:|1733802536\n|switch|p2a: Hippowdon|Hippowdon, L82, F|311/311\n|-weather|Sandstorm|[from] ability: Sand Stream|[of] p2a: Hippowdon\n|turn|5\n|\n|t:|1733802544\n|-terastallize|p1a: Glimmora|Grass\n|move|p1a: Glimmora|Energy Ball|p2a: Hippowdon\n|-supereffective|p2a: Hippowdon\n|-damage|p2a: Hippowdon|0 fnt\n|faint|p2a: Hippowdon\n|\n|-weather|Sandstorm|[upkeep]\n|-damage|p1a: Glimmora|211/248|[from] Sandstorm\n|upkeep\n|\n|t:|1733802557\n|switch|p2a: Typhlosion|Typhlosion-Hisui, L83, M|257/257\n|turn|6\n|\n|t:|1733802564\n|switch|p1a: Kyogre|Kyogre, L71|259/259\n|-weather|RainDance|[from] ability: Drizzle|[of] p1a: Kyogre\n|move|p2a: Typhlosion|Fire Blast|p1a: Kyogre|[miss]\n|-miss|p2a: Typhlosion|p1a: Kyogre\n|\n|-weather|RainDance|[upkeep]\n|upkeep\n|turn|7\n|\n|t:|1733802571\n|switch|p2a: Umbreon|Umbreon, L84, M|279/297 brn\n|move|p1a: Kyogre|Water Spout|p2a: Umbreon\n|-damage|p2a: Umbreon|102/297 brn\n|\n|-weather|RainDance|[upkeep]\n|-heal|p2a: Umbreon|120/297 brn|[from] item: Leftovers\n|-damage|p2a: Umbreon|102/297 brn|[from] brn\n|upkeep\n|turn|8\n|\n|t:|1733802577\n|move|p1a: Kyogre|Water Spout|p2a: Umbreon\n|-damage|p2a: Umbreon|0 fnt\n|faint|p2a: Umbreon\n|\n|-weather|RainDance|[upkeep]\n|upkeep\n|\n|t:|1733802581\n|switch|p2a: Cinccino|Cinccino, L83, F|260/260\n|turn|9\n|\n|t:|1733802586\n|move|p1a: Kyogre|Water Spout|p2a: Cinccino\n|-crit|p2a: Cinccino\n|-damage|p2a: Cinccino|0 fnt\n|faint|p2a: Cinccino\n|\n|-weather|RainDance|[upkeep]\n|upkeep\n|\n|t:|1733802592\n|switch|p2a: Gumshoos|Gumshoos, L95, M|321/321\n|turn|10\n|\n|t:|1733802598\n|switch|p1a: Spectrier|Spectrier, L75|219/274 brn\n|move|p2a: Gumshoos|Double-Edge|p1a: Spectrier\n|-immune|p1a: Spectrier\n|\n|-weather|none\n|-damage|p1a: Spectrier|202/274 brn|[from] brn\n|upkeep\n|turn|11\n|-message|Mafetan forfeited.\n|\n|win|Accelgor321\n|raw|Accelgor321's rating: 1885 &rarr; <strong>1906</strong><br />(+21 for winning)\n|raw|Mafetan's rating: 1911 &rarr; <strong>1890</strong><br />(-21 for losing)\n|c|\u2606Accelgor321|gg\n|l|\u2606Mafetan\n|player|p2|\n", "inputlog": ">version bfd83cad13791eb5a5a409923076391caf6fb4d4\n>start {\"formatid\":\"gen9randombattle\",\"seed\":[17199,40092,25226,53598],\"rated\":\"Rated battle\"}\n>player p1 {\"name\":\"Accelgor321\",\"avatar\":\"hilbert-masters\",\"rating\":1885,\"seed\":[60425,52249,17037,49327]}\n>player p2 {\"name\":\"Mafetan\",\"avatar\":\"falkner\",\"rating\":1911,\"seed\":[48894,50662,44653,39122]}\n>p1 move willowisp\n>p2 move uturn\n>p2 switch 5\n>p1 switch 5\n>p2 move foulplay\n>p1 move meteorbeam\n>p2 switch 6\n>p1 move earthpower\n>p2 move earthquake\n>p2 switch 3\n>p1 move energyball terastallize\n>p2 move stealthrock\n>p2 switch 2\n>p1 switch 3\n>p2 move fireblast\n>p1 move waterspout\n>p2 switch 6\n>p1 move waterspout\n>p2 move toxic\n>p2 switch 5\n>p1 move waterspout\n>p2 move bulletseed\n>p2 switch 4\n>p1 switch 5\n>p2 move doubleedge\n>forcelose p2", "uploadtime": 1733802614, "views": 41, "formatid": "gen9randombattle", "rating": 1890, "private": 0, "password": null}