{"id": "gen9randombattle-2259983497", "format": "[Gen 9] Random Battle", "players": ["Qbert62", "ZaneCrescentB"], "log": "|j|\u2606Qbert62\n|j|\u2606ZaneCrescentB\n|t:|1733787390\n|gametype|singles\n|player|p1|Qbert62|riley|1469\n|player|p2|ZaneCrescentB|vessa|1480\n|teamsize|p1|6\n|teamsize|p2|6\n|gen|9\n|tier|[Gen 9] Random Battle\n|rated|\n|rule|Species Clause: Limit one of each Pok\u00e9mon\n|rule|HP Percentage Mod: HP is shown in percentages\n|rule|Sleep Clause Mod: Limit one foe put to sleep\n|rule|Illusion Level Mod: Illusion disguises the Pok\u00e9mon's true level\n|\n|t:|1733787390\n|start\n|switch|p1a: Flareon|Flareon, L90, M|263/263\n|switch|p2a: Entei|Entei, L78|307/307\n|turn|1\n|c|\u2606ZaneCrescentB|Gl hf.\n|c|\u2606ZaneCrescentB|Let's GO!\n|\n|t:|1733787403\n|move|p2a: Entei|Stomping Tantrum|p1a: Flareon\n|-supereffective|p1a: Flareon\n|-damage|p1a: Flareon|51/263\n|move|p1a: Flareon|Trailblaze|p2a: Entei\n|-resisted|p2a: Entei\n|-damage|p2a: Entei|281/307\n|-boost|p1a: Flareon|spe|1\n|\n|-status|p1a: Flareon|tox|[from] item: Toxic Orb\n|upkeep\n|turn|2\n|inactive|Battle timer is ON: inactive players will automatically lose when time's up. (requested by Qbert62)\n|c|\u2606Qbert62|gl\n|c|\u2606ZaneCrescentB|Timer...\n|c|\u2606ZaneCrescentB|Le-Sigh...\n|c|\u2606ZaneCrescentB|Don't mind that.\n|c|\u2606ZaneCrescentB|I just say it.\n|\n|t:|1733787429\n|switch|p2a: Regigigas|Regigigas, L84|322/322\n|-start|p2a: Regigigas|ability: Slow Start\n|-terastallize|p1a: Flareon|Normal\n|move|p1a: Flareon|Facade|p2a: Regigigas\n|-damage|p2a: Regigigas|46/322\n|\n|-heal|p2a: Regigigas|66/322|[from] item: Leftovers\n|-damage|p1a: Flareon|35/263 tox|[from] psn\n|upkeep\n|turn|3\n|c|\u2606Qbert62|Fair\n|\n|t:|1733787442\n|move|p1a: Flareon|Quick Attack|p2a: Regigigas\n|-damage|p2a: Regigigas|0 fnt\n|faint|p2a: Regigigas\n|-end|p2a: Regigigas|Slow Start|[silent]\n|\n|-damage|p1a: Flareon|3/263 tox|[from] psn\n|upkeep\n|\n|t:|1733787450\n|switch|p2a: Entei|Entei, L78|281/307\n|turn|4\n|\n|t:|1733787453\n|move|p2a: Entei|Extreme Speed|p1a: Flareon\n|-damage|p1a: Flareon|0 fnt\n|faint|p1a: Flareon\n|\n|upkeep\n|\n|t:|1733787470\n|switch|p1a: Porygon2|Porygon2, L82|274/274\n|-ability|p1a: Porygon2|Download|boost\n|-boost|p1a: Porygon2|spa|1\n|turn|5\n|\n|t:|1733787497\n|switch|p2a: Florges|Florges-Orange, L85, F|271/271\n|move|p1a: Porygon2|Tri Attack|p2a: Florges\n|-damage|p2a: Florges|195/271\n|\n|-heal|p2a: Florges|211/271|[from] item: Leftovers\n|upkeep\n|turn|6\n|\n|t:|1733787515\n|switch|p1a: Houndstone|Houndstone, L86, F|264/264\n|move|p2a: Florges|Calm Mind|p2a: Florges\n|-boost|p2a: Florges|spa|1\n|-boost|p2a: Florges|spd|1\n|\n|-heal|p2a: Florges|227/271|[from] item: Leftovers\n|upkeep\n|turn|7\n|inactive|ZaneCrescentB has 120 seconds left.\n|\n|t:|1733787559\n|switch|p2a: Piloswine|Piloswine, L85, M|309/309\n|move|p1a: Houndstone|Poltergeist|p2a: Piloswine\n|-activate|p2a: Piloswine|move: Poltergeist|Eviolite\n|-damage|p2a: Piloswine|225/309\n|\n|upkeep\n|turn|8\n|\n|t:|1733787573\n|move|p1a: Houndstone|Body Press|p2a: Piloswine\n|-supereffective|p2a: Piloswine\n|-damage|p2a: Piloswine|139/309\n|move|p2a: Piloswine|Stealth Rock|p1a: Houndstone\n|-sidestart|p1: Qbert62|move: Stealth Rock\n|\n|upkeep\n|turn|9\n|\n|t:|1733787585\n|switch|p2a: Delibird|Delibird, M|252/252\n|move|p1a: Houndstone|Body Press|p2a: Delibird\n|-damage|p2a: Delibird|170/252\n|\n|upkeep\n|turn|10\n|\n|t:|1733787593\n|move|p2a: Delibird|Spikes|p1a: Houndstone\n|-sidestart|p1: Qbert62|Spikes\n|move|p1a: Houndstone|Poltergeist|p2a: Delibird\n|-activate|p2a: Delibird|move: Poltergeist|Heavy-Duty Boots\n|-damage|p2a: Delibird|11/252\n|\n|upkeep\n|turn|11\n|inactive|ZaneCrescentB has 120 seconds left.\n|\n|t:|1733787612\n|switch|p2a: Entei|Entei, L78|281/307\n|move|p1a: Houndstone|Body Press|p2a: Entei\n|-damage|p2a: Entei|209/307\n|\n|upkeep\n|turn|12\n|\n|t:|1733787619\n|move|p2a: Entei|Sacred Fire|p1a: Houndstone\n|-damage|p1a: Houndstone|4/264\n|-status|p1a: Houndstone|brn\n|move|p1a: Houndstone|Poltergeist|p2a: Entei\n|-activate|p2a: Entei|move: Poltergeist|Choice Band\n|-damage|p2a: Entei|135/307\n|\n|-heal|p1a: Houndstone|20/264 brn|[from] item: Leftovers\n|-damage|p1a: Houndstone|4/264 brn|[from] brn\n|upkeep\n|turn|13\n|inactive|ZaneCrescentB has 120 seconds left.\n|\n|t:|1733787629\n|move|p2a: Entei|Sacred Fire|p1a: Houndstone\n|-crit|p1a: Houndstone\n|-damage|p1a: Houndstone|0 fnt\n|faint|p1a: Houndstone\n|\n|upkeep\n|\n|t:|1733787650\n|switch|p1a: Porygon2|Porygon2, L82|274/274\n|-damage|p1a: Porygon2|240/274|[from] Stealth Rock\n|-damage|p1a: Porygon2|206/274|[from] Spikes\n|-ability|p1a: Porygon2|Download|boost\n|-boost|p1a: Porygon2|spa|1\n|turn|14\n|\n|t:|1733787661\n|move|p2a: Entei|Sacred Fire|p1a: Porygon2\n|-damage|p1a: Porygon2|107/274\n|-status|p1a: Porygon2|brn\n|move|p1a: Porygon2|Recover|p1a: Porygon2\n|-heal|p1a: Porygon2|244/274 brn\n|\n|-damage|p1a: Porygon2|227/274 brn|[from] brn\n|upkeep\n|turn|15\n|\n|t:|1733787669\n|move|p2a: Entei|Sacred Fire|p1a: Porygon2\n|-damage|p1a: Porygon2|127/274 brn\n|move|p1a: Porygon2|Tri Attack|p2a: Entei\n|-damage|p2a: Entei|0 fnt\n|faint|p2a: Entei\n|\n|-damage|p1a: Porygon2|110/274 brn|[from] brn\n|upkeep\n|\n|t:|1733787674\n|switch|p2a: Florges|Florges-Orange, L85, F|227/271\n|turn|16\n|\n|t:|1733787681\n|move|p2a: Florges|Calm Mind|p2a: Florges\n|-boost|p2a: Florges|spa|1\n|-boost|p2a: Florges|spd|1\n|move|p1a: Porygon2|Recover|p1a: Porygon2\n|-heal|p1a: Porygon2|247/274 brn\n|\n|-heal|p2a: Florges|243/271|[from] item: Leftovers\n|-damage|p1a: Porygon2|230/274 brn|[from] brn\n|upkeep\n|turn|17\n|\n|t:|1733787691\n|switch|p1a: Glastrier|Glastrier, L86|312/312\n|move|p2a: Florges|Calm Mind|p2a: Florges\n|-boost|p2a: Florges|spa|1\n|-boost|p2a: Florges|spd|1\n|\n|-heal|p2a: Florges|259/271|[from] item: Leftovers\n|upkeep\n|turn|18\n|\n|t:|1733787703\n|move|p2a: Florges|Moonblast|p1a: Glastrier\n|-damage|p1a: Glastrier|135/312\n|-unboost|p1a: Glastrier|spa|1\n|move|p1a: Glastrier|Icicle Crash|p2a: Florges\n|-damage|p2a: Florges|94/271\n|\n|-heal|p2a: Florges|110/271|[from] item: Leftovers\n|upkeep\n|turn|19\n|\n|t:|1733787712\n|move|p2a: Florges|Moonblast|p1a: Glastrier\n|-crit|p1a: Glastrier\n|-damage|p1a: Glastrier|0 fnt\n|faint|p1a: Glastrier\n|\n|-heal|p2a: Florges|126/271|[from] item: Leftovers\n|upkeep\n|\n|t:|1733787719\n|switch|p1a: Urshifu|Urshifu, L74, F|270/270\n|-damage|p1a: Urshifu|254/270|[from] Stealth Rock\n|-damage|p1a: Urshifu|221/270|[from] Spikes\n|turn|20\n|\n|t:|1733787724\n|move|p1a: Urshifu|Poison Jab|p2a: Florges\n|-supereffective|p2a: Florges\n|-damage|p2a: Florges|0 fnt\n|faint|p2a: Florges\n|\n|upkeep\n|\n|t:|1733787733\n|switch|p2a: Delibird|Delibird, M|11/252\n|turn|21\n|\n|t:|1733787740\n|switch|p1a: Porygon2|Porygon2, L82|230/274 brn\n|-damage|p1a: Porygon2|196/274 brn|[from] Stealth Rock\n|-damage|p1a: Porygon2|162/274 brn|[from] Spikes\n|-ability|p1a: Porygon2|Download|boost\n|-boost|p1a: Porygon2|spa|1\n|move|p2a: Delibird|Brave Bird|p1a: Porygon2\n|-damage|p1a: Porygon2|81/274 brn\n|-damage|p2a: Delibird|0 fnt|[from] Recoil\n|faint|p2a: Delibird\n|\n|-damage|p1a: Porygon2|64/274 brn|[from] brn\n|upkeep\n|\n|t:|1733787742\n|switch|p2a: Leavanny|Leavanny, L86, M|269/269\n|turn|22\n|\n|t:|1733787756\n|move|p2a: Leavanny|Sticky Web|p1a: Porygon2\n|-sidestart|p1: Qbert62|move: Sticky Web\n|move|p1a: Porygon2|Ice Beam|p2a: Leavanny\n|-supereffective|p2a: Leavanny\n|-damage|p2a: Leavanny|65/269\n|\n|-damage|p1a: Porygon2|47/274 brn|[from] brn\n|upkeep\n|turn|23\n|\n|t:|1733787762\n|move|p2a: Leavanny|Leaf Blade|p1a: Porygon2\n|-damage|p1a: Porygon2|0 fnt\n|faint|p1a: Porygon2\n|\n|upkeep\n|\n|t:|1733787768\n|switch|p1a: Rotom|Rotom, L88|231/231\n|-damage|p1a: Rotom|203/231|[from] Stealth Rock\n|turn|24\n|\n|t:|1733787774\n|move|p1a: Rotom|Shadow Ball|p2a: Leavanny\n|-damage|p2a: Leavanny|0 fnt\n|faint|p2a: Leavanny\n|-damage|p1a: Rotom|180/231|[from] item: Life Orb\n|\n|upkeep\n|\n|t:|1733787777\n|switch|p2a: Piloswine|Piloswine, L85, M|139/309\n|turn|25\n|\n|t:|1733787783\n|move|p1a: Rotom|Will-O-Wisp|p2a: Piloswine\n|-status|p2a: Piloswine|brn\n|move|p2a: Piloswine|Icicle Crash|p1a: Rotom\n|-damage|p1a: Rotom|129/231\n|\n|-damage|p2a: Piloswine|120/309 brn|[from] brn\n|upkeep\n|turn|26\n|\n|t:|1733787790\n|move|p1a: Rotom|Shadow Ball|p2a: Piloswine\n|-damage|p2a: Piloswine|25/309 brn\n|-damage|p1a: Rotom|106/231|[from] item: Life Orb\n|move|p2a: Piloswine|Icicle Crash|p1a: Rotom\n|-damage|p1a: Rotom|53/231\n|\n|-damage|p2a: Piloswine|6/309 brn|[from] brn\n|upkeep\n|turn|27\n|c|\u2606Qbert62|gg man\n|c|\u2606ZaneCrescentB|Nooo.\n|\n|t:|1733787799\n|move|p1a: Rotom|Shadow Ball|p2a: Piloswine\n|-damage|p2a: Piloswine|0 fnt\n|faint|p2a: Piloswine\n|-damage|p1a: Rotom|30/231|[from] item: Life Orb\n|\n|win|Qbert62\n|raw|Qbert62's rating: 1469 &rarr; <strong>1490</strong><br />(+21 for winning)\n|raw|ZaneCrescentB's rating: 1480 &rarr; <strong>1459</strong><br />(-21 for losing)\n|c|\u2606ZaneCrescentB|Gg.\n|c|\u2606ZaneCrescentB|If only I tera'd.\n|c|\u2606Qbert62|what was tera type?\n|c|\u2606ZaneCrescentB|Steel.\n|c|\u2606ZaneCrescentB|On the Florges.\n|c|\u2606ZaneCrescentB|I would have been immune.\n|c|\u2606ZaneCrescentB|And cooked eveverything else.\n|c|\u2606Qbert62|true\n|c|\u2606Qbert62|florges scares me man\n|c|\u2606Qbert62|anyway c ya\n|l|\u2606Qbert62\n|player|p1|\n", "inputlog": ">version bfd83cad13791eb5a5a409923076391caf6fb4d4\n>start {\"formatid\":\"gen9randombattle\",\"seed\":[35431,24895,4507,42251],\"rated\":\"Rated battle\"}\n>player p1 {\"name\":\"Qbert62\",\"avatar\":\"riley\",\"rating\":1469,\"seed\":[23218,40190,7682,12245]}\n>player p2 {\"name\":\"ZaneCrescentB\",\"avatar\":\"vessa\",\"rating\":1480,\"seed\":[34611,45376,2588,37914]}\n>chat \u2606ZaneCrescentB|Gl hf.\n>chat \u2606ZaneCrescentB|Let's GO!\n>p1 move trailblaze\n>p2 move stompingtantrum\n>chat \u2606Qbert62|gl\n>chat \u2606ZaneCrescentB|Timer...\n>chat \u2606ZaneCrescentB|Le-Sigh...\n>chat \u2606ZaneCrescentB|Don't mind that.\n>chat \u2606ZaneCrescentB|I just say it.\n>p1 move facade terastallize\n>p2 switch 4\n>chat \u2606Qbert62|Fair\n>p1 move quickattack\n>p2 move knockoff\n>p2 switch 4\n>p1 move facade\n>p2 move extremespeed\n>p1 switch 3\n>p1 move triattack\n>p2 switch 2\n>p1 switch 6\n>p2 move calmmind\n>p1 move poltergeist\n>p2 switch 6\n>p1 move bodypress\n>p2 move stealthrock\n>p1 move bodypress\n>p2 switch 5\n>p1 move poltergeist\n>p2 move spikes\n>p1 move bodypress\n>p2 switch 2\n>p1 move poltergeist\n>p2 move sacredfire\n>p1 move rest\n>p2 move sacredfire\n>p1 switch 6\n>p1 move recover\n>p2 move sacredfire\n>p1 move triattack\n>p2 move sacredfire\n>p2 switch 6\n>p1 move recover\n>p2 move calmmind\n>p1 switch 4\n>p2 move calmmind\n>p1 move iciclecrash\n>p2 move moonblast\n>p1 move iciclecrash\n>p2 move moonblast\n>p1 switch 5\n>p1 move poisonjab\n>p2 move moonblast\n>p2 switch 2\n>p1 switch 4\n>p2 move bravebird\n>p2 switch 3\n>p1 move icebeam\n>p2 move stickyweb\n>p1 move icebeam\n>p2 move leafblade\n>p1 switch 2\n>p1 move shadowball\n>p2 move knockoff\n>p2 switch 5\n>p1 move willowisp\n>p2 move iciclecrash\n>p1 move shadowball\n>p2 move iciclecrash\n>chat \u2606Qbert62|gg man\n>chat \u2606ZaneCrescentB|Nooo.\n>p1 move shadowball\n>p2 move iciclecrash", "uploadtime": 1733787805, "views": 3, "formatid": "gen9randombattle", "rating": 1459, "private": 0, "password": null}