{"id": "gen9randombattle-2260561645", "format": "[Gen 9] Random Battle", "players": ["Samsimmian", "Gilbertous"], "log": "|j|\u2606Samsimmian\n|j|\u2606Gilbertous\n|t:|1733863753\n|gametype|singles\n|player|p1|Samsimmian|1|\n|player|p2|Gilbertous|102|\n|teamsize|p1|6\n|teamsize|p2|6\n|gen|9\n|tier|[Gen 9] Random Battle\n|rule|Species Clause: Limit one of each Pok\u00e9mon\n|rule|HP Percentage Mod: HP is shown in percentages\n|rule|Sleep Clause Mod: Limit one foe put to sleep\n|rule|Illusion Level Mod: Illusion disguises the Pok\u00e9mon's true level\n|\n|t:|1733863753\n|start\n|switch|p1a: Lokix|Lokix, L82, F|251/251\n|switch|p2a: Victreebel|Victreebel, L90, F|290/290\n|turn|1\n|\n|t:|1733863778\n|-terastallize|p2a: Victreebel|Dark\n|move|p1a: Lokix|Swords Dance|p1a: Lokix\n|-boost|p1a: Lokix|atk|2\n|move|p2a: Victreebel|Swords Dance|p2a: Victreebel\n|-boost|p2a: Victreebel|atk|2\n|\n|upkeep\n|turn|2\n|\n|t:|1733863789\n|move|p1a: Lokix|Swords Dance|p1a: Lokix\n|-boost|p1a: Lokix|atk|2\n|move|p2a: Victreebel|Swords Dance|p2a: Victreebel\n|-boost|p2a: Victreebel|atk|2\n|\n|upkeep\n|turn|3\n|\n|t:|1733863797\n|move|p1a: Lokix|Swords Dance|p1a: Lokix\n|-boost|p1a: Lokix|atk|2\n|move|p2a: Victreebel|Swords Dance|p2a: Victreebel\n|-boost|p2a: Victreebel|atk|2\n|\n|upkeep\n|turn|4\n|\n|t:|1733863814\n|move|p1a: Lokix|Sucker Punch|p2a: Victreebel\n|-resisted|p2a: Victreebel\n|-damage|p2a: Victreebel|0 fnt\n|faint|p2a: Victreebel\n|-damage|p1a: Lokix|226/251|[from] item: Life Orb\n|\n|upkeep\n|\n|t:|1733863832\n|switch|p2a: Zapdos|Zapdos, L78|268/268\n|turn|5\n|\n|t:|1733863842\n|move|p1a: Lokix|Sucker Punch|p2a: Zapdos\n|-damage|p2a: Zapdos|0 fnt\n|-status|p1a: Lokix|par|[from] ability: Static|[of] p2a: Zapdos\n|faint|p2a: Zapdos\n|-damage|p1a: Lokix|201/251 par|[from] item: Life Orb\n|\n|upkeep\n|\n|t:|1733863878\n|switch|p2a: Probopass|Probopass, L92, F|260/260\n|turn|6\n|\n|t:|1733863890\n|move|p1a: Lokix|Sucker Punch|p2a: Probopass\n|-damage|p2a: Probopass|30/260\n|-damage|p1a: Lokix|176/251 par|[from] item: Life Orb\n|move|p2a: Probopass|Body Press|p1a: Lokix\n|-damage|p1a: Lokix|70/251 par\n|\n|upkeep\n|turn|7\n|\n|t:|1733863900\n|move|p2a: Probopass|Rest|p2a: Probopass\n|-status|p2a: Probopass|slp|[from] move: Rest\n|-heal|p2a: Probopass|260/260 slp|[silent]\n|-enditem|p2a: Probopass|Chesto Berry|[eat]\n|-curestatus|p2a: Probopass|slp|[msg]\n|move|p1a: Lokix|Leech Life|p2a: Probopass\n|-resisted|p2a: Probopass\n|-damage|p2a: Probopass|0 fnt\n|-heal|p1a: Lokix|200/251 par|[from] drain|[of] p2a: Probopass\n|faint|p2a: Probopass\n|-damage|p1a: Lokix|175/251 par|[from] item: Life Orb\n|\n|upkeep\n|\n|t:|1733863914\n|switch|p2a: Electrode|Electrode, L92|260/260\n|turn|8\n|\n|t:|1733863936\n|move|p2a: Electrode|Volt Switch|p1a: Lokix\n|-damage|p1a: Lokix|73/251 par\n|\n|t:|1733863945\n|switch|p2a: Azumarill|Azumarill, L82, M|298/298|[from] Volt Switch\n|move|p1a: Lokix|Leech Life|p2a: Azumarill\n|-resisted|p2a: Azumarill\n|-damage|p2a: Azumarill|0 fnt\n|-heal|p1a: Lokix|222/251 par|[from] drain|[of] p2a: Azumarill\n|faint|p2a: Azumarill\n|-damage|p1a: Lokix|197/251 par|[from] item: Life Orb\n|\n|upkeep\n|\n|t:|1733863954\n|switch|p2a: Electrode|Electrode, L92|260/260\n|turn|9\n|\n|t:|1733863959\n|move|p2a: Electrode|Thunderbolt|p1a: Lokix\n|-damage|p1a: Lokix|61/251 par\n|move|p1a: Lokix|Leech Life|p2a: Electrode\n|-damage|p2a: Electrode|0 fnt\n|-heal|p1a: Lokix|191/251 par|[from] drain|[of] p2a: Electrode\n|faint|p2a: Electrode\n|-damage|p1a: Lokix|166/251 par|[from] item: Life Orb\n|\n|upkeep\n|\n|t:|1733863967\n|switch|p2a: Landorus|Landorus-Therian, L76, M|260/260\n|-ability|p2a: Landorus|Intimidate|boost\n|-unboost|p1a: Lokix|atk|1\n|turn|10\n|\n|t:|1733863975\n|move|p2a: Landorus|Earthquake|p1a: Lokix\n|-resisted|p1a: Lokix\n|-damage|p1a: Lokix|103/251 par\n|cant|p1a: Lokix|par\n|\n|upkeep\n|turn|11\n|\n|t:|1733863983\n|move|p2a: Landorus|Stone Edge|p1a: Lokix|[miss]\n|-miss|p2a: Landorus|p1a: Lokix\n|move|p1a: Lokix|Leech Life|p2a: Landorus\n|-resisted|p2a: Landorus\n|-damage|p2a: Landorus|0 fnt\n|-heal|p1a: Lokix|233/251 par|[from] drain|[of] p2a: Landorus\n|faint|p2a: Landorus\n|-damage|p1a: Lokix|208/251 par|[from] item: Life Orb\n|\n|win|Samsimmian\n|l|\u2606Gilbertous\n|player|p2|\n", "inputlog": ">version bfd83cad13791eb5a5a409923076391caf6fb4d4\n>start {\"formatid\":\"gen9randombattle\",\"seed\":[15534,25246,47284,4065]}\n>player p1 {\"name\":\"Samsimmian\",\"avatar\":\"1\",\"rating\":0,\"seed\":[32143,16710,52764,37195]}\n>player p2 {\"name\":\"Gilbertous\",\"avatar\":\"102\",\"rating\":0,\"seed\":[7245,57701,9756,45212]}\n>p1 move swordsdance\n>p2 move swordsdance terastallize\n>p1 move swordsdance\n>p2 move swordsdance\n>p1 move swordsdance\n>p2 move swordsdance\n>p1 move suckerpunch\n>p2 move powerwhip\n>p2 switch 2\n>p1 move suckerpunch\n>p2 move uturn\n>p2 switch 4\n>p1 move suckerpunch\n>p2 move bodypress\n>p1 move leechlife\n>p2 move rest\n>p2 switch 6\n>p1 move leechlife\n>p2 move voltswitch\n>p2 switch 5\n>p2 switch 5\n>p1 move leechlife\n>p2 move thunderbolt\n>p2 switch 3\n>p1 move leechlife\n>p2 move earthquake\n>p1 move leechlife\n>p2 move stoneedge", "uploadtime": 1733864037, "views": 8, "formatid": "gen9randombattle", "rating": null, "private": 0, "password": null}