{"id": "gen9randombattle-2259976886", "format": "[Gen 9] Random Battle", "players": ["Yikessssss", "catyCLAW"], "log": "|j|\u2606Yikessssss\n|j|\u2606catyCLAW\n|t:|1733786574\n|gametype|singles\n|player|p1|Yikessssss|flint|1300\n|player|p2|catyCLAW|102|1259\n|teamsize|p1|6\n|teamsize|p2|6\n|gen|9\n|tier|[Gen 9] Random Battle\n|rated|\n|rule|Species Clause: Limit one of each Pok\u00e9mon\n|rule|HP Percentage Mod: HP is shown in percentages\n|rule|Sleep Clause Mod: Limit one foe put to sleep\n|rule|Illusion Level Mod: Illusion disguises the Pok\u00e9mon's true level\n|\n|t:|1733786574\n|start\n|switch|p1a: Quagsire|Quagsire, L84, M|297/297\n|switch|p2a: Leavanny|Leavanny, L86, F|269/269\n|turn|1\n|inactive|Battle timer is ON: inactive players will automatically lose when time's up. (requested by Yikessssss)\n|\n|t:|1733786585\n|switch|p1a: Salazzle|Salazzle, L83, F|249/249\n|move|p2a: Leavanny|Knock Off|p1a: Salazzle\n|-damage|p1a: Salazzle|148/249\n|-enditem|p1a: Salazzle|Leftovers|[from] move: Knock Off|[of] p2a: Leavanny\n|\n|upkeep\n|turn|2\n|\n|t:|1733786599\n|switch|p2a: Golem|Golem, L87, F|281/281\n|move|p1a: Salazzle|Flamethrower|p2a: Golem\n|-resisted|p2a: Golem\n|-damage|p2a: Golem|218/281\n|\n|upkeep\n|turn|3\n|\n|t:|1733786617\n|move|p1a: Salazzle|Toxic|p2a: Golem\n|-status|p2a: Golem|tox\n|move|p2a: Golem|Rock Polish|p2a: Golem\n|-boost|p2a: Golem|spe|2\n|\n|-damage|p2a: Golem|201/281 tox|[from] psn\n|upkeep\n|turn|4\n|\n|t:|1733786627\n|move|p1a: Salazzle|Protect|p1a: Salazzle\n|-singleturn|p1a: Salazzle|Protect\n|move|p2a: Golem|Earthquake|p1a: Salazzle\n|-activate|p1a: Salazzle|move: Protect\n|\n|-damage|p2a: Golem|167/281 tox|[from] psn\n|upkeep\n|turn|5\n|\n|t:|1733786635\n|switch|p1a: Trevenant|Trevenant, L88, M|293/293\n|move|p2a: Golem|Earthquake|p1a: Trevenant\n|-resisted|p1a: Trevenant\n|-damage|p1a: Trevenant|228/293\n|\n|-damage|p2a: Golem|116/281 tox|[from] psn\n|upkeep\n|turn|6\n|\n|t:|1733786643\n|move|p2a: Golem|Stone Edge|p1a: Trevenant\n|-damage|p1a: Trevenant|78/293\n|move|p1a: Trevenant|Trick Room|p1a: Trevenant\n|-fieldstart|move: Trick Room|[of] p1a: Trevenant\n|\n|-damage|p2a: Golem|48/281 tox|[from] psn\n|upkeep\n|turn|7\n|inactive|catyCLAW has 120 seconds left.\n|\n|t:|1733786691\n|move|p1a: Trevenant|Drain Punch|p2a: Golem\n|-supereffective|p2a: Golem\n|-damage|p2a: Golem|0 fnt\n|-heal|p1a: Trevenant|102/293|[from] drain|[of] p2a: Golem\n|faint|p2a: Golem\n|-damage|p1a: Trevenant|73/293|[from] item: Life Orb\n|\n|upkeep\n|\n|t:|1733786708\n|switch|p2a: Kleavor|Kleavor, L78, F|237/237\n|turn|8\n|\n|t:|1733786726\n|move|p1a: Trevenant|Poltergeist|p2a: Kleavor\n|-activate|p2a: Kleavor|move: Poltergeist|Heavy-Duty Boots\n|-damage|p2a: Kleavor|65/237\n|-damage|p1a: Trevenant|44/293|[from] item: Life Orb\n|move|p2a: Kleavor|Stone Axe|p1a: Trevenant\n|-damage|p1a: Trevenant|0 fnt\n|-sidestart|p1: Yikessssss|move: Stealth Rock\n|faint|p1a: Trevenant\n|\n|upkeep\n|inactive|Yikessssss has 120 seconds left.\n|\n|t:|1733786748\n|switch|p1a: Quagsire|Quagsire, L84, M|297/297\n|-damage|p1a: Quagsire|279/297|[from] Stealth Rock\n|turn|9\n|\n|t:|1733786769\n|move|p1a: Quagsire|Toxic|p2a: Kleavor\n|-status|p2a: Kleavor|tox\n|move|p2a: Kleavor|X-Scissor|p1a: Quagsire\n|-damage|p1a: Quagsire|122/297\n|\n|-heal|p1a: Quagsire|140/297|[from] item: Leftovers\n|-damage|p2a: Kleavor|51/237 tox|[from] psn\n|upkeep\n|turn|10\n|\n|t:|1733786777\n|move|p1a: Quagsire|Recover|p1a: Quagsire\n|-heal|p1a: Quagsire|289/297\n|move|p2a: Kleavor|X-Scissor|p1a: Quagsire\n|-damage|p1a: Quagsire|133/297\n|\n|-heal|p1a: Quagsire|151/297|[from] item: Leftovers\n|-damage|p2a: Kleavor|23/237 tox|[from] psn\n|-fieldend|move: Trick Room\n|upkeep\n|turn|11\n|\n|t:|1733786795\n|move|p2a: Kleavor|Stone Axe|p1a: Quagsire\n|-resisted|p1a: Quagsire\n|-damage|p1a: Quagsire|88/297\n|move|p1a: Quagsire|Toxic|p2a: Kleavor\n|-fail|p2a: Kleavor|tox\n|\n|-heal|p1a: Quagsire|106/297|[from] item: Leftovers\n|-damage|p2a: Kleavor|0 fnt|[from] psn\n|faint|p2a: Kleavor\n|upkeep\n|inactive|catyCLAW has 90 seconds left.\n|\n|t:|1733786829\n|switch|p2a: Leavanny|Leavanny, L86, F|269/269\n|turn|12\n|\n|t:|1733786848\n|-terastallize|p1a: Quagsire|Poison\n|move|p2a: Leavanny|Leaf Blade|p1a: Quagsire\n|-resisted|p1a: Quagsire\n|-damage|p1a: Quagsire|52/297\n|move|p1a: Quagsire|Recover|p1a: Quagsire\n|-heal|p1a: Quagsire|201/297\n|\n|-heal|p1a: Quagsire|219/297|[from] item: Leftovers\n|upkeep\n|turn|13\n|\n|t:|1733786858\n|move|p2a: Leavanny|Sticky Web|p1a: Quagsire\n|-sidestart|p1: Yikessssss|move: Sticky Web\n|move|p1a: Quagsire|Toxic|p2a: Leavanny\n|-status|p2a: Leavanny|tox\n|\n|-heal|p1a: Quagsire|237/297|[from] item: Leftovers\n|-damage|p2a: Leavanny|253/269 tox|[from] psn\n|upkeep\n|turn|14\n|\n|t:|1733786865\n|move|p2a: Leavanny|Knock Off|p1a: Quagsire\n|-damage|p1a: Quagsire|164/297\n|-enditem|p1a: Quagsire|Leftovers|[from] move: Knock Off|[of] p2a: Leavanny\n|move|p1a: Quagsire|Spikes|p2a: Leavanny\n|-sidestart|p2: catyCLAW|Spikes\n|\n|-damage|p2a: Leavanny|221/269 tox|[from] psn\n|upkeep\n|turn|15\n|inactive|catyCLAW has 60 seconds left.\n|\n|t:|1733786885\n|switch|p2a: Krookodile|Krookodile, L80, F|283/283\n|-damage|p2a: Krookodile|248/283|[from] Spikes\n|-ability|p2a: Krookodile|Intimidate|boost\n|-unboost|p1a: Quagsire|atk|1\n|move|p1a: Quagsire|Recover|p1a: Quagsire\n|-heal|p1a: Quagsire|297/297\n|\n|upkeep\n|turn|16\n|inactive|catyCLAW has 60 seconds left.\n|\n|t:|1733786896\n|move|p2a: Krookodile|Earthquake|p1a: Quagsire\n|-supereffective|p1a: Quagsire\n|-damage|p1a: Quagsire|0 fnt\n|faint|p1a: Quagsire\n|\n|upkeep\n|\n|t:|1733786905\n|switch|p1a: Rillaboom|Rillaboom, L79, M|288/288\n|-damage|p1a: Rillaboom|252/288|[from] Stealth Rock\n|-activate|p1a: Rillaboom|move: Sticky Web\n|-unboost|p1a: Rillaboom|spe|1\n|-fieldstart|move: Grassy Terrain|[from] ability: Grassy Surge|[of] p1a: Rillaboom\n|turn|17\n|\n|t:|1733786917\n|switch|p2a: Leavanny|Leavanny, L86, F|221/269 tox\n|move|p1a: Rillaboom|Grassy Glide|p2a: Leavanny\n|-resisted|p2a: Leavanny\n|-damage|p2a: Leavanny|186/269 tox\n|\n|-heal|p2a: Leavanny|202/269 tox|[from] Grassy Terrain\n|-heal|p1a: Rillaboom|270/288|[from] Grassy Terrain\n|-damage|p2a: Leavanny|186/269 tox|[from] psn\n|upkeep\n|turn|18\n|\n|t:|1733786927\n|switch|p1a: Salazzle|Salazzle, L83, F|148/249\n|-damage|p1a: Salazzle|86/249|[from] Stealth Rock\n|-activate|p1a: Salazzle|move: Sticky Web\n|-unboost|p1a: Salazzle|spe|1\n|move|p2a: Leavanny|Lunge|p1a: Salazzle\n|-resisted|p1a: Salazzle\n|-damage|p1a: Salazzle|53/249\n|-unboost|p1a: Salazzle|atk|1\n|\n|-heal|p2a: Leavanny|202/269 tox|[from] Grassy Terrain\n|-heal|p1a: Salazzle|68/249|[from] Grassy Terrain\n|-damage|p2a: Leavanny|170/269 tox|[from] psn\n|upkeep\n|turn|19\n|\n|t:|1733786946\n|move|p1a: Salazzle|Protect|p1a: Salazzle\n|-singleturn|p1a: Salazzle|Protect\n|move|p2a: Leavanny|Knock Off|p1a: Salazzle\n|-activate|p1a: Salazzle|move: Protect\n|\n|-heal|p2a: Leavanny|186/269 tox|[from] Grassy Terrain\n|-heal|p1a: Salazzle|83/249|[from] Grassy Terrain\n|-damage|p2a: Leavanny|138/269 tox|[from] psn\n|upkeep\n|turn|20\n|\n|t:|1733786956\n|move|p2a: Leavanny|Knock Off|p1a: Salazzle\n|-damage|p1a: Salazzle|15/249\n|move|p1a: Salazzle|Flamethrower|p2a: Leavanny\n|-supereffective|p2a: Leavanny\n|-damage|p2a: Leavanny|0 fnt\n|faint|p2a: Leavanny\n|\n|-heal|p1a: Salazzle|30/249|[from] Grassy Terrain\n|upkeep\n|inactive|catyCLAW has 60 seconds left.\n|\n|t:|1733786977\n|switch|p2a: Manaphy|Manaphy, L78|284/284\n|-damage|p2a: Manaphy|249/284|[from] Spikes\n|turn|21\n|\n|t:|1733786982\n|move|p2a: Manaphy|Surf|p1a: Salazzle\n|-supereffective|p1a: Salazzle\n|-damage|p1a: Salazzle|0 fnt\n|faint|p1a: Salazzle\n|\n|-heal|p2a: Manaphy|266/284|[from] Grassy Terrain\n|-heal|p2a: Manaphy|283/284|[from] item: Leftovers\n|-fieldend|move: Grassy Terrain\n|upkeep\n|\n|t:|1733786987\n|switch|p1a: Rillaboom|Rillaboom, L79, M|270/288\n|-damage|p1a: Rillaboom|234/288|[from] Stealth Rock\n|-activate|p1a: Rillaboom|move: Sticky Web\n|-unboost|p1a: Rillaboom|spe|1\n|-fieldstart|move: Grassy Terrain|[from] ability: Grassy Surge|[of] p1a: Rillaboom\n|turn|22\n|inactive|catyCLAW has 60 seconds left.\n|\n|t:|1733787004\n|-terastallize|p2a: Manaphy|Grass\n|move|p1a: Rillaboom|Grassy Glide|p2a: Manaphy\n|-resisted|p2a: Manaphy\n|-damage|p2a: Manaphy|219/284\n|move|p2a: Manaphy|Tail Glow|p2a: Manaphy\n|-boost|p2a: Manaphy|spa|3\n|\n|-heal|p2a: Manaphy|236/284|[from] Grassy Terrain\n|-heal|p2a: Manaphy|253/284|[from] item: Leftovers\n|-heal|p1a: Rillaboom|252/288|[from] Grassy Terrain\n|upkeep\n|turn|23\n|-message|Yikessssss forfeited.\n|\n|win|catyCLAW\n|raw|Yikessssss's rating: 1300 &rarr; <strong>1272</strong><br />(-28 for losing)\n|raw|catyCLAW's rating: 1259 &rarr; <strong>1287</strong><br />(+28 for winning)\n|l|\u2606Yikessssss\n|player|p1|\n", "inputlog": ">version bfd83cad13791eb5a5a409923076391caf6fb4d4\n>start {\"formatid\":\"gen9randombattle\",\"seed\":[50198,33732,59896,18098],\"rated\":\"Rated battle\"}\n>player p1 {\"name\":\"Yikessssss\",\"avatar\":\"flint\",\"rating\":1300,\"seed\":[32435,27718,56691,12840]}\n>player p2 {\"name\":\"catyCLAW\",\"avatar\":\"102\",\"rating\":1259,\"seed\":[14249,7222,50588,16457]}\n>p1 switch 5\n>p2 move knockoff\n>p1 move flamethrower\n>p2 switch 6\n>p1 move toxic\n>p2 move rockpolish\n>p1 move protect\n>p2 move earthquake\n>p1 switch 6\n>p2 move earthquake\n>p1 move trickroom\n>p2 move stoneedge\n>p1 move drainpunch\n>p2 move stoneedge\n>p2 switch 4\n>p1 move poltergeist\n>p2 move stoneaxe\n>p1 switch 5\n>p1 move toxic\n>p2 move xscissor\n>p1 move recover\n>p2 move xscissor\n>p1 move toxic\n>p2 move stoneaxe\n>p2 switch 6\n>p1 move recover terastallize\n>p2 move leafblade\n>p1 move toxic\n>p2 move stickyweb\n>p1 move spikes\n>p2 move knockoff\n>p1 move recover\n>p2 switch 3\n>p1 move spikes\n>p2 move earthquake\n>p1 switch 3\n>p1 move grassyglide\n>p2 switch 3\n>p1 switch 6\n>p2 move lunge\n>p1 move protect\n>p2 move knockoff\n>p1 move flamethrower\n>p2 move knockoff\n>p2 switch 2\n>p1 move toxic\n>p2 move surf\n>p1 switch 6\n>p1 move grassyglide\n>p2 move tailglow terastallize\n>forcelose p1", "uploadtime": 1733787021, "views": 10, "formatid": "gen9randombattle", "rating": 1272, "private": 0, "password": null}