{"id": "gen9randombattle-2006911276", "format": "[Gen 9] Random Battle", "players": ["bombom02", "Star Wheel"], "log": "|j|\u2606bombom02\n|j|\u2606Star Wheel\n|t:|1701978776\n|gametype|singles\n|player|p1|bombom02|marnie|2245\n|player|p2|Star Wheel|darach-caitlin|2280\n|teamsize|p1|6\n|teamsize|p2|6\n|gen|9\n|tier|[Gen 9] Random Battle\n|rated|\n|rule|Species Clause: Limit one of each Pok\u00e9mon\n|rule|HP Percentage Mod: HP is shown in percentages\n|rule|Sleep Clause Mod: Limit one foe put to sleep\n|rule|Illusion Level Mod: Illusion disguises the Pok\u00e9mon's true level\n|\n|t:|1701978776\n|start\n|switch|p1a: Kleavor|Kleavor, L78, F|237/237\n|switch|p2a: Mudsdale|Mudsdale, L84, F|305/305\n|turn|1\n|inactive|Battle timer is ON: inactive players will automatically lose when time's up. (requested by bombom02)\n|\n|t:|1701978805\n|move|p1a: Kleavor|Swords Dance|p1a: Kleavor\n|-boost|p1a: Kleavor|atk|2\n|move|p2a: Mudsdale|Heavy Slam|p1a: Kleavor\n|-supereffective|p1a: Kleavor\n|-damage|p1a: Kleavor|0 fnt\n|faint|p1a: Kleavor\n|\n|upkeep\n|\n|t:|1701978813\n|switch|p1a: Beartic|Beartic, L90, M|317/317\n|turn|2\n|\n|t:|1701978839\n|switch|p2a: Hariyama|Hariyama, L87, M|392/392\n|move|p1a: Beartic|Icicle Crash|p2a: Hariyama\n|-damage|p2a: Hariyama|262/392\n|\n|upkeep\n|turn|3\n|\n|t:|1701978844\n|switch|p1a: Mudsdale|Mudsdale, L84, M|305/305\n|move|p2a: Hariyama|Close Combat|p1a: Mudsdale\n|-damage|p1a: Mudsdale|161/305\n|-unboost|p2a: Hariyama|def|1\n|-unboost|p2a: Hariyama|spd|1\n|-ability|p1a: Mudsdale|Stamina|boost\n|-boost|p1a: Mudsdale|def|1\n|\n|upkeep\n|turn|4\n|\n|t:|1701978850\n|move|p2a: Hariyama|Close Combat|p1a: Mudsdale\n|-damage|p1a: Mudsdale|64/305\n|-unboost|p2a: Hariyama|def|1\n|-unboost|p2a: Hariyama|spd|1\n|-ability|p1a: Mudsdale|Stamina|boost\n|-boost|p1a: Mudsdale|def|1\n|move|p1a: Mudsdale|Earthquake|p2a: Hariyama\n|-damage|p2a: Hariyama|0 fnt\n|faint|p2a: Hariyama\n|\n|upkeep\n|\n|t:|1701978857\n|switch|p2a: Pyroar|Pyroar, L88, F|295/295\n|-ability|p2a: Pyroar|Unnerve\n|turn|5\n|\n|t:|1701978863\n|move|p2a: Pyroar|Hyper Voice|p1a: Mudsdale\n|-damage|p1a: Mudsdale|0 fnt\n|faint|p1a: Mudsdale\n|\n|upkeep\n|\n|t:|1701978865\n|switch|p1a: Grumpig|Grumpig, L92, M|297/297\n|turn|6\n|j| ANIMEHATER91\n|\n|t:|1701978886\n|move|p2a: Pyroar|Dark Pulse|p1a: Grumpig\n|-supereffective|p1a: Grumpig\n|-damage|p1a: Grumpig|193/297\n|move|p1a: Grumpig|Nasty Plot|p1a: Grumpig\n|-boost|p1a: Grumpig|spa|2\n|\n|-heal|p1a: Grumpig|211/297|[from] item: Leftovers\n|upkeep\n|turn|7\n|\n|t:|1701978891\n|move|p2a: Pyroar|Dark Pulse|p1a: Grumpig\n|-supereffective|p1a: Grumpig\n|-damage|p1a: Grumpig|113/297\n|move|p1a: Grumpig|Earth Power|p2a: Pyroar\n|-supereffective|p2a: Pyroar\n|-damage|p2a: Pyroar|0 fnt\n|faint|p2a: Pyroar\n|\n|-heal|p1a: Grumpig|131/297|[from] item: Leftovers\n|upkeep\n|\n|t:|1701978902\n|switch|p2a: Mudsdale|Mudsdale, L84, F|305/305\n|turn|8\n|\n|t:|1701978911\n|switch|p1a: Lilligant|Lilligant, L86, F|261/261\n|move|p2a: Mudsdale|Earthquake|p1a: Lilligant\n|-resisted|p1a: Lilligant\n|-damage|p1a: Lilligant|160/261\n|\n|upkeep\n|turn|9\n|\n|t:|1701978917\n|switch|p2a: Vivillon|Vivillon-Continental, L86, F|278/278\n|move|p1a: Lilligant|Quiver Dance|p1a: Lilligant\n|-boost|p1a: Lilligant|spa|1\n|-boost|p1a: Lilligant|spd|1\n|-boost|p1a: Lilligant|spe|1\n|\n|upkeep\n|turn|10\n|\n|t:|1701978922\n|move|p1a: Lilligant|Sleep Powder|p2a: Vivillon\n|-status|p2a: Vivillon|slp|[from] move: Sleep Powder\n|cant|p2a: Vivillon|slp\n|\n|upkeep\n|turn|11\n|\n|t:|1701978926\n|switch|p1a: Beartic|Beartic, L90, M|317/317\n|-curestatus|p2a: Vivillon|slp|[msg]\n|move|p2a: Vivillon|Hurricane|p1a: Beartic\n|-damage|p1a: Beartic|191/317\n|\n|upkeep\n|turn|12\n|\n|t:|1701978933\n|switch|p2a: Oinkologne|Oinkologne-F, L93, F|365/365\n|move|p1a: Beartic|Icicle Crash|p2a: Oinkologne\n|-damage|p2a: Oinkologne|266/365\n|\n|upkeep\n|turn|13\n|\n|t:|1701978938\n|switch|p1a: Lilligant|Lilligant, L86, F|160/261\n|move|p2a: Oinkologne|Body Slam|p1a: Lilligant\n|-damage|p1a: Lilligant|42/261\n|\n|upkeep\n|turn|14\n|\n|t:|1701978944\n|move|p1a: Lilligant|Sleep Powder|p2a: Oinkologne\n|-status|p2a: Oinkologne|slp|[from] move: Sleep Powder\n|cant|p2a: Oinkologne|slp\n|\n|upkeep\n|turn|15\n|\n|t:|1701978947\n|move|p1a: Lilligant|Petal Dance|p2a: Oinkologne\n|-damage|p2a: Oinkologne|110/365 slp\n|-damage|p1a: Lilligant|16/261|[from] item: Life Orb\n|-curestatus|p2a: Oinkologne|slp|[msg]\n|move|p2a: Oinkologne|Body Slam|p1a: Lilligant\n|-damage|p1a: Lilligant|0 fnt\n|faint|p1a: Lilligant\n|\n|upkeep\n|c|\u2606bombom02|One turn wake every time\n|\n|t:|1701978964\n|switch|p1a: Grumpig|Grumpig, L92, M|131/297\n|turn|16\n|\n|t:|1701978967\n|move|p1a: Grumpig|Psyshock|p2a: Oinkologne\n|-damage|p2a: Oinkologne|7/365\n|-enditem|p2a: Oinkologne|Liechi Berry|[eat]\n|-boost|p2a: Oinkologne|atk|1|[from] item: Liechi Berry\n|move|p2a: Oinkologne|Body Slam|p1a: Grumpig\n|-damage|p1a: Grumpig|0 fnt\n|faint|p1a: Grumpig\n|\n|upkeep\n|\n|t:|1701978971\n|switch|p1a: Tropius|Tropius, L90, M|324/324\n|turn|17\n|\n|t:|1701978976\n|move|p2a: Oinkologne|Thief|p1a: Tropius\n|-damage|p1a: Tropius|250/324\n|-enditem|p1a: Tropius|Sitrus Berry|[silent]|[from] move: Thief|[of] p2a: Oinkologne\n|-item|p2a: Oinkologne|Sitrus Berry|[from] move: Thief|[of] p1a: Tropius\n|-enditem|p2a: Oinkologne|Sitrus Berry|[eat]\n|-heal|p2a: Oinkologne|98/365|[from] item: Sitrus Berry\n|move|p1a: Tropius|Air Slash|p2a: Oinkologne|[miss]\n|-miss|p1a: Tropius|p2a: Oinkologne\n|\n|upkeep\n|turn|18\n|\n|t:|1701978982\n|move|p2a: Oinkologne|Body Slam|p1a: Tropius\n|-damage|p1a: Tropius|108/324\n|move|p1a: Tropius|Leech Seed|p2a: Oinkologne\n|-start|p2a: Oinkologne|move: Leech Seed\n|\n|-damage|p2a: Oinkologne|53/365|[from] Leech Seed|[of] p1a: Tropius\n|-heal|p1a: Tropius|153/324|[silent]\n|upkeep\n|turn|19\n|\n|t:|1701978986\n|move|p1a: Tropius|Protect|p1a: Tropius\n|-singleturn|p1a: Tropius|Protect\n|move|p2a: Oinkologne|Body Slam|p1a: Tropius\n|-activate|p1a: Tropius|move: Protect\n|\n|-damage|p2a: Oinkologne|8/365|[from] Leech Seed|[of] p1a: Tropius\n|-heal|p1a: Tropius|198/324|[silent]\n|upkeep\n|turn|20\n|\n|t:|1701978989\n|move|p2a: Oinkologne|Body Slam|p1a: Tropius\n|-damage|p1a: Tropius|42/324\n|move|p1a: Tropius|Substitute|p1a: Tropius\n|-fail|p1a: Tropius|move: Substitute|[weak]\n|\n|-damage|p2a: Oinkologne|0 fnt|[from] Leech Seed|[of] p1a: Tropius\n|-heal|p1a: Tropius|50/324|[silent]\n|faint|p2a: Oinkologne\n|upkeep\n|\n|t:|1701978994\n|switch|p2a: Spectrier|Spectrier, L75|274/274\n|turn|21\n|c|\u2606bombom02|Fucking bullshit\n|-message|bombom02 forfeited.\n|\n|win|Star Wheel\n|raw|bombom02's rating: 2245 &rarr; <strong>2225</strong><br />(-20 for losing)\n|raw|Star Wheel's rating: 2249 &rarr; <strong>2269</strong><br />(+20 for winning)\n", "inputlog": ">version 2ada402f225975da7a16ef47c10f19a4b7931380\n>start {\"formatid\":\"gen9randombattle\",\"seed\":[18741,15762,26816,31334],\"rated\":\"Rated battle\"}\n>player p1 {\"name\":\"bombom02\",\"avatar\":\"marnie\",\"rating\":2245,\"seed\":[9991,56107,26045,32100]}\n>player p2 {\"name\":\"Star Wheel\",\"avatar\":\"darach-caitlin\",\"rating\":2280,\"seed\":[20131,37000,51319,58788]}\n>p1 move swordsdance\n>p2 move heavyslam\n>p1 switch 5\n>p1 move iciclecrash\n>p2 switch 4\n>p1 switch 4\n>p2 move closecombat\n>p1 move earthquake\n>p2 move closecombat\n>p2 switch 5\n>p1 move earthquake\n>p2 move hypervoice\n>p1 switch 6\n>p1 move nastyplot\n>p2 move darkpulse\n>p1 move earthpower\n>p2 move darkpulse\n>p2 switch 4\n>p1 switch 3\n>p2 move earthquake\n>p1 move quiverdance\n>p2 switch 2\n>p1 move sleeppowder\n>p2 move hurricane\n>p1 switch 4\n>p2 move hurricane\n>p1 move iciclecrash\n>p2 switch 3\n>p1 switch 4\n>p2 move bodyslam\n>p1 move sleeppowder\n>p2 move bodyslam\n>p1 move petaldance\n>p2 move bodyslam\n>chat \u2606bombom02|One turn wake every time\n>p1 switch 3\n>p1 move psyshock\n>p2 move bodyslam\n>p1 switch 2\n>p1 move airslash\n>p2 move thief\n>p1 move leechseed\n>p2 move bodyslam\n>p1 move protect\n>p2 move bodyslam\n>p1 move substitute\n>p2 move bodyslam\n>p2 switch 6\n>chat \u2606bombom02|Fucking bullshit\n>forcelose p1", "uploadtime": 1701979004, "views": 244, "formatid": "gen9randombattle", "rating": 2225, "private": 0, "password": null}