{"id": "gen9randombattle-2260309504", "format": "[Gen 9] Random Battle", "players": ["jermaineparker", "Joan brasil"], "log": "|j|\u2606jermaineparker\n|j|\u2606Joan brasil\n|t:|1733838241\n|gametype|singles\n|player|p1|jermaineparker|ballguy|1236\n|player|p2|Joan brasil|265|1271\n|teamsize|p1|6\n|teamsize|p2|6\n|gen|9\n|tier|[Gen 9] Random Battle\n|rated|\n|rule|Species Clause: Limit one of each Pok\u00e9mon\n|rule|HP Percentage Mod: HP is shown in percentages\n|rule|Sleep Clause Mod: Limit one foe put to sleep\n|rule|Illusion Level Mod: Illusion disguises the Pok\u00e9mon's true level\n|\n|t:|1733838241\n|start\n|switch|p1a: Roaring Moon|Roaring Moon, L72|270/270\n|switch|p2a: Politoed|Politoed, L88, M|302/302\n|-weather|RainDance|[from] ability: Drizzle|[of] p2a: Politoed\n|turn|1\n|inactive|Battle timer is ON: inactive players will automatically lose when time's up. (requested by jermaineparker)\n|inactive|jermaineparker has 120 seconds left.\n|\n|t:|1733838281\n|-end|p1a: Roaring Moon|Protosynthesis|[silent]\n|switch|p1a: Carbink|Carbink, L90|236/236\n|move|p2a: Politoed|Ice Beam|p1a: Carbink\n|-damage|p1a: Carbink|192/236\n|\n|-weather|RainDance|[upkeep]\n|upkeep\n|turn|2\n|\n|t:|1733838294\n|switch|p1a: Roaring Moon|Roaring Moon, L72|270/270\n|move|p2a: Politoed|Hydro Pump|p1a: Roaring Moon\n|-resisted|p1a: Roaring Moon\n|-damage|p1a: Roaring Moon|177/270\n|\n|-weather|RainDance|[upkeep]\n|upkeep\n|turn|3\n|\n|t:|1733838307\n|move|p1a: Roaring Moon|Knock Off|p2a: Politoed\n|-damage|p2a: Politoed|143/302\n|-enditem|p2a: Politoed|Chesto Berry|[from] move: Knock Off|[of] p1a: Roaring Moon\n|move|p2a: Politoed|Ice Beam|p1a: Roaring Moon\n|-supereffective|p1a: Roaring Moon\n|-damage|p1a: Roaring Moon|33/270\n|\n|-weather|RainDance|[upkeep]\n|upkeep\n|turn|4\n|\n|t:|1733838324\n|-end|p1a: Roaring Moon|Protosynthesis|[silent]\n|switch|p1a: Carbink|Carbink, L90|192/236\n|move|p2a: Politoed|Ice Beam|p1a: Carbink\n|-damage|p1a: Carbink|148/236\n|-status|p1a: Carbink|frz\n|\n|-weather|RainDance|[upkeep]\n|upkeep\n|turn|5\n|\n|t:|1733838330\n|move|p2a: Politoed|Hydro Pump|p1a: Carbink\n|-supereffective|p1a: Carbink\n|-damage|p1a: Carbink|0 fnt\n|faint|p1a: Carbink\n|\n|-weather|none\n|upkeep\n|\n|t:|1733838333\n|switch|p1a: Roaring Moon|Roaring Moon, L72|33/270\n|turn|6\n|\n|t:|1733838339\n|move|p1a: Roaring Moon|Outrage|p2a: Politoed\n|-damage|p2a: Politoed|0 fnt\n|faint|p2a: Politoed\n|\n|upkeep\n|\n|t:|1733838350\n|switch|p2a: Dodrio|Dodrio, L86, F|243/243\n|turn|7\n|\n|t:|1733838368\n|move|p2a: Dodrio|Double-Edge|p1a: Roaring Moon\n|-damage|p1a: Roaring Moon|0 fnt\n|faint|p1a: Roaring Moon\n|-end|p1a: Roaring Moon|Protosynthesis|[silent]\n|-damage|p2a: Dodrio|232/243|[from] Recoil\n|\n|upkeep\n|\n|t:|1733838378\n|switch|p1a: Sandaconda|Sandaconda, L84, F|258/258\n|turn|8\n|\n|t:|1733838384\n|move|p2a: Dodrio|Drill Run|p1a: Sandaconda\n|-damage|p1a: Sandaconda|203/258\n|move|p1a: Sandaconda|Stealth Rock|p2a: Dodrio\n|-sidestart|p2: Joan brasil|move: Stealth Rock\n|\n|-heal|p1a: Sandaconda|219/258|[from] item: Leftovers\n|upkeep\n|turn|9\n|\n|t:|1733838392\n|move|p2a: Dodrio|Swords Dance|p2a: Dodrio\n|-boost|p2a: Dodrio|atk|2\n|move|p1a: Sandaconda|Stone Edge|p2a: Dodrio|[miss]\n|-miss|p1a: Sandaconda|p2a: Dodrio\n|\n|-heal|p1a: Sandaconda|235/258|[from] item: Leftovers\n|upkeep\n|turn|10\n|\n|t:|1733838399\n|move|p2a: Dodrio|Double-Edge|p1a: Sandaconda\n|-damage|p1a: Sandaconda|31/258\n|-damage|p2a: Dodrio|165/243|[from] Recoil\n|move|p1a: Sandaconda|Stone Edge|p2a: Dodrio\n|-supereffective|p2a: Dodrio\n|-damage|p2a: Dodrio|0 fnt\n|faint|p2a: Dodrio\n|\n|-heal|p1a: Sandaconda|47/258|[from] item: Leftovers\n|upkeep\n|\n|t:|1733838422\n|switch|p2a: Mamoswine|Mamoswine, L81, M|311/311\n|-damage|p2a: Mamoswine|273/311|[from] Stealth Rock\n|turn|11\n|\n|t:|1733838430\n|move|p2a: Mamoswine|Earthquake|p1a: Sandaconda\n|-damage|p1a: Sandaconda|0 fnt\n|faint|p1a: Sandaconda\n|-damage|p2a: Mamoswine|242/311|[from] item: Life Orb\n|\n|upkeep\n|\n|t:|1733838445\n|switch|p1a: Rampardos|Rampardos, L90, F|321/321\n|turn|12\n|\n|t:|1733838452\n|move|p1a: Rampardos|Head Smash|p2a: Mamoswine\n|-damage|p2a: Mamoswine|0 fnt\n|faint|p2a: Mamoswine\n|-damage|p1a: Rampardos|200/321|[from] Recoil\n|\n|upkeep\n|\n|t:|1733838465\n|switch|p2a: Hitmonchan|Hitmonchan, L87, M|229/229\n|-damage|p2a: Hitmonchan|215/229|[from] Stealth Rock\n|turn|13\n|\n|t:|1733838471\n|switch|p1a: Vivillon|Vivillon-Savanna, L84, F|272/272\n|move|p2a: Hitmonchan|Close Combat|p1a: Vivillon\n|-resisted|p1a: Vivillon\n|-damage|p1a: Vivillon|208/272\n|-unboost|p2a: Hitmonchan|def|1\n|-unboost|p2a: Hitmonchan|spd|1\n|-damage|p2a: Hitmonchan|193/229|[from] item: Life Orb\n|\n|upkeep\n|turn|14\n|\n|t:|1733838487\n|switch|p2a: Tyranitar|Tyranitar, L79, F|288/288\n|-damage|p2a: Tyranitar|252/288|[from] Stealth Rock\n|-weather|Sandstorm|[from] ability: Sand Stream|[of] p2a: Tyranitar\n|move|p1a: Vivillon|Quiver Dance|p1a: Vivillon\n|-boost|p1a: Vivillon|spa|1\n|-boost|p1a: Vivillon|spd|1\n|-boost|p1a: Vivillon|spe|1\n|\n|-weather|Sandstorm|[upkeep]\n|-damage|p1a: Vivillon|191/272|[from] Sandstorm\n|upkeep\n|turn|15\n|\n|t:|1733838497\n|move|p1a: Vivillon|Sleep Powder|p2a: Tyranitar\n|-status|p2a: Tyranitar|slp|[from] move: Sleep Powder\n|cant|p2a: Tyranitar|slp\n|\n|-weather|Sandstorm|[upkeep]\n|-damage|p1a: Vivillon|174/272|[from] Sandstorm\n|upkeep\n|turn|16\n|\n|t:|1733838500\n|move|p1a: Vivillon|Quiver Dance|p1a: Vivillon\n|-boost|p1a: Vivillon|spa|1\n|-boost|p1a: Vivillon|spd|1\n|-boost|p1a: Vivillon|spe|1\n|cant|p2a: Tyranitar|slp\n|\n|-weather|Sandstorm|[upkeep]\n|-damage|p1a: Vivillon|157/272|[from] Sandstorm\n|upkeep\n|turn|17\n|\n|t:|1733838503\n|-terastallize|p1a: Vivillon|Ground\n|move|p1a: Vivillon|Tera Blast|p2a: Tyranitar|[anim] Tera Blast Ground\n|-supereffective|p2a: Tyranitar\n|-damage|p2a: Tyranitar|124/288 slp\n|cant|p2a: Tyranitar|slp\n|\n|-weather|Sandstorm|[upkeep]\n|upkeep\n|turn|18\n|\n|t:|1733838510\n|move|p1a: Vivillon|Tera Blast|p2a: Tyranitar|[anim] Tera Blast Ground\n|-supereffective|p2a: Tyranitar\n|-damage|p2a: Tyranitar|0 fnt\n|faint|p2a: Tyranitar\n|\n|-weather|none\n|upkeep\n|\n|t:|1733838522\n|switch|p2a: Hitmonchan|Hitmonchan, L87, M|193/229\n|-damage|p2a: Hitmonchan|179/229|[from] Stealth Rock\n|turn|19\n|\n|t:|1733838529\n|move|p1a: Vivillon|Hurricane|p2a: Hitmonchan\n|-supereffective|p2a: Hitmonchan\n|-damage|p2a: Hitmonchan|0 fnt\n|faint|p2a: Hitmonchan\n|\n|upkeep\n|\n|t:|1733838531\n|switch|p2a: Cobalion|Cobalion, L80|277/277\n|-damage|p2a: Cobalion|269/277|[from] Stealth Rock\n|turn|20\n|\n|t:|1733838536\n|-terastallize|p2a: Cobalion|Fighting\n|move|p1a: Vivillon|Sleep Powder|p2a: Cobalion\n|-status|p2a: Cobalion|slp|[from] move: Sleep Powder\n|cant|p2a: Cobalion|slp\n|\n|upkeep\n|turn|21\n|\n|t:|1733838540\n|move|p1a: Vivillon|Hurricane|p2a: Cobalion\n|-supereffective|p2a: Cobalion\n|-damage|p2a: Cobalion|0 fnt\n|faint|p2a: Cobalion\n|\n|win|jermaineparker\n|raw|jermaineparker's rating: 1236 &rarr; <strong>1264</strong><br />(+28 for winning)\n|raw|Joan brasil's rating: 1271 &rarr; <strong>1243</strong><br />(-28 for losing)\n|l|\u2606Joan brasil\n|player|p2|\n", "inputlog": ">version bfd83cad13791eb5a5a409923076391caf6fb4d4\n>start {\"formatid\":\"gen9randombattle\",\"seed\":[59454,37216,63176,58393],\"rated\":\"Rated battle\"}\n>player p1 {\"name\":\"jermaineparker\",\"avatar\":\"ballguy\",\"rating\":1236,\"seed\":[9789,46100,53438,16055]}\n>player p2 {\"name\":\"Joan brasil\",\"avatar\":\"265\",\"rating\":1271,\"seed\":[46690,24794,9838,33417]}\n>p1 switch 6\n>p2 move icebeam\n>p1 switch 6\n>p2 move hydropump\n>p1 move knockoff\n>p2 move icebeam\n>p1 switch 6\n>p2 move icebeam\n>p1 move rest\n>p2 move hydropump\n>p1 switch 6\n>p1 move outrage\n>p2 move icebeam\n>p2 switch 6\n>p1 move outrage\n>p2 move doubleedge\n>p1 switch 4\n>p1 move stealthrock\n>p2 move drillrun\n>p1 move stoneedge\n>p2 move swordsdance\n>p1 move stoneedge\n>p2 move doubleedge\n>p2 switch 2\n>p1 move earthquake\n>p2 move earthquake\n>p1 switch 5\n>p1 move headsmash\n>p2 move earthquake\n>p2 switch 3\n>p1 switch 2\n>p2 move closecombat\n>p1 move quiverdance\n>p2 switch 4\n>p1 move sleeppowder\n>p2 move icebeam\n>p1 move quiverdance\n>p2 move icebeam\n>p1 move terablast terastallize\n>p2 move icebeam\n>p1 move terablast\n>p2 move icebeam\n>p2 switch 4\n>p1 move hurricane\n>p2 move icepunch\n>p2 switch 5\n>p1 move sleeppowder\n>p2 move stoneedge terastallize\n>p1 move hurricane\n>p2 move stoneedge", "uploadtime": 1733838544, "views": 2, "formatid": "gen9randombattle", "rating": 1243, "private": 0, "password": null}