{"id": "gen9randombattle-2260382257", "format": "[Gen 9] Random Battle", "players": ["Hauntaholics", "mefumo4porros"], "log": "|j|\u2606Hauntaholics\n|j|\u2606mefumo4porros\n|t:|1733846111\n|gametype|singles\n|player|p1|Hauntaholics|shelly-gen3|1358\n|player|p2|mefumo4porros|169|1350\n|teamsize|p1|6\n|teamsize|p2|6\n|gen|9\n|tier|[Gen 9] Random Battle\n|rated|\n|rule|Species Clause: Limit one of each Pok\u00e9mon\n|rule|HP Percentage Mod: HP is shown in percentages\n|rule|Sleep Clause Mod: Limit one foe put to sleep\n|rule|Illusion Level Mod: Illusion disguises the Pok\u00e9mon's true level\n|\n|t:|1733846111\n|start\n|switch|p1a: Carbink|Carbink, L90|236/236\n|switch|p2a: Heatran|Heatran, L79, F|273/273\n|-item|p2a: Heatran|Air Balloon\n|turn|1\n|inactive|Battle timer is ON: inactive players will automatically lose when time's up. (requested by Hauntaholics)\n|\n|t:|1733846122\n|switch|p1a: Inteleon|Inteleon, L81, F|246/246\n|move|p2a: Heatran|Stealth Rock|p1a: Inteleon\n|-sidestart|p1: Hauntaholics|move: Stealth Rock\n|\n|upkeep\n|turn|2\n|\n|t:|1733846131\n|switch|p2a: Snorlax|Snorlax, L82, F|397/397\n|move|p1a: Inteleon|Hydro Pump|p2a: Snorlax\n|-damage|p2a: Snorlax|237/397\n|\n|-heal|p2a: Snorlax|261/397|[from] item: Leftovers\n|upkeep\n|turn|3\n|\n|t:|1733846138\n|switch|p1a: Carbink|Carbink, L90|236/236\n|-damage|p1a: Carbink|207/236|[from] Stealth Rock\n|move|p2a: Snorlax|Body Slam|p1a: Carbink\n|-resisted|p1a: Carbink\n|-damage|p1a: Carbink|180/236\n|\n|-heal|p1a: Carbink|194/236|[from] item: Leftovers\n|-heal|p2a: Snorlax|285/397|[from] item: Leftovers\n|upkeep\n|turn|4\n|\n|t:|1733846147\n|switch|p2a: Heatran|Heatran, L79, F|273/273\n|-item|p2a: Heatran|Air Balloon\n|move|p1a: Carbink|Iron Defense|p1a: Carbink\n|-boost|p1a: Carbink|def|2\n|\n|-heal|p1a: Carbink|208/236|[from] item: Leftovers\n|upkeep\n|turn|5\n|\n|t:|1733846155\n|-terastallize|p1a: Carbink|Fighting\n|move|p2a: Heatran|Flash Cannon|p1a: Carbink\n|-damage|p1a: Carbink|154/236\n|move|p1a: Carbink|Rock Polish|p1a: Carbink\n|-boost|p1a: Carbink|spe|2\n|\n|-heal|p1a: Carbink|168/236|[from] item: Leftovers\n|upkeep\n|turn|6\n|c|\u2606mefumo4porros|ggs\n|\n|t:|1733846167\n|move|p1a: Carbink|Body Press|p2a: Heatran\n|-supereffective|p2a: Heatran\n|-damage|p2a: Heatran|0 fnt\n|-enditem|p2a: Heatran|Air Balloon\n|faint|p2a: Heatran\n|\n|-heal|p1a: Carbink|182/236|[from] item: Leftovers\n|upkeep\n|\n|t:|1733846187\n|switch|p2a: Dusknoir|Dusknoir, L89, F|225/225\n|-item|p1a: Carbink|Leftovers|[from] ability: Frisk|[of] p2a: Dusknoir\n|turn|7\n|\n|t:|1733846198\n|move|p1a: Carbink|Moonblast|p2a: Dusknoir\n|-damage|p2a: Dusknoir|174/225\n|-unboost|p2a: Dusknoir|spa|1\n|move|p2a: Dusknoir|Substitute|p2a: Dusknoir\n|-start|p2a: Dusknoir|Substitute\n|-damage|p2a: Dusknoir|118/225\n|\n|-heal|p1a: Carbink|196/236|[from] item: Leftovers\n|-heal|p2a: Dusknoir|132/225|[from] item: Leftovers\n|upkeep\n|turn|8\n|\n|t:|1733846209\n|-singleturn|p2a: Dusknoir|move: Focus Punch\n|move|p1a: Carbink|Moonblast|p2a: Dusknoir\n|-activate|p2a: Dusknoir|move: Substitute|[damage]\n|move|p2a: Dusknoir|Focus Punch|p1a: Carbink\n|-damage|p1a: Carbink|159/236\n|\n|-heal|p1a: Carbink|173/236|[from] item: Leftovers\n|-heal|p2a: Dusknoir|146/225|[from] item: Leftovers\n|upkeep\n|turn|9\n|inactive|mefumo4porros has 120 seconds left.\n|\n|t:|1733846225\n|move|p1a: Carbink|Iron Defense|p1a: Carbink\n|-boost|p1a: Carbink|def|2\n|move|p2a: Dusknoir|Pain Split|p1a: Carbink\n|-sethp|p1a: Carbink|159/236|[from] move: Pain Split|[silent]\n|-sethp|p2a: Dusknoir|159/225|[from] move: Pain Split\n|\n|-heal|p1a: Carbink|173/236|[from] item: Leftovers\n|-heal|p2a: Dusknoir|173/225|[from] item: Leftovers\n|upkeep\n|turn|10\n|\n|t:|1733846231\n|move|p1a: Carbink|Iron Defense|p1a: Carbink\n|-boost|p1a: Carbink|def|2\n|move|p2a: Dusknoir|Poltergeist|p1a: Carbink\n|-activate|p1a: Carbink|move: Poltergeist|Leftovers\n|-damage|p1a: Carbink|152/236\n|\n|-heal|p1a: Carbink|166/236|[from] item: Leftovers\n|-heal|p2a: Dusknoir|187/225|[from] item: Leftovers\n|upkeep\n|turn|11\n|\n|t:|1733846239\n|-singleturn|p2a: Dusknoir|move: Focus Punch\n|move|p1a: Carbink|Rock Polish|p1a: Carbink\n|-boost|p1a: Carbink|spe|2\n|move|p2a: Dusknoir|Focus Punch|p1a: Carbink\n|-damage|p1a: Carbink|148/236\n|\n|-heal|p1a: Carbink|162/236|[from] item: Leftovers\n|-heal|p2a: Dusknoir|201/225|[from] item: Leftovers\n|upkeep\n|turn|12\n|\n|t:|1733846247\n|-singleturn|p2a: Dusknoir|move: Focus Punch\n|move|p1a: Carbink|Moonblast|p2a: Dusknoir\n|-end|p2a: Dusknoir|Substitute\n|move|p2a: Dusknoir|Focus Punch|p1a: Carbink\n|-damage|p1a: Carbink|144/236\n|\n|-heal|p1a: Carbink|158/236|[from] item: Leftovers\n|-heal|p2a: Dusknoir|215/225|[from] item: Leftovers\n|upkeep\n|turn|13\n|\n|t:|1733846252\n|-singleturn|p2a: Dusknoir|move: Focus Punch\n|move|p1a: Carbink|Moonblast|p2a: Dusknoir\n|-damage|p2a: Dusknoir|163/225\n|-unboost|p2a: Dusknoir|spa|1\n|cant|p2a: Dusknoir|Focus Punch|Focus Punch\n|\n|-heal|p1a: Carbink|172/236|[from] item: Leftovers\n|-heal|p2a: Dusknoir|177/225|[from] item: Leftovers\n|upkeep\n|turn|14\n|\n|t:|1733846258\n|move|p1a: Carbink|Moonblast|p2a: Dusknoir\n|-damage|p2a: Dusknoir|129/225\n|move|p2a: Dusknoir|Poltergeist|p1a: Carbink\n|-activate|p1a: Carbink|move: Poltergeist|Leftovers\n|-damage|p1a: Carbink|151/236\n|\n|-heal|p1a: Carbink|165/236|[from] item: Leftovers\n|-heal|p2a: Dusknoir|143/225|[from] item: Leftovers\n|upkeep\n|turn|15\n|\n|t:|1733846261\n|move|p1a: Carbink|Moonblast|p2a: Dusknoir\n|-damage|p2a: Dusknoir|94/225\n|move|p2a: Dusknoir|Poltergeist|p1a: Carbink\n|-activate|p1a: Carbink|move: Poltergeist|Leftovers\n|-damage|p1a: Carbink|143/236\n|\n|-heal|p1a: Carbink|157/236|[from] item: Leftovers\n|-heal|p2a: Dusknoir|108/225|[from] item: Leftovers\n|upkeep\n|turn|16\n|\n|t:|1733846265\n|move|p1a: Carbink|Moonblast|p2a: Dusknoir\n|-damage|p2a: Dusknoir|62/225\n|-unboost|p2a: Dusknoir|spa|1\n|move|p2a: Dusknoir|Pain Split|p1a: Carbink\n|-sethp|p1a: Carbink|109/236|[from] move: Pain Split|[silent]\n|-sethp|p2a: Dusknoir|109/225|[from] move: Pain Split\n|\n|-heal|p1a: Carbink|123/236|[from] item: Leftovers\n|-heal|p2a: Dusknoir|123/225|[from] item: Leftovers\n|upkeep\n|turn|17\n|\n|t:|1733846268\n|move|p1a: Carbink|Moonblast|p2a: Dusknoir\n|-damage|p2a: Dusknoir|75/225\n|move|p2a: Dusknoir|Poltergeist|p1a: Carbink\n|-activate|p1a: Carbink|move: Poltergeist|Leftovers\n|-damage|p1a: Carbink|102/236\n|\n|-heal|p1a: Carbink|116/236|[from] item: Leftovers\n|-heal|p2a: Dusknoir|89/225|[from] item: Leftovers\n|upkeep\n|turn|18\n|\n|t:|1733846271\n|move|p1a: Carbink|Moonblast|p2a: Dusknoir\n|-damage|p2a: Dusknoir|38/225\n|move|p2a: Dusknoir|Pain Split|p1a: Carbink\n|-sethp|p1a: Carbink|77/236|[from] move: Pain Split|[silent]\n|-sethp|p2a: Dusknoir|77/225|[from] move: Pain Split\n|\n|-heal|p1a: Carbink|91/236|[from] item: Leftovers\n|-heal|p2a: Dusknoir|91/225|[from] item: Leftovers\n|upkeep\n|turn|19\n|\n|t:|1733846275\n|move|p1a: Carbink|Moonblast|p2a: Dusknoir\n|-damage|p2a: Dusknoir|42/225\n|move|p2a: Dusknoir|Pain Split|p1a: Carbink\n|-sethp|p1a: Carbink|66/236|[from] move: Pain Split|[silent]\n|-sethp|p2a: Dusknoir|66/225|[from] move: Pain Split\n|\n|-heal|p1a: Carbink|80/236|[from] item: Leftovers\n|-heal|p2a: Dusknoir|80/225|[from] item: Leftovers\n|upkeep\n|turn|20\n|\n|t:|1733846278\n|move|p1a: Carbink|Moonblast|p2a: Dusknoir\n|-damage|p2a: Dusknoir|31/225\n|move|p2a: Dusknoir|Pain Split|p1a: Carbink\n|-sethp|p1a: Carbink|55/236|[from] move: Pain Split|[silent]\n|-sethp|p2a: Dusknoir|55/225|[from] move: Pain Split\n|\n|-heal|p1a: Carbink|69/236|[from] item: Leftovers\n|-heal|p2a: Dusknoir|69/225|[from] item: Leftovers\n|upkeep\n|turn|21\n|\n|t:|1733846291\n|move|p1a: Carbink|Moonblast|p2a: Dusknoir\n|-damage|p2a: Dusknoir|18/225\n|move|p2a: Dusknoir|Pain Split|p1a: Carbink\n|-sethp|p1a: Carbink|43/236|[from] move: Pain Split|[silent]\n|-sethp|p2a: Dusknoir|43/225|[from] move: Pain Split\n|\n|-heal|p1a: Carbink|57/236|[from] item: Leftovers\n|-heal|p2a: Dusknoir|57/225|[from] item: Leftovers\n|upkeep\n|turn|22\n|\n|t:|1733846308\n|move|p1a: Carbink|Moonblast|p2a: Dusknoir\n|-damage|p2a: Dusknoir|6/225\n|move|p2a: Dusknoir|Pain Split|p1a: Carbink\n|-sethp|p1a: Carbink|31/236|[from] move: Pain Split|[silent]\n|-sethp|p2a: Dusknoir|31/225|[from] move: Pain Split\n|\n|-heal|p1a: Carbink|45/236|[from] item: Leftovers\n|-heal|p2a: Dusknoir|45/225|[from] item: Leftovers\n|upkeep\n|turn|23\n|\n|t:|1733846316\n|move|p1a: Carbink|Moonblast|p2a: Dusknoir\n|-damage|p2a: Dusknoir|0 fnt\n|faint|p2a: Dusknoir\n|\n|-heal|p1a: Carbink|59/236|[from] item: Leftovers\n|upkeep\n|\n|t:|1733846324\n|switch|p2a: Sandy Shocks|Sandy Shocks, L80|267/267\n|turn|24\n|\n|t:|1733846329\n|move|p1a: Carbink|Body Press|p2a: Sandy Shocks\n|-damage|p2a: Sandy Shocks|0 fnt\n|faint|p2a: Sandy Shocks\n|-end|p2a: Sandy Shocks|Protosynthesis|[silent]\n|\n|-heal|p1a: Carbink|73/236|[from] item: Leftovers\n|upkeep\n|\n|t:|1733846332\n|switch|p2a: Terrakion|Terrakion, L79|273/273\n|turn|25\n|\n|t:|1733846336\n|move|p1a: Carbink|Body Press|p2a: Terrakion\n|-supereffective|p2a: Terrakion\n|-damage|p2a: Terrakion|0 fnt\n|faint|p2a: Terrakion\n|\n|-heal|p1a: Carbink|87/236|[from] item: Leftovers\n|upkeep\n|\n|t:|1733846339\n|switch|p2a: Snorlax|Snorlax, L82, F|285/397\n|turn|26\n|c|\u2606Hauntaholics|!randbats snorlax\n\n|c| Hauntaholics|/raw <div class=\"infobox\"><span style=\"color:#999999;\">Moves for Snorlax in [Gen 9] Random Battle:</span><br/><b>Level</b>: 82<details open><summary>Bulky Attacker</summary><b>Tera Types</b>: Fairy, Poison<br/><b>Moves</b>: <a href=\"https://dex.pokemonshowdown.com/moves/bodyslam\" target=\"_blank\" class=\"subtle\" style=\"white-space:nowrap\">Body Slam</a>, <a href=\"https://dex.pokemonshowdown.com/moves/curse\" target=\"_blank\" class=\"subtle\" style=\"white-space:nowrap\">Curse</a>, <a href=\"https://dex.pokemonshowdown.com/moves/rest\" target=\"_blank\" class=\"subtle\" style=\"white-space:nowrap\">Rest</a>, <a href=\"https://dex.pokemonshowdown.com/moves/sleeptalk\" target=\"_blank\" class=\"subtle\" style=\"white-space:nowrap\">Sleep Talk</a><br/><b>Ability</b>: Thick Fat</details><details open><summary>Bulky Setup</summary><b>Tera Types</b>: Ground, Poison<br/><b>Moves</b>: <a href=\"https://dex.pokemonshowdown.com/moves/bodyslam\" target=\"_blank\" class=\"subtle\" style=\"white-space:nowrap\">Body Slam</a>, <a href=\"https://dex.pokemonshowdown.com/moves/crunch\" target=\"_blank\" class=\"subtle\" style=\"white-space:nowrap\">Crunch</a>, <a href=\"https://dex.pokemonshowdown.com/moves/curse\" target=\"_blank\" class=\"subtle\" style=\"white-space:nowrap\">Curse</a>, <a href=\"https://dex.pokemonshowdown.com/moves/earthquake\" target=\"_blank\" class=\"subtle\" style=\"white-space:nowrap\">Earthquake</a>, <a href=\"https://dex.pokemonshowdown.com/moves/rest\" target=\"_blank\" class=\"subtle\" style=\"white-space:nowrap\">Rest</a><br/><b>Ability</b>: Thick Fat</details></div>\n|\n|t:|1733846349\n|-terastallize|p2a: Snorlax|Poison\n|move|p1a: Carbink|Body Press|p2a: Snorlax\n|-resisted|p2a: Snorlax\n|-damage|p2a: Snorlax|0 fnt\n|faint|p2a: Snorlax\n|\n|-heal|p1a: Carbink|101/236|[from] item: Leftovers\n|upkeep\n|-message|mefumo4porros forfeited.\n|\n|win|Hauntaholics\n|raw|Hauntaholics's rating: 1358 &rarr; <strong>1379</strong><br />(+21 for winning)\n|raw|mefumo4porros's rating: 1371 &rarr; <strong>1350</strong><br />(-21 for losing)\n|l|\u2606mefumo4porros\n|player|p2|\n", "inputlog": ">version bfd83cad13791eb5a5a409923076391caf6fb4d4\n>start {\"formatid\":\"gen9randombattle\",\"seed\":[31555,4503,17171,33831],\"rated\":\"Rated battle\"}\n>player p1 {\"name\":\"Hauntaholics\",\"avatar\":\"shelly-gen3\",\"rating\":1358,\"seed\":[43599,4467,64381,23356]}\n>player p2 {\"name\":\"mefumo4porros\",\"avatar\":\"169\",\"rating\":1350,\"seed\":[28630,11965,42411,17149]}\n>p1 switch 3\n>p2 move stealthrock\n>p1 move hydropump\n>p2 switch 6\n>p1 switch 3\n>p2 move bodyslam\n>p1 move irondefense\n>p2 switch 6\n>p1 move rockpolish terastallize\n>p2 move flashcannon\n>chat \u2606mefumo4porros|ggs\n>p1 move bodypress\n>p2 move magmastorm\n>p2 switch 2\n>p1 move moonblast\n>p2 move substitute\n>p1 move moonblast\n>p2 move focuspunch\n>p1 move irondefense\n>p2 move painsplit\n>p1 move irondefense\n>p2 move poltergeist\n>p1 move rockpolish\n>p2 move focuspunch\n>p1 move moonblast\n>p2 move focuspunch\n>p1 move moonblast\n>p2 move focuspunch\n>p1 move moonblast\n>p2 move poltergeist\n>p1 move moonblast\n>p2 move poltergeist\n>p1 move moonblast\n>p2 move painsplit\n>p1 move moonblast\n>p2 move poltergeist\n>p1 move moonblast\n>p2 move painsplit\n>p1 move moonblast\n>p2 move painsplit\n>p1 move moonblast\n>p2 move painsplit\n>p1 move moonblast\n>p2 move painsplit\n>p1 move moonblast\n>p2 move painsplit\n>p1 move moonblast\n>p2 move painsplit\n>p2 switch 5\n>p1 move bodypress\n>p2 move thunderbolt\n>p2 switch 3\n>p1 move bodypress\n>p2 move closecombat\n>p2 switch 6\n>chat \u2606Hauntaholics|!randbats snorlax\n>p1 move bodypress\n>p2 move bodyslam terastallize\n>forcelose p2", "uploadtime": 1733846364, "views": 1, "formatid": "gen9randombattle", "rating": 1350, "private": 0, "password": null}