{"id": "gen9randombattle-2259990061", "format": "[Gen 9] Random Battle", "players": ["SadieDraft", "slowpokepsyduck"], "log": "|j|\u2606SadieDraft\n|j|\u2606slowpokepsyduck\n|t:|1733788209\n|gametype|singles\n|player|p1|SadieDraft|lady|1350\n|player|p2|slowpokepsyduck|266|1362\n|teamsize|p1|6\n|teamsize|p2|6\n|gen|9\n|tier|[Gen 9] Random Battle\n|rated|\n|rule|Species Clause: Limit one of each Pok\u00e9mon\n|rule|HP Percentage Mod: HP is shown in percentages\n|rule|Sleep Clause Mod: Limit one foe put to sleep\n|rule|Illusion Level Mod: Illusion disguises the Pok\u00e9mon's true level\n|\n|t:|1733788209\n|start\n|switch|p1a: Pyroar|Pyroar, L88, F|295/295\n|switch|p2a: Vikavolt|Vikavolt, L83, M|263/263\n|-ability|p1a: Pyroar|Unnerve\n|turn|1\n|inactive|Battle timer is ON: inactive players will automatically lose when time's up. (requested by slowpokepsyduck)\n|\n|t:|1733788218\n|move|p1a: Pyroar|Work Up|p1a: Pyroar\n|-boost|p1a: Pyroar|atk|1\n|-boost|p1a: Pyroar|spa|1\n|move|p2a: Vikavolt|Sticky Web|p1a: Pyroar\n|-sidestart|p1: SadieDraft|move: Sticky Web\n|\n|upkeep\n|turn|2\n|\n|t:|1733788225\n|move|p1a: Pyroar|Fire Blast|p2a: Vikavolt\n|-supereffective|p2a: Vikavolt\n|-damage|p2a: Vikavolt|0 fnt\n|faint|p2a: Vikavolt\n|\n|upkeep\n|\n|t:|1733788241\n|switch|p2a: Swampert|Swampert, L83, M|302/302\n|turn|3\n|\n|t:|1733788245\n|move|p1a: Pyroar|Hyper Voice|p2a: Swampert\n|-damage|p2a: Swampert|137/302\n|move|p2a: Swampert|Roar|p1a: Pyroar\n|drag|p1a: Chansey|Chansey, L85, F|564/564\n|-activate|p1a: Chansey|move: Sticky Web\n|-unboost|p1a: Chansey|spe|1\n|\n|-heal|p2a: Swampert|155/302|[from] item: Leftovers\n|upkeep\n|turn|4\n|\n|t:|1733788256\n|move|p2a: Swampert|Knock Off|p1a: Chansey\n|-damage|p1a: Chansey|387/564\n|-enditem|p1a: Chansey|Eviolite|[from] move: Knock Off|[of] p2a: Swampert\n|move|p1a: Chansey|Seismic Toss|p2a: Swampert\n|-damage|p2a: Swampert|70/302\n|\n|-heal|p2a: Swampert|88/302|[from] item: Leftovers\n|upkeep\n|turn|5\n|\n|t:|1733788264\n|move|p2a: Swampert|Earthquake|p1a: Chansey\n|-damage|p1a: Chansey|0 fnt\n|faint|p1a: Chansey\n|\n|-heal|p2a: Swampert|106/302|[from] item: Leftovers\n|upkeep\n|\n|t:|1733788269\n|switch|p1a: Pyroar|Pyroar, L88, F|295/295\n|-ability|p1a: Pyroar|Unnerve\n|turn|6\n|\n|t:|1733788279\n|move|p1a: Pyroar|Hyper Voice|p2a: Swampert\n|-damage|p2a: Swampert|0 fnt\n|faint|p2a: Swampert\n|\n|upkeep\n|\n|t:|1733788287\n|switch|p2a: Sawsbuck|Sawsbuck-Autumn, L88, M|219/219\n|turn|7\n|\n|t:|1733788291\n|move|p1a: Pyroar|Work Up|p1a: Pyroar\n|-boost|p1a: Pyroar|atk|1\n|-boost|p1a: Pyroar|spa|1\n|move|p2a: Sawsbuck|Focus Blast|p1a: Pyroar|[miss]\n|-miss|p2a: Sawsbuck|p1a: Pyroar\n|\n|upkeep\n|turn|8\n|\n|t:|1733788298\n|-terastallize|p1a: Pyroar|Fire\n|move|p1a: Pyroar|Work Up|p1a: Pyroar\n|-boost|p1a: Pyroar|atk|1\n|-boost|p1a: Pyroar|spa|1\n|move|p2a: Sawsbuck|Focus Blast|p1a: Pyroar|[miss]\n|-miss|p2a: Sawsbuck|p1a: Pyroar\n|\n|upkeep\n|turn|9\n|\n|t:|1733788306\n|move|p1a: Pyroar|Fire Blast|p2a: Sawsbuck\n|-damage|p2a: Sawsbuck|0 fnt\n|replace|p2a: Zoroark|Zoroark-Hisui, L80, M\n|-end|p2a: Zoroark|Illusion\n|-hint|Illusion Level Mod is active, so this Pok\u00e9mon's true level was hidden.\n|faint|p2a: Zoroark\n|\n|upkeep\n|\n|t:|1733788309\n|switch|p2a: Scream Tail|Scream Tail, L84|330/330\n|turn|10\n|\n|t:|1733788313\n|move|p1a: Pyroar|Hyper Voice|p2a: Scream Tail\n|-damage|p2a: Scream Tail|143/330\n|move|p2a: Scream Tail|Thunder Wave|p1a: Pyroar\n|-status|p1a: Pyroar|par\n|\n|-heal|p2a: Scream Tail|163/330|[from] item: Leftovers\n|upkeep\n|turn|11\n|\n|t:|1733788323\n|move|p2a: Scream Tail|Wish|p2a: Scream Tail\n|cant|p1a: Pyroar|par\n|\n|-heal|p2a: Scream Tail|183/330|[from] item: Leftovers\n|upkeep\n|turn|12\n|\n|t:|1733788329\n|move|p2a: Scream Tail|Protect|p2a: Scream Tail\n|-singleturn|p2a: Scream Tail|Protect\n|move|p1a: Pyroar|Taunt|p2a: Scream Tail\n|-activate|p2a: Scream Tail|move: Protect\n|\n|-heal|p2a: Scream Tail|330/330|[from] move: Wish|[wisher] Scream Tail\n|upkeep\n|turn|13\n|\n|t:|1733788337\n|move|p2a: Scream Tail|Dazzling Gleam|p1a: Pyroar\n|-resisted|p1a: Pyroar\n|-damage|p1a: Pyroar|256/295 par\n|cant|p1a: Pyroar|par\n|\n|upkeep\n|turn|14\n|\n|t:|1733788345\n|-end|p2a: Scream Tail|Protosynthesis|[silent]\n|switch|p2a: Masquerain|Masquerain, L87, M|264/264\n|-ability|p2a: Masquerain|Intimidate|boost\n|-unboost|p1a: Pyroar|atk|1\n|move|p1a: Pyroar|Taunt|p2a: Masquerain\n|-start|p2a: Masquerain|move: Taunt\n|\n|upkeep\n|turn|15\n|\n|t:|1733788352\n|move|p2a: Masquerain|Hydro Pump|p1a: Pyroar|[miss]\n|-miss|p2a: Masquerain|p1a: Pyroar\n|cant|p1a: Pyroar|par\n|\n|upkeep\n|turn|16\n|\n|t:|1733788356\n|move|p2a: Masquerain|Hydro Pump|p1a: Pyroar|[miss]\n|-miss|p2a: Masquerain|p1a: Pyroar\n|move|p1a: Pyroar|Fire Blast|p2a: Masquerain\n|-supereffective|p2a: Masquerain\n|-damage|p2a: Masquerain|0 fnt\n|faint|p2a: Masquerain\n|\n|upkeep\n|\n|t:|1733788365\n|switch|p2a: Sawsbuck|Sawsbuck-Autumn, L88, M|284/284\n|turn|17\n|\n|t:|1733788368\n|move|p2a: Sawsbuck|High Horsepower|p1a: Pyroar\n|-supereffective|p1a: Pyroar\n|-damage|p1a: Pyroar|53/295 par\n|-damage|p2a: Sawsbuck|256/284|[from] item: Life Orb\n|move|p1a: Pyroar|Fire Blast|p2a: Sawsbuck\n|-supereffective|p2a: Sawsbuck\n|-damage|p2a: Sawsbuck|0 fnt\n|faint|p2a: Sawsbuck\n|\n|upkeep\n|\n|t:|1733788375\n|switch|p2a: Scream Tail|Scream Tail, L84|330/330\n|turn|18\n|-message|slowpokepsyduck forfeited.\n|\n|win|SadieDraft\n|raw|SadieDraft's rating: 1350 &rarr; <strong>1371</strong><br />(+21 for winning)\n|raw|slowpokepsyduck's rating: 1362 &rarr; <strong>1341</strong><br />(-21 for losing)\n|l|\u2606slowpokepsyduck\n|player|p2|\n", "inputlog": ">version bfd83cad13791eb5a5a409923076391caf6fb4d4\n>start {\"formatid\":\"gen9randombattle\",\"seed\":[31617,34888,4367,3583],\"rated\":\"Rated battle\"}\n>player p1 {\"name\":\"SadieDraft\",\"avatar\":\"lady\",\"rating\":1350,\"seed\":[15737,18433,40241,37767]}\n>player p2 {\"name\":\"slowpokepsyduck\",\"avatar\":\"266\",\"rating\":1362,\"seed\":[6479,37002,10649,38499]}\n>p1 move workup\n>p2 move stickyweb\n>p1 move fireblast\n>p2 move thunderbolt\n>p2 switch 4\n>p1 move hypervoice\n>p2 move roar\n>p1 move seismictoss\n>p2 move knockoff\n>p1 move seismictoss\n>p2 move earthquake\n>p1 switch 2\n>p1 move hypervoice\n>p2 move knockoff\n>p2 switch 2\n>p1 move workup\n>p2 move focusblast\n>p1 move workup terastallize\n>p2 move focusblast\n>p1 move fireblast\n>p2 move willowisp\n>p2 switch 3\n>p1 move hypervoice\n>p2 move thunderwave\n>p1 move hypervoice\n>p2 move wish\n>p1 move taunt\n>p2 move protect\n>p1 move taunt\n>p2 move dazzlinggleam\n>p1 move taunt\n>p2 switch 5\n>p1 move fireblast\n>p2 move hydropump\n>p1 move fireblast\n>p2 move hydropump\n>p2 switch 6\n>p1 move fireblast\n>p2 move highhorsepower\n>p2 switch 5\n>forcelose p2", "uploadtime": 1733788383, "views": 2, "formatid": "gen9randombattle", "rating": 1341, "private": 0, "password": null}