{"id": "gen9randombattle-2260888446", "format": "[Gen 9] Random Battle", "players": ["Voggz", "RumbleFighter"], "log": "|j|\u2606Voggz\n|j|\u2606RumbleFighter\n|t:|1733911317\n|gametype|singles\n|player|p1|Voggz|2|1672\n|player|p2|RumbleFighter|volkner|1632\n|teamsize|p1|6\n|teamsize|p2|6\n|gen|9\n|tier|[Gen 9] Random Battle\n|rated|\n|rule|Species Clause: Limit one of each Pok\u00e9mon\n|rule|HP Percentage Mod: HP is shown in percentages\n|rule|Sleep Clause Mod: Limit one foe put to sleep\n|rule|Illusion Level Mod: Illusion disguises the Pok\u00e9mon's true level\n|\n|t:|1733911317\n|start\n|switch|p1a: Yanmega|Yanmega, L82, F|275/275\n|switch|p2a: Scrafty|Scrafty, L84, F|246/246\n|turn|1\n|inactive|Battle timer is ON: inactive players will automatically lose when time's up. (requested by Voggz)\n|\n|t:|1733911330\n|switch|p2a: Flareon|Flareon, L90, F|263/263\n|move|p1a: Yanmega|Bug Buzz|p2a: Flareon\n|-resisted|p2a: Flareon\n|-damage|p2a: Flareon|220/263\n|\n|-ability|p1a: Yanmega|Speed Boost|boost\n|-boost|p1a: Yanmega|spe|1\n|-status|p2a: Flareon|tox|[from] item: Toxic Orb\n|upkeep\n|turn|2\n|\n|t:|1733911342\n|switch|p1a: Dusknoir|Dusknoir, L89, M|225/225\n|-item|p2a: Flareon|Toxic Orb|[from] ability: Frisk|[of] p1a: Dusknoir\n|move|p2a: Flareon|Will-O-Wisp|p1a: Dusknoir\n|-status|p1a: Dusknoir|brn\n|\n|-damage|p2a: Flareon|204/263 tox|[from] psn\n|-damage|p1a: Dusknoir|211/225 brn|[from] brn\n|upkeep\n|turn|3\n|\n|t:|1733911356\n|switch|p2a: Scrafty|Scrafty, L84, F|246/246\n|move|p1a: Dusknoir|Substitute|p1a: Dusknoir\n|-start|p1a: Dusknoir|Substitute\n|-damage|p1a: Dusknoir|155/225 brn\n|\n|-heal|p1a: Dusknoir|169/225 brn|[from] item: Leftovers\n|-damage|p1a: Dusknoir|155/225 brn|[from] brn\n|upkeep\n|turn|4\n|inactive|RumbleFighter has 120 seconds left.\n|\n|t:|1733911387\n|-singleturn|p1a: Dusknoir|move: Focus Punch\n|move|p2a: Scrafty|Knock Off|p1a: Dusknoir\n|-supereffective|p1a: Dusknoir\n|-end|p1a: Dusknoir|Substitute\n|move|p1a: Dusknoir|Focus Punch|p2a: Scrafty\n|-supereffective|p2a: Scrafty\n|-damage|p2a: Scrafty|152/246\n|\n|-heal|p2a: Scrafty|167/246|[from] item: Leftovers\n|-heal|p1a: Dusknoir|169/225 brn|[from] item: Leftovers\n|-damage|p1a: Dusknoir|155/225 brn|[from] brn\n|upkeep\n|turn|5\n|\n|t:|1733911405\n|switch|p1a: Yanmega|Yanmega, L82, F|275/275\n|move|p2a: Scrafty|Bulk Up|p2a: Scrafty\n|-boost|p2a: Scrafty|atk|1\n|-boost|p2a: Scrafty|def|1\n|\n|-heal|p2a: Scrafty|182/246|[from] item: Leftovers\n|upkeep\n|turn|6\n|\n|t:|1733911423\n|move|p1a: Yanmega|Air Slash|p2a: Scrafty\n|-supereffective|p2a: Scrafty\n|-damage|p2a: Scrafty|32/246\n|cant|p2a: Scrafty|flinch\n|\n|-heal|p2a: Scrafty|47/246|[from] item: Leftovers\n|-ability|p1a: Yanmega|Speed Boost|boost\n|-boost|p1a: Yanmega|spe|1\n|upkeep\n|turn|7\n|\n|t:|1733911432\n|switch|p2a: Thundurus|Thundurus, L80, M|258/258\n|move|p1a: Yanmega|Air Slash|p2a: Thundurus\n|-resisted|p2a: Thundurus\n|-damage|p2a: Thundurus|213/258\n|\n|-ability|p1a: Yanmega|Speed Boost|boost\n|-boost|p1a: Yanmega|spe|1\n|upkeep\n|turn|8\n|\n|t:|1733911445\n|switch|p1a: Dusknoir|Dusknoir, L89, M|155/225 brn\n|move|p2a: Thundurus|Thunder Wave|p1a: Dusknoir|[miss]\n|-miss|p2a: Thundurus|p1a: Dusknoir\n|\n|-heal|p1a: Dusknoir|169/225 brn|[from] item: Leftovers\n|-damage|p1a: Dusknoir|155/225 brn|[from] brn\n|upkeep\n|turn|9\n|\n|t:|1733911457\n|move|p2a: Thundurus|Thunderbolt|p1a: Dusknoir\n|-damage|p1a: Dusknoir|77/225 brn\n|move|p1a: Dusknoir|Substitute|p1a: Dusknoir\n|-start|p1a: Dusknoir|Substitute\n|-damage|p1a: Dusknoir|21/225 brn\n|\n|-heal|p1a: Dusknoir|35/225 brn|[from] item: Leftovers\n|-damage|p1a: Dusknoir|21/225 brn|[from] brn\n|upkeep\n|turn|10\n|\n|t:|1733911477\n|move|p2a: Thundurus|Thunderbolt|p1a: Dusknoir\n|-end|p1a: Dusknoir|Substitute\n|move|p1a: Dusknoir|Pain Split|p2a: Thundurus\n|-sethp|p2a: Thundurus|117/258|[from] move: Pain Split|[silent]\n|-sethp|p1a: Dusknoir|117/225 brn|[from] move: Pain Split\n|\n|-heal|p1a: Dusknoir|131/225 brn|[from] item: Leftovers\n|-damage|p1a: Dusknoir|117/225 brn|[from] brn\n|upkeep\n|turn|11\n|\n|t:|1733911488\n|move|p2a: Thundurus|Thunderbolt|p1a: Dusknoir\n|-damage|p1a: Dusknoir|42/225 brn\n|move|p1a: Dusknoir|Poltergeist||[still]\n|-fail|p1a: Dusknoir\n|\n|-heal|p1a: Dusknoir|56/225 brn|[from] item: Leftovers\n|-damage|p1a: Dusknoir|42/225 brn|[from] brn\n|upkeep\n|turn|12\n|\n|t:|1733911499\n|move|p2a: Thundurus|Thunderbolt|p1a: Dusknoir\n|-damage|p1a: Dusknoir|0 fnt\n|faint|p1a: Dusknoir\n|\n|upkeep\n|\n|t:|1733911513\n|switch|p1a: Iron Valiant|Iron Valiant, L78|244/244\n|turn|13\n|\n|t:|1733911527\n|switch|p2a: Scrafty|Scrafty, L84, F|47/246\n|move|p1a: Iron Valiant|Moonblast|p2a: Scrafty\n|-supereffective|p2a: Scrafty\n|-damage|p2a: Scrafty|0 fnt\n|faint|p2a: Scrafty\n|-damage|p1a: Iron Valiant|220/244|[from] item: Life Orb\n|\n|upkeep\n|\n|t:|1733911531\n|switch|p2a: Salazzle|Salazzle, L83, F|249/249\n|turn|14\n|\n|t:|1733911541\n|move|p2a: Salazzle|Sludge Wave|p1a: Iron Valiant\n|-supereffective|p1a: Iron Valiant\n|-damage|p1a: Iron Valiant|0 fnt\n|faint|p1a: Iron Valiant\n|-end|p1a: Iron Valiant|Quark Drive|[silent]\n|\n|upkeep\n|\n|t:|1733911556\n|switch|p1a: Jirachi|Jirachi, L80|291/291\n|turn|15\n|inactive|RumbleFighter has 120 seconds left.\n|\n|t:|1733911589\n|move|p2a: Salazzle|Fire Blast|p1a: Jirachi\n|-supereffective|p1a: Jirachi\n|-damage|p1a: Jirachi|63/291\n|move|p1a: Jirachi|Body Slam|p2a: Salazzle\n|-damage|p2a: Salazzle|179/249\n|-status|p2a: Salazzle|par\n|\n|-heal|p1a: Jirachi|81/291|[from] item: Leftovers\n|upkeep\n|turn|16\n|inactive|RumbleFighter has 120 seconds left.\n|\n|t:|1733911605\n|switch|p2a: Thundurus|Thundurus, L80, M|117/258\n|-terastallize|p1a: Jirachi|Water\n|move|p1a: Jirachi|Wish|p1a: Jirachi\n|\n|-heal|p1a: Jirachi|99/291|[from] item: Leftovers\n|upkeep\n|turn|17\n|\n|t:|1733911615\n|move|p1a: Jirachi|Protect|p1a: Jirachi\n|-singleturn|p1a: Jirachi|Protect\n|move|p2a: Thundurus|Thunderbolt|p1a: Jirachi\n|-activate|p1a: Jirachi|move: Protect\n|\n|-heal|p1a: Jirachi|244/291|[from] move: Wish|[wisher] Jirachi\n|-heal|p1a: Jirachi|262/291|[from] item: Leftovers\n|upkeep\n|turn|18\n|\n|t:|1733911630\n|switch|p1a: Duraludon|Duraludon, L82, M|249/249\n|move|p2a: Thundurus|Thunderbolt|p1a: Duraludon\n|-resisted|p1a: Duraludon\n|-damage|p1a: Duraludon|198/249\n|\n|upkeep\n|turn|19\n|inactive|RumbleFighter has 120 seconds left.\n|\n|t:|1733911661\n|move|p2a: Thundurus|Thunder Wave|p1a: Duraludon\n|-status|p1a: Duraludon|par\n|move|p1a: Duraludon|Dragon Tail|p2a: Thundurus\n|-damage|p2a: Thundurus|41/258\n|drag|p2a: Flareon|Flareon, L90, F|204/263 tox\n|\n|-damage|p2a: Flareon|188/263 tox|[from] psn\n|upkeep\n|turn|20\n|\n|t:|1733911672\n|move|p2a: Flareon|Flare Blitz|p1a: Duraludon\n|-damage|p1a: Duraludon|47/249 par\n|-damage|p2a: Flareon|138/263 tox|[from] Recoil\n|move|p1a: Duraludon|Draco Meteor|p2a: Flareon\n|-damage|p2a: Flareon|27/263 tox\n|-unboost|p1a: Duraludon|spa|2\n|\n|-damage|p2a: Flareon|0 fnt|[from] psn\n|faint|p2a: Flareon\n|upkeep\n|\n|t:|1733911675\n|switch|p2a: Salazzle|Salazzle, L83, F|179/249 par\n|turn|21\n|\n|t:|1733911689\n|move|p2a: Salazzle|Fire Blast|p1a: Duraludon\n|-damage|p1a: Duraludon|0 fnt\n|faint|p1a: Duraludon\n|\n|upkeep\n|\n|t:|1733911700\n|switch|p1a: Gouging Fire|Gouging Fire, L74|277/277\n|turn|22\n|\n|t:|1733911712\n|switch|p2a: Thundurus|Thundurus, L80, M|41/258\n|move|p1a: Gouging Fire|Outrage|p2a: Thundurus\n|-damage|p2a: Thundurus|0 fnt\n|faint|p2a: Thundurus\n|\n|upkeep\n|inactive|RumbleFighter has 120 seconds left.\n|\n|t:|1733911728\n|switch|p2a: Flygon|Flygon, L82, F|265/265\n|turn|23\n|inactive|RumbleFighter has 120 seconds left.\n|\n|t:|1733911742\n|move|p2a: Flygon|Outrage|p1a: Gouging Fire\n|-supereffective|p1a: Gouging Fire\n|-damage|p1a: Gouging Fire|73/277\n|move|p1a: Gouging Fire|Outrage|p2a: Flygon|[from]lockedmove\n|-supereffective|p2a: Flygon\n|-damage|p2a: Flygon|35/265\n|-start|p1a: Gouging Fire|confusion|[fatigue]\n|\n|upkeep\n|turn|24\n|\n|t:|1733911752\n|move|p2a: Flygon|Outrage|p1a: Gouging Fire|[from]lockedmove\n|-supereffective|p1a: Gouging Fire\n|-damage|p1a: Gouging Fire|0 fnt\n|faint|p1a: Gouging Fire\n|-end|p1a: Gouging Fire|Protosynthesis|[silent]\n|\n|upkeep\n|\n|t:|1733911760\n|switch|p1a: Jirachi|Jirachi, L80, tera:Water|262/291\n|turn|25\n|inactive|RumbleFighter has 120 seconds left.\n|\n|t:|1733911789\n|move|p1a: Jirachi|Protect|p1a: Jirachi\n|-singleturn|p1a: Jirachi|Protect\n|move|p2a: Flygon|Outrage|p1a: Jirachi|[from]lockedmove\n|-activate|p1a: Jirachi|move: Protect\n|-start|p2a: Flygon|confusion|[fatigue]\n|\n|-heal|p1a: Jirachi|280/291|[from] item: Leftovers\n|upkeep\n|turn|26\n|\n|t:|1733911800\n|switch|p2a: Salazzle|Salazzle, L83, F|179/249 par\n|move|p1a: Jirachi|Body Slam|p2a: Salazzle\n|-damage|p2a: Salazzle|108/249 par\n|\n|-heal|p1a: Jirachi|291/291|[from] item: Leftovers\n|upkeep\n|turn|27\n|\n|t:|1733911815\n|move|p1a: Jirachi|Iron Head|p2a: Salazzle\n|-resisted|p2a: Salazzle\n|-damage|p2a: Salazzle|55/249 par\n|cant|p2a: Salazzle|flinch\n|\n|upkeep\n|turn|28\n|\n|t:|1733911821\n|move|p1a: Jirachi|Body Slam|p2a: Salazzle\n|-damage|p2a: Salazzle|0 fnt\n|faint|p2a: Salazzle\n|\n|upkeep\n|\n|t:|1733911830\n|switch|p2a: Flygon|Flygon, L82, F|35/265\n|turn|29\n|\n|t:|1733911846\n|move|p2a: Flygon|Outrage|p1a: Jirachi\n|-damage|p1a: Jirachi|180/291\n|move|p1a: Jirachi|Iron Head|p2a: Flygon\n|-damage|p2a: Flygon|0 fnt\n|faint|p2a: Flygon\n|\n|-heal|p1a: Jirachi|198/291|[from] item: Leftovers\n|upkeep\n|\n|t:|1733911849\n|switch|p2a: Breloom|Breloom, L82, F|233/233\n|turn|30\n|\n|t:|1733911860\n|move|p1a: Jirachi|Body Slam|p2a: Breloom\n|-damage|p2a: Breloom|169/233\n|-status|p2a: Breloom|par\n|move|p2a: Breloom|Bullet Seed|p1a: Jirachi\n|-supereffective|p1a: Jirachi\n|-damage|p1a: Jirachi|89/291\n|-supereffective|p1a: Jirachi\n|-damage|p1a: Jirachi|0 fnt\n|faint|p1a: Jirachi\n|-hitcount|p1: Jirachi|2\n|-damage|p2a: Breloom|146/233 par|[from] item: Life Orb\n|\n|upkeep\n|\n|t:|1733911871\n|switch|p1a: Yanmega|Yanmega, L82, F|275/275\n|turn|31\n|\n|t:|1733911876\n|-terastallize|p2a: Breloom|Rock\n|move|p1a: Yanmega|Air Slash|p2a: Breloom\n|-resisted|p2a: Breloom\n|-damage|p2a: Breloom|91/233 par\n|cant|p2a: Breloom|flinch\n|\n|-ability|p1a: Yanmega|Speed Boost|boost\n|-boost|p1a: Yanmega|spe|1\n|upkeep\n|turn|32\n|\n|t:|1733911888\n|move|p1a: Yanmega|Bug Buzz|p2a: Breloom\n|-damage|p2a: Breloom|0 fnt\n|faint|p2a: Breloom\n|\n|win|Voggz\n|raw|Voggz's rating: 1672 &rarr; <strong>1690</strong><br />(+18 for winning)\n|raw|RumbleFighter's rating: 1632 &rarr; <strong>1614</strong><br />(-18 for losing)\n|c|\u2606RumbleFighter|nice fucking luck, kid\n", "inputlog": ">version bfd83cad13791eb5a5a409923076391caf6fb4d4\n>start {\"formatid\":\"gen9randombattle\",\"seed\":[23689,632,13224,53430],\"rated\":\"Rated battle\"}\n>player p1 {\"name\":\"Voggz\",\"avatar\":\"2\",\"rating\":1672,\"seed\":[3914,5964,2444,30686]}\n>player p2 {\"name\":\"RumbleFighter\",\"avatar\":\"volkner\",\"rating\":1632,\"seed\":[14253,16575,57824,16229]}\n>p1 move bugbuzz\n>p2 switch 5\n>p1 switch 2\n>p2 move willowisp\n>p1 move substitute\n>p2 switch 5\n>p1 move focuspunch\n>p2 move knockoff\n>p1 switch 2\n>p2 move bulkup\n>p1 move airslash\n>p2 move knockoff\n>p1 move airslash\n>p2 switch 6\n>p1 switch 2\n>p2 move thunderwave\n>p1 move substitute\n>p2 move thunderbolt\n>p1 move painsplit\n>p2 move thunderbolt\n>p1 move poltergeist\n>p2 move thunderbolt\n>p1 move painsplit\n>p2 move thunderbolt\n>p1 switch 6\n>p1 move moonblast\n>p2 switch 6\n>p2 switch 3\n>p1 move psychic\n>p2 move sludgewave\n>p1 switch 3\n>p1 move bodyslam\n>p2 move fireblast\n>p1 move wish terastallize\n>p2 switch 6\n>p1 move protect\n>p2 move thunderbolt\n>p1 switch 4\n>p2 move thunderbolt\n>p1 move dragontail\n>p2 move thunderwave\n>p1 move dracometeor\n>p2 move flareblitz\n>p2 switch 6\n>p1 move dragontail\n>p2 move fireblast\n>p1 switch 5\n>p1 move outrage\n>p2 switch 5\n>p2 switch 4\n>p1 move outrage\n>p2 move outrage\n>p1 move dragondance\n>p2 move outrage\n>p1 switch 4\n>p1 move protect\n>p2 move outrage\n>p1 move bodyslam\n>p2 switch 5\n>p1 move ironhead\n>p2 move sludgewave\n>p1 move bodyslam\n>p2 move sludgewave\n>p2 switch 5\n>p1 move ironhead\n>p2 move outrage\n>p2 switch 2\n>p1 move bodyslam\n>p2 move bulletseed\n>p1 switch 2\n>p1 move airslash\n>p2 move rocktomb terastallize\n>p1 move bugbuzz\n>p2 move rocktomb", "uploadtime": 1733911897, "views": 2, "formatid": "gen9randombattle", "rating": 1614, "private": 0, "password": null}