{"id": "gen9randombattle-2260624291", "format": "[Gen 9] Random Battle", "players": ["macarena.vox", "pisspoo"], "log": "|j|\u2606macarena.vox\n|j|\u2606pisspoo\n|t:|1733870639\n|gametype|singles\n|player|p1|macarena.vox|170|1647\n|player|p2|pisspoo|266|1644\n|teamsize|p1|6\n|teamsize|p2|6\n|gen|9\n|tier|[Gen 9] Random Battle\n|rated|\n|rule|Species Clause: Limit one of each Pok\u00e9mon\n|rule|HP Percentage Mod: HP is shown in percentages\n|rule|Sleep Clause Mod: Limit one foe put to sleep\n|rule|Illusion Level Mod: Illusion disguises the Pok\u00e9mon's true level\n|\n|t:|1733870639\n|start\n|switch|p1a: Gardevoir|Gardevoir, L83, F|249/249\n|switch|p2a: Scizor|Scizor, L79, F|240/240\n|-ability|p1a: Gardevoir|Technician|[from] ability: Trace|[of] p2a: Scizor\n|turn|1\n|inactive|Battle timer is ON: inactive players will automatically lose when time's up. (requested by pisspoo)\n|\n|t:|1733870657\n|switch|p2a: Garganacl|Garganacl, L80, M|291/291\n|move|p1a: Gardevoir|Mystical Fire|p2a: Garganacl\n|-resisted|p2a: Garganacl\n|-damage|p2a: Garganacl|240/291\n|-unboost|p2a: Garganacl|spa|1\n|\n|-heal|p2a: Garganacl|258/291|[from] item: Leftovers\n|upkeep\n|turn|2\n|\n|t:|1733870667\n|switch|p1a: Dondozo|Dondozo, L78, F|362/362\n|move|p2a: Garganacl|Salt Cure|p1a: Dondozo\n|-damage|p1a: Dondozo|323/362\n|-start|p1a: Dondozo|Salt Cure\n|\n|-heal|p2a: Garganacl|276/291|[from] item: Leftovers\n|-heal|p1a: Dondozo|345/362|[from] item: Leftovers\n|-damage|p1a: Dondozo|255/362|[from] Salt Cure\n|upkeep\n|turn|3\n|\n|t:|1733870679\n|switch|p2a: Volbeat|Volbeat, L90, M|263/263\n|switch|p1a: Spidops|Spidops, L96, M|271/271\n|\n|upkeep\n|turn|4\n|\n|t:|1733870689\n|move|p2a: Volbeat|U-turn|p1a: Spidops\n|-damage|p1a: Spidops|213/271\n|\n|t:|1733870692\n|switch|p2a: Smeargle|Smeargle, L95, M|258/258|[from] U-turn\n|move|p1a: Spidops|Sticky Web|p2a: Smeargle\n|-sidestart|p2: pisspoo|move: Sticky Web\n|\n|upkeep\n|turn|5\n|\n|t:|1733870700\n|move|p2a: Smeargle|Spore|p1a: Spidops\n|-status|p1a: Spidops|slp|[from] move: Spore\n|cant|p1a: Spidops|slp\n|\n|upkeep\n|turn|6\n|\n|t:|1733870705\n|move|p2a: Smeargle|Sticky Web|p1a: Spidops\n|-sidestart|p1: macarena.vox|move: Sticky Web\n|-curestatus|p1a: Spidops|slp|[msg]\n|move|p1a: Spidops|Spikes|p2a: Smeargle\n|-sidestart|p2: pisspoo|Spikes\n|\n|upkeep\n|turn|7\n|\n|t:|1733870709\n|move|p2a: Smeargle|Spore|p1a: Spidops\n|-status|p1a: Spidops|slp|[from] move: Spore\n|cant|p1a: Spidops|slp\n|\n|upkeep\n|turn|8\n|\n|t:|1733870714\n|move|p2a: Smeargle|Ceaseless Edge|p1a: Spidops\n|-damage|p1a: Spidops|194/271 slp\n|-sidestart|p1: macarena.vox|Spikes\n|-curestatus|p1a: Spidops|slp|[msg]\n|move|p1a: Spidops|Spikes|p2a: Smeargle\n|-sidestart|p2: pisspoo|Spikes\n|\n|upkeep\n|turn|9\n|c|\u2606pisspoo|like\n|c|\u2606pisspoo|ur rng is nuts\n|\n|t:|1733870724\n|move|p2a: Smeargle|Spore|p1a: Spidops\n|-status|p1a: Spidops|slp|[from] move: Spore\n|cant|p1a: Spidops|slp\n|\n|upkeep\n|turn|10\n|\n|t:|1733870729\n|move|p2a: Smeargle|Ceaseless Edge|p1a: Spidops\n|-damage|p1a: Spidops|172/271 slp\n|-sidestart|p1: macarena.vox|Spikes\n|-curestatus|p1a: Spidops|slp|[msg]\n|move|p1a: Spidops|Circle Throw|p2a: Smeargle\n|-supereffective|p2a: Smeargle\n|-damage|p2a: Smeargle|108/258\n|drag|p2a: Volbeat|Volbeat, L90, M|263/263\n|\n|upkeep\n|turn|11\n|c|\u2606pisspoo|fuck this shit\n|c|\u2606pisspoo|you're so lucky\n|\n|t:|1733870742\n|move|p2a: Volbeat|Thunder Wave|p1a: Spidops\n|-status|p1a: Spidops|par\n|move|p1a: Spidops|Spikes|p2a: Volbeat\n|-sidestart|p2: pisspoo|Spikes\n|\n|upkeep\n|turn|12\n|\n|t:|1733870750\n|switch|p1a: Minior|Minior-Green, L79|224/224\n|-formechange|p1a: Minior|Minior-Meteor||[from] ability: Shields Down\n|move|p2a: Volbeat|Encore||[still]\n|-fail|p2a: Volbeat\n|\n|upkeep\n|turn|13\n|\n|t:|1733870761\n|move|p2a: Volbeat|U-turn|p1a: Minior\n|-resisted|p1a: Minior\n|-damage|p1a: Minior|192/224\n|\n|t:|1733870764\n|switch|p2a: Scizor|Scizor, L79, F|240/240|[from] U-turn\n|-activate|p2a: Scizor|move: Sticky Web\n|-unboost|p2a: Scizor|spe|1\n|-damage|p2a: Scizor|180/240|[from] Spikes\n|move|p1a: Minior|Power Gem|p2a: Scizor\n|-damage|p2a: Scizor|119/240\n|\n|-heal|p2a: Scizor|134/240|[from] item: Leftovers\n|upkeep\n|turn|14\n|\n|t:|1733870775\n|-terastallize|p1a: Minior|Flying\n|move|p1a: Minior|Shell Smash|p1a: Minior\n|-unboost|p1a: Minior|def|1\n|-unboost|p1a: Minior|spd|1\n|-boost|p1a: Minior|atk|2\n|-boost|p1a: Minior|spa|2\n|-boost|p1a: Minior|spe|2\n|-enditem|p1a: Minior|White Herb\n|-clearnegativeboost|p1a: Minior|[silent]\n|move|p2a: Scizor|Defog|p1a: Minior\n|-unboost|p1a: Minior|evasion|1\n|-sideend|p1: macarena.vox|Spikes|[from] move: Defog|[of] p2a: Scizor\n|-sideend|p1: macarena.vox|Sticky Web|[from] move: Defog|[of] p2a: Scizor\n|-sideend|p2: pisspoo|Spikes|[from] move: Defog|[of] p2a: Scizor\n|-sideend|p2: pisspoo|Sticky Web|[from] move: Defog|[of] p2a: Scizor\n|\n|-heal|p2a: Scizor|149/240|[from] item: Leftovers\n|upkeep\n|turn|15\n|\n|t:|1733870798\n|move|p2a: Scizor|Bullet Punch|p1a: Minior\n|-damage|p1a: Minior|123/224\n|move|p1a: Minior|Shell Smash|p1a: Minior\n|-unboost|p1a: Minior|def|1\n|-unboost|p1a: Minior|spd|1\n|-boost|p1a: Minior|atk|2\n|-boost|p1a: Minior|spa|2\n|-boost|p1a: Minior|spe|2\n|\n|-heal|p2a: Scizor|164/240|[from] item: Leftovers\n|upkeep\n|turn|16\n|\n|t:|1733870808\n|switch|p2a: Garganacl|Garganacl, L80, M|276/291\n|move|p1a: Minior|Acrobatics|p2a: Garganacl\n|-resisted|p2a: Garganacl\n|-damage|p2a: Garganacl|172/291\n|\n|-heal|p2a: Garganacl|190/291|[from] item: Leftovers\n|upkeep\n|turn|17\n|\n|t:|1733870815\n|move|p1a: Minior|Earthquake|p2a: Garganacl\n|-supereffective|p2a: Garganacl\n|-damage|p2a: Garganacl|0 fnt\n|faint|p2a: Garganacl\n|\n|upkeep\n|\n|t:|1733870833\n|switch|p2a: Scizor|Scizor, L79, F|164/240\n|turn|18\n|\n|t:|1733870836\n|move|p2a: Scizor|Bullet Punch|p1a: Minior\n|-damage|p1a: Minior|20/224\n|move|p1a: Minior|Acrobatics|p2a: Scizor\n|-damage|p2a: Scizor|0 fnt\n|faint|p2a: Scizor\n|\n|-formechange|p1a: Minior|Minior-Green||[from] ability: Shields Down\n|upkeep\n|c|\u2606pisspoo|lucky idiot\n|c|\u2606pisspoo|constnat 1 turn wake ups\n|l|\u2606pisspoo\n|inactive|pisspoo disconnected and has a minute to reconnect!\n|player|p2|\n|inactive|pisspoo has 30 seconds to reconnect!\n|inactive|pisspoo has 20 seconds to reconnect!\n|inactive|pisspoo has 15 seconds to reconnect!\n|inactive|pisspoo has 10 seconds to reconnect!\n|inactive|pisspoo has 5 seconds to reconnect!\n|-message|pisspoo lost due to inactivity.\n|\n|win|macarena.vox\n", "inputlog": ">version bfd83cad13791eb5a5a409923076391caf6fb4d4\n>start {\"formatid\":\"gen9randombattle\",\"seed\":[64656,20539,26529,14095],\"rated\":\"Rated battle\"}\n>player p1 {\"name\":\"macarena.vox\",\"avatar\":\"170\",\"rating\":1647,\"seed\":[25733,32476,57736,39460]}\n>player p2 {\"name\":\"pisspoo\",\"avatar\":\"266\",\"rating\":1644,\"seed\":[17978,49431,54362,62597]}\n>p1 move mysticalfire\n>p2 switch 4\n>p1 switch 5\n>p2 move saltcure\n>p1 switch 6\n>p2 switch 3\n>p1 move stickyweb\n>p2 move uturn\n>p2 switch 2\n>p1 move spikes\n>p2 move spore\n>p1 move spikes\n>p2 move stickyweb\n>p1 move spikes\n>p2 move spore\n>p1 move spikes\n>p2 move ceaselessedge\n>chat \u2606pisspoo|like\n>chat \u2606pisspoo|ur rng is nuts\n>p1 move spikes\n>p2 move spore\n>p1 move circlethrow\n>p2 move ceaselessedge\n>chat \u2606pisspoo|fuck this shit\n>chat \u2606pisspoo|you're so lucky\n>p1 move spikes\n>p2 move thunderwave\n>p1 switch 3\n>p2 move encore\n>p1 move powergem\n>p2 move uturn\n>p2 switch 4\n>p1 move shellsmash terastallize\n>p2 move defog\n>p1 move shellsmash\n>p2 move bulletpunch\n>p1 move acrobatics\n>p2 switch 3\n>p1 move earthquake\n>p2 move saltcure\n>p2 switch 3\n>p1 move acrobatics\n>p2 move bulletpunch\n>chat \u2606pisspoo|lucky idiot\n>chat \u2606pisspoo|constnat 1 turn wake ups\n>forcelose p2", "uploadtime": 1733870735, "views": 1, "formatid": "gen9randombattle", "rating": null, "private": 0, "password": null}