{"id": "gen9randombattle-2003512255", "format": "[Gen 9] Random Battle", "players": ["Star Wheel", "keepingiticy"], "log": "|j|\u2606Star Wheel\n|j|\u2606keepingiticy\n|t:|1701565689\n|gametype|singles\n|player|p1|Star Wheel|darach-caitlin|2338\n|player|p2|keepingiticy|skier-gen2|2211\n|teamsize|p1|6\n|teamsize|p2|6\n|gen|9\n|tier|[Gen 9] Random Battle\n|rated|\n|rule|Species Clause: Limit one of each Pok\u00e9mon\n|rule|HP Percentage Mod: HP is shown in percentages\n|rule|Sleep Clause Mod: Limit one foe put to sleep\n|rule|Illusion Level Mod: Illusion disguises the Pok\u00e9mon's true level\n|\n|t:|1701565689\n|start\n|switch|p1a: Sunflora|Sunflora, F|312/312\n|switch|p2a: Arceus|Arceus, L69|280/280\n|turn|1\n|j| BillyFan\n|inactive|Battle timer is ON: inactive players will automatically lose when time's up. (requested by Star Wheel)\n|\n|t:|1701565745\n|switch|p2a: Victreebel|Victreebel, L90, M|290/290\n|move|p1a: Sunflora|Leaf Storm|p2a: Victreebel\n|-resisted|p2a: Victreebel\n|-damage|p2a: Victreebel|210/290\n|-unboost|p1a: Sunflora|spa|2\n|\n|upkeep\n|turn|2\n|j| ranroona114\n|\n|t:|1701565755\n|switch|p1a: Yanmega|Yanmega, L82, M|275/275\n|move|p2a: Victreebel|Power Whip|p1a: Yanmega\n|-resisted|p1a: Yanmega\n|-damage|p1a: Yanmega|223/275\n|-damage|p2a: Victreebel|181/290|[from] item: Life Orb\n|\n|upkeep\n|turn|3\n|inactive|keepingiticy has 120 seconds left.\n|\n|t:|1701565787\n|move|p1a: Yanmega|Bug Buzz|p2a: Victreebel\n|-damage|p2a: Victreebel|60/290\n|move|p2a: Victreebel|Sludge Bomb|p1a: Yanmega\n|-damage|p1a: Yanmega|5/275\n|-damage|p2a: Victreebel|31/290|[from] item: Life Orb\n|\n|-ability|p1a: Yanmega|Speed Boost|boost\n|-boost|p1a: Yanmega|spe|1\n|upkeep\n|turn|4\n|\n|t:|1701565796\n|move|p1a: Yanmega|Protect|p1a: Yanmega\n|-singleturn|p1a: Yanmega|Protect\n|move|p2a: Victreebel|Knock Off|p1a: Yanmega\n|-activate|p1a: Yanmega|move: Protect\n|\n|-ability|p1a: Yanmega|Speed Boost|boost\n|-boost|p1a: Yanmega|spe|1\n|upkeep\n|turn|5\n|\n|t:|1701565801\n|move|p1a: Yanmega|Bug Buzz|p2a: Victreebel\n|-damage|p2a: Victreebel|0 fnt\n|faint|p2a: Victreebel\n|\n|-ability|p1a: Yanmega|Speed Boost|boost\n|-boost|p1a: Yanmega|spe|1\n|upkeep\n|\n|t:|1701565822\n|switch|p2a: Banette|Banette, L93, M|270/270\n|-item|p1a: Yanmega|Heavy-Duty Boots|[from] ability: Frisk|[of] p2a: Banette|[identify]\n|turn|6\n|\n|t:|1701565830\n|move|p2a: Banette|Shadow Sneak|p1a: Yanmega\n|-damage|p1a: Yanmega|0 fnt\n|faint|p1a: Yanmega\n|-damage|p2a: Banette|243/270|[from] item: Life Orb\n|\n|upkeep\n|\n|t:|1701565844\n|switch|p1a: Mamoswine|Mamoswine, L81, M|311/311\n|turn|7\n|\n|t:|1701565862\n|move|p1a: Mamoswine|Icicle Crash|p2a: Banette\n|-damage|p2a: Banette|83/270\n|-damage|p1a: Mamoswine|280/311|[from] item: Life Orb\n|move|p2a: Banette|Will-O-Wisp|p1a: Mamoswine\n|-status|p1a: Mamoswine|brn\n|\n|-damage|p1a: Mamoswine|261/311 brn|[from] brn\n|upkeep\n|turn|8\n|\n|t:|1701565869\n|move|p1a: Mamoswine|Stealth Rock|p2a: Banette\n|-sidestart|p2: keepingiticy|move: Stealth Rock\n|move|p2a: Banette|Poltergeist|p1a: Mamoswine\n|-activate|p1a: Mamoswine|move: Poltergeist|Life Orb\n|-damage|p1a: Mamoswine|23/311 brn\n|-damage|p2a: Banette|56/270|[from] item: Life Orb\n|\n|-damage|p1a: Mamoswine|4/311 brn|[from] brn\n|upkeep\n|turn|9\n|\n|t:|1701565871\n|move|p1a: Mamoswine|Ice Shard|p2a: Banette\n|-damage|p2a: Banette|21/270\n|-damage|p1a: Mamoswine|0 fnt|[from] item: Life Orb\n|faint|p1a: Mamoswine\n|move|p2a: Banette|Shadow Sneak|p1: Mamoswine|[notarget]\n|-fail|p2a: Banette\n|\n|upkeep\n|\n|t:|1701565877\n|switch|p1a: Arceus|Arceus, L69|280/280\n|turn|10\n|\n|t:|1701565880\n|move|p1a: Arceus|Earthquake|p2a: Banette\n|-damage|p2a: Banette|0 fnt\n|faint|p2a: Banette\n|-damage|p1a: Arceus|252/280|[from] item: Life Orb\n|\n|upkeep\n|\n|t:|1701565884\n|switch|p2a: Great Tusk|Great Tusk, L77|304/304\n|-damage|p2a: Great Tusk|295/304|[from] Stealth Rock\n|-enditem|p2a: Great Tusk|Booster Energy\n|-activate|p2a: Great Tusk|ability: Protosynthesis|[fromitem]\n|-start|p2a: Great Tusk|protosynthesisatk\n|turn|11\n|\n|t:|1701565886\n|switch|p1a: Chimecho|Chimecho, L94, F|293/293\n|move|p2a: Great Tusk|Rapid Spin|p1a: Chimecho\n|-damage|p1a: Chimecho|245/293\n|-boost|p2a: Great Tusk|spe|1\n|-sideend|p2: keepingiticy|Stealth Rock|[from] move: Rapid Spin|[of] p2a: Great Tusk\n|\n|-heal|p1a: Chimecho|263/293|[from] item: Leftovers\n|upkeep\n|turn|12\n|\n|t:|1701565896\n|-end|p2a: Great Tusk|Protosynthesis|[silent]\n|switch|p2a: Darkrai|Darkrai, L76|231/231\n|move|p1a: Chimecho|Calm Mind|p1a: Chimecho\n|-boost|p1a: Chimecho|spa|1\n|-boost|p1a: Chimecho|spd|1\n|\n|-heal|p1a: Chimecho|281/293|[from] item: Leftovers\n|upkeep\n|turn|13\n|\n|t:|1701565915\n|move|p2a: Darkrai|Nasty Plot|p2a: Darkrai\n|-boost|p2a: Darkrai|spa|2\n|move|p1a: Chimecho|Dazzling Gleam|p2a: Darkrai\n|-supereffective|p2a: Darkrai\n|-damage|p2a: Darkrai|15/231\n|\n|-heal|p2a: Darkrai|29/231|[from] item: Leftovers\n|-heal|p1a: Chimecho|293/293|[from] item: Leftovers\n|upkeep\n|turn|14\n|\n|t:|1701565921\n|move|p2a: Darkrai|Dark Pulse|p1a: Chimecho\n|-supereffective|p1a: Chimecho\n|-damage|p1a: Chimecho|83/293\n|cant|p1a: Chimecho|flinch\n|\n|-heal|p2a: Darkrai|43/231|[from] item: Leftovers\n|-heal|p1a: Chimecho|101/293|[from] item: Leftovers\n|upkeep\n|turn|15\n|\n|t:|1701565926\n|move|p2a: Darkrai|Dark Pulse|p1a: Chimecho\n|-supereffective|p1a: Chimecho\n|-damage|p1a: Chimecho|0 fnt\n|faint|p1a: Chimecho\n|\n|-heal|p2a: Darkrai|57/231|[from] item: Leftovers\n|upkeep\n|\n|t:|1701565927\n|switch|p1a: Arceus|Arceus, L69|252/280\n|turn|16\n|\n|t:|1701565939\n|switch|p1a: Sunflora|Sunflora, F|312/312\n|move|p2a: Darkrai|Dark Pulse|p1a: Sunflora\n|-damage|p1a: Sunflora|153/312\n|\n|-heal|p2a: Darkrai|71/231|[from] item: Leftovers\n|upkeep\n|turn|17\n|\n|t:|1701565949\n|move|p2a: Darkrai|Dark Pulse|p1a: Sunflora\n|-damage|p1a: Sunflora|0 fnt\n|faint|p1a: Sunflora\n|\n|-heal|p2a: Darkrai|85/231|[from] item: Leftovers\n|upkeep\n|\n|t:|1701565950\n|switch|p1a: Arceus|Arceus, L69|252/280\n|turn|18\n|\n|t:|1701565964\n|move|p1a: Arceus|Extreme Speed|p2a: Darkrai\n|-damage|p2a: Darkrai|0 fnt\n|faint|p2a: Darkrai\n|-damage|p1a: Arceus|224/280|[from] item: Life Orb\n|\n|upkeep\n|\n|t:|1701565968\n|switch|p2a: Great Tusk|Great Tusk, L77|295/304\n|turn|19\n|\n|t:|1701565976\n|switch|p1a: Dedenne|Dedenne, L88, M|261/261\n|move|p2a: Great Tusk|Close Combat|p1a: Dedenne\n|-resisted|p1a: Dedenne\n|-damage|p1a: Dedenne|168/261\n|-unboost|p2a: Great Tusk|def|1\n|-unboost|p2a: Great Tusk|spd|1\n|\n|upkeep\n|turn|20\n|\n|t:|1701565983\n|-terastallize|p2a: Great Tusk|Ground\n|move|p1a: Dedenne|Dazzling Gleam|p2a: Great Tusk\n|-damage|p2a: Great Tusk|115/304\n|move|p2a: Great Tusk|Rapid Spin|p1a: Dedenne\n|-crit|p1a: Dedenne\n|-damage|p1a: Dedenne|96/261\n|-boost|p2a: Great Tusk|spe|1\n|-enditem|p1a: Dedenne|Sitrus Berry|[eat]\n|-heal|p1a: Dedenne|161/261|[from] item: Sitrus Berry\n|-heal|p1a: Dedenne|248/261|[from] ability: Cheek Pouch\n|\n|upkeep\n|turn|21\n|\n|t:|1701566000\n|move|p2a: Great Tusk|Earthquake|p1a: Dedenne\n|-supereffective|p1a: Dedenne\n|-damage|p1a: Dedenne|0 fnt\n|faint|p1a: Dedenne\n|\n|upkeep\n|\n|t:|1701566002\n|switch|p1a: Arceus|Arceus, L69|224/280\n|turn|22\n|\n|t:|1701566011\n|move|p1a: Arceus|Extreme Speed|p2a: Great Tusk\n|-damage|p2a: Great Tusk|10/304\n|-damage|p1a: Arceus|196/280|[from] item: Life Orb\n|move|p2a: Great Tusk|Close Combat|p1a: Arceus\n|-supereffective|p1a: Arceus\n|-damage|p1a: Arceus|0 fnt\n|-unboost|p2a: Great Tusk|def|1\n|-unboost|p2a: Great Tusk|spd|1\n|faint|p1a: Arceus\n|\n|win|keepingiticy\n|raw|Star Wheel's rating: 2338 &rarr; <strong>2311</strong><br />(-27 for losing)\n|raw|keepingiticy's rating: 2211 &rarr; <strong>2238</strong><br />(+27 for winning)\n|l|\u2606Star Wheel\n", "inputlog": ">version 13c8c190640db44383e729cb060ae5378271d604\n>version-origin 603e3cd82fdfe84d212deced846c29c90e430d2b\n>start {\"formatid\":\"gen9randombattle\",\"seed\":[55494,34343,44836,38189],\"rated\":\"Rated battle\"}\n>player p1 {\"name\":\"Star Wheel\",\"avatar\":\"darach-caitlin\",\"rating\":2338,\"seed\":[16834,18942,27421,19832]}\n>player p2 {\"name\":\"keepingiticy\",\"avatar\":\"skier-gen2\",\"rating\":2211,\"seed\":[17433,50223,49937,39822]}\n>p1 move leafstorm\n>p2 switch 5\n>p1 switch 6\n>p2 move powerwhip\n>p1 move bugbuzz\n>p2 move sludgebomb\n>p1 move protect\n>p2 move knockoff\n>p1 move bugbuzz\n>p2 move knockoff\n>p2 switch 6\n>p1 move airslash\n>p2 move shadowsneak\n>p1 switch 2\n>p1 move iciclecrash\n>p2 move willowisp\n>p1 move stealthrock\n>p2 move poltergeist\n>p1 move iceshard\n>p2 move shadowsneak\n>p1 switch 5\n>p1 move earthquake\n>p2 move willowisp\n>p2 switch 2\n>p1 switch 4\n>p2 move rapidspin\n>p1 move calmmind\n>p2 switch 4\n>p1 move dazzlinggleam\n>p2 move nastyplot\n>p1 move dazzlinggleam\n>p2 move darkpulse\n>p1 move dazzlinggleam\n>p2 move darkpulse\n>p1 switch 4\n>p1 switch 6\n>p2 move darkpulse\n>p1 move dazzlinggleam\n>p2 move darkpulse\n>p1 switch 6\n>p1 move extremespeed\n>p2 move darkpulse\n>p2 switch 4\n>p1 switch 3\n>p2 move closecombat\n>p1 move dazzlinggleam\n>p2 move rapidspin terastallize\n>p1 move dazzlinggleam\n>p2 move earthquake\n>p1 switch 3\n>p1 move extremespeed\n>p2 move closecombat", "uploadtime": 1701566015, "views": 256, "formatid": "gen9randombattle", "rating": 2238, "private": 0, "password": null}