{"id": "gen9randombattle-2260269677", "format": "[Gen 9] Random Battle", "players": ["daneben", "JuanAsh \u2605\u2605\u2605\u2605"], "log": "|j|\u2606daneben\n|j|\u2606JuanAsh \u2605\u2605\u2605\u2605\n|t:|1733832858\n|gametype|singles\n|player|p1|daneben|169|2264\n|player|p2|JuanAsh \u2605\u2605\u2605\u2605|nemona-v|2220\n|teamsize|p1|6\n|teamsize|p2|6\n|gen|9\n|tier|[Gen 9] Random Battle\n|rated|\n|rule|Species Clause: Limit one of each Pok\u00e9mon\n|rule|HP Percentage Mod: HP is shown in percentages\n|rule|Sleep Clause Mod: Limit one foe put to sleep\n|rule|Illusion Level Mod: Illusion disguises the Pok\u00e9mon's true level\n|\n|t:|1733832858\n|start\n|switch|p1a: Conkeldurr|Conkeldurr, L80, F|299/299\n|switch|p2a: Quaquaval|Quaquaval, L79, M|264/264\n|turn|1\n|inactive|Battle timer is ON: inactive players will automatically lose when time's up. (requested by daneben)\n|inactive|JuanAsh \u2605\u2605\u2605\u2605 also wants the timer to be on.\n|\n|t:|1733832880\n|move|p2a: Quaquaval|Close Combat|p1a: Conkeldurr\n|-damage|p1a: Conkeldurr|91/299\n|-unboost|p2a: Quaquaval|def|1\n|-unboost|p2a: Quaquaval|spd|1\n|move|p1a: Conkeldurr|Close Combat|p2a: Quaquaval\n|-damage|p2a: Quaquaval|0 fnt\n|-unboost|p1a: Conkeldurr|def|1\n|-unboost|p1a: Conkeldurr|spd|1\n|faint|p2a: Quaquaval\n|\n|-status|p1a: Conkeldurr|brn|[from] item: Flame Orb\n|upkeep\n|\n|t:|1733832887\n|switch|p2a: Meganium|Meganium, L90, F|290/290\n|turn|2\n|\n|t:|1733832905\n|switch|p1a: Volbeat|Volbeat, L90, M|263/263\n|move|p2a: Meganium|Energy Ball|p1a: Volbeat\n|-resisted|p1a: Volbeat\n|-damage|p1a: Volbeat|215/263\n|\n|upkeep\n|turn|3\n|\n|t:|1733832910\n|switch|p2a: Tyranitar|Tyranitar, L79, F|288/288\n|-weather|Sandstorm|[from] ability: Sand Stream|[of] p2a: Tyranitar\n|move|p1a: Volbeat|Thunder Wave|p2a: Tyranitar\n|-hint|Since gen 7, Dark is immune to Prankster moves.\n|-immune|p2a: Tyranitar\n|\n|-weather|Sandstorm|[upkeep]\n|-damage|p1a: Volbeat|199/263|[from] Sandstorm\n|upkeep\n|turn|4\n|\n|t:|1733832915\n|move|p1a: Volbeat|Lunge|p2a: Tyranitar\n|-supereffective|p2a: Tyranitar\n|-damage|p2a: Tyranitar|138/288\n|-unboost|p2a: Tyranitar|atk|1\n|move|p2a: Tyranitar|Knock Off|p1a: Volbeat\n|-damage|p1a: Volbeat|111/263\n|-enditem|p1a: Volbeat|Heavy-Duty Boots|[from] move: Knock Off|[of] p2a: Tyranitar\n|\n|-weather|Sandstorm|[upkeep]\n|-damage|p1a: Volbeat|95/263|[from] Sandstorm\n|upkeep\n|turn|5\n|\n|t:|1733832921\n|switch|p2a: Wigglytuff|Wigglytuff, L96, F|424/424\n|move|p1a: Volbeat|Lunge|p2a: Wigglytuff\n|-resisted|p2a: Wigglytuff\n|-damage|p2a: Wigglytuff|371/424\n|-unboost|p2a: Wigglytuff|atk|1\n|-ability|p2a: Wigglytuff|Competitive|boost\n|-boost|p2a: Wigglytuff|spa|2\n|\n|-weather|Sandstorm|[upkeep]\n|-damage|p1a: Volbeat|79/263|[from] Sandstorm\n|-damage|p2a: Wigglytuff|345/424|[from] Sandstorm\n|-heal|p2a: Wigglytuff|371/424|[from] item: Leftovers\n|upkeep\n|turn|6\n|\n|t:|1733832927\n|move|p1a: Volbeat|Thunder Wave|p2a: Wigglytuff\n|-status|p2a: Wigglytuff|par\n|move|p2a: Wigglytuff|Alluring Voice|p1a: Volbeat\n|-damage|p1a: Volbeat|0 fnt\n|faint|p1a: Volbeat\n|\n|-weather|Sandstorm|[upkeep]\n|-damage|p2a: Wigglytuff|345/424 par|[from] Sandstorm\n|-heal|p2a: Wigglytuff|371/424 par|[from] item: Leftovers\n|upkeep\n|\n|t:|1733832937\n|switch|p1a: Conkeldurr|Conkeldurr, L80, F|91/299 brn\n|turn|7\n|\n|t:|1733832940\n|move|p1a: Conkeldurr|Close Combat|p2a: Wigglytuff\n|-damage|p2a: Wigglytuff|50/424 par\n|-unboost|p1a: Conkeldurr|def|1\n|-unboost|p1a: Conkeldurr|spd|1\n|cant|p2a: Wigglytuff|par\n|\n|-weather|none\n|-heal|p2a: Wigglytuff|76/424 par|[from] item: Leftovers\n|-damage|p1a: Conkeldurr|73/299 brn|[from] brn\n|upkeep\n|turn|8\n|\n|t:|1733832946\n|move|p1a: Conkeldurr|Mach Punch|p2a: Wigglytuff\n|-damage|p2a: Wigglytuff|0 fnt\n|faint|p2a: Wigglytuff\n|\n|-damage|p1a: Conkeldurr|55/299 brn|[from] brn\n|upkeep\n|\n|t:|1733832951\n|switch|p2a: Meganium|Meganium, L90, F|290/290\n|turn|9\n|\n|t:|1733832969\n|move|p1a: Conkeldurr|Mach Punch|p2a: Meganium\n|-damage|p2a: Meganium|229/290\n|move|p2a: Meganium|Energy Ball|p1a: Conkeldurr\n|-crit|p1a: Conkeldurr\n|-damage|p1a: Conkeldurr|0 fnt\n|faint|p1a: Conkeldurr\n|\n|-heal|p2a: Meganium|247/290|[from] item: Leftovers\n|upkeep\n|\n|t:|1733832973\n|switch|p1a: Umbreon|Umbreon, L84, F|297/297\n|turn|10\n|\n|t:|1733832982\n|switch|p2a: Duraludon|Duraludon, L82, M|249/249\n|move|p1a: Umbreon|Toxic|p2a: Duraludon\n|-immune|p2a: Duraludon\n|\n|upkeep\n|turn|11\n|\n|t:|1733832989\n|switch|p1a: Slowbro|Slowbro, L85, M|300/300\n|move|p2a: Duraludon|Iron Defense|p2a: Duraludon\n|-boost|p2a: Duraludon|def|2\n|\n|upkeep\n|turn|12\n|\n|t:|1733832994\n|switch|p2a: Tyranitar|Tyranitar, L79, F|138/288\n|-weather|Sandstorm|[from] ability: Sand Stream|[of] p2a: Tyranitar\n|move|p1a: Slowbro|Scald|p2a: Tyranitar\n|-supereffective|p2a: Tyranitar\n|-damage|p2a: Tyranitar|64/288\n|-status|p2a: Tyranitar|brn\n|\n|-weather|Sandstorm|[upkeep]\n|-damage|p1a: Slowbro|282/300|[from] Sandstorm\n|-damage|p2a: Tyranitar|46/288 brn|[from] brn\n|upkeep\n|turn|13\n|\n|t:|1733833017\n|move|p2a: Tyranitar|Knock Off|p1a: Slowbro\n|-supereffective|p1a: Slowbro\n|-damage|p1a: Slowbro|183/300\n|-damage|p2a: Tyranitar|0 fnt|[from] item: Rocky Helmet|[of] p1a: Slowbro\n|faint|p2a: Tyranitar\n|move|p1a: Slowbro|Scald|p2: Tyranitar|[notarget]\n|-fail|p1a: Slowbro\n|\n|-weather|Sandstorm|[upkeep]\n|-damage|p1a: Slowbro|165/300|[from] Sandstorm\n|upkeep\n|\n|t:|1733833020\n|switch|p2a: Meganium|Meganium, L90, F|247/290\n|turn|14\n|\n|t:|1733833032\n|switch|p1a: Umbreon|Umbreon, L84, F|297/297\n|move|p2a: Meganium|Leech Seed|p1a: Umbreon\n|-start|p1a: Umbreon|move: Leech Seed\n|\n|-weather|Sandstorm|[upkeep]\n|-damage|p2a: Meganium|229/290|[from] Sandstorm\n|-damage|p1a: Umbreon|279/297|[from] Sandstorm\n|-heal|p2a: Meganium|247/290|[from] item: Leftovers\n|-heal|p1a: Umbreon|297/297|[from] item: Leftovers\n|-damage|p1a: Umbreon|260/297|[from] Leech Seed|[of] p2a: Meganium\n|-heal|p2a: Meganium|284/290|[silent]\n|upkeep\n|turn|15\n|\n|t:|1733833039\n|switch|p1a: Feraligatr|Feraligatr, L79, F|264/264\n|move|p2a: Meganium|Knock Off|p1a: Feraligatr\n|-damage|p1a: Feraligatr|199/264\n|-enditem|p1a: Feraligatr|Life Orb|[from] move: Knock Off|[of] p2a: Meganium\n|\n|-weather|Sandstorm|[upkeep]\n|-damage|p2a: Meganium|266/290|[from] Sandstorm\n|-damage|p1a: Feraligatr|183/264|[from] Sandstorm\n|-heal|p2a: Meganium|284/290|[from] item: Leftovers\n|upkeep\n|turn|16\n|\n|t:|1733833050\n|switch|p1a: Umbreon|Umbreon, L84, F|260/297\n|move|p2a: Meganium|Energy Ball|p1a: Umbreon\n|-damage|p1a: Umbreon|181/297\n|\n|-weather|none\n|-heal|p2a: Meganium|290/290|[from] item: Leftovers\n|-heal|p1a: Umbreon|199/297|[from] item: Leftovers\n|upkeep\n|turn|17\n|\n|t:|1733833054\n|-terastallize|p2a: Meganium|Poison\n|move|p2a: Meganium|Knock Off|p1a: Umbreon\n|-resisted|p1a: Umbreon\n|-damage|p1a: Umbreon|168/297\n|-enditem|p1a: Umbreon|Leftovers|[from] move: Knock Off|[of] p2a: Meganium\n|move|p1a: Umbreon|Toxic|p2a: Meganium\n|-immune|p2a: Meganium\n|\n|upkeep\n|turn|18\n|\n|t:|1733833059\n|move|p2a: Meganium|Leech Seed|p1a: Umbreon\n|-start|p1a: Umbreon|move: Leech Seed\n|move|p1a: Umbreon|Foul Play|p2a: Meganium\n|-damage|p2a: Meganium|208/290\n|\n|-heal|p2a: Meganium|226/290|[from] item: Leftovers\n|-damage|p1a: Umbreon|131/297|[from] Leech Seed|[of] p2a: Meganium\n|-heal|p2a: Meganium|263/290|[silent]\n|upkeep\n|turn|19\n|\n|t:|1733833067\n|switch|p1a: Slowbro|Slowbro, L85, M|265/300\n|move|p2a: Meganium|Energy Ball|p1a: Slowbro\n|-supereffective|p1a: Slowbro\n|-damage|p1a: Slowbro|67/300\n|\n|-heal|p2a: Meganium|281/290|[from] item: Leftovers\n|upkeep\n|turn|20\n|\n|t:|1733833087\n|move|p2a: Meganium|Knock Off|p1a: Slowbro\n|-supereffective|p1a: Slowbro\n|-damage|p1a: Slowbro|0 fnt\n|-damage|p2a: Meganium|233/290|[from] item: Rocky Helmet|[of] p1a: Slowbro\n|-enditem|p1a: Slowbro|Rocky Helmet|[from] move: Knock Off|[of] p2a: Meganium\n|faint|p1a: Slowbro\n|\n|-heal|p2a: Meganium|251/290|[from] item: Leftovers\n|upkeep\n|inactive|daneben has 120 seconds left.\n|\n|t:|1733833114\n|switch|p1a: Feraligatr|Feraligatr, L79, F|183/264\n|turn|21\n|inactive|daneben has 120 seconds left.\n|\n|t:|1733833119\n|-terastallize|p1a: Feraligatr|Steel\n|move|p2a: Meganium|Leech Seed|p1a: Feraligatr\n|-start|p1a: Feraligatr|move: Leech Seed\n|move|p1a: Feraligatr|Dragon Dance|p1a: Feraligatr\n|-boost|p1a: Feraligatr|atk|1\n|-boost|p1a: Feraligatr|spe|1\n|\n|-heal|p2a: Meganium|269/290|[from] item: Leftovers\n|-damage|p1a: Feraligatr|150/264|[from] Leech Seed|[of] p2a: Meganium\n|-heal|p2a: Meganium|290/290|[silent]\n|upkeep\n|turn|22\n|\n|t:|1733833124\n|switch|p2a: Duraludon|Duraludon, L82, M|249/249\n|move|p1a: Feraligatr|Liquidation|p2a: Duraludon\n|-resisted|p2a: Duraludon\n|-damage|p2a: Duraludon|205/249\n|\n|-damage|p1a: Feraligatr|117/264|[from] Leech Seed|[of] p2a: Duraludon\n|-heal|p2a: Duraludon|238/249|[silent]\n|upkeep\n|turn|23\n|\n|t:|1733833130\n|move|p1a: Feraligatr|Ice Punch|p2a: Duraludon\n|-damage|p2a: Duraludon|188/249\n|move|p2a: Duraludon|Body Press|p1a: Feraligatr\n|-supereffective|p1a: Feraligatr\n|-damage|p1a: Feraligatr|3/264\n|\n|-damage|p1a: Feraligatr|0 fnt|[from] Leech Seed|[of] p2a: Duraludon\n|-heal|p2a: Duraludon|191/249|[silent]\n|faint|p1a: Feraligatr\n|upkeep\n|inactive|daneben has 120 seconds left.\n|-message|daneben forfeited.\n|\n|win|JuanAsh \u2605\u2605\u2605\u2605\n|raw|daneben's rating: 2264 &rarr; <strong>2241</strong><br />(-23 for losing)\n|raw|JuanAsh \u2605\u2605\u2605\u2605's rating: 2220 &rarr; <strong>2243</strong><br />(+23 for winning)\n|l|\u2606daneben\n|player|p1|\n|c|\u2606JuanAsh \u2605\u2605\u2605\u2605|/log JuanAsh \u2605\u2605\u2605\u2605 made this room public.\n", "inputlog": ">version bfd83cad13791eb5a5a409923076391caf6fb4d4\n>start {\"formatid\":\"gen9randombattle\",\"seed\":[44997,3849,38872,33725],\"rated\":\"Rated battle\"}\n>player p1 {\"name\":\"daneben\",\"avatar\":\"169\",\"rating\":2264,\"seed\":[58747,7870,37224,36205]}\n>player p2 {\"name\":\"JuanAsh \u2605\u2605\u2605\u2605\",\"avatar\":\"nemona-v\",\"rating\":2220,\"seed\":[61684,15718,38284,64721]}\n>p1 move closecombat\n>p2 move closecombat\n>p2 switch 5\n>p1 switch 4\n>p2 move energyball\n>p1 move thunderwave\n>p2 switch 2\n>p1 move lunge\n>p2 move knockoff\n>p1 move lunge\n>p2 switch 6\n>p1 move thunderwave\n>p2 move alluringvoice\n>p1 switch 4\n>p1 move closecombat\n>p2 move alluringvoice\n>p1 move machpunch\n>p2 move alluringvoice\n>p2 switch 2\n>p1 move machpunch\n>p2 move energyball\n>p1 switch 2\n>p1 move toxic\n>p2 switch 4\n>p1 switch 5\n>p2 move irondefense\n>p1 move scald\n>p2 switch 6\n>p1 move scald\n>p2 move knockoff\n>p2 switch 4\n>p1 switch 5\n>p2 move leechseed\n>p1 switch 3\n>p2 move knockoff\n>p1 switch 3\n>p2 move energyball\n>p1 move toxic\n>p2 move knockoff terastallize\n>p1 move foulplay\n>p2 move leechseed\n>p1 switch 5\n>p2 move energyball\n>p1 move psyshock\n>p2 move knockoff\n>p1 switch 3\n>p1 move dragondance terastallize\n>p2 move leechseed\n>p1 move liquidation\n>p2 switch 6\n>p1 move icepunch\n>p2 move bodypress\n>forcelose p1", "uploadtime": 1733833163, "views": 1, "formatid": "gen9randombattle", "rating": 2241, "private": 0, "password": null}