{"id": "gen9randombattle-2260832468", "format": "[Gen 9] Random Battle", "players": ["fiydo_23", "riceyyyy"], "log": "|j|\u2606fiydo_23\n|j|\u2606riceyyyy\n|t:|1733900403\n|gametype|singles\n|player|p1|fiydo_23|gambler|1637\n|player|p2|riceyyyy|clown|1714\n|teamsize|p1|6\n|teamsize|p2|6\n|gen|9\n|tier|[Gen 9] Random Battle\n|rated|\n|rule|Species Clause: Limit one of each Pok\u00e9mon\n|rule|HP Percentage Mod: HP is shown in percentages\n|rule|Sleep Clause Mod: Limit one foe put to sleep\n|rule|Illusion Level Mod: Illusion disguises the Pok\u00e9mon's true level\n|\n|t:|1733900403\n|start\n|switch|p1a: Seviper|Seviper, L93, F|287/287\n|switch|p2a: Reuniclus|Reuniclus, L88, F|337/337\n|turn|1\n|inactive|Battle timer is ON: inactive players will automatically lose when time's up. (requested by fiydo_23)\n|\n|t:|1733900432\n|move|p1a: Seviper|Switcheroo|p2a: Reuniclus\n|-activate|p1a: Seviper|move: Trick|[of] p2a: Reuniclus\n|-item|p2a: Reuniclus|Choice Scarf|[from] move: Switcheroo\n|-item|p1a: Seviper|Life Orb|[from] move: Switcheroo\n|move|p2a: Reuniclus|Psyshock|p1a: Seviper\n|-supereffective|p1a: Seviper\n|-damage|p1a: Seviper|27/287\n|\n|upkeep\n|turn|2\n|\n|t:|1733900459\n|switch|p1a: Dusknoir|Dusknoir, L89, M|225/225\n|-item|p2a: Reuniclus|Choice Scarf|[from] ability: Frisk|[of] p1a: Dusknoir\n|switch|p2a: Klawf|Klawf, L90, M|272/272\n|\n|upkeep\n|turn|3\n|\n|t:|1733900475\n|switch|p2a: Wigglytuff|Wigglytuff, L96, F|424/424\n|move|p1a: Dusknoir|Substitute|p1a: Dusknoir\n|-start|p1a: Dusknoir|Substitute\n|-damage|p1a: Dusknoir|169/225\n|\n|-heal|p1a: Dusknoir|183/225|[from] item: Leftovers\n|upkeep\n|turn|4\n|\n|t:|1733900484\n|-singleturn|p1a: Dusknoir|move: Focus Punch\n|move|p2a: Wigglytuff|Dazzling Gleam|p1a: Dusknoir\n|-end|p1a: Dusknoir|Substitute\n|move|p1a: Dusknoir|Focus Punch|p2a: Wigglytuff\n|-damage|p2a: Wigglytuff|259/424\n|\n|-heal|p2a: Wigglytuff|285/424|[from] item: Leftovers\n|-heal|p1a: Dusknoir|197/225|[from] item: Leftovers\n|upkeep\n|turn|5\n|\n|t:|1733900492\n|switch|p1a: Copperajah|Copperajah, L86, M|350/350\n|move|p2a: Wigglytuff|Knock Off|p1a: Copperajah\n|-damage|p1a: Copperajah|268/350\n|-enditem|p1a: Copperajah|Choice Band|[from] move: Knock Off|[of] p2a: Wigglytuff\n|\n|-heal|p2a: Wigglytuff|311/424|[from] item: Leftovers\n|upkeep\n|turn|6\n|\n|t:|1733900503\n|switch|p2a: Venusaur|Venusaur, L84, M|272/272\n|move|p1a: Copperajah|Heavy Slam|p2a: Venusaur\n|-damage|p2a: Venusaur|88/272\n|\n|-heal|p2a: Venusaur|105/272|[from] item: Leftovers\n|upkeep\n|turn|7\n|\n|t:|1733900513\n|move|p2a: Venusaur|Sleep Powder|p1a: Copperajah|[miss]\n|-miss|p2a: Venusaur|p1a: Copperajah\n|move|p1a: Copperajah|Heavy Slam|p2a: Venusaur\n|-damage|p2a: Venusaur|0 fnt\n|faint|p2a: Venusaur\n|\n|upkeep\n|\n|t:|1733900528\n|switch|p2a: Chien-Pao|Chien-Pao, L72|234/234\n|-ability|p2a: Chien-Pao|Sword of Ruin\n|turn|8\n|\n|t:|1733900533\n|move|p2a: Chien-Pao|Sacred Sword|p1a: Copperajah\n|-supereffective|p1a: Copperajah\n|-damage|p1a: Copperajah|8/350\n|move|p1a: Copperajah|Heavy Slam|p2a: Chien-Pao\n|-supereffective|p2a: Chien-Pao\n|-damage|p2a: Chien-Pao|0 fnt\n|faint|p2a: Chien-Pao\n|\n|upkeep\n|-message|riceyyyy forfeited.\n|\n|win|fiydo_23\n|raw|fiydo_23's rating: 1637 &rarr; <strong>1661</strong><br />(+24 for winning)\n|raw|riceyyyy's rating: 1714 &rarr; <strong>1690</strong><br />(-24 for losing)\n|l|\u2606riceyyyy\n|player|p2|\n", "inputlog": ">version bfd83cad13791eb5a5a409923076391caf6fb4d4\n>start {\"formatid\":\"gen9randombattle\",\"seed\":[32073,25451,30386,3932],\"rated\":\"Rated battle\"}\n>player p1 {\"name\":\"fiydo_23\",\"avatar\":\"gambler\",\"rating\":1637,\"seed\":[47941,53591,3067,40113]}\n>player p2 {\"name\":\"riceyyyy\",\"avatar\":\"clown\",\"rating\":1714,\"seed\":[47945,23314,18355,35381]}\n>p1 move switcheroo\n>p2 move psyshock\n>p1 switch 2\n>p2 switch 4\n>p1 move substitute\n>p2 switch 5\n>p1 move focuspunch\n>p2 move dazzlinggleam\n>p1 switch 3\n>p2 move knockoff\n>p1 move heavyslam\n>p2 switch 2\n>p1 move heavyslam\n>p2 move sleeppowder\n>p2 switch 3\n>p1 move heavyslam\n>p2 move sacredsword\n>forcelose p2", "uploadtime": 1733900541, "views": 2, "formatid": "gen9randombattle", "rating": 1661, "private": 0, "password": null}