{"id": "gen9randombattle-2260534996", "format": "[Gen 9] Random Battle", "players": ["pikapika22w", "IrishCraicDealer"], "log": "|j|\u2606pikapika22w\n|j|\u2606IrishCraicDealer\n|t:|1733861023\n|gametype|singles\n|player|p1|pikapika22w|170|1325\n|player|p2|IrishCraicDealer|ltsurge|1310\n|teamsize|p1|6\n|teamsize|p2|6\n|gen|9\n|tier|[Gen 9] Random Battle\n|rated|\n|rule|Species Clause: Limit one of each Pok\u00e9mon\n|rule|HP Percentage Mod: HP is shown in percentages\n|rule|Sleep Clause Mod: Limit one foe put to sleep\n|rule|Illusion Level Mod: Illusion disguises the Pok\u00e9mon's true level\n|\n|t:|1733861023\n|start\n|switch|p1a: Articuno|Articuno, L86|295/295\n|switch|p2a: Medicham|Medicham, L86, M|243/243\n|-ability|p1a: Articuno|Pressure\n|turn|1\n|inactive|Battle timer is ON: inactive players will automatically lose when time's up. (requested by IrishCraicDealer)\n|inactive|IrishCraicDealer has 120 seconds left.\n|\n|t:|1733861054\n|switch|p2a: Ambipom|Ambipom, L84, M|263/263\n|move|p1a: Articuno|Substitute|p1a: Articuno\n|-start|p1a: Articuno|Substitute\n|-damage|p1a: Articuno|222/295\n|\n|upkeep\n|turn|2\n|\n|t:|1733861065\n|move|p2a: Ambipom|Knock Off|p1a: Articuno\n|-activate|p1a: Articuno|move: Substitute|[damage]\n|move|p1a: Articuno|Freeze-Dry|p2a: Ambipom\n|-damage|p2a: Ambipom|163/263\n|\n|upkeep\n|turn|3\n|\n|t:|1733861073\n|move|p2a: Ambipom|Double-Edge|p1a: Articuno\n|-end|p1a: Articuno|Substitute\n|-damage|p2a: Ambipom|161/263|[from] Recoil|[of] p1a: Articuno\n|move|p1a: Articuno|Freeze-Dry|p2a: Ambipom\n|-damage|p2a: Ambipom|59/263\n|\n|upkeep\n|turn|4\n|\n|t:|1733861082\n|switch|p1a: Polteageist|Polteageist, L79|224/224\n|move|p2a: Ambipom|Double-Edge|p1a: Polteageist\n|-immune|p1a: Polteageist\n|\n|upkeep\n|turn|5\n|\n|t:|1733861096\n|-terastallize|p1a: Polteageist|Fighting\n|move|p2a: Ambipom|Knock Off|p1a: Polteageist\n|-resisted|p1a: Polteageist\n|-damage|p1a: Polteageist|180/224\n|-enditem|p1a: Polteageist|White Herb|[from] move: Knock Off|[of] p2a: Ambipom\n|move|p1a: Polteageist|Tera Blast|p2a: Ambipom|[anim] Tera Blast Fighting\n|-supereffective|p2a: Ambipom\n|-damage|p2a: Ambipom|0 fnt\n|faint|p2a: Ambipom\n|\n|upkeep\n|\n|t:|1733861106\n|switch|p2a: Medicham|Medicham, L86, M|243/243\n|turn|6\n|\n|t:|1733861123\n|switch|p1a: Articuno|Articuno, L86|222/295\n|-ability|p1a: Articuno|Pressure\n|move|p2a: Medicham|Zen Headbutt|p1a: Articuno\n|-damage|p1a: Articuno|51/295\n|\n|upkeep\n|turn|7\n|\n|t:|1733861143\n|move|p1a: Articuno|Brave Bird|p2a: Medicham\n|-supereffective|p2a: Medicham\n|-damage|p2a: Medicham|0 fnt\n|faint|p2a: Medicham\n|-damage|p1a: Articuno|0 fnt|[from] Recoil\n|faint|p1a: Articuno\n|\n|upkeep\n|\n|t:|1733861150\n|switch|p1a: Polteageist|Polteageist, L79, tera:Fighting|180/224\n|switch|p2a: Vespiquen|Vespiquen, L98, F|296/296\n|-ability|p2a: Vespiquen|Pressure\n|turn|8\n|\n|t:|1733861163\n|switch|p1a: Tentacruel|Tentacruel, L84, M|272/272\n|move|p2a: Vespiquen|Air Slash|p1a: Tentacruel\n|-damage|p1a: Tentacruel|205/272\n|\n|-heal|p1a: Tentacruel|222/272|[from] item: Leftovers\n|upkeep\n|turn|9\n|\n|t:|1733861178\n|move|p1a: Tentacruel|Surf|p2a: Vespiquen\n|-damage|p2a: Vespiquen|232/296\n|move|p2a: Vespiquen|Air Slash|p1a: Tentacruel\n|-damage|p1a: Tentacruel|150/272\n|\n|-heal|p1a: Tentacruel|167/272|[from] item: Leftovers\n|upkeep\n|turn|10\n|\n|t:|1733861184\n|move|p1a: Tentacruel|Surf|p2a: Vespiquen\n|-damage|p2a: Vespiquen|162/296\n|move|p2a: Vespiquen|Air Slash|p1a: Tentacruel\n|-damage|p1a: Tentacruel|88/272\n|\n|-heal|p1a: Tentacruel|105/272|[from] item: Leftovers\n|upkeep\n|turn|11\n|\n|t:|1733861194\n|switch|p1a: Heatran|Heatran, L79, F|273/273\n|-item|p1a: Heatran|Air Balloon\n|move|p2a: Vespiquen|Air Slash|p1a: Heatran\n|-resisted|p1a: Heatran\n|-damage|p1a: Heatran|232/273\n|-enditem|p1a: Heatran|Air Balloon\n|\n|upkeep\n|turn|12\n|\n|t:|1733861206\n|switch|p2a: Scovillain|Scovillain, L91, M|266/266\n|move|p1a: Heatran|Stealth Rock|p2a: Scovillain\n|-sidestart|p2: IrishCraicDealer|move: Stealth Rock\n|\n|upkeep\n|turn|13\n|\n|t:|1733861227\n|switch|p2a: Gyarados|Gyarados, L79, M|280/280\n|-ability|p2a: Gyarados|Intimidate|boost\n|-unboost|p1a: Heatran|atk|1\n|move|p1a: Heatran|Magma Storm|p2a: Gyarados\n|-resisted|p2a: Gyarados\n|-damage|p2a: Gyarados|225/280\n|-activate|p2a: Gyarados|move: Magma Storm|[of] p1a: Heatran\n|\n|-damage|p2a: Gyarados|190/280|[from] move: Magma Storm|[partiallytrapped]\n|upkeep\n|turn|14\n|\n|t:|1733861240\n|switch|p1a: Tentacruel|Tentacruel, L84, M|105/272\n|move|p2a: Gyarados|Waterfall|p1a: Tentacruel\n|-resisted|p1a: Tentacruel\n|-damage|p1a: Tentacruel|48/272\n|\n|-heal|p1a: Tentacruel|65/272|[from] item: Leftovers\n|-end|p2a: Gyarados|Magma Storm|[partiallytrapped]|[silent]\n|upkeep\n|turn|15\n|\n|t:|1733861252\n|move|p1a: Tentacruel|Sludge Bomb|p2a: Gyarados\n|-damage|p2a: Gyarados|108/280\n|move|p2a: Gyarados|Earthquake|p1a: Tentacruel\n|-supereffective|p1a: Tentacruel\n|-damage|p1a: Tentacruel|0 fnt\n|faint|p1a: Tentacruel\n|\n|upkeep\n|\n|t:|1733861273\n|switch|p1a: Great Tusk|Great Tusk, L77|304/304\n|-enditem|p1a: Great Tusk|Booster Energy\n|-activate|p1a: Great Tusk|ability: Protosynthesis|[fromitem]\n|-start|p1a: Great Tusk|protosynthesisatk\n|turn|16\n|\n|t:|1733861281\n|move|p1a: Great Tusk|Stone Edge|p2a: Gyarados\n|-supereffective|p2a: Gyarados\n|-damage|p2a: Gyarados|0 fnt\n|faint|p2a: Gyarados\n|\n|upkeep\n|\n|t:|1733861287\n|switch|p2a: Scovillain|Scovillain, L91, M|266/266\n|-damage|p2a: Scovillain|200/266|[from] Stealth Rock\n|turn|17\n|\n|t:|1733861296\n|move|p2a: Scovillain|Leaf Storm|p1a: Great Tusk|[miss]\n|-miss|p2a: Scovillain|p1a: Great Tusk\n|move|p1a: Great Tusk|Earthquake|p2a: Scovillain\n|-damage|p2a: Scovillain|17/266\n|\n|upkeep\n|turn|18\n|\n|t:|1733861303\n|-end|p1a: Great Tusk|Protosynthesis|[silent]\n|switch|p1a: Heatran|Heatran, L79, F|232/273\n|move|p2a: Scovillain|Leaf Storm|p1a: Heatran\n|-resisted|p1a: Heatran\n|-damage|p1a: Heatran|167/273\n|-unboost|p2a: Scovillain|spa|2\n|\n|upkeep\n|turn|19\n|\n|t:|1733861315\n|switch|p2a: Vespiquen|Vespiquen, L98, F|162/296\n|-ability|p2a: Vespiquen|Pressure\n|move|p1a: Heatran|Flash Cannon|p2a: Vespiquen\n|-damage|p2a: Vespiquen|90/296\n|\n|upkeep\n|turn|20\n|\n|t:|1733861328\n|switch|p2a: Regidrago|Regidrago, L77|435/435\n|-damage|p2a: Regidrago|381/435|[from] Stealth Rock\n|move|p1a: Heatran|Magma Storm|p2a: Regidrago|[miss]\n|-miss|p1a: Heatran|p2a: Regidrago\n|\n|upkeep\n|turn|21\n|\n|t:|1733861338\n|move|p2a: Regidrago|Earthquake|p1a: Heatran\n|-supereffective|p1a: Heatran\n|-damage|p1a: Heatran|0 fnt\n|faint|p1a: Heatran\n|\n|upkeep\n|\n|t:|1733861345\n|switch|p1a: Polteageist|Polteageist, L79, tera:Fighting|180/224\n|turn|22\n|\n|t:|1733861352\n|switch|p2a: Scovillain|Scovillain, L91, M|17/266\n|-damage|p2a: Scovillain|0 fnt|[from] Stealth Rock\n|faint|p2a: Scovillain\n|move|p1a: Polteageist|Shell Smash|p1a: Polteageist\n|-unboost|p1a: Polteageist|def|1\n|-unboost|p1a: Polteageist|spd|1\n|-boost|p1a: Polteageist|atk|2\n|-boost|p1a: Polteageist|spa|2\n|-boost|p1a: Polteageist|spe|2\n|\n|upkeep\n|\n|t:|1733861366\n|switch|p2a: Vespiquen|Vespiquen, L98, F|90/296\n|-ability|p2a: Vespiquen|Pressure\n|turn|23\n|\n|t:|1733861379\n|move|p1a: Polteageist|Shadow Ball|p2a: Vespiquen\n|-damage|p2a: Vespiquen|0 fnt\n|faint|p2a: Vespiquen\n|\n|upkeep\n|\n|t:|1733861384\n|switch|p2a: Regidrago|Regidrago, L77|381/435\n|-damage|p2a: Regidrago|327/435|[from] Stealth Rock\n|turn|24\n|\n|t:|1733861395\n|-terastallize|p2a: Regidrago|Dragon\n|move|p1a: Polteageist|Stored Power|p2a: Regidrago\n|-crit|p2a: Regidrago\n|-damage|p2a: Regidrago|0 fnt\n|faint|p2a: Regidrago\n|\n|win|pikapika22w\n|raw|pikapika22w's rating: 1325 &rarr; <strong>1344</strong><br />(+19 for winning)\n|raw|IrishCraicDealer's rating: 1310 &rarr; <strong>1291</strong><br />(-19 for losing)\n|l|\u2606IrishCraicDealer\n|player|p2|\n", "inputlog": ">version bfd83cad13791eb5a5a409923076391caf6fb4d4\n>start {\"formatid\":\"gen9randombattle\",\"seed\":[46234,3290,828,64025],\"rated\":\"Rated battle\"}\n>player p1 {\"name\":\"pikapika22w\",\"avatar\":\"170\",\"rating\":1325,\"seed\":[27188,50062,22564,45960]}\n>player p2 {\"name\":\"IrishCraicDealer\",\"avatar\":\"ltsurge\",\"rating\":1310,\"seed\":[43935,35790,43262,38345]}\n>p1 move substitute\n>p2 switch 5\n>p1 move freezedry\n>p2 move knockoff\n>p1 move freezedry\n>p2 move doubleedge\n>p1 switch 2\n>p2 move doubleedge\n>p1 move terablast terastallize\n>p2 move knockoff\n>p2 switch 5\n>p1 switch 2\n>p2 move zenheadbutt\n>p1 move bravebird\n>p2 move zenheadbutt\n>p1 switch 2\n>p2 switch 3\n>p1 switch 3\n>p2 move airslash\n>p1 move surf\n>p2 move airslash\n>p1 move surf\n>p2 move airslash\n>p1 switch 4\n>p2 move airslash\n>p1 move stealthrock\n>p2 switch 4\n>p1 move magmastorm\n>p2 switch 6\n>p1 switch 4\n>p2 move waterfall\n>p1 move sludgebomb\n>p2 move earthquake\n>p1 switch 5\n>p1 move stoneedge\n>p2 move waterfall\n>p2 switch 6\n>p1 move earthquake\n>p2 move leafstorm\n>p1 switch 4\n>p2 move leafstorm\n>p1 move flashcannon\n>p2 switch 4\n>p1 move magmastorm\n>p2 switch 2\n>p1 move flashcannon\n>p2 move earthquake\n>p1 switch 3\n>p1 move shellsmash\n>p2 switch 4\n>p2 switch 2\n>p1 move shadowball\n>p2 move roost\n>p2 switch 4\n>p1 move storedpower\n>p2 move dragonenergy terastallize", "uploadtime": 1733861403, "views": 8, "formatid": "gen9randombattle", "rating": 1291, "private": 0, "password": null}