{"id": "gen9randombattle-2008902064", "format": "[Gen 9] Random Battle", "players": ["MizuriKip", "thethirstysimp"], "log": "|j|\u2606MizuriKip\n|j|\u2606thethirstysimp\n|t:|1702244376\n|gametype|singles\n|player|p1|MizuriKip|zinnia|2205\n|player|p2|thethirstysimp|170|2312\n|teamsize|p1|6\n|teamsize|p2|6\n|gen|9\n|tier|[Gen 9] Random Battle\n|rated|\n|rule|Species Clause: Limit one of each Pok\u00e9mon\n|rule|HP Percentage Mod: HP is shown in percentages\n|rule|Sleep Clause Mod: Limit one foe put to sleep\n|rule|Illusion Level Mod: Illusion disguises the Pok\u00e9mon's true level\n|\n|t:|1702244376\n|start\n|switch|p1a: Talonflame|Talonflame, L84, F|268/268\n|switch|p2a: Greninja|Greninja, L80, M|246/246\n|turn|1\n|\n|t:|1702244439\n|move|p1a: Talonflame|U-turn|p2a: Greninja\n|-supereffective|p2a: Greninja\n|-damage|p2a: Greninja|136/246\n|\n|t:|1702244457\n|switch|p1a: Abomasnow|Abomasnow, L86, M|295/295|[from] U-turn\n|-weather|Snow|[from] ability: Snow Warning|[of] p1a: Abomasnow\n|move|p2a: Greninja|Hydro Pump|p1a: Abomasnow\n|-resisted|p1a: Abomasnow\n|-damage|p1a: Abomasnow|221/295\n|-damage|p2a: Greninja|112/246|[from] item: Life Orb\n|\n|-weather|Snow|[upkeep]\n|upkeep\n|turn|2\n|\n|t:|1702244475\n|switch|p2a: Forretress|Forretress, L84, M|263/263\n|move|p1a: Abomasnow|Aurora Veil|p1a: Abomasnow\n|-sidestart|p1: MizuriKip|move: Aurora Veil\n|\n|-weather|Snow|[upkeep]\n|upkeep\n|turn|3\n|\n|t:|1702244483\n|switch|p1a: Talonflame|Talonflame, L84, F|268/268\n|move|p2a: Forretress|Stealth Rock|p1a: Talonflame\n|-sidestart|p1: MizuriKip|move: Stealth Rock\n|\n|-weather|Snow|[upkeep]\n|upkeep\n|turn|4\n|\n|t:|1702244497\n|switch|p2a: Jolteon|Jolteon, L84, M|246/246\n|move|p1a: Talonflame|Overheat|p2a: Jolteon\n|-damage|p2a: Jolteon|144/246\n|-unboost|p1a: Talonflame|spa|2\n|\n|-weather|Snow|[upkeep]\n|-heal|p2a: Jolteon|159/246|[from] item: Leftovers\n|upkeep\n|turn|5\n|\n|t:|1702244507\n|switch|p2a: Forretress|Forretress, L84, M|263/263\n|switch|p1a: Sandy Shocks|Sandy Shocks, L80|267/267\n|-damage|p1a: Sandy Shocks|251/267|[from] Stealth Rock\n|\n|-weather|none\n|-heal|p1a: Sandy Shocks|267/267|[from] item: Leftovers\n|upkeep\n|turn|6\n|\n|t:|1702244515\n|move|p1a: Sandy Shocks|Thunderbolt|p2a: Forretress\n|-damage|p2a: Forretress|118/263\n|move|p2a: Forretress|Spikes|p1a: Sandy Shocks\n|-sidestart|p1: MizuriKip|Spikes\n|\n|-heal|p2a: Forretress|134/263|[from] item: Leftovers\n|upkeep\n|turn|7\n|\n|t:|1702244520\n|switch|p2a: Tropius|Tropius, L90, F|324/324\n|move|p1a: Sandy Shocks|Earth Power|p2a: Tropius\n|-immune|p2a: Tropius\n|\n|upkeep\n|turn|8\n|\n|t:|1702244526\n|move|p1a: Sandy Shocks|Thunder Wave|p2a: Tropius\n|-status|p2a: Tropius|par\n|move|p2a: Tropius|Substitute|p2a: Tropius\n|-start|p2a: Tropius|Substitute\n|-damage|p2a: Tropius|243/324 par\n|\n|upkeep\n|turn|9\n|\n|t:|1702244532\n|move|p1a: Sandy Shocks|Thunderbolt|p2a: Tropius\n|-crit|p2a: Tropius\n|-end|p2a: Tropius|Substitute\n|move|p2a: Tropius|Leech Seed|p1a: Sandy Shocks\n|-start|p1a: Sandy Shocks|move: Leech Seed\n|\n|-damage|p1a: Sandy Shocks|234/267|[from] Leech Seed|[of] p2a: Tropius\n|-heal|p2a: Tropius|276/324 par|[silent]\n|-sideend|p1: MizuriKip|move: Aurora Veil\n|upkeep\n|turn|10\n|\n|t:|1702244544\n|-end|p1a: Sandy Shocks|Protosynthesis|[silent]\n|switch|p1a: Abomasnow|Abomasnow, L86, M|221/295\n|-damage|p1a: Abomasnow|148/295|[from] Stealth Rock\n|-damage|p1a: Abomasnow|112/295|[from] Spikes\n|-weather|Snow|[from] ability: Snow Warning|[of] p1a: Abomasnow\n|switch|p2a: Jolteon|Jolteon, L84, M|159/246\n|\n|-weather|Snow|[upkeep]\n|-heal|p2a: Jolteon|174/246|[from] item: Leftovers\n|upkeep\n|turn|11\n|\n|t:|1702244555\n|switch|p2a: Forretress|Forretress, L84, M|134/263\n|move|p1a: Abomasnow|Aurora Veil|p1a: Abomasnow\n|-sidestart|p1: MizuriKip|move: Aurora Veil\n|\n|-weather|Snow|[upkeep]\n|-heal|p2a: Forretress|150/263|[from] item: Leftovers\n|upkeep\n|turn|12\n|\n|t:|1702244583\n|switch|p1a: Talonflame|Talonflame, L84, F|268/268\n|move|p2a: Forretress|Spikes|p1a: Talonflame\n|-sidestart|p1: MizuriKip|Spikes\n|\n|-weather|Snow|[upkeep]\n|-heal|p2a: Forretress|166/263|[from] item: Leftovers\n|upkeep\n|turn|13\n|c|\u2606MizuriKip|the hazards\n|c|\u2606MizuriKip|are a pain\n|c|\u2606MizuriKip|:(\n|inactive|Battle timer is ON: inactive players will automatically lose when time's up. (requested by MizuriKip)\n|\n|t:|1702244629\n|switch|p2a: Jolteon|Jolteon, L84, M|174/246\n|move|p1a: Talonflame|Overheat|p2a: Jolteon\n|-damage|p2a: Jolteon|63/246\n|-unboost|p1a: Talonflame|spa|2\n|\n|-weather|Snow|[upkeep]\n|-heal|p2a: Jolteon|78/246|[from] item: Leftovers\n|upkeep\n|turn|14\n|\n|t:|1702244642\n|switch|p1a: Abomasnow|Abomasnow, L86, M|112/295\n|-damage|p1a: Abomasnow|39/295|[from] Stealth Rock\n|-damage|p1a: Abomasnow|0 fnt|[from] Spikes\n|faint|p1a: Abomasnow\n|move|p2a: Jolteon|Thunderbolt|p1: Abomasnow|[notarget]\n|-fail|p2a: Jolteon\n|\n|-weather|none\n|-heal|p2a: Jolteon|93/246|[from] item: Leftovers\n|upkeep\n|\n|t:|1702244660\n|switch|p1a: Sandy Shocks|Sandy Shocks, L80|234/267\n|-damage|p1a: Sandy Shocks|218/267|[from] Stealth Rock\n|-damage|p1a: Sandy Shocks|174/267|[from] Spikes\n|turn|15\n|inactive|MizuriKip has 120 seconds left.\n|inactive|thethirstysimp has 120 seconds left.\n|\n|t:|1702244718\n|switch|p2a: Tropius|Tropius, L90, F|276/324 par\n|move|p1a: Sandy Shocks|Spikes|p2a: Tropius\n|-sidestart|p2: thethirstysimp|Spikes\n|\n|-heal|p1a: Sandy Shocks|190/267|[from] item: Leftovers\n|upkeep\n|turn|16\n|inactive|MizuriKip has 120 seconds left.\n|\n|t:|1702244736\n|move|p1a: Sandy Shocks|Thunderbolt|p2a: Tropius\n|-damage|p2a: Tropius|180/324 par\n|move|p2a: Tropius|Leech Seed|p1a: Sandy Shocks\n|-start|p1a: Sandy Shocks|move: Leech Seed\n|\n|-heal|p1a: Sandy Shocks|206/267|[from] item: Leftovers\n|-damage|p1a: Sandy Shocks|173/267|[from] Leech Seed|[of] p2a: Tropius\n|-heal|p2a: Tropius|213/324 par|[silent]\n|upkeep\n|turn|17\n|\n|t:|1702244746\n|-end|p1a: Sandy Shocks|Protosynthesis|[silent]\n|switch|p1a: Talonflame|Talonflame, L84, F|268/268\n|move|p2a: Tropius|Leech Seed|p1a: Talonflame\n|-start|p1a: Talonflame|move: Leech Seed\n|\n|-damage|p1a: Talonflame|235/268|[from] Leech Seed|[of] p2a: Tropius\n|-heal|p2a: Tropius|246/324 par|[silent]\n|upkeep\n|turn|18\n|inactive|thethirstysimp has 90 seconds left.\n|\n|t:|1702244766\n|move|p1a: Talonflame|Overheat|p2a: Tropius\n|-supereffective|p2a: Tropius\n|-damage|p2a: Tropius|36/324 par\n|-unboost|p1a: Talonflame|spa|2\n|-enditem|p2a: Tropius|Sitrus Berry|[eat]\n|-heal|p2a: Tropius|117/324 par|[from] item: Sitrus Berry\n|move|p2a: Tropius|Air Slash|p1a: Talonflame\n|-damage|p1a: Talonflame|187/268\n|\n|-damage|p1a: Talonflame|154/268|[from] Leech Seed|[of] p2a: Tropius\n|-heal|p2a: Tropius|150/324 par|[silent]\n|-sideend|p1: MizuriKip|move: Aurora Veil\n|-item|p2a: Tropius|Sitrus Berry|[from] ability: Harvest\n|upkeep\n|-enditem|p2a: Tropius|Sitrus Berry|[eat]\n|-heal|p2a: Tropius|231/324 par|[from] item: Sitrus Berry\n|turn|19\n|inactive|thethirstysimp has 90 seconds left.\n|\n|t:|1702244786\n|move|p1a: Talonflame|Brave Bird|p2a: Tropius\n|-supereffective|p2a: Tropius\n|-damage|p2a: Tropius|15/324 par\n|-damage|p1a: Talonflame|83/268|[from] Recoil\n|move|p2a: Tropius|Air Slash|p1a: Talonflame\n|-damage|p1a: Talonflame|0 fnt\n|faint|p1a: Talonflame\n|\n|upkeep\n|inactive|MizuriKip has 120 seconds left.\n|\n|t:|1702244801\n|switch|p1a: Noivern|Noivern, L82, F|274/274\n|turn|20\n|\n|t:|1702244807\n|move|p1a: Noivern|Flamethrower|p2a: Tropius\n|-supereffective|p2a: Tropius\n|-damage|p2a: Tropius|0 fnt\n|faint|p2a: Tropius\n|\n|upkeep\n|\n|t:|1702244815\n|switch|p2a: Jolteon|Jolteon, L84, M|93/246\n|-damage|p2a: Jolteon|63/246|[from] Spikes\n|turn|21\n|\n|t:|1702244831\n|switch|p1a: Sandy Shocks|Sandy Shocks, L80|173/267\n|-damage|p1a: Sandy Shocks|157/267|[from] Stealth Rock\n|-damage|p1a: Sandy Shocks|113/267|[from] Spikes\n|-terastallize|p2a: Jolteon|Ice\n|move|p2a: Jolteon|Tera Blast|p1a: Sandy Shocks|[anim] Tera Blast Ice\n|-supereffective|p1a: Sandy Shocks\n|-damage|p1a: Sandy Shocks|0 fnt\n|faint|p1a: Sandy Shocks\n|-end|p1a: Sandy Shocks|Protosynthesis|[silent]\n|\n|-heal|p2a: Jolteon|78/246|[from] item: Leftovers\n|upkeep\n|\n|t:|1702244834\n|switch|p1a: Quagsire|Quagsire, L84, M|297/297\n|-damage|p1a: Quagsire|279/297|[from] Stealth Rock\n|-damage|p1a: Quagsire|230/297|[from] Spikes\n|turn|22\n|\n|t:|1702244858\n|switch|p2a: Oricorio|Oricorio-Sensu, L85, M|266/266\n|move|p1a: Quagsire|Earthquake|p2a: Oricorio\n|-immune|p2a: Oricorio\n|\n|-heal|p1a: Quagsire|248/297|[from] item: Leftovers\n|upkeep\n|turn|23\n|\n|t:|1702244864\n|move|p2a: Oricorio|Hurricane|p1a: Quagsire\n|-damage|p1a: Quagsire|100/297\n|move|p1a: Quagsire|Toxic|p2a: Oricorio\n|-status|p2a: Oricorio|tox\n|\n|-heal|p1a: Quagsire|118/297|[from] item: Leftovers\n|-damage|p2a: Oricorio|250/266 tox|[from] psn\n|upkeep\n|turn|24\n|\n|t:|1702244876\n|move|p2a: Oricorio|Revelation Dance|p1a: Quagsire\n|-damage|p1a: Quagsire|0 fnt\n|faint|p1a: Quagsire\n|\n|-damage|p2a: Oricorio|218/266 tox|[from] psn\n|upkeep\n|\n|t:|1702244879\n|switch|p1a: Persian|Persian, L93, F|272/272\n|-damage|p1a: Persian|238/272|[from] Stealth Rock\n|-damage|p1a: Persian|193/272|[from] Spikes\n|turn|25\n|inactive|thethirstysimp has 120 seconds left.\n|\n|t:|1702244905\n|move|p1a: Persian|Knock Off|p2a: Oricorio\n|-supereffective|p2a: Oricorio\n|-damage|p2a: Oricorio|0 fnt\n|-enditem|p2a: Oricorio|Heavy-Duty Boots|[from] move: Knock Off|[of] p1a: Persian\n|faint|p2a: Oricorio\n|\n|upkeep\n|\n|t:|1702244911\n|switch|p2a: Infernape|Infernape, L82, M|259/259\n|-damage|p2a: Infernape|227/259|[from] Spikes\n|turn|26\n|\n|t:|1702244919\n|move|p1a: Persian|Knock Off|p2a: Infernape\n|-resisted|p2a: Infernape\n|-damage|p2a: Infernape|172/259\n|-enditem|p2a: Infernape|Life Orb|[from] move: Knock Off|[of] p1a: Persian\n|move|p2a: Infernape|Stone Edge|p1a: Persian|[miss]\n|-miss|p2a: Infernape|p1a: Persian\n|\n|upkeep\n|turn|27\n|inactive|thethirstysimp has 120 seconds left.\n|\n|t:|1702244926\n|move|p1a: Persian|Knock Off|p2a: Infernape\n|-resisted|p2a: Infernape\n|-damage|p2a: Infernape|133/259\n|move|p2a: Infernape|Stone Edge|p1a: Persian\n|-damage|p1a: Persian|105/272\n|\n|upkeep\n|turn|28\n|\n|t:|1702244931\n|move|p1a: Persian|Knock Off|p2a: Infernape\n|-resisted|p2a: Infernape\n|-damage|p2a: Infernape|94/259\n|move|p2a: Infernape|Close Combat|p1a: Persian\n|-supereffective|p1a: Persian\n|-crit|p1a: Persian\n|-damage|p1a: Persian|0 fnt\n|-unboost|p2a: Infernape|def|1\n|-unboost|p2a: Infernape|spd|1\n|faint|p1a: Persian\n|\n|upkeep\n|\n|t:|1702244934\n|switch|p1a: Noivern|Noivern, L82, F|274/274\n|turn|29\n|\n|t:|1702244943\n|move|p1a: Noivern|Hurricane|p2a: Infernape|[miss]\n|-miss|p1a: Noivern|p2a: Infernape\n|move|p2a: Infernape|Flare Blitz|p1a: Noivern\n|-resisted|p1a: Noivern\n|-damage|p1a: Noivern|210/274\n|-damage|p2a: Infernape|73/259|[from] Recoil\n|\n|upkeep\n|turn|30\n|\n|t:|1702244962\n|move|p1a: Noivern|Hurricane|p2a: Infernape\n|-supereffective|p2a: Infernape\n|-damage|p2a: Infernape|0 fnt\n|faint|p2a: Infernape\n|\n|upkeep\n|\n|t:|1702244977\n|switch|p2a: Jolteon|Jolteon, L84, M, tera:Ice|78/246\n|-damage|p2a: Jolteon|48/246|[from] Spikes\n|turn|31\n|\n|t:|1702244983\n|-terastallize|p1a: Noivern|Fire\n|move|p2a: Jolteon|Tera Blast|p1a: Noivern|[anim] Tera Blast Ice\n|-resisted|p1a: Noivern\n|-damage|p1a: Noivern|155/274\n|move|p1a: Noivern|Flamethrower|p2a: Jolteon\n|-supereffective|p2a: Jolteon\n|-damage|p2a: Jolteon|0 fnt\n|faint|p2a: Jolteon\n|\n|upkeep\n|-message|thethirstysimp forfeited.\n|\n|win|MizuriKip\n|raw|MizuriKip's rating: 2205 &rarr; <strong>2231</strong><br />(+26 for winning)\n|raw|thethirstysimp's rating: 2312 &rarr; <strong>2286</strong><br />(-26 for losing)\n|l|\u2606thethirstysimp\n|c|\u2606MizuriKip|GG\n", "inputlog": ">version a36cb7e4e96045407df0ffd8cde5d569dfcd2ea5\n>start {\"formatid\":\"gen9randombattle\",\"seed\":[13361,60468,21184,988],\"rated\":\"Rated battle\"}\n>player p1 {\"name\":\"MizuriKip\",\"avatar\":\"zinnia\",\"rating\":2205,\"seed\":[63921,46655,34572,5211]}\n>player p2 {\"name\":\"thethirstysimp\",\"avatar\":\"170\",\"rating\":2312,\"seed\":[51343,696,40182,17802]}\n>p1 move uturn\n>p2 move hydropump\n>p1 switch 3\n>p1 move auroraveil\n>p2 switch 3\n>p1 switch 3\n>p2 move stealthrock\n>p1 move overheat\n>p2 switch 2\n>p1 switch 6\n>p2 switch 2\n>p1 move thunderbolt\n>p2 move spikes\n>p1 move earthpower\n>p2 switch 4\n>p1 move thunderwave\n>p2 move substitute\n>p1 move thunderbolt\n>p2 move leechseed\n>p1 switch 3\n>p2 switch 2\n>p1 move auroraveil\n>p2 switch 4\n>p1 switch 6\n>p2 move spikes\n>chat \u2606MizuriKip|the hazards\n>chat \u2606MizuriKip|are a pain\n>chat \u2606MizuriKip|:(\n>p1 move overheat\n>p2 switch 4\n>p1 switch 6\n>p2 move thunderbolt\n>p1 switch 3\n>p1 move spikes\n>p2 switch 2\n>p1 move thunderbolt\n>p2 move leechseed\n>p1 switch 6\n>p2 move leechseed\n>p1 move overheat\n>p2 move airslash\n>p1 move bravebird\n>p2 move airslash\n>p1 switch 4\n>p1 move flamethrower\n>p2 move airslash\n>p2 switch 2\n>p1 switch 6\n>p2 move terablast terastallize\n>p1 switch 5\n>p1 move earthquake\n>p2 switch 5\n>p1 move toxic\n>p2 move hurricane\n>p1 move recover\n>p2 move revelationdance\n>p1 switch 2\n>p1 move knockoff\n>p2 move hurricane\n>p2 switch 6\n>p1 move knockoff\n>p2 move stoneedge\n>p1 move knockoff\n>p2 move stoneedge\n>p1 move knockoff\n>p2 move closecombat\n>p1 switch 6\n>p1 move hurricane\n>p2 move flareblitz\n>p1 move hurricane\n>p2 move flareblitz\n>p2 switch 5\n>p1 move flamethrower terastallize\n>p2 move terablast\n>forcelose p2", "uploadtime": 1702245016, "views": 288, "formatid": "gen9randombattle", "rating": 2231, "private": 0, "password": null}