{"id": "gen9randombattle-2248491532", "format": "[Gen 9] Random Battle", "players": ["feechlamanna", "king edgy"], "log": "|j|\u2606feechlamanna\n|j|\u2606king edgy\n|t:|1732219567\n|gametype|singles\n|player|p1|feechlamanna|266|2232\n|player|p2|king edgy|#wcor2024usnortheast|2264\n|teamsize|p1|6\n|teamsize|p2|6\n|gen|9\n|tier|[Gen 9] Random Battle\n|rated|\n|rule|Species Clause: Limit one of each Pok\u00e9mon\n|rule|HP Percentage Mod: HP is shown in percentages\n|rule|Sleep Clause Mod: Limit one foe put to sleep\n|rule|Illusion Level Mod: Illusion disguises the Pok\u00e9mon's true level\n|\n|t:|1732219567\n|start\n|switch|p1a: Meganium|Meganium, L90, F|290/290\n|switch|p2a: Ariados|Ariados, L95, M|287/287\n|turn|1\n|\n|t:|1732219574\n|switch|p1a: Kleavor|Kleavor, L78, M|237/237\n|move|p2a: Ariados|Sticky Web|p1a: Kleavor\n|-sidestart|p1: feechlamanna|move: Sticky Web\n|\n|upkeep\n|turn|2\n|inactive|Battle timer is ON: inactive players will automatically lose when time's up. (requested by feechlamanna)\n|j| shlacks\n|\n|t:|1732219589\n|switch|p2a: Sableye|Sableye, L90, M|236/236\n|move|p1a: Kleavor|Stone Axe|p2a: Sableye\n|-damage|p2a: Sableye|116/236\n|-sidestart|p2: king edgy|move: Stealth Rock\n|\n|-heal|p2a: Sableye|130/236|[from] item: Leftovers\n|upkeep\n|turn|3\n|\n|t:|1732219610\n|switch|p1a: Sylveon|Sylveon, L85, M|300/300\n|-activate|p1a: Sylveon|move: Sticky Web\n|-unboost|p1a: Sylveon|spe|1\n|move|p2a: Sableye|Will-O-Wisp|p1a: Sylveon\n|-status|p1a: Sylveon|brn\n|\n|-heal|p2a: Sableye|144/236|[from] item: Leftovers\n|-damage|p1a: Sylveon|282/300 brn|[from] brn\n|upkeep\n|turn|4\n|\n|t:|1732219623\n|switch|p2a: Ariados|Ariados, L95, M|287/287\n|-damage|p2a: Ariados|216/287|[from] Stealth Rock\n|switch|p1a: Kleavor|Kleavor, L78, M|237/237\n|\n|upkeep\n|turn|5\n|l| shlacks\n|\n|t:|1732219627\n|switch|p2a: Sableye|Sableye, L90, M|144/236\n|-damage|p2a: Sableye|115/236|[from] Stealth Rock\n|move|p1a: Kleavor|Stone Axe|p2a: Sableye\n|-damage|p2a: Sableye|0 fnt\n|faint|p2a: Sableye\n|\n|upkeep\n|j| MayGGST(real)\n|\n|t:|1732219642\n|switch|p2a: Falinks|Falinks, L84|246/246\n|-damage|p2a: Falinks|231/246|[from] Stealth Rock\n|turn|6\n|\n|t:|1732219650\n|switch|p1a: Volbeat|Volbeat, L90, M|263/263\n|move|p2a: Falinks|No Retreat|p2a: Falinks\n|-boost|p2a: Falinks|atk|1\n|-boost|p2a: Falinks|def|1\n|-boost|p2a: Falinks|spa|1\n|-boost|p2a: Falinks|spd|1\n|-boost|p2a: Falinks|spe|1\n|-start|p2a: Falinks|move: No Retreat\n|\n|upkeep\n|turn|7\n|\n|t:|1732219671\n|move|p1a: Volbeat|Encore|p2a: Falinks\n|-start|p2a: Falinks|Encore\n|move|p2a: Falinks|No Retreat||[still]\n|-fail|p2a: Falinks\n|\n|upkeep\n|turn|8\n|\n|t:|1732219677\n|move|p2a: Falinks|No Retreat||[still]\n|-fail|p2a: Falinks\n|move|p1a: Volbeat|Lunge|p2a: Falinks\n|-resisted|p2a: Falinks\n|-damage|p2a: Falinks|207/246\n|-unboost|p2a: Falinks|atk|1\n|-ability|p2a: Falinks|Defiant|boost\n|-boost|p2a: Falinks|atk|2\n|\n|upkeep\n|turn|9\n|l|\u2606king edgy\n|inactive|king edgy disconnected and has a minute to reconnect!\n|player|p2|\n|j|\u2606king edgy\n|inactive|king edgy reconnected and has 140 seconds left.\n|player|p2|king edgy|#wcor2024usnortheast|\n|inactive|feechlamanna has 120 seconds left.\n|\n|t:|1732219712\n|move|p1a: Volbeat|Thunder Wave|p2a: Falinks\n|-status|p2a: Falinks|par\n|cant|p2a: Falinks|par\n|\n|-end|p2a: Falinks|Encore\n|upkeep\n|turn|10\n|\n|t:|1732219721\n|move|p1a: Volbeat|Encore|p2a: Falinks\n|-start|p2a: Falinks|Encore\n|cant|p2a: Falinks|par\n|\n|upkeep\n|turn|11\n|\n|t:|1732219733\n|move|p1a: Volbeat|Thunder Wave|p2a: Falinks\n|-fail|p2a: Falinks|par\n|move|p2a: Falinks|No Retreat||[still]\n|-fail|p2a: Falinks\n|\n|upkeep\n|turn|12\n|\n|t:|1732219739\n|move|p1a: Volbeat|Thunder Wave|p2a: Falinks|[miss]\n|-miss|p1a: Volbeat|p2a: Falinks\n|move|p2a: Falinks|No Retreat||[still]\n|-fail|p2a: Falinks\n|\n|-end|p2a: Falinks|Encore\n|upkeep\n|turn|13\n|\n|t:|1732219745\n|move|p1a: Volbeat|Encore|p2a: Falinks\n|-start|p2a: Falinks|Encore\n|cant|p2a: Falinks|par\n|\n|upkeep\n|turn|14\n|\n|t:|1732219748\n|move|p1a: Volbeat|Thunder Wave|p2a: Falinks|[miss]\n|-miss|p1a: Volbeat|p2a: Falinks\n|move|p2a: Falinks|No Retreat||[still]\n|-fail|p2a: Falinks\n|\n|upkeep\n|turn|15\n|\n|t:|1732219750\n|move|p1a: Volbeat|Thunder Wave|p2a: Falinks\n|-fail|p2a: Falinks|par\n|cant|p2a: Falinks|par\n|\n|-end|p2a: Falinks|Encore\n|upkeep\n|turn|16\n|\n|t:|1732219753\n|move|p1a: Volbeat|Encore|p2a: Falinks\n|-start|p2a: Falinks|Encore\n|move|p2a: Falinks|No Retreat||[still]\n|-fail|p2a: Falinks\n|\n|upkeep\n|turn|17\n|\n|t:|1732219755\n|move|p1a: Volbeat|Thunder Wave|p2a: Falinks\n|-fail|p2a: Falinks|par\n|cant|p2a: Falinks|par\n|\n|upkeep\n|turn|18\n|\n|t:|1732219757\n|move|p1a: Volbeat|Thunder Wave|p2a: Falinks\n|-fail|p2a: Falinks|par\n|move|p2a: Falinks|No Retreat||[still]\n|-fail|p2a: Falinks\n|\n|-end|p2a: Falinks|Encore\n|upkeep\n|turn|19\n|\n|t:|1732219769\n|move|p1a: Volbeat|Encore||[still]\n|-fail|p1a: Volbeat\n|move|p2a: Falinks|Knock Off|p1a: Volbeat\n|-damage|p1a: Volbeat|59/263\n|-enditem|p1a: Volbeat|Heavy-Duty Boots|[from] move: Knock Off|[of] p2a: Falinks\n|-damage|p2a: Falinks|183/246 par|[from] item: Life Orb\n|\n|upkeep\n|turn|20\n|\n|t:|1732219783\n|move|p1a: Volbeat|Roost|p1a: Volbeat\n|-heal|p1a: Volbeat|191/263\n|-singleturn|p1a: Volbeat|move: Roost\n|move|p2a: Falinks|Iron Head|p1a: Volbeat\n|-damage|p1a: Volbeat|34/263\n|-damage|p2a: Falinks|159/246 par|[from] item: Life Orb\n|\n|upkeep\n|turn|21\n|\n|t:|1732219787\n|move|p1a: Volbeat|Roost|p1a: Volbeat\n|-heal|p1a: Volbeat|166/263\n|-singleturn|p1a: Volbeat|move: Roost\n|cant|p2a: Falinks|par\n|\n|upkeep\n|turn|22\n|inactive|king edgy has 120 seconds left.\n|\n|t:|1732219834\n|move|p1a: Volbeat|Roost|p1a: Volbeat\n|-heal|p1a: Volbeat|263/263\n|-singleturn|p1a: Volbeat|move: Roost\n|move|p2a: Falinks|Iron Head|p1a: Volbeat\n|-damage|p1a: Volbeat|95/263\n|-damage|p2a: Falinks|135/246 par|[from] item: Life Orb\n|\n|upkeep\n|turn|23\n|\n|t:|1732219843\n|move|p1a: Volbeat|Roost|p1a: Volbeat\n|-heal|p1a: Volbeat|227/263\n|-singleturn|p1a: Volbeat|move: Roost\n|move|p2a: Falinks|Iron Head|p1a: Volbeat\n|-damage|p1a: Volbeat|80/263\n|-damage|p2a: Falinks|111/246 par|[from] item: Life Orb\n|\n|upkeep\n|turn|24\n|inactive|king edgy has 120 seconds left.\n|\n|t:|1732219855\n|move|p1a: Volbeat|Roost|p1a: Volbeat\n|-heal|p1a: Volbeat|212/263\n|-singleturn|p1a: Volbeat|move: Roost\n|cant|p2a: Falinks|par\n|\n|upkeep\n|turn|25\n|\n|t:|1732219866\n|move|p1a: Volbeat|Thunder Wave|p2a: Falinks\n|-fail|p2a: Falinks|par\n|move|p2a: Falinks|Iron Head|p1a: Volbeat\n|-damage|p1a: Volbeat|56/263\n|-damage|p2a: Falinks|87/246 par|[from] item: Life Orb\n|\n|upkeep\n|turn|26\n|\n|t:|1732219879\n|move|p1a: Volbeat|Roost|p1a: Volbeat\n|-heal|p1a: Volbeat|188/263\n|-singleturn|p1a: Volbeat|move: Roost\n|move|p2a: Falinks|Iron Head|p1a: Volbeat\n|-damage|p1a: Volbeat|27/263\n|-damage|p2a: Falinks|63/246 par|[from] item: Life Orb\n|\n|upkeep\n|turn|27\n|\n|t:|1732219891\n|move|p1a: Volbeat|Roost|p1a: Volbeat\n|-heal|p1a: Volbeat|159/263\n|-singleturn|p1a: Volbeat|move: Roost\n|move|p2a: Falinks|Iron Head|p1a: Volbeat\n|-damage|p1a: Volbeat|7/263\n|-damage|p2a: Falinks|39/246 par|[from] item: Life Orb\n|\n|upkeep\n|turn|28\n|\n|t:|1732219901\n|move|p1a: Volbeat|Roost|p1a: Volbeat\n|-heal|p1a: Volbeat|139/263\n|-singleturn|p1a: Volbeat|move: Roost\n|move|p2a: Falinks|Iron Head|p1a: Volbeat\n|-damage|p1a: Volbeat|0 fnt\n|faint|p1a: Volbeat\n|-damage|p2a: Falinks|15/246 par|[from] item: Life Orb\n|\n|upkeep\n|\n|t:|1732219908\n|switch|p1a: Meganium|Meganium, L90, F|290/290\n|-activate|p1a: Meganium|move: Sticky Web\n|-unboost|p1a: Meganium|spe|1\n|turn|29\n|\n|t:|1732219914\n|switch|p1a: Slowking|Slowking-Galar, L85, M|300/300\n|-activate|p1a: Slowking|move: Sticky Web\n|-unboost|p1a: Slowking|spe|1\n|move|p2a: Falinks|Close Combat|p1a: Slowking\n|-resisted|p1a: Slowking\n|-damage|p1a: Slowking|209/300\n|-unboost|p2a: Falinks|def|1\n|-unboost|p2a: Falinks|spd|1\n|-damage|p2a: Falinks|0 fnt|[from] item: Life Orb\n|faint|p2a: Falinks\n|\n|upkeep\n|\n|t:|1732219934\n|switch|p2a: Chimecho|Chimecho, L94, F|293/293\n|-damage|p2a: Chimecho|257/293|[from] Stealth Rock\n|turn|30\n|\n|t:|1732219941\n|switch|p1a: Meganium|Meganium, L90, F|290/290\n|-activate|p1a: Meganium|move: Sticky Web\n|-unboost|p1a: Meganium|spe|1\n|move|p2a: Chimecho|Cosmic Power|p2a: Chimecho\n|-boost|p2a: Chimecho|def|1\n|-boost|p2a: Chimecho|spd|1\n|\n|-heal|p2a: Chimecho|275/293|[from] item: Leftovers\n|upkeep\n|turn|31\n|\n|t:|1732219966\n|move|p2a: Chimecho|Cosmic Power|p2a: Chimecho\n|-boost|p2a: Chimecho|def|1\n|-boost|p2a: Chimecho|spd|1\n|move|p1a: Meganium|Knock Off|p2a: Chimecho\n|-supereffective|p2a: Chimecho\n|-damage|p2a: Chimecho|192/293\n|-enditem|p2a: Chimecho|Leftovers|[from] move: Knock Off|[of] p1a: Meganium\n|-damage|p1a: Meganium|261/290|[from] item: Life Orb\n|\n|upkeep\n|turn|32\n|\n|t:|1732219970\n|switch|p1a: Kleavor|Kleavor, L78, M|237/237\n|move|p2a: Chimecho|Cosmic Power|p2a: Chimecho\n|-boost|p2a: Chimecho|def|1\n|-boost|p2a: Chimecho|spd|1\n|\n|upkeep\n|turn|33\n|\n|t:|1732219992\n|-terastallize|p1a: Kleavor|Bug\n|-terastallize|p2a: Chimecho|Steel\n|move|p1a: Kleavor|X-Scissor|p2a: Chimecho\n|-resisted|p2a: Chimecho\n|-damage|p2a: Chimecho|152/293\n|move|p2a: Chimecho|Cosmic Power|p2a: Chimecho\n|-boost|p2a: Chimecho|def|1\n|-boost|p2a: Chimecho|spd|1\n|\n|upkeep\n|turn|34\n|\n|t:|1732219997\n|move|p1a: Kleavor|Close Combat|p2a: Chimecho\n|-supereffective|p2a: Chimecho\n|-damage|p2a: Chimecho|86/293\n|-unboost|p1a: Kleavor|def|1\n|-unboost|p1a: Kleavor|spd|1\n|move|p2a: Chimecho|Stored Power|p1a: Kleavor\n|-damage|p1a: Kleavor|0 fnt\n|faint|p1a: Kleavor\n|\n|upkeep\n|\n|t:|1732220005\n|switch|p1a: Snorlax|Snorlax, L82, F|397/397\n|-activate|p1a: Snorlax|move: Sticky Web\n|-unboost|p1a: Snorlax|spe|1\n|turn|35\n|l| MayGGST(real)\n|\n|t:|1732220025\n|move|p2a: Chimecho|Recover|p2a: Chimecho\n|-heal|p2a: Chimecho|233/293\n|move|p1a: Snorlax|Body Slam|p2a: Chimecho\n|-resisted|p2a: Chimecho\n|-damage|p2a: Chimecho|218/293\n|\n|upkeep\n|turn|36\n|\n|t:|1732220029\n|move|p2a: Chimecho|Stored Power|p1a: Snorlax\n|-damage|p1a: Snorlax|186/397\n|move|p1a: Snorlax|Body Slam|p2a: Chimecho\n|-resisted|p2a: Chimecho\n|-damage|p2a: Chimecho|202/293\n|-status|p2a: Chimecho|par\n|\n|-heal|p1a: Snorlax|210/397|[from] item: Leftovers\n|upkeep\n|turn|37\n|\n|t:|1732220034\n|move|p2a: Chimecho|Stored Power|p1a: Snorlax\n|-damage|p1a: Snorlax|2/397\n|move|p1a: Snorlax|Body Slam|p2a: Chimecho\n|-resisted|p2a: Chimecho\n|-damage|p2a: Chimecho|187/293 par\n|\n|-heal|p1a: Snorlax|26/397|[from] item: Leftovers\n|upkeep\n|turn|38\n|\n|t:|1732220051\n|move|p2a: Chimecho|Stored Power|p1a: Snorlax\n|-damage|p1a: Snorlax|0 fnt\n|faint|p1a: Snorlax\n|\n|upkeep\n|j| MayGGST(real)\n|inactive|feechlamanna has 120 seconds left.\n|inactive|feechlamanna has 90 seconds left.\n|\n|t:|1732220112\n|switch|p1a: Sylveon|Sylveon, L85, M|282/300 brn\n|-activate|p1a: Sylveon|move: Sticky Web\n|-unboost|p1a: Sylveon|spe|1\n|turn|39\n|\n|t:|1732220119\n|move|p1a: Sylveon|Calm Mind|p1a: Sylveon\n|-boost|p1a: Sylveon|spa|1\n|-boost|p1a: Sylveon|spd|1\n|move|p2a: Chimecho|Stored Power|p1a: Sylveon\n|-damage|p1a: Sylveon|179/300 brn\n|\n|-heal|p1a: Sylveon|197/300 brn|[from] item: Leftovers\n|-damage|p1a: Sylveon|179/300 brn|[from] brn\n|upkeep\n|turn|40\n|\n|t:|1732220129\n|move|p1a: Sylveon|Wish|p1a: Sylveon\n|move|p2a: Chimecho|Stored Power|p1a: Sylveon\n|-damage|p1a: Sylveon|62/300 brn\n|\n|-heal|p1a: Sylveon|80/300 brn|[from] item: Leftovers\n|-damage|p1a: Sylveon|62/300 brn|[from] brn\n|upkeep\n|turn|41\n|\n|t:|1732220135\n|move|p1a: Sylveon|Protect|p1a: Sylveon\n|-singleturn|p1a: Sylveon|Protect\n|move|p2a: Chimecho|Cosmic Power|p2a: Chimecho\n|-boost|p2a: Chimecho|def|1\n|-boost|p2a: Chimecho|spd|1\n|\n|-heal|p1a: Sylveon|212/300 brn|[from] move: Wish|[wisher] Sylveon\n|-heal|p1a: Sylveon|230/300 brn|[from] item: Leftovers\n|-damage|p1a: Sylveon|212/300 brn|[from] brn\n|upkeep\n|turn|42\n|\n|t:|1732220147\n|move|p1a: Sylveon|Calm Mind|p1a: Sylveon\n|-boost|p1a: Sylveon|spa|1\n|-boost|p1a: Sylveon|spd|1\n|move|p2a: Chimecho|Cosmic Power|p2a: Chimecho\n|-boost|p2a: Chimecho|def|1\n|-boost|p2a: Chimecho|spd|1\n|\n|-heal|p1a: Sylveon|230/300 brn|[from] item: Leftovers\n|-damage|p1a: Sylveon|212/300 brn|[from] brn\n|upkeep\n|turn|43\n|inactive|feechlamanna has 120 seconds left.\n|\n|t:|1732220154\n|move|p1a: Sylveon|Calm Mind|p1a: Sylveon\n|-boost|p1a: Sylveon|spa|1\n|-boost|p1a: Sylveon|spd|1\n|move|p2a: Chimecho|Dazzling Gleam|p1a: Sylveon\n|-damage|p1a: Sylveon|192/300 brn\n|\n|-heal|p1a: Sylveon|210/300 brn|[from] item: Leftovers\n|-damage|p1a: Sylveon|192/300 brn|[from] brn\n|upkeep\n|turn|44\n|\n|t:|1732220158\n|move|p1a: Sylveon|Wish|p1a: Sylveon\n|move|p2a: Chimecho|Stored Power|p1a: Sylveon\n|-damage|p1a: Sylveon|99/300 brn\n|\n|-heal|p1a: Sylveon|117/300 brn|[from] item: Leftovers\n|-damage|p1a: Sylveon|99/300 brn|[from] brn\n|upkeep\n|turn|45\n|\n|t:|1732220163\n|move|p1a: Sylveon|Calm Mind|p1a: Sylveon\n|-boost|p1a: Sylveon|spa|1\n|-boost|p1a: Sylveon|spd|1\n|move|p2a: Chimecho|Dazzling Gleam|p1a: Sylveon\n|-damage|p1a: Sylveon|81/300 brn\n|\n|-heal|p1a: Sylveon|231/300 brn|[from] move: Wish|[wisher] Sylveon\n|-heal|p1a: Sylveon|249/300 brn|[from] item: Leftovers\n|-damage|p1a: Sylveon|231/300 brn|[from] brn\n|upkeep\n|turn|46\n|\n|t:|1732220165\n|move|p1a: Sylveon|Calm Mind|p1a: Sylveon\n|-boost|p1a: Sylveon|spa|1\n|-boost|p1a: Sylveon|spd|1\n|move|p2a: Chimecho|Stored Power|p1a: Sylveon\n|-damage|p1a: Sylveon|165/300 brn\n|\n|-heal|p1a: Sylveon|183/300 brn|[from] item: Leftovers\n|-damage|p1a: Sylveon|165/300 brn|[from] brn\n|upkeep\n|turn|47\n|\n|t:|1732220167\n|move|p1a: Sylveon|Wish|p1a: Sylveon\n|move|p2a: Chimecho|Dazzling Gleam|p1a: Sylveon\n|-damage|p1a: Sylveon|150/300 brn\n|\n|-heal|p1a: Sylveon|168/300 brn|[from] item: Leftovers\n|-damage|p1a: Sylveon|150/300 brn|[from] brn\n|upkeep\n|turn|48\n|\n|t:|1732220175\n|move|p1a: Sylveon|Hyper Voice|p2a: Chimecho\n|-resisted|p2a: Chimecho\n|-damage|p2a: Chimecho|136/293 par\n|move|p2a: Chimecho|Dazzling Gleam|p1a: Sylveon\n|-damage|p1a: Sylveon|136/300 brn\n|\n|-heal|p1a: Sylveon|286/300 brn|[from] move: Wish|[wisher] Sylveon\n|-heal|p1a: Sylveon|300/300 brn|[from] item: Leftovers\n|-damage|p1a: Sylveon|282/300 brn|[from] brn\n|upkeep\n|turn|49\n|\n|t:|1732220177\n|move|p1a: Sylveon|Hyper Voice|p2a: Chimecho\n|-resisted|p2a: Chimecho\n|-damage|p2a: Chimecho|87/293 par\n|move|p2a: Chimecho|Recover|p2a: Chimecho\n|-heal|p2a: Chimecho|234/293 par\n|\n|-heal|p1a: Sylveon|300/300 brn|[from] item: Leftovers\n|-damage|p1a: Sylveon|282/300 brn|[from] brn\n|upkeep\n|turn|50\n|\n|t:|1732220186\n|move|p1a: Sylveon|Hyper Voice|p2a: Chimecho\n|-resisted|p2a: Chimecho\n|-damage|p2a: Chimecho|188/293 par\n|move|p2a: Chimecho|Stored Power|p1a: Sylveon\n|-damage|p1a: Sylveon|213/300 brn\n|\n|-heal|p1a: Sylveon|231/300 brn|[from] item: Leftovers\n|-damage|p1a: Sylveon|213/300 brn|[from] brn\n|upkeep\n|turn|51\n|\n|t:|1732220190\n|move|p1a: Sylveon|Hyper Voice|p2a: Chimecho\n|-resisted|p2a: Chimecho\n|-damage|p2a: Chimecho|135/293 par\n|move|p2a: Chimecho|Stored Power|p1a: Sylveon\n|-damage|p1a: Sylveon|147/300 brn\n|\n|-heal|p1a: Sylveon|165/300 brn|[from] item: Leftovers\n|-damage|p1a: Sylveon|147/300 brn|[from] brn\n|upkeep\n|turn|52\n|\n|t:|1732220193\n|move|p1a: Sylveon|Wish|p1a: Sylveon\n|move|p2a: Chimecho|Recover|p2a: Chimecho\n|-heal|p2a: Chimecho|282/293 par\n|\n|-heal|p1a: Sylveon|165/300 brn|[from] item: Leftovers\n|-damage|p1a: Sylveon|147/300 brn|[from] brn\n|upkeep\n|turn|53\n|\n|t:|1732220198\n|move|p1a: Sylveon|Protect|p1a: Sylveon\n|-singleturn|p1a: Sylveon|Protect\n|move|p2a: Chimecho|Dazzling Gleam|p1a: Sylveon\n|-activate|p1a: Sylveon|move: Protect\n|\n|-heal|p1a: Sylveon|297/300 brn|[from] move: Wish|[wisher] Sylveon\n|-heal|p1a: Sylveon|300/300 brn|[from] item: Leftovers\n|-damage|p1a: Sylveon|282/300 brn|[from] brn\n|upkeep\n|turn|54\n|\n|t:|1732220200\n|move|p1a: Sylveon|Hyper Voice|p2a: Chimecho\n|-resisted|p2a: Chimecho\n|-damage|p2a: Chimecho|229/293 par\n|move|p2a: Chimecho|Stored Power|p1a: Sylveon\n|-damage|p1a: Sylveon|209/300 brn\n|\n|-heal|p1a: Sylveon|227/300 brn|[from] item: Leftovers\n|-damage|p1a: Sylveon|209/300 brn|[from] brn\n|upkeep\n|turn|55\n|\n|t:|1732220215\n|move|p1a: Sylveon|Hyper Voice|p2a: Chimecho\n|-resisted|p2a: Chimecho\n|-damage|p2a: Chimecho|178/293 par\n|move|p2a: Chimecho|Stored Power|p1a: Sylveon\n|-damage|p1a: Sylveon|136/300 brn\n|\n|-heal|p1a: Sylveon|154/300 brn|[from] item: Leftovers\n|-damage|p1a: Sylveon|136/300 brn|[from] brn\n|upkeep\n|turn|56\n|\n|t:|1732220231\n|move|p1a: Sylveon|Wish|p1a: Sylveon\n|move|p2a: Chimecho|Stored Power|p1a: Sylveon\n|-damage|p1a: Sylveon|72/300 brn\n|\n|-heal|p1a: Sylveon|90/300 brn|[from] item: Leftovers\n|-damage|p1a: Sylveon|72/300 brn|[from] brn\n|upkeep\n|turn|57\n|\n|t:|1732220237\n|move|p1a: Sylveon|Hyper Voice|p2a: Chimecho\n|-resisted|p2a: Chimecho\n|-damage|p2a: Chimecho|124/293 par\n|move|p2a: Chimecho|Cosmic Power|p2a: Chimecho\n|-boost|p2a: Chimecho|def|0\n|-boost|p2a: Chimecho|spd|0\n|\n|-heal|p1a: Sylveon|222/300 brn|[from] move: Wish|[wisher] Sylveon\n|-heal|p1a: Sylveon|240/300 brn|[from] item: Leftovers\n|-damage|p1a: Sylveon|222/300 brn|[from] brn\n|upkeep\n|turn|58\n|\n|t:|1732220248\n|move|p1a: Sylveon|Wish|p1a: Sylveon\n|move|p2a: Chimecho|Recover|p2a: Chimecho\n|-heal|p2a: Chimecho|271/293 par\n|\n|-heal|p1a: Sylveon|240/300 brn|[from] item: Leftovers\n|-damage|p1a: Sylveon|222/300 brn|[from] brn\n|upkeep\n|turn|59\n|\n|t:|1732220253\n|move|p1a: Sylveon|Hyper Voice|p2a: Chimecho\n|-resisted|p2a: Chimecho\n|-damage|p2a: Chimecho|223/293 par\n|move|p2a: Chimecho|Cosmic Power|p2a: Chimecho\n|-boost|p2a: Chimecho|def|0\n|-boost|p2a: Chimecho|spd|0\n|\n|-heal|p1a: Sylveon|300/300 brn|[from] move: Wish|[wisher] Sylveon\n|-damage|p1a: Sylveon|282/300 brn|[from] brn\n|upkeep\n|turn|60\n|\n|t:|1732220257\n|move|p1a: Sylveon|Hyper Voice|p2a: Chimecho\n|-resisted|p2a: Chimecho\n|-damage|p2a: Chimecho|176/293 par\n|cant|p2a: Chimecho|par\n|\n|-heal|p1a: Sylveon|300/300 brn|[from] item: Leftovers\n|-damage|p1a: Sylveon|282/300 brn|[from] brn\n|upkeep\n|turn|61\n|\n|t:|1732220269\n|move|p1a: Sylveon|Hyper Voice|p2a: Chimecho\n|-resisted|p2a: Chimecho\n|-damage|p2a: Chimecho|123/293 par\n|move|p2a: Chimecho|Recover|p2a: Chimecho\n|-heal|p2a: Chimecho|270/293 par\n|\n|-heal|p1a: Sylveon|300/300 brn|[from] item: Leftovers\n|-damage|p1a: Sylveon|282/300 brn|[from] brn\n|upkeep\n|turn|62\n|\n|t:|1732220280\n|move|p1a: Sylveon|Calm Mind|p1a: Sylveon\n|-boost|p1a: Sylveon|spa|1\n|-boost|p1a: Sylveon|spd|1\n|move|p2a: Chimecho|Cosmic Power|p2a: Chimecho\n|-boost|p2a: Chimecho|def|0\n|-boost|p2a: Chimecho|spd|0\n|\n|-heal|p1a: Sylveon|300/300 brn|[from] item: Leftovers\n|-damage|p1a: Sylveon|282/300 brn|[from] brn\n|upkeep\n|turn|63\n|\n|t:|1732220288\n|move|p1a: Sylveon|Calm Mind|p1a: Sylveon\n|-boost|p1a: Sylveon|spa|0\n|-boost|p1a: Sylveon|spd|0\n|move|p2a: Chimecho|Cosmic Power|p2a: Chimecho\n|-boost|p2a: Chimecho|def|0\n|-boost|p2a: Chimecho|spd|0\n|\n|-heal|p1a: Sylveon|300/300 brn|[from] item: Leftovers\n|-damage|p1a: Sylveon|282/300 brn|[from] brn\n|upkeep\n|turn|64\n|\n|t:|1732220291\n|move|p1a: Sylveon|Calm Mind|p1a: Sylveon\n|-boost|p1a: Sylveon|spa|0\n|-boost|p1a: Sylveon|spd|0\n|cant|p2a: Chimecho|par\n|\n|-heal|p1a: Sylveon|300/300 brn|[from] item: Leftovers\n|-damage|p1a: Sylveon|282/300 brn|[from] brn\n|upkeep\n|turn|65\n|\n|t:|1732220297\n|move|p1a: Sylveon|Protect|p1a: Sylveon\n|-singleturn|p1a: Sylveon|Protect\n|move|p2a: Chimecho|Cosmic Power|p2a: Chimecho\n|-boost|p2a: Chimecho|def|0\n|-boost|p2a: Chimecho|spd|0\n|\n|-heal|p1a: Sylveon|300/300 brn|[from] item: Leftovers\n|-damage|p1a: Sylveon|282/300 brn|[from] brn\n|upkeep\n|turn|66\n|\n|t:|1732220311\n|move|p1a: Sylveon|Calm Mind|p1a: Sylveon\n|-boost|p1a: Sylveon|spa|0\n|-boost|p1a: Sylveon|spd|0\n|move|p2a: Chimecho|Stored Power|p1a: Sylveon\n|-damage|p1a: Sylveon|218/300 brn\n|\n|-heal|p1a: Sylveon|236/300 brn|[from] item: Leftovers\n|-damage|p1a: Sylveon|218/300 brn|[from] brn\n|upkeep\n|turn|67\n|\n|t:|1732220317\n|move|p1a: Sylveon|Wish|p1a: Sylveon\n|cant|p2a: Chimecho|par\n|\n|-heal|p1a: Sylveon|236/300 brn|[from] item: Leftovers\n|-damage|p1a: Sylveon|218/300 brn|[from] brn\n|upkeep\n|turn|68\n|\n|t:|1732220320\n|move|p1a: Sylveon|Hyper Voice|p2a: Chimecho\n|-resisted|p2a: Chimecho\n|-damage|p2a: Chimecho|207/293 par\n|move|p2a: Chimecho|Cosmic Power|p2a: Chimecho\n|-boost|p2a: Chimecho|def|0\n|-boost|p2a: Chimecho|spd|0\n|\n|-heal|p1a: Sylveon|300/300 brn|[from] move: Wish|[wisher] Sylveon\n|-damage|p1a: Sylveon|282/300 brn|[from] brn\n|upkeep\n|turn|69\n|\n|t:|1732220324\n|move|p1a: Sylveon|Protect|p1a: Sylveon\n|-singleturn|p1a: Sylveon|Protect\n|move|p2a: Chimecho|Dazzling Gleam|p1a: Sylveon\n|-activate|p1a: Sylveon|move: Protect\n|\n|-heal|p1a: Sylveon|300/300 brn|[from] item: Leftovers\n|-damage|p1a: Sylveon|282/300 brn|[from] brn\n|upkeep\n|turn|70\n|\n|t:|1732220326\n|move|p1a: Sylveon|Calm Mind|p1a: Sylveon\n|-boost|p1a: Sylveon|spa|0\n|-boost|p1a: Sylveon|spd|0\n|move|p2a: Chimecho|Cosmic Power|p2a: Chimecho\n|-boost|p2a: Chimecho|def|0\n|-boost|p2a: Chimecho|spd|0\n|\n|-heal|p1a: Sylveon|300/300 brn|[from] item: Leftovers\n|-damage|p1a: Sylveon|282/300 brn|[from] brn\n|upkeep\n|turn|71\n|\n|t:|1732220332\n|move|p1a: Sylveon|Calm Mind|p1a: Sylveon\n|-boost|p1a: Sylveon|spa|0\n|-boost|p1a: Sylveon|spd|0\n|move|p2a: Chimecho|Cosmic Power|p2a: Chimecho\n|-boost|p2a: Chimecho|def|0\n|-boost|p2a: Chimecho|spd|0\n|\n|-heal|p1a: Sylveon|300/300 brn|[from] item: Leftovers\n|-damage|p1a: Sylveon|282/300 brn|[from] brn\n|upkeep\n|turn|72\n|\n|t:|1732220339\n|move|p1a: Sylveon|Protect|p1a: Sylveon\n|-singleturn|p1a: Sylveon|Protect\n|move|p2a: Chimecho|Cosmic Power|p2a: Chimecho\n|-boost|p2a: Chimecho|def|0\n|-boost|p2a: Chimecho|spd|0\n|\n|-heal|p1a: Sylveon|300/300 brn|[from] item: Leftovers\n|-damage|p1a: Sylveon|282/300 brn|[from] brn\n|upkeep\n|turn|73\n|inactive|feechlamanna has 120 seconds left.\n|\n|t:|1732220373\n|switch|p1a: Slowking|Slowking-Galar, L85, M|300/300\n|-activate|p1a: Slowking|move: Sticky Web\n|-unboost|p1a: Slowking|spe|1\n|move|p2a: Chimecho|Stored Power|p1a: Slowking\n|-damage|p1a: Slowking|113/300\n|\n|upkeep\n|turn|74\n|l| MayGGST(real)\n|\n|t:|1732220390\n|cant|p2a: Chimecho|par\n|move|p1a: Slowking|Future Sight|p2a: Chimecho\n|-start|p1a: Slowking|move: Future Sight\n|\n|upkeep\n|turn|75\n|inactive|feechlamanna has 120 seconds left.\n|\n|t:|1732220407\n|move|p2a: Chimecho|Dazzling Gleam|p1a: Slowking\n|-resisted|p1a: Slowking\n|-damage|p1a: Slowking|94/300\n|move|p1a: Slowking|Psychic Noise|p2a: Chimecho\n|-resisted|p2a: Chimecho\n|-damage|p2a: Chimecho|196/293 par\n|-start|p2a: Chimecho|move: Heal Block\n|\n|upkeep\n|turn|76\n|\n|t:|1732220418\n|move|p2a: Chimecho|Dazzling Gleam|p1a: Slowking\n|-resisted|p1a: Slowking\n|-damage|p1a: Slowking|75/300\n|move|p1a: Slowking|Surf|p2a: Chimecho\n|-damage|p2a: Chimecho|178/293 par\n|\n|-end|p2a: Chimecho|move: Future Sight\n|-resisted|p2a: Chimecho\n|-damage|p2a: Chimecho|161/293 par\n|-end|p2a: Chimecho|move: Heal Block\n|upkeep\n|turn|77\n|inactive|feechlamanna has 120 seconds left.\n|\n|t:|1732220437\n|cant|p2a: Chimecho|par\n|move|p1a: Slowking|Future Sight|p2a: Chimecho\n|-start|p1a: Slowking|move: Future Sight\n|\n|upkeep\n|turn|78\n|\n|t:|1732220439\n|move|p2a: Chimecho|Stored Power|p1a: Slowking\n|-damage|p1a: Slowking|0 fnt\n|faint|p1a: Slowking\n|\n|upkeep\n|\n|t:|1732220441\n|switch|p1a: Sylveon|Sylveon, L85, M|282/300 brn\n|-activate|p1a: Sylveon|move: Sticky Web\n|-unboost|p1a: Sylveon|spe|1\n|turn|79\n|\n|t:|1732220454\n|switch|p1a: Meganium|Meganium, L90, F|261/290\n|-activate|p1a: Meganium|move: Sticky Web\n|-unboost|p1a: Meganium|spe|1\n|cant|p2a: Chimecho|par\n|\n|-end|p2a: Chimecho|move: Future Sight\n|-resisted|p2a: Chimecho\n|-damage|p2a: Chimecho|146/293 par\n|upkeep\n|turn|80\n|\n|t:|1732220466\n|move|p1a: Meganium|Swords Dance|p1a: Meganium\n|-boost|p1a: Meganium|atk|2\n|move|p2a: Chimecho|Dazzling Gleam|p1a: Meganium\n|-damage|p1a: Meganium|201/290\n|\n|upkeep\n|turn|81\n|\n|t:|1732220475\n|move|p1a: Meganium|Swords Dance|p1a: Meganium\n|-boost|p1a: Meganium|atk|2\n|move|p2a: Chimecho|Dazzling Gleam|p1a: Meganium\n|-damage|p1a: Meganium|142/290\n|\n|upkeep\n|turn|82\n|\n|t:|1732220484\n|move|p1a: Meganium|Knock Off|p2a: Chimecho\n|-damage|p2a: Chimecho|103/293 par\n|-damage|p1a: Meganium|113/290|[from] item: Life Orb\n|move|p2a: Chimecho|Dazzling Gleam|p1a: Meganium\n|-damage|p1a: Meganium|50/290\n|\n|upkeep\n|turn|83\n|\n|t:|1732220488\n|move|p1a: Meganium|Knock Off|p2a: Chimecho\n|-damage|p2a: Chimecho|61/293 par\n|-damage|p1a: Meganium|21/290|[from] item: Life Orb\n|cant|p2a: Chimecho|par\n|\n|upkeep\n|turn|84\n|\n|t:|1732220491\n|move|p1a: Meganium|Petal Blizzard|p2a: Chimecho\n|-resisted|p2a: Chimecho\n|-damage|p2a: Chimecho|0 fnt\n|faint|p2a: Chimecho\n|-damage|p1a: Meganium|0 fnt|[from] item: Life Orb\n|faint|p1a: Meganium\n|\n|upkeep\n|\n|t:|1732220501\n|switch|p1a: Sylveon|Sylveon, L85, M|282/300 brn\n|switch|p2a: Articuno|Articuno-Galar, L84|288/288\n|-activate|p1a: Sylveon|move: Sticky Web\n|-unboost|p1a: Sylveon|spe|1\n|turn|85\n|\n|t:|1732220525\n|move|p2a: Articuno|Calm Mind|p2a: Articuno\n|-boost|p2a: Articuno|spa|1\n|-boost|p2a: Articuno|spd|1\n|move|p1a: Sylveon|Calm Mind|p1a: Sylveon\n|-boost|p1a: Sylveon|spa|1\n|-boost|p1a: Sylveon|spd|1\n|\n|-heal|p1a: Sylveon|300/300 brn|[from] item: Leftovers\n|-damage|p1a: Sylveon|282/300 brn|[from] brn\n|upkeep\n|turn|86\n|\n|t:|1732220530\n|move|p2a: Articuno|Calm Mind|p2a: Articuno\n|-boost|p2a: Articuno|spa|1\n|-boost|p2a: Articuno|spd|1\n|move|p1a: Sylveon|Calm Mind|p1a: Sylveon\n|-boost|p1a: Sylveon|spa|1\n|-boost|p1a: Sylveon|spd|1\n|\n|-heal|p1a: Sylveon|300/300 brn|[from] item: Leftovers\n|-damage|p1a: Sylveon|282/300 brn|[from] brn\n|upkeep\n|turn|87\n|\n|t:|1732220540\n|move|p2a: Articuno|Calm Mind|p2a: Articuno\n|-boost|p2a: Articuno|spa|1\n|-boost|p2a: Articuno|spd|1\n|move|p1a: Sylveon|Calm Mind|p1a: Sylveon\n|-boost|p1a: Sylveon|spa|1\n|-boost|p1a: Sylveon|spd|1\n|\n|-heal|p1a: Sylveon|300/300 brn|[from] item: Leftovers\n|-damage|p1a: Sylveon|282/300 brn|[from] brn\n|upkeep\n|turn|88\n|\n|t:|1732220544\n|move|p2a: Articuno|Calm Mind|p2a: Articuno\n|-boost|p2a: Articuno|spa|1\n|-boost|p2a: Articuno|spd|1\n|move|p1a: Sylveon|Calm Mind|p1a: Sylveon\n|-boost|p1a: Sylveon|spa|1\n|-boost|p1a: Sylveon|spd|1\n|\n|-heal|p1a: Sylveon|300/300 brn|[from] item: Leftovers\n|-damage|p1a: Sylveon|282/300 brn|[from] brn\n|upkeep\n|turn|89\n|\n|t:|1732220546\n|move|p2a: Articuno|Calm Mind|p2a: Articuno\n|-boost|p2a: Articuno|spa|1\n|-boost|p2a: Articuno|spd|1\n|move|p1a: Sylveon|Calm Mind|p1a: Sylveon\n|-boost|p1a: Sylveon|spa|1\n|-boost|p1a: Sylveon|spd|1\n|\n|-heal|p1a: Sylveon|300/300 brn|[from] item: Leftovers\n|-damage|p1a: Sylveon|282/300 brn|[from] brn\n|upkeep\n|turn|90\n|j| FloSoup\n|\n|t:|1732220555\n|move|p2a: Articuno|Calm Mind|p2a: Articuno\n|-boost|p2a: Articuno|spa|1\n|-boost|p2a: Articuno|spd|1\n|move|p1a: Sylveon|Calm Mind|p1a: Sylveon\n|-boost|p1a: Sylveon|spa|1\n|-boost|p1a: Sylveon|spd|1\n|\n|-heal|p1a: Sylveon|300/300 brn|[from] item: Leftovers\n|-damage|p1a: Sylveon|282/300 brn|[from] brn\n|upkeep\n|turn|91\n|\n|t:|1732220570\n|move|p1a: Sylveon|Protect|p1a: Sylveon\n|-singleturn|p1a: Sylveon|Protect\n|move|p2a: Articuno|Freezing Glare|p1a: Sylveon\n|-activate|p1a: Sylveon|move: Protect\n|\n|-heal|p1a: Sylveon|300/300 brn|[from] item: Leftovers\n|-damage|p1a: Sylveon|282/300 brn|[from] brn\n|upkeep\n|turn|92\n|\n|t:|1732220580\n|move|p2a: Articuno|Freezing Glare|p1a: Sylveon\n|-damage|p1a: Sylveon|189/300 brn\n|move|p1a: Sylveon|Wish|p1a: Sylveon\n|\n|-heal|p1a: Sylveon|207/300 brn|[from] item: Leftovers\n|-damage|p1a: Sylveon|189/300 brn|[from] brn\n|upkeep\n|turn|93\n|\n|t:|1732220590\n|move|p2a: Articuno|Freezing Glare|p1a: Sylveon\n|-damage|p1a: Sylveon|104/300 brn\n|move|p1a: Sylveon|Hyper Voice|p2a: Articuno\n|-damage|p2a: Articuno|176/288\n|\n|-heal|p1a: Sylveon|254/300 brn|[from] move: Wish|[wisher] Sylveon\n|-heal|p1a: Sylveon|272/300 brn|[from] item: Leftovers\n|-damage|p1a: Sylveon|254/300 brn|[from] brn\n|upkeep\n|turn|94\n|\n|t:|1732220601\n|move|p2a: Articuno|Freezing Glare|p1a: Sylveon\n|-damage|p1a: Sylveon|167/300 brn\n|move|p1a: Sylveon|Hyper Voice|p2a: Articuno\n|-damage|p2a: Articuno|52/288\n|\n|-heal|p1a: Sylveon|185/300 brn|[from] item: Leftovers\n|-damage|p1a: Sylveon|167/300 brn|[from] brn\n|upkeep\n|turn|95\n|\n|t:|1732220604\n|move|p2a: Articuno|Recover|p2a: Articuno\n|-heal|p2a: Articuno|196/288\n|move|p1a: Sylveon|Hyper Voice|p2a: Articuno\n|-damage|p2a: Articuno|82/288\n|\n|-heal|p1a: Sylveon|185/300 brn|[from] item: Leftovers\n|-damage|p1a: Sylveon|167/300 brn|[from] brn\n|upkeep\n|turn|96\n|\n|t:|1732220606\n|move|p2a: Articuno|Recover|p2a: Articuno\n|-heal|p2a: Articuno|226/288\n|move|p1a: Sylveon|Wish|p1a: Sylveon\n|\n|-heal|p1a: Sylveon|185/300 brn|[from] item: Leftovers\n|-damage|p1a: Sylveon|167/300 brn|[from] brn\n|upkeep\n|turn|97\n|\n|t:|1732220610\n|move|p2a: Articuno|Freezing Glare|p1a: Sylveon\n|-damage|p1a: Sylveon|82/300 brn\n|move|p1a: Sylveon|Hyper Voice|p2a: Articuno\n|-damage|p2a: Articuno|117/288\n|\n|-heal|p1a: Sylveon|232/300 brn|[from] move: Wish|[wisher] Sylveon\n|-heal|p1a: Sylveon|250/300 brn|[from] item: Leftovers\n|-damage|p1a: Sylveon|232/300 brn|[from] brn\n|upkeep\n|turn|98\n|\n|t:|1732220613\n|move|p2a: Articuno|Recover|p2a: Articuno\n|-heal|p2a: Articuno|261/288\n|move|p1a: Sylveon|Hyper Voice|p2a: Articuno\n|-damage|p2a: Articuno|144/288\n|\n|-heal|p1a: Sylveon|250/300 brn|[from] item: Leftovers\n|-damage|p1a: Sylveon|232/300 brn|[from] brn\n|upkeep\n|turn|99\n|c|\u2606feechlamanna|gg\n|\n|t:|1732220617\n|move|p2a: Articuno|Recover|p2a: Articuno\n|-heal|p2a: Articuno|288/288\n|move|p1a: Sylveon|Wish|p1a: Sylveon\n|\n|-heal|p1a: Sylveon|250/300 brn|[from] item: Leftovers\n|-damage|p1a: Sylveon|232/300 brn|[from] brn\n|upkeep\n|turn|100\n|c|\u2606king edgy|gg\n|j| Arcaze\n|\n|t:|1732220630\n|move|p2a: Articuno|Hurricane|p1a: Sylveon\n|-damage|p1a: Sylveon|132/300 brn\n|-start|p1a: Sylveon|confusion\n|-activate|p1a: Sylveon|confusion\n|-damage|p1a: Sylveon|113/300 brn|[from] confusion\n|\n|-heal|p1a: Sylveon|263/300 brn|[from] move: Wish|[wisher] Sylveon\n|-heal|p1a: Sylveon|281/300 brn|[from] item: Leftovers\n|-damage|p1a: Sylveon|263/300 brn|[from] brn\n|upkeep\n|turn|101\n|\n|t:|1732220634\n|move|p2a: Articuno|Freezing Glare|p1a: Sylveon\n|-damage|p1a: Sylveon|178/300 brn\n|-end|p1a: Sylveon|confusion\n|move|p1a: Sylveon|Calm Mind|p1a: Sylveon\n|-boost|p1a: Sylveon|spa|0\n|-boost|p1a: Sylveon|spd|0\n|\n|-heal|p1a: Sylveon|196/300 brn|[from] item: Leftovers\n|-damage|p1a: Sylveon|178/300 brn|[from] brn\n|upkeep\n|turn|102\n|c|\u2606feechlamanna|do you know why encore failed that one time on the fallinks\n|\n|t:|1732220645\n|move|p2a: Articuno|Hurricane|p1a: Sylveon\n|-damage|p1a: Sylveon|69/300 brn\n|move|p1a: Sylveon|Calm Mind|p1a: Sylveon\n|-boost|p1a: Sylveon|spa|0\n|-boost|p1a: Sylveon|spd|0\n|\n|-heal|p1a: Sylveon|87/300 brn|[from] item: Leftovers\n|-damage|p1a: Sylveon|69/300 brn|[from] brn\n|upkeep\n|turn|103\n|c|\u2606king edgy|yeah, i was out of PP for no retreat\n|\n|t:|1732220656\n|move|p2a: Articuno|Freezing Glare|p1a: Sylveon\n|-damage|p1a: Sylveon|0 fnt\n|faint|p1a: Sylveon\n|\n|win|king edgy\n|raw|feechlamanna's rating: 2248 &rarr; <strong>2229</strong><br />(-19 for losing)\n|raw|king edgy's rating: 2269 &rarr; <strong>2288</strong><br />(+19 for winning)\n|c|\u2606feechlamanna|i didnt know it worked like that i thought you would just struggle\n|c|\u2606feechlamanna|gg wp\n|c|\u2606king edgy|oh yeah\n|c|\u2606king edgy|gg!\n", "inputlog": ">version baf9aa68cbe18cf25f290680a08c9ad9c5e3e828\n>start {\"formatid\":\"gen9randombattle\",\"seed\":[53751,25949,3955,63546],\"rated\":\"Rated battle\"}\n>player p1 {\"name\":\"feechlamanna\",\"avatar\":\"266\",\"rating\":2232,\"seed\":[9867,51687,2131,44162]}\n>player p2 {\"name\":\"king edgy\",\"avatar\":\"#wcor2024usnortheast\",\"rating\":2264,\"seed\":[18008,50757,3883,30427]}\n>p1 switch 2\n>p2 move stickyweb\n>p1 move stoneaxe\n>p2 switch 5\n>p1 switch 3\n>p2 move willowisp\n>p1 switch 3\n>p2 switch 5\n>p1 move stoneaxe\n>p2 switch 5\n>p2 switch 4\n>p1 switch 5\n>p2 move noretreat\n>p1 move encore\n>p2 move knockoff\n>p1 move lunge\n>p2 move noretreat\n>p1 move thunderwave\n>p2 move noretreat\n>p1 move encore\n>p2 move knockoff\n>p1 move thunderwave\n>p2 move noretreat\n>p1 move thunderwave\n>p2 move noretreat\n>p1 move encore\n>p2 move knockoff\n>p1 move thunderwave\n>p2 move noretreat\n>p1 move thunderwave\n>p2 move noretreat\n>p1 move encore\n>p2 move knockoff\n>p1 move thunderwave\n>p2 move noretreat\n>p1 move thunderwave\n>p2 move noretreat\n>p1 move encore\n>p2 move knockoff\n>p1 move roost\n>p2 move ironhead\n>p1 move roost\n>p2 move ironhead\n>p1 move roost\n>p2 move ironhead\n>p1 move roost\n>p2 move ironhead\n>p1 move roost\n>p2 move ironhead\n>p1 move thunderwave\n>p2 move ironhead\n>p1 move roost\n>p2 move ironhead\n>p1 move roost\n>p2 move ironhead\n>p1 move roost\n>p2 move ironhead\n>p1 switch 2\n>p1 switch 6\n>p2 move closecombat\n>p2 switch 3\n>p1 switch 6\n>p2 move cosmicpower\n>p1 move knockoff\n>p2 move cosmicpower\n>p1 switch 5\n>p2 move cosmicpower\n>p1 move xscissor terastallize\n>p2 move cosmicpower terastallize\n>p1 move closecombat\n>p2 move storedpower\n>p1 switch 4\n>p1 move bodyslam\n>p2 move recover\n>p1 move bodyslam\n>p2 move storedpower\n>p1 move bodyslam\n>p2 move storedpower\n>p1 move bodyslam\n>p2 move storedpower\n>p1 switch 3\n>p1 move calmmind\n>p2 move storedpower\n>p1 move wish\n>p2 move storedpower\n>p1 move protect\n>p2 move cosmicpower\n>p1 move calmmind\n>p2 move cosmicpower\n>p1 move calmmind\n>p2 move dazzlinggleam\n>p1 move wish\n>p2 move storedpower\n>p1 move calmmind\n>p2 move dazzlinggleam\n>p1 move calmmind\n>p2 move storedpower\n>p1 move wish\n>p2 move dazzlinggleam\n>p1 move hypervoice\n>p2 move dazzlinggleam\n>p1 move hypervoice\n>p2 move recover\n>p1 move hypervoice\n>p2 move storedpower\n>p1 move hypervoice\n>p2 move storedpower\n>p1 move wish\n>p2 move recover\n>p1 move protect\n>p2 move dazzlinggleam\n>p1 move hypervoice\n>p2 move storedpower\n>p1 move hypervoice\n>p2 move storedpower\n>p1 move wish\n>p2 move storedpower\n>p1 move hypervoice\n>p2 move cosmicpower\n>p1 move wish\n>p2 move recover\n>p1 move hypervoice\n>p2 move cosmicpower\n>p1 move hypervoice\n>p2 move dazzlinggleam\n>p1 move hypervoice\n>p2 move recover\n>p1 move calmmind\n>p2 move cosmicpower\n>p1 move calmmind\n>p2 move cosmicpower\n>p1 move calmmind\n>p2 move cosmicpower\n>p1 move protect\n>p2 move cosmicpower\n>p1 move calmmind\n>p2 move storedpower\n>p1 move wish\n>p2 move dazzlinggleam\n>p1 move hypervoice\n>p2 move cosmicpower\n>p1 move protect\n>p2 move dazzlinggleam\n>p1 move calmmind\n>p2 move cosmicpower\n>p1 move calmmind\n>p2 move cosmicpower\n>p1 move protect\n>p2 move cosmicpower\n>p1 switch 6\n>p2 move storedpower\n>p1 move futuresight\n>p2 move dazzlinggleam\n>p1 move psychicnoise\n>p2 move dazzlinggleam\n>p1 move surf\n>p2 move dazzlinggleam\n>p1 move futuresight\n>p2 move dazzlinggleam\n>p1 move psychicnoise\n>p2 move storedpower\n>p1 switch 6\n>p1 switch 5\n>p2 move dazzlinggleam\n>p1 move swordsdance\n>p2 move dazzlinggleam\n>p1 move swordsdance\n>p2 move dazzlinggleam\n>p1 move knockoff\n>p2 move dazzlinggleam\n>p1 move knockoff\n>p2 move recover\n>p1 move petalblizzard\n>p2 move recover\n>p1 switch 5\n>p2 switch 6\n>p1 move calmmind\n>p2 move calmmind\n>p1 move calmmind\n>p2 move calmmind\n>p1 move calmmind\n>p2 move calmmind\n>p1 move calmmind\n>p2 move calmmind\n>p1 move calmmind\n>p2 move calmmind\n>p1 move calmmind\n>p2 move calmmind\n>p1 move protect\n>p2 move freezingglare\n>p1 move wish\n>p2 move freezingglare\n>p1 move hypervoice\n>p2 move freezingglare\n>p1 move hypervoice\n>p2 move freezingglare\n>p1 move hypervoice\n>p2 move recover\n>p1 move wish\n>p2 move recover\n>p1 move hypervoice\n>p2 move freezingglare\n>p1 move hypervoice\n>p2 move recover\n>chat \u2606feechlamanna|gg\n>p1 move wish\n>p2 move recover\n>chat \u2606king edgy|gg\n>p1 move calmmind\n>p2 move hurricane\n>p1 move calmmind\n>p2 move freezingglare\n>chat \u2606feechlamanna|do you know why encore failed that one time on the fallinks\n>p1 move calmmind\n>p2 move hurricane\n>chat \u2606king edgy|yeah, i was out of PP for no retreat\n>p1 move calmmind\n>p2 move freezingglare", "uploadtime": 1732220693, "views": 21, "formatid": "gen9randombattle", "rating": 2229, "private": 0, "password": null}