{"id": "gen9randombattle-2145408803", "format": "[Gen 9] Random Battle", "players": ["hammy358", "MichaelderBeste2"], "log": "|badge|p2|gold|gen9randombattle|3-1\n|uhtml|medal-msg|<div class=\"broadcast-blue\">Curious what those medals under the avatar are? PS now has Ladder Seasons! For more information, check out the <a href=\"https://www.smogon.com/forums/threads/3740067/\">thread on Smogon.</a></div>\n|j|\u2606hammy358\n|j|\u2606MichaelderBeste2\n|t:|1718690103\n|gametype|singles\n|player|p1|hammy358|170|2223\n|player|p2|MichaelderBeste2|#splxivclassiest|2453\n|teamsize|p1|6\n|teamsize|p2|6\n|gen|9\n|tier|[Gen 9] Random Battle\n|rated|\n|rule|Species Clause: Limit one of each Pok\u00e9mon\n|rule|HP Percentage Mod: HP is shown in percentages\n|rule|Sleep Clause Mod: Limit one foe put to sleep\n|rule|Illusion Level Mod: Illusion disguises the Pok\u00e9mon's true level\n|\n|t:|1718690103\n|start\n|switch|p1a: Kleavor|Kleavor, L78, M|237/237\n|switch|p2a: Spiritomb|Spiritomb, L90, F|236/236\n|turn|1\n|inactive|Battle timer is ON: inactive players will automatically lose when time's up. (requested by hammy358)\n|inactive|MichaelderBeste2 has 120 seconds left.\n|\n|t:|1718690146\n|move|p1a: Kleavor|Stone Axe|p2a: Spiritomb\n|-crit|p2a: Spiritomb\n|-damage|p2a: Spiritomb|10/236\n|-sidestart|p2: MichaelderBeste2|move: Stealth Rock\n|move|p2a: Spiritomb|Will-O-Wisp|p1a: Kleavor\n|-status|p1a: Kleavor|brn\n|\n|-heal|p2a: Spiritomb|24/236|[from] item: Leftovers\n|-damage|p1a: Kleavor|223/237 brn|[from] brn\n|upkeep\n|turn|2\n|\n|t:|1718690152\n|switch|p2a: Gholdengo|Gholdengo, L77|261/261\n|-damage|p2a: Gholdengo|245/261|[from] Stealth Rock\n|move|p1a: Kleavor|Stone Axe|p2a: Gholdengo\n|-resisted|p2a: Gholdengo\n|-damage|p2a: Gholdengo|199/261\n|\n|-heal|p2a: Gholdengo|215/261|[from] item: Leftovers\n|-damage|p1a: Kleavor|209/237 brn|[from] brn\n|upkeep\n|turn|3\n|\n|t:|1718690156\n|switch|p1a: Spidops|Spidops, L96, M|271/271\n|move|p2a: Gholdengo|Thunder Wave|p1a: Spidops\n|-status|p1a: Spidops|par\n|\n|-heal|p2a: Gholdengo|231/261|[from] item: Leftovers\n|upkeep\n|turn|4\n|\n|t:|1718690161\n|move|p2a: Gholdengo|Shadow Ball|p1a: Spidops\n|-damage|p1a: Spidops|192/271 par\n|-unboost|p1a: Spidops|spd|1\n|move|p1a: Spidops|Sticky Web|p2a: Gholdengo\n|-sidestart|p2: MichaelderBeste2|move: Sticky Web\n|\n|-heal|p2a: Gholdengo|247/261|[from] item: Leftovers\n|upkeep\n|turn|5\n|\n|t:|1718690169\n|move|p2a: Gholdengo|Shadow Ball|p1a: Spidops\n|-damage|p1a: Spidops|65/271 par\n|move|p1a: Spidops|Knock Off|p2a: Gholdengo\n|-supereffective|p2a: Gholdengo\n|-damage|p2a: Gholdengo|95/261\n|-enditem|p2a: Gholdengo|Leftovers|[from] move: Knock Off|[of] p1a: Spidops\n|\n|upkeep\n|turn|6\n|\n|t:|1718690180\n|move|p2a: Gholdengo|Recover|p2a: Gholdengo\n|-heal|p2a: Gholdengo|226/261\n|move|p1a: Spidops|Knock Off|p2a: Gholdengo\n|-supereffective|p2a: Gholdengo\n|-damage|p2a: Gholdengo|128/261\n|\n|upkeep\n|turn|7\n|\n|t:|1718690182\n|move|p2a: Gholdengo|Recover|p2a: Gholdengo\n|-heal|p2a: Gholdengo|259/261\n|move|p1a: Spidops|Spikes|p2a: Gholdengo\n|-sidestart|p2: MichaelderBeste2|Spikes\n|\n|upkeep\n|turn|8\n|\n|t:|1718690184\n|move|p2a: Gholdengo|Shadow Ball|p1a: Spidops\n|-damage|p1a: Spidops|0 fnt\n|faint|p1a: Spidops\n|\n|upkeep\n|\n|t:|1718690188\n|switch|p1a: Porygon2|Porygon2, L82|274/274\n|-ability|p1a: Porygon2|Download|boost\n|-boost|p1a: Porygon2|spa|1\n|turn|9\n|\n|t:|1718690193\n|move|p2a: Gholdengo|Thunder Wave|p1a: Porygon2\n|-status|p1a: Porygon2|par\n|cant|p1a: Porygon2|par\n|\n|upkeep\n|turn|10\n|\n|t:|1718690198\n|switch|p2a: Spiritomb|Spiritomb, L90, F|24/236\n|-damage|p2a: Spiritomb|0 fnt|[from] Stealth Rock\n|-activate|p2a: Spiritomb|move: Sticky Web\n|faint|p2a: Spiritomb\n|move|p1a: Porygon2|Discharge|p2: Spiritomb|[notarget]\n|-fail|p1a: Porygon2\n|\n|upkeep\n|\n|t:|1718690200\n|switch|p2a: Regieleki|Regieleki, L78|253/253\n|-damage|p2a: Regieleki|222/253|[from] Stealth Rock\n|-activate|p2a: Regieleki|move: Sticky Web\n|-unboost|p2a: Regieleki|spe|1\n|-damage|p2a: Regieleki|191/253|[from] Spikes\n|turn|11\n|\n|t:|1718690206\n|switch|p1a: Spectrier|Spectrier, L75|274/274\n|move|p2a: Regieleki|Rapid Spin|p1a: Spectrier\n|-immune|p1a: Spectrier\n|\n|upkeep\n|turn|12\n|\n|t:|1718690212\n|move|p1a: Spectrier|Shadow Ball|p2a: Regieleki\n|-damage|p2a: Regieleki|47/253\n|move|p2a: Regieleki|Thunderbolt|p1a: Spectrier\n|-damage|p1a: Spectrier|111/274\n|\n|-heal|p1a: Spectrier|128/274|[from] item: Leftovers\n|upkeep\n|turn|13\n|\n|t:|1718690218\n|move|p1a: Spectrier|Shadow Ball|p2a: Regieleki\n|-damage|p2a: Regieleki|0 fnt\n|faint|p2a: Regieleki\n|-ability|p1a: Spectrier|Grim Neigh|boost\n|-boost|p1a: Spectrier|spa|1\n|\n|-heal|p1a: Spectrier|145/274|[from] item: Leftovers\n|upkeep\n|\n|t:|1718690223\n|switch|p2a: Kyogre|Kyogre, L71|259/259\n|-damage|p2a: Kyogre|227/259|[from] Stealth Rock\n|-activate|p2a: Kyogre|move: Sticky Web\n|-unboost|p2a: Kyogre|spe|1\n|-damage|p2a: Kyogre|195/259|[from] Spikes\n|-weather|RainDance|[from] ability: Drizzle|[of] p2a: Kyogre\n|turn|14\n|inactive|hammy358 has 120 seconds left.\n|j| phoenixazure21\n|\n|t:|1718690268\n|switch|p1a: Bellossom|Bellossom, L84, M|263/263\n|move|p2a: Kyogre|Origin Pulse|p1a: Bellossom\n|-resisted|p1a: Bellossom\n|-damage|p1a: Bellossom|188/263\n|\n|-weather|RainDance|[upkeep]\n|-heal|p1a: Bellossom|204/263|[from] item: Leftovers\n|upkeep\n|turn|15\n|\n|t:|1718690288\n|switch|p2a: Ogerpon|Ogerpon-Hearthflame, L74, F|239/239\n|-damage|p2a: Ogerpon|180/239|[from] Stealth Rock\n|-activate|p2a: Ogerpon|move: Sticky Web\n|-unboost|p2a: Ogerpon|spe|1\n|-damage|p2a: Ogerpon|151/239|[from] Spikes\n|-ability|p2a: Ogerpon|Mold Breaker\n|move|p1a: Bellossom|Quiver Dance|p1a: Bellossom\n|-boost|p1a: Bellossom|spa|1\n|-boost|p1a: Bellossom|spd|1\n|-boost|p1a: Bellossom|spe|1\n|\n|-weather|RainDance|[upkeep]\n|-heal|p1a: Bellossom|220/263|[from] item: Leftovers\n|upkeep\n|turn|16\n|inactive|hammy358 has 120 seconds left.\n|\n|t:|1718690295\n|move|p1a: Bellossom|Giga Drain|p2a: Ogerpon\n|-resisted|p2a: Ogerpon\n|-damage|p2a: Ogerpon|121/239\n|-heal|p1a: Bellossom|235/263|[from] drain|[of] p2a: Ogerpon\n|move|p2a: Ogerpon|Swords Dance|p2a: Ogerpon\n|-boost|p2a: Ogerpon|atk|2\n|\n|-weather|RainDance|[upkeep]\n|-heal|p1a: Bellossom|251/263|[from] item: Leftovers\n|upkeep\n|turn|17\n|\n|t:|1718690300\n|switch|p1a: Kleavor|Kleavor, L78, M|209/237 brn\n|move|p2a: Ogerpon|Knock Off|p1a: Kleavor\n|-damage|p1a: Kleavor|43/237 brn\n|-enditem|p1a: Kleavor|Choice Band|[from] move: Knock Off|[of] p2a: Ogerpon\n|\n|-weather|RainDance|[upkeep]\n|-damage|p1a: Kleavor|29/237 brn|[from] brn\n|upkeep\n|turn|18\n|\n|t:|1718690307\n|switch|p2a: Gholdengo|Gholdengo, L77|259/261\n|-damage|p2a: Gholdengo|243/261|[from] Stealth Rock\n|-activate|p2a: Gholdengo|move: Sticky Web\n|-unboost|p2a: Gholdengo|spe|1\n|-damage|p2a: Gholdengo|211/261|[from] Spikes\n|move|p1a: Kleavor|X-Scissor|p2a: Gholdengo\n|-resisted|p2a: Gholdengo\n|-damage|p2a: Gholdengo|193/261\n|\n|-weather|none\n|-damage|p1a: Kleavor|15/237 brn|[from] brn\n|upkeep\n|turn|19\n|\n|t:|1718690311\n|move|p1a: Kleavor|X-Scissor|p2a: Gholdengo\n|-resisted|p2a: Gholdengo\n|-damage|p2a: Gholdengo|175/261\n|move|p2a: Gholdengo|Recover|p2a: Gholdengo\n|-heal|p2a: Gholdengo|261/261\n|\n|-damage|p1a: Kleavor|1/237 brn|[from] brn\n|upkeep\n|turn|20\n|\n|t:|1718690316\n|move|p1a: Kleavor|X-Scissor|p2a: Gholdengo\n|-resisted|p2a: Gholdengo\n|-damage|p2a: Gholdengo|244/261\n|move|p2a: Gholdengo|Shadow Ball|p1a: Kleavor\n|-crit|p1a: Kleavor\n|-damage|p1a: Kleavor|0 fnt\n|faint|p1a: Kleavor\n|\n|upkeep\n|\n|t:|1718690324\n|switch|p1a: Porygon2|Porygon2, L82|274/274 par\n|-ability|p1a: Porygon2|Download|boost\n|-boost|p1a: Porygon2|spa|1\n|turn|21\n|\n|t:|1718690331\n|switch|p2a: Kyogre|Kyogre, L71|195/259\n|-damage|p2a: Kyogre|163/259|[from] Stealth Rock\n|-activate|p2a: Kyogre|move: Sticky Web\n|-unboost|p2a: Kyogre|spe|1\n|-damage|p2a: Kyogre|131/259|[from] Spikes\n|-weather|RainDance|[from] ability: Drizzle|[of] p2a: Kyogre\n|move|p1a: Porygon2|Discharge|p2a: Kyogre\n|-supereffective|p2a: Kyogre\n|-damage|p2a: Kyogre|0 fnt\n|faint|p2a: Kyogre\n|\n|-weather|RainDance|[upkeep]\n|upkeep\n|\n|t:|1718690333\n|switch|p2a: Lapras|Lapras, L88, F|371/371\n|-damage|p2a: Lapras|279/371|[from] Stealth Rock\n|-activate|p2a: Lapras|move: Sticky Web\n|-unboost|p2a: Lapras|spe|1\n|-damage|p2a: Lapras|233/371|[from] Spikes\n|turn|22\n|\n|t:|1718690338\n|move|p2a: Lapras|Hydro Pump|p1a: Porygon2\n|-damage|p1a: Porygon2|103/274 par\n|move|p1a: Porygon2|Ice Beam|p2a: Lapras\n|-resisted|p2a: Lapras\n|-damage|p2a: Lapras|214/371\n|\n|-weather|RainDance|[upkeep]\n|upkeep\n|turn|23\n|\n|t:|1718690344\n|switch|p1a: Bellossom|Bellossom, L84, M|251/263\n|move|p2a: Lapras|Hydro Pump|p1a: Bellossom|[miss]\n|-miss|p2a: Lapras|p1a: Bellossom\n|\n|-weather|RainDance|[upkeep]\n|-heal|p1a: Bellossom|263/263|[from] item: Leftovers\n|upkeep\n|turn|24\n|\n|t:|1718690349\n|switch|p2a: Gholdengo|Gholdengo, L77|244/261\n|-damage|p2a: Gholdengo|228/261|[from] Stealth Rock\n|-activate|p2a: Gholdengo|move: Sticky Web\n|-unboost|p2a: Gholdengo|spe|1\n|-damage|p2a: Gholdengo|196/261|[from] Spikes\n|move|p1a: Bellossom|Quiver Dance|p1a: Bellossom\n|-boost|p1a: Bellossom|spa|1\n|-boost|p1a: Bellossom|spd|1\n|-boost|p1a: Bellossom|spe|1\n|\n|-weather|RainDance|[upkeep]\n|upkeep\n|turn|25\n|\n|t:|1718690353\n|move|p1a: Bellossom|Quiver Dance|p1a: Bellossom\n|-boost|p1a: Bellossom|spa|1\n|-boost|p1a: Bellossom|spd|1\n|-boost|p1a: Bellossom|spe|1\n|move|p2a: Gholdengo|Thunder Wave|p1a: Bellossom\n|-status|p1a: Bellossom|par\n|\n|-weather|none\n|upkeep\n|turn|26\n|\n|t:|1718690357\n|switch|p2a: Ogerpon|Ogerpon-Hearthflame, L74, F|121/239\n|-damage|p2a: Ogerpon|62/239|[from] Stealth Rock\n|-activate|p2a: Ogerpon|move: Sticky Web\n|-unboost|p2a: Ogerpon|spe|1\n|-damage|p2a: Ogerpon|33/239|[from] Spikes\n|-ability|p2a: Ogerpon|Mold Breaker\n|move|p1a: Bellossom|Quiver Dance|p1a: Bellossom\n|-boost|p1a: Bellossom|spa|1\n|-boost|p1a: Bellossom|spd|1\n|-boost|p1a: Bellossom|spe|1\n|\n|upkeep\n|turn|27\n|\n|t:|1718690359\n|move|p1a: Bellossom|Giga Drain|p2a: Ogerpon\n|-resisted|p2a: Ogerpon\n|-damage|p2a: Ogerpon|0 fnt\n|faint|p2a: Ogerpon\n|\n|upkeep\n|\n|t:|1718690360\n|switch|p2a: Gholdengo|Gholdengo, L77|196/261\n|-damage|p2a: Gholdengo|180/261|[from] Stealth Rock\n|-activate|p2a: Gholdengo|move: Sticky Web\n|-unboost|p2a: Gholdengo|spe|1\n|-damage|p2a: Gholdengo|148/261|[from] Spikes\n|turn|28\n|\n|t:|1718690363\n|cant|p1a: Bellossom|par\n|move|p2a: Gholdengo|Shadow Ball|p1a: Bellossom\n|-damage|p1a: Bellossom|232/263 par\n|-unboost|p1a: Bellossom|spd|1\n|\n|-heal|p1a: Bellossom|248/263 par|[from] item: Leftovers\n|upkeep\n|turn|29\n|\n|t:|1718690367\n|move|p1a: Bellossom|Quiver Dance|p1a: Bellossom\n|-boost|p1a: Bellossom|spa|1\n|-boost|p1a: Bellossom|spd|1\n|-boost|p1a: Bellossom|spe|1\n|move|p2a: Gholdengo|Shadow Ball|p1a: Bellossom\n|-damage|p1a: Bellossom|217/263 par\n|\n|-heal|p1a: Bellossom|233/263 par|[from] item: Leftovers\n|upkeep\n|turn|30\n|\n|t:|1718690369\n|move|p1a: Bellossom|Giga Drain|p2a: Gholdengo\n|-resisted|p2a: Gholdengo\n|-damage|p2a: Gholdengo|32/261\n|-heal|p1a: Bellossom|263/263 par|[from] drain|[of] p2a: Gholdengo\n|move|p2a: Gholdengo|Shadow Ball|p1a: Bellossom\n|-damage|p1a: Bellossom|232/263 par\n|\n|-heal|p1a: Bellossom|248/263 par|[from] item: Leftovers\n|upkeep\n|turn|31\n|-message|MichaelderBeste2 forfeited.\n|\n|win|hammy358\n|raw|hammy358's rating: 2205 &rarr; <strong>2238</strong><br />(+33 for winning)\n|raw|MichaelderBeste2's rating: 2464 &rarr; <strong>2431</strong><br />(-33 for losing)\n|l|\u2606MichaelderBeste2\n|player|p2|\n", "inputlog": ">version 8819e60f9a01cede7471b534a2fb53a3a85674fc\n>start {\"formatid\":\"gen9randombattle\",\"seed\":[23132,54003,35645,10296],\"rated\":\"Rated battle\"}\n>player p1 {\"name\":\"hammy358\",\"avatar\":\"170\",\"rating\":2223,\"seed\":[27300,14798,24431,59532]}\n>player p2 {\"name\":\"MichaelderBeste2\",\"avatar\":\"#splxivclassiest\",\"rating\":2453,\"seed\":[36476,32928,39722,43447]}\n>p1 move stoneaxe\n>p2 move willowisp\n>p1 move stoneaxe\n>p2 switch 6\n>p1 switch 6\n>p2 move thunderwave\n>p1 move stickyweb\n>p2 move shadowball\n>p1 move knockoff\n>p2 move shadowball\n>p1 move knockoff\n>p2 move recover\n>p1 move spikes\n>p2 move recover\n>p1 move spikes\n>p2 move shadowball\n>p1 switch 5\n>p1 move discharge\n>p2 move thunderwave\n>p1 move discharge\n>p2 switch 6\n>p2 switch 3\n>p1 switch 2\n>p2 move rapidspin\n>p1 move shadowball\n>p2 move thunderbolt\n>p1 move shadowball\n>p2 move thunderbolt\n>p2 switch 5\n>p1 switch 3\n>p2 move originpulse\n>p1 move quiverdance\n>p2 switch 2\n>p1 move gigadrain\n>p2 move swordsdance\n>p1 switch 6\n>p2 move knockoff\n>p1 move xscissor\n>p2 switch 6\n>p1 move xscissor\n>p2 move recover\n>p1 move xscissor\n>p2 move shadowball\n>p1 switch 2\n>p1 move discharge\n>p2 switch 2\n>p2 switch 4\n>p1 move icebeam\n>p2 move hydropump\n>p1 switch 6\n>p2 move hydropump\n>p1 move quiverdance\n>p2 switch 2\n>p1 move quiverdance\n>p2 move thunderwave\n>p1 move quiverdance\n>p2 switch 6\n>p1 move gigadrain\n>p2 move ivycudgel\n>p2 switch 6\n>p1 move gigadrain\n>p2 move shadowball\n>p1 move quiverdance\n>p2 move shadowball\n>p1 move gigadrain\n>p2 move shadowball\n>forcelose p2", "uploadtime": 1718690381, "views": 240, "formatid": "gen9randombattle", "rating": 2238, "private": 0, "password": null}