{"id": "gen9randombattle-2260601784", "format": "[Gen 9] Random Battle", "players": ["Gastero", "SteenJennings"], "log": "|j|\u2606Gastero\n|j|\u203dSteenJennings\n|t:|1733868035\n|gametype|singles\n|player|p1|Gastero|marnie|1438\n|player|p2|SteenJennings|169|1483\n|teamsize|p1|6\n|teamsize|p2|6\n|gen|9\n|tier|[Gen 9] Random Battle\n|rated|\n|rule|Species Clause: Limit one of each Pok\u00e9mon\n|rule|HP Percentage Mod: HP is shown in percentages\n|rule|Sleep Clause Mod: Limit one foe put to sleep\n|rule|Illusion Level Mod: Illusion disguises the Pok\u00e9mon's true level\n|\n|t:|1733868035\n|start\n|switch|p1a: Ninetales|Ninetales-Alola, L78, M|242/242\n|switch|p2a: Iron Thorns|Iron Thorns, L83|302/302\n|-weather|Snow|[from] ability: Snow Warning|[of] p1a: Ninetales\n|-item|p2a: Iron Thorns|Air Balloon\n|turn|1\n|\n|t:|1733868058\n|move|p1a: Ninetales|Blizzard|p2a: Iron Thorns\n|-damage|p2a: Iron Thorns|214/302\n|-enditem|p2a: Iron Thorns|Air Balloon\n|move|p2a: Iron Thorns|Stone Edge|p1a: Ninetales|[miss]\n|-miss|p2a: Iron Thorns|p1a: Ninetales\n|\n|-weather|Snow|[upkeep]\n|upkeep\n|turn|2\n|\n|t:|1733868070\n|-terastallize|p1a: Ninetales|Steel\n|move|p1a: Ninetales|Aurora Veil|p1a: Ninetales\n|-sidestart|p1: Gastero|move: Aurora Veil\n|move|p2a: Iron Thorns|Wild Charge|p1a: Ninetales\n|-damage|p1a: Ninetales|167/242\n|-damage|p2a: Iron Thorns|195/302|[from] Recoil\n|\n|-weather|Snow|[upkeep]\n|upkeep\n|turn|3\n|\n|t:|1733868076\n|move|p1a: Ninetales|Moonblast|p2a: Iron Thorns\n|-damage|p2a: Iron Thorns|114/302\n|move|p2a: Iron Thorns|Earthquake|p1a: Ninetales\n|-supereffective|p1a: Ninetales\n|-damage|p1a: Ninetales|54/242\n|\n|-weather|Snow|[upkeep]\n|upkeep\n|turn|4\n|\n|t:|1733868082\n|move|p1a: Ninetales|Blizzard|p2a: Iron Thorns\n|-damage|p2a: Iron Thorns|26/302\n|move|p2a: Iron Thorns|Wild Charge|p1a: Ninetales\n|-damage|p1a: Ninetales|0 fnt\n|faint|p1a: Ninetales\n|-damage|p2a: Iron Thorns|12/302|[from] Recoil\n|\n|-weather|Snow|[upkeep]\n|upkeep\n|\n|t:|1733868094\n|switch|p1a: Vespiquen|Vespiquen, L98, F|296/296\n|-ability|p1a: Vespiquen|Pressure\n|turn|5\n|\n|t:|1733868100\n|move|p2a: Iron Thorns|Stone Edge|p1a: Vespiquen|[miss]\n|-miss|p2a: Iron Thorns|p1a: Vespiquen\n|move|p1a: Vespiquen|Toxic Spikes|p2a: Iron Thorns\n|-sidestart|p2: SteenJennings|move: Toxic Spikes\n|\n|-weather|none\n|upkeep\n|turn|6\n|\n|t:|1733868106\n|move|p2a: Iron Thorns|Stone Edge|p1a: Vespiquen\n|-supereffective|p1a: Vespiquen\n|-damage|p1a: Vespiquen|92/296\n|move|p1a: Vespiquen|Roost|p1a: Vespiquen\n|-heal|p1a: Vespiquen|240/296\n|-singleturn|p1a: Vespiquen|move: Roost\n|\n|upkeep\n|turn|7\n|\n|t:|1733868123\n|move|p2a: Iron Thorns|Stone Edge|p1a: Vespiquen\n|-supereffective|p1a: Vespiquen\n|-damage|p1a: Vespiquen|34/296\n|move|p1a: Vespiquen|U-turn|p2a: Iron Thorns\n|-damage|p2a: Iron Thorns|0 fnt\n|faint|p2a: Iron Thorns\n|-end|p2a: Iron Thorns|Quark Drive|[silent]\n|\n|t:|1733868128\n|switch|p1a: Goodra|Goodra, L85, F|292/292|[from] U-turn\n|\n|upkeep\n|\n|t:|1733868145\n|switch|p2a: Swanna|Swanna, L88, M|275/275\n|turn|8\n|\n|t:|1733868151\n|move|p2a: Swanna|Defog|p1a: Goodra\n|-unboost|p1a: Goodra|evasion|1\n|-sideend|p1: Gastero|move: Aurora Veil\n|-sideend|p2: SteenJennings|Toxic Spikes|[from] move: Defog|[of] p2a: Swanna\n|move|p1a: Goodra|Dragon Tail|p2a: Swanna\n|-damage|p2a: Swanna|188/275\n|drag|p2a: Piloswine|Piloswine, L85, F|309/309\n|\n|upkeep\n|turn|9\n|\n|t:|1733868159\n|move|p2a: Piloswine|Icicle Crash|p1a: Goodra\n|-supereffective|p1a: Goodra\n|-damage|p1a: Goodra|64/292\n|cant|p1a: Goodra|flinch\n|\n|upkeep\n|turn|10\n|\n|t:|1733868180\n|move|p2a: Piloswine|Ice Shard|p1a: Goodra\n|-supereffective|p1a: Goodra\n|-damage|p1a: Goodra|0 fnt\n|faint|p1a: Goodra\n|\n|upkeep\n|\n|t:|1733868193\n|switch|p1a: Rampardos|Rampardos, L90, M|321/321\n|turn|11\n|\n|t:|1733868202\n|move|p1a: Rampardos|Rock Slide|p2a: Piloswine\n|-damage|p2a: Piloswine|188/309\n|move|p2a: Piloswine|Earthquake|p1a: Rampardos\n|-supereffective|p1a: Rampardos\n|-damage|p1a: Rampardos|39/321\n|\n|upkeep\n|turn|12\n|\n|t:|1733868209\n|move|p2a: Piloswine|Ice Shard|p1a: Rampardos\n|-damage|p1a: Rampardos|0 fnt\n|faint|p1a: Rampardos\n|\n|upkeep\n|\n|t:|1733868214\n|switch|p1a: Vespiquen|Vespiquen, L98, F|34/296\n|-ability|p1a: Vespiquen|Pressure\n|turn|13\n|\n|t:|1733868218\n|move|p2a: Piloswine|Ice Shard|p1a: Vespiquen\n|-supereffective|p1a: Vespiquen\n|-damage|p1a: Vespiquen|0 fnt\n|faint|p1a: Vespiquen\n|\n|upkeep\n|\n|t:|1733868221\n|switch|p1a: Altaria|Altaria, L88, M|275/275\n|turn|14\n|\n|t:|1733868230\n|move|p2a: Piloswine|Ice Shard|p1a: Altaria\n|-supereffective|p1a: Altaria\n|-damage|p1a: Altaria|115/275\n|move|p1a: Altaria|Earthquake|p2a: Piloswine\n|-damage|p2a: Piloswine|145/309\n|\n|upkeep\n|turn|15\n|\n|t:|1733868237\n|move|p2a: Piloswine|Ice Shard|p1a: Altaria\n|-supereffective|p1a: Altaria\n|-crit|p1a: Altaria\n|-damage|p1a: Altaria|0 fnt\n|faint|p1a: Altaria\n|\n|upkeep\n|\n|t:|1733868239\n|switch|p1a: Kingambit|Kingambit, L74, F|270/270\n|-activate|p1a: Kingambit|ability: Supreme Overlord\n|-start|p1a: Kingambit|fallen5|[silent]\n|turn|16\n|\n|t:|1733868245\n|move|p2a: Piloswine|Earthquake|p1a: Kingambit\n|-supereffective|p1a: Kingambit\n|-damage|p1a: Kingambit|52/270\n|move|p1a: Kingambit|Iron Head|p2a: Piloswine\n|-supereffective|p2a: Piloswine\n|-damage|p2a: Piloswine|0 fnt\n|faint|p2a: Piloswine\n|\n|-heal|p1a: Kingambit|68/270|[from] item: Leftovers\n|upkeep\n|\n|t:|1733868268\n|switch|p2a: Sandy Shocks|Sandy Shocks, L80|267/267\n|turn|17\n|inactive|Battle timer is ON: inactive players will automatically lose when time's up. (requested by SteenJennings)\n|inactive|Gastero has 120 seconds left.\n|c|\u2606Gastero|didnt see that fat ass japanese general was slower than a fckin mammoth in teenage crisis\n|\n|t:|1733868321\n|move|p1a: Kingambit|Sucker Punch|p2a: Sandy Shocks\n|-damage|p2a: Sandy Shocks|156/267\n|move|p2a: Sandy Shocks|Earth Power|p1a: Kingambit\n|-supereffective|p1a: Kingambit\n|-damage|p1a: Kingambit|0 fnt\n|faint|p1a: Kingambit\n|-end|p1a: Kingambit|fallen5|[silent]\n|\n|win|SteenJennings\n", "inputlog": ">version bfd83cad13791eb5a5a409923076391caf6fb4d4\n>start {\"formatid\":\"gen9randombattle\",\"seed\":[64923,48487,23108,52367],\"rated\":\"Rated battle\"}\n>player p1 {\"name\":\"Gastero\",\"avatar\":\"marnie\",\"rating\":1438,\"seed\":[233,22254,24181,39523]}\n>player p2 {\"name\":\"SteenJennings\",\"avatar\":\"169\",\"rating\":1483,\"seed\":[50993,17785,58391,50162]}\n>p1 move blizzard\n>p2 move stoneedge\n>p1 move auroraveil terastallize\n>p2 move wildcharge\n>p1 move moonblast\n>p2 move earthquake\n>p1 move blizzard\n>p2 move wildcharge\n>p1 switch 4\n>p1 move toxicspikes\n>p2 move stoneedge\n>p1 move roost\n>p2 move stoneedge\n>p1 move uturn\n>p2 move stoneedge\n>p1 switch 6\n>p2 switch 6\n>p1 move dragontail\n>p2 move defog\n>p1 move dragontail\n>p2 move iciclecrash\n>p1 move dracometeor\n>p2 move iceshard\n>p1 switch 2\n>p1 move rockslide\n>p2 move earthquake\n>p1 move rockslide\n>p2 move iceshard\n>p1 switch 6\n>p1 move roost\n>p2 move iceshard\n>p1 switch 5\n>p1 move earthquake\n>p2 move iceshard\n>p1 move earthquake\n>p2 move iceshard\n>p1 switch 3\n>p1 move ironhead\n>p2 move earthquake\n>p2 switch 2\n>chat \u2606Gastero|didnt see that fat ass japanese general was slower than a fckin mammoth in teenage crisis\n>p1 move suckerpunch\n>p2 move earthpower", "uploadtime": 1733868317, "views": 1, "formatid": "gen9randombattle", "rating": null, "private": 0, "password": null}