{"id": "gen9randombattle-2260692779", "format": "[Gen 9] Random Battle", "players": ["Bbaklal", "pro_simulator_"], "log": "|j|\u2606Bbaklal\n|j|\u2606pro_simulator_\n|t:|1733879188\n|gametype|singles\n|player|p1|Bbaklal|102|1111\n|player|p2|pro_simulator_|koga|1100\n|teamsize|p1|6\n|teamsize|p2|6\n|gen|9\n|tier|[Gen 9] Random Battle\n|rated|\n|rule|Species Clause: Limit one of each Pok\u00e9mon\n|rule|HP Percentage Mod: HP is shown in percentages\n|rule|Sleep Clause Mod: Limit one foe put to sleep\n|rule|Illusion Level Mod: Illusion disguises the Pok\u00e9mon's true level\n|\n|t:|1733879188\n|start\n|switch|p1a: Grimmsnarl|Grimmsnarl, L83, M|293/293\n|switch|p2a: Slowking|Slowking, L88, F|310/310\n|turn|1\n|inactive|Battle timer is ON: inactive players will automatically lose when time's up. (requested by pro_simulator_)\n|\n|t:|1733879210\n|move|p1a: Grimmsnarl|Parting Shot|p2a: Slowking\n|-unboost|p2a: Slowking|atk|1\n|-unboost|p2a: Slowking|spa|1\n|\n|t:|1733879223\n|switch|p1a: Cinccino|Cinccino, L83, M|260/260|[from] Parting Shot\n|move|p2a: Slowking|Chilly Reception|p2a: Slowking\n|-weather|Snow\n|\n|t:|1733879230\n|switch|p2a: Hitmonchan|Hitmonchan, L87, M|229/229|[from] Chilly Reception\n|\n|-weather|Snow|[upkeep]\n|upkeep\n|turn|2\n|\n|t:|1733879238\n|switch|p1a: Typhlosion|Typhlosion-Hisui, L83, M|257/257\n|move|p2a: Hitmonchan|Knock Off|p1a: Typhlosion\n|-supereffective|p1a: Typhlosion\n|-damage|p1a: Typhlosion|99/257\n|-enditem|p1a: Typhlosion|Heavy-Duty Boots|[from] move: Knock Off|[of] p2a: Hitmonchan\n|\n|-weather|Snow|[upkeep]\n|upkeep\n|turn|3\n|\n|t:|1733879250\n|move|p1a: Typhlosion|Will-O-Wisp|p2a: Hitmonchan\n|-status|p2a: Hitmonchan|brn\n|move|p2a: Hitmonchan|Knock Off|p1a: Typhlosion\n|-supereffective|p1a: Typhlosion\n|-damage|p1a: Typhlosion|36/257\n|\n|-weather|Snow|[upkeep]\n|-damage|p2a: Hitmonchan|215/229 brn|[from] brn\n|upkeep\n|turn|4\n|\n|t:|1733879261\n|move|p1a: Typhlosion|Fire Blast|p2a: Hitmonchan\n|-damage|p2a: Hitmonchan|55/229 brn\n|move|p2a: Hitmonchan|Knock Off|p1a: Typhlosion\n|-supereffective|p1a: Typhlosion\n|-damage|p1a: Typhlosion|0 fnt\n|faint|p1a: Typhlosion\n|\n|-weather|Snow|[upkeep]\n|-heal|p2a: Hitmonchan|69/229 brn|[from] item: Leftovers\n|-damage|p2a: Hitmonchan|55/229 brn|[from] brn\n|upkeep\n|\n|t:|1733879270\n|switch|p1a: Houndoom|Houndoom, L87, F|272/272\n|turn|5\n|\n|t:|1733879279\n|switch|p1a: Spectrier|Spectrier, L75|274/274\n|move|p2a: Hitmonchan|Drain Punch|p1a: Spectrier\n|-immune|p1a: Spectrier\n|\n|-weather|none\n|-heal|p2a: Hitmonchan|69/229 brn|[from] item: Leftovers\n|-damage|p2a: Hitmonchan|55/229 brn|[from] brn\n|upkeep\n|turn|6\n|\n|t:|1733879292\n|move|p1a: Spectrier|Draining Kiss|p2a: Hitmonchan\n|-supereffective|p2a: Hitmonchan\n|-damage|p2a: Hitmonchan|0 fnt\n|faint|p2a: Hitmonchan\n|-ability|p1a: Spectrier|Grim Neigh|boost\n|-boost|p1a: Spectrier|spa|1\n|-damage|p1a: Spectrier|247/274|[from] item: Life Orb\n|\n|upkeep\n|\n|t:|1733879309\n|switch|p2a: Blissey|Blissey, L84, F|566/566\n|turn|7\n|\n|t:|1733879322\n|move|p1a: Spectrier|Nasty Plot|p1a: Spectrier\n|-boost|p1a: Spectrier|spa|2\n|move|p2a: Blissey|Thunder Wave|p1a: Spectrier\n|-status|p1a: Spectrier|par\n|\n|upkeep\n|turn|8\n|\n|t:|1733879337\n|switch|p2a: Comfey|Comfey, L85, M|225/225\n|move|p1a: Spectrier|Will-O-Wisp|p2a: Comfey\n|-status|p2a: Comfey|brn\n|\n|-damage|p2a: Comfey|211/225 brn|[from] brn\n|upkeep\n|turn|9\n|\n|t:|1733879361\n|move|p2a: Comfey|Calm Mind|p2a: Comfey\n|-boost|p2a: Comfey|spa|1\n|-boost|p2a: Comfey|spd|1\n|move|p1a: Spectrier|Shadow Ball|p2a: Comfey\n|-damage|p2a: Comfey|30/225 brn\n|-unboost|p2a: Comfey|spd|1\n|-damage|p1a: Spectrier|220/274 par|[from] item: Life Orb\n|\n|-heal|p2a: Comfey|44/225 brn|[from] item: Leftovers\n|-damage|p2a: Comfey|30/225 brn|[from] brn\n|upkeep\n|turn|10\n|\n|t:|1733879372\n|move|p2a: Comfey|Draining Kiss|p1a: Spectrier\n|-damage|p1a: Spectrier|132/274 par\n|-heal|p2a: Comfey|96/225 brn|[from] drain|[of] p1a: Spectrier\n|move|p1a: Spectrier|Shadow Ball|p2a: Comfey\n|-damage|p2a: Comfey|0 fnt\n|faint|p2a: Comfey\n|-ability|p1a: Spectrier|Grim Neigh|boost\n|-boost|p1a: Spectrier|spa|1\n|-damage|p1a: Spectrier|105/274 par|[from] item: Life Orb\n|\n|upkeep\n|\n|t:|1733879382\n|switch|p2a: Gholdengo|Gholdengo, L77|261/261\n|turn|11\n|\n|t:|1733879399\n|switch|p1a: Indeedee|Indeedee-F, L90, F|272/272\n|-fieldstart|move: Psychic Terrain|[from] ability: Psychic Surge|[of] p1a: Indeedee\n|move|p2a: Gholdengo|Shadow Ball|p1a: Indeedee\n|-immune|p1a: Indeedee\n|\n|upkeep\n|turn|12\n|\n|t:|1733879419\n|move|p1a: Indeedee|Calm Mind|p1a: Indeedee\n|-boost|p1a: Indeedee|spa|1\n|-boost|p1a: Indeedee|spd|1\n|move|p2a: Gholdengo|Nasty Plot|p2a: Gholdengo\n|-boost|p2a: Gholdengo|spa|2\n|\n|upkeep\n|turn|13\n|\n|t:|1733879430\n|move|p1a: Indeedee|Calm Mind|p1a: Indeedee\n|-boost|p1a: Indeedee|spa|1\n|-boost|p1a: Indeedee|spd|1\n|move|p2a: Gholdengo|Nasty Plot|p2a: Gholdengo\n|-boost|p2a: Gholdengo|spa|2\n|\n|upkeep\n|turn|14\n|\n|t:|1733879436\n|move|p1a: Indeedee|Calm Mind|p1a: Indeedee\n|-boost|p1a: Indeedee|spa|1\n|-boost|p1a: Indeedee|spd|1\n|move|p2a: Gholdengo|Make It Rain|p1a: Indeedee\n|-damage|p1a: Indeedee|148/272\n|-unboost|p2a: Gholdengo|spa|1\n|\n|upkeep\n|turn|15\n|\n|t:|1733879447\n|switch|p2a: Blissey|Blissey, L84, F|566/566\n|move|p1a: Indeedee|Calm Mind|p1a: Indeedee\n|-boost|p1a: Indeedee|spa|1\n|-boost|p1a: Indeedee|spd|1\n|\n|-fieldend|move: Psychic Terrain\n|upkeep\n|turn|16\n|\n|t:|1733879455\n|switch|p1a: Spectrier|Spectrier, L75|105/274 par\n|move|p2a: Blissey|Thunder Wave|p1a: Spectrier\n|-fail|p1a: Spectrier|par\n|\n|upkeep\n|turn|17\n|\n|t:|1733879468\n|switch|p2a: Gholdengo|Gholdengo, L77|261/261\n|move|p1a: Spectrier|Shadow Ball|p2a: Gholdengo\n|-supereffective|p2a: Gholdengo\n|-damage|p2a: Gholdengo|19/261\n|-damage|p1a: Spectrier|78/274 par|[from] item: Life Orb\n|\n|-heal|p2a: Gholdengo|35/261|[from] item: Leftovers\n|upkeep\n|turn|18\n|\n|t:|1733879479\n|switch|p1a: Indeedee|Indeedee-F, L90, F|148/272\n|-fieldstart|move: Psychic Terrain|[from] ability: Psychic Surge|[of] p1a: Indeedee\n|move|p2a: Gholdengo|Make It Rain|p1a: Indeedee\n|-damage|p1a: Indeedee|43/272\n|-unboost|p2a: Gholdengo|spa|1\n|\n|-heal|p2a: Gholdengo|51/261|[from] item: Leftovers\n|upkeep\n|turn|19\n|\n|t:|1733879491\n|move|p1a: Indeedee|Psyshock|p2a: Gholdengo\n|-resisted|p2a: Gholdengo\n|-damage|p2a: Gholdengo|0 fnt\n|faint|p2a: Gholdengo\n|-damage|p1a: Indeedee|16/272|[from] item: Life Orb\n|\n|upkeep\n|\n|t:|1733879498\n|switch|p2a: Blissey|Blissey, L84, F|566/566\n|turn|20\n|\n|t:|1733879509\n|move|p1a: Indeedee|Psyshock|p2a: Blissey\n|-damage|p2a: Blissey|81/566\n|-damage|p1a: Indeedee|0 fnt|[from] item: Life Orb\n|faint|p1a: Indeedee\n|move|p2a: Blissey|Seismic Toss|p1: Indeedee|[notarget]\n|-fail|p2a: Blissey\n|\n|-heal|p2a: Blissey|116/566|[from] item: Leftovers\n|upkeep\n|\n|t:|1733879516\n|switch|p1a: Spectrier|Spectrier, L75|78/274 par\n|turn|21\n|\n|t:|1733879523\n|move|p2a: Blissey|Soft-Boiled|p2a: Blissey\n|-heal|p2a: Blissey|399/566\n|move|p1a: Spectrier|Nasty Plot|p1a: Spectrier\n|-boost|p1a: Spectrier|spa|2\n|\n|-heal|p2a: Blissey|434/566|[from] item: Leftovers\n|upkeep\n|turn|22\n|\n|t:|1733879543\n|switch|p2a: Slowking|Slowking, L88, F|310/310\n|cant|p1a: Spectrier|par\n|\n|-fieldend|move: Psychic Terrain\n|upkeep\n|turn|23\n|\n|t:|1733879555\n|cant|p1a: Spectrier|par\n|move|p2a: Slowking|Scald|p1a: Spectrier\n|-damage|p1a: Spectrier|0 fnt\n|faint|p1a: Spectrier\n|\n|upkeep\n|\n|t:|1733879565\n|switch|p1a: Grimmsnarl|Grimmsnarl, L83, M|293/293\n|turn|24\n|\n|t:|1733879574\n|move|p1a: Grimmsnarl|Light Screen|p1a: Grimmsnarl\n|-sidestart|p1: Bbaklal|move: Light Screen\n|move|p2a: Slowking|Scald|p1a: Grimmsnarl\n|-damage|p1a: Grimmsnarl|235/293\n|\n|upkeep\n|turn|25\n|\n|t:|1733879580\n|move|p1a: Grimmsnarl|Reflect|p1a: Grimmsnarl\n|-sidestart|p1: Bbaklal|Reflect\n|move|p2a: Slowking|Scald|p1a: Grimmsnarl\n|-damage|p1a: Grimmsnarl|178/293\n|\n|upkeep\n|turn|26\n|\n|t:|1733879586\n|move|p1a: Grimmsnarl|Parting Shot|p2a: Slowking\n|-unboost|p2a: Slowking|atk|1\n|-unboost|p2a: Slowking|spa|1\n|\n|t:|1733879592\n|switch|p1a: Cinccino|Cinccino, L83, M|260/260|[from] Parting Shot\n|move|p2a: Slowking|Scald|p1a: Cinccino\n|-damage|p1a: Cinccino|221/260\n|-status|p1a: Cinccino|brn\n|\n|-damage|p1a: Cinccino|205/260 brn|[from] brn\n|upkeep\n|turn|27\n|\n|t:|1733879609\n|move|p1a: Cinccino|Bullet Seed|p2a: Slowking\n|-supereffective|p2a: Slowking\n|-damage|p2a: Slowking|284/310\n|-supereffective|p2a: Slowking\n|-damage|p2a: Slowking|255/310\n|-supereffective|p2a: Slowking\n|-damage|p2a: Slowking|231/310\n|-supereffective|p2a: Slowking\n|-damage|p2a: Slowking|206/310\n|-supereffective|p2a: Slowking\n|-damage|p2a: Slowking|181/310\n|-hitcount|p2a: Slowking|5\n|move|p2a: Slowking|Chilly Reception|p2a: Slowking\n|-weather|Snow\n|\n|t:|1733879621\n|switch|p2a: Slowbro|Slowbro, L85, F|300/300|[from] Chilly Reception\n|\n|-weather|Snow|[upkeep]\n|-damage|p1a: Cinccino|189/260 brn|[from] brn\n|upkeep\n|turn|28\n|\n|t:|1733879640\n|move|p1a: Cinccino|Bullet Seed|p2a: Slowbro\n|-supereffective|p2a: Slowbro\n|-damage|p2a: Slowbro|279/300\n|-supereffective|p2a: Slowbro\n|-damage|p2a: Slowbro|259/300\n|-supereffective|p2a: Slowbro\n|-damage|p2a: Slowbro|236/300\n|-supereffective|p2a: Slowbro\n|-damage|p2a: Slowbro|213/300\n|-hitcount|p2a: Slowbro|4\n|move|p2a: Slowbro|Iron Defense|p2a: Slowbro\n|-boost|p2a: Slowbro|def|2\n|\n|-weather|Snow|[upkeep]\n|-heal|p2a: Slowbro|231/300|[from] item: Leftovers\n|-damage|p1a: Cinccino|173/260 brn|[from] brn\n|upkeep\n|turn|29\n|\n|t:|1733879654\n|move|p1a: Cinccino|Bullet Seed|p2a: Slowbro\n|-supereffective|p2a: Slowbro\n|-damage|p2a: Slowbro|220/300\n|-supereffective|p2a: Slowbro\n|-damage|p2a: Slowbro|209/300\n|-supereffective|p2a: Slowbro\n|-damage|p2a: Slowbro|197/300\n|-supereffective|p2a: Slowbro\n|-damage|p2a: Slowbro|186/300\n|-hitcount|p2a: Slowbro|4\n|move|p2a: Slowbro|Scald|p1a: Cinccino\n|-damage|p1a: Cinccino|115/260 brn\n|\n|-weather|Snow|[upkeep]\n|-heal|p2a: Slowbro|204/300|[from] item: Leftovers\n|-damage|p1a: Cinccino|99/260 brn|[from] brn\n|upkeep\n|turn|30\n|\n|t:|1733879667\n|move|p1a: Cinccino|Bullet Seed|p2a: Slowbro\n|-supereffective|p2a: Slowbro\n|-damage|p2a: Slowbro|193/300\n|-supereffective|p2a: Slowbro\n|-damage|p2a: Slowbro|181/300\n|-supereffective|p2a: Slowbro\n|-damage|p2a: Slowbro|170/300\n|-supereffective|p2a: Slowbro\n|-damage|p2a: Slowbro|157/300\n|-hitcount|p2a: Slowbro|4\n|move|p2a: Slowbro|Slack Off|p2a: Slowbro\n|-heal|p2a: Slowbro|300/300\n|\n|-weather|Snow|[upkeep]\n|-damage|p1a: Cinccino|83/260 brn|[from] brn\n|upkeep\n|turn|31\n|\n|t:|1733879679\n|move|p1a: Cinccino|U-turn|p2a: Slowbro\n|-supereffective|p2a: Slowbro\n|-damage|p2a: Slowbro|280/300\n|\n|t:|1733879707\n|switch|p1a: Grimmsnarl|Grimmsnarl, L83, M|178/293|[from] U-turn\n|move|p2a: Slowbro|Scald|p1a: Grimmsnarl\n|-damage|p1a: Grimmsnarl|122/293\n|\n|-weather|none\n|-heal|p2a: Slowbro|298/300|[from] item: Leftovers\n|-sideend|p1: Bbaklal|move: Light Screen\n|upkeep\n|turn|32\n|\n|t:|1733879717\n|move|p1a: Grimmsnarl|Light Screen|p1a: Grimmsnarl\n|-sidestart|p1: Bbaklal|move: Light Screen\n|move|p2a: Slowbro|Scald|p1a: Grimmsnarl\n|-damage|p1a: Grimmsnarl|70/293\n|-status|p1a: Grimmsnarl|brn\n|\n|-heal|p2a: Slowbro|300/300|[from] item: Leftovers\n|-damage|p1a: Grimmsnarl|52/293 brn|[from] brn\n|-sideend|p1: Bbaklal|Reflect\n|upkeep\n|turn|33\n|\n|t:|1733879726\n|move|p1a: Grimmsnarl|Spirit Break|p2a: Slowbro\n|-damage|p2a: Slowbro|282/300\n|-unboost|p2a: Slowbro|spa|1\n|move|p2a: Slowbro|Scald|p1a: Grimmsnarl\n|-damage|p1a: Grimmsnarl|15/293 brn\n|\n|-heal|p2a: Slowbro|300/300|[from] item: Leftovers\n|-damage|p1a: Grimmsnarl|0 fnt|[from] brn\n|faint|p1a: Grimmsnarl\n|upkeep\n|\n|t:|1733879737\n|switch|p1a: Houndoom|Houndoom, L87, F|272/272\n|turn|34\n|\n|t:|1733879749\n|-terastallize|p2a: Slowbro|Fighting\n|move|p1a: Houndoom|Dark Pulse|p2a: Slowbro\n|-resisted|p2a: Slowbro\n|-damage|p2a: Slowbro|244/300\n|move|p2a: Slowbro|Body Press|p1a: Houndoom\n|-supereffective|p1a: Houndoom\n|-damage|p1a: Houndoom|0 fnt\n|faint|p1a: Houndoom\n|\n|-heal|p2a: Slowbro|262/300|[from] item: Leftovers\n|upkeep\n|\n|t:|1733879756\n|switch|p1a: Cinccino|Cinccino, L83, M|83/260 brn\n|turn|35\n|-message|Bbaklal forfeited.\n|\n|win|pro_simulator_\n|raw|Bbaklal's rating: 1111 &rarr; <strong>1085</strong><br />(-26 for losing)\n|raw|pro_simulator_'s rating: 1100 &rarr; <strong>1126</strong><br />(+26 for winning)\n|l|\u2606Bbaklal\n|player|p1|\n", "inputlog": ">version bfd83cad13791eb5a5a409923076391caf6fb4d4\n>start {\"formatid\":\"gen9randombattle\",\"seed\":[25121,5969,52078,748],\"rated\":\"Rated battle\"}\n>player p1 {\"name\":\"Bbaklal\",\"avatar\":\"102\",\"rating\":1111,\"seed\":[21816,21233,25291,13881]}\n>player p2 {\"name\":\"pro_simulator_\",\"avatar\":\"koga\",\"rating\":1100,\"seed\":[46784,43856,60407,28580]}\n>p1 move partingshot\n>p2 move chillyreception\n>p1 switch 3\n>p2 switch 5\n>p1 switch 2\n>p2 move knockoff\n>p1 move willowisp\n>p2 move knockoff\n>p1 move fireblast\n>p2 move knockoff\n>p1 switch 4\n>p1 switch 5\n>p2 move drainpunch\n>p1 move drainingkiss\n>p2 move knockoff\n>p2 switch 3\n>p1 move nastyplot\n>p2 move thunderwave\n>p1 move willowisp\n>p2 switch 4\n>p1 move shadowball\n>p2 move calmmind\n>p1 move shadowball\n>p2 move drainingkiss\n>p2 switch 6\n>p1 switch 6\n>p2 move shadowball\n>p1 move calmmind\n>p2 move nastyplot\n>p1 move calmmind\n>p2 move nastyplot\n>p1 move calmmind\n>p2 move makeitrain\n>p1 move calmmind\n>p2 switch 4\n>p1 switch 6\n>p2 move thunderwave\n>p1 move shadowball\n>p2 switch 4\n>p1 switch 6\n>p2 move makeitrain\n>p1 move psyshock\n>p2 move makeitrain\n>p2 switch 4\n>p1 move psyshock\n>p2 move seismictoss\n>p1 switch 6\n>p1 move nastyplot\n>p2 move softboiled\n>p1 move nastyplot\n>p2 switch 5\n>p1 move shadowball\n>p2 move scald\n>p1 switch 3\n>p1 move lightscreen\n>p2 move scald\n>p1 move reflect\n>p2 move scald\n>p1 move partingshot\n>p2 move scald\n>p1 switch 2\n>p1 move bulletseed\n>p2 move chillyreception\n>p2 switch 2\n>p1 move bulletseed\n>p2 move irondefense\n>p1 move bulletseed\n>p2 move scald\n>p1 move bulletseed\n>p2 move slackoff\n>p1 move uturn\n>p2 move scald\n>p1 switch 2\n>p1 move lightscreen\n>p2 move scald\n>p1 move spiritbreak\n>p2 move scald\n>p1 switch 5\n>p1 move darkpulse\n>p2 move bodypress terastallize\n>p1 switch 2\n>forcelose p1", "uploadtime": 1733879766, "views": 1, "formatid": "gen9randombattle", "rating": 1085, "private": 0, "password": null}