{"id": "gen9randombattle-2260887359", "format": "[Gen 9] Random Battle", "players": ["Weevill", "FearMeYouShould!"], "log": "|j|\u2606Weevill\n|j|\u2606FearMeYouShould!\n|t:|1733911107\n|gametype|singles\n|player|p1|Weevill|hooligans|1094\n|player|p2|FearMeYouShould!|beauty-gen4dp|1107\n|teamsize|p1|6\n|teamsize|p2|6\n|gen|9\n|tier|[Gen 9] Random Battle\n|rated|\n|rule|Species Clause: Limit one of each Pok\u00e9mon\n|rule|HP Percentage Mod: HP is shown in percentages\n|rule|Sleep Clause Mod: Limit one foe put to sleep\n|rule|Illusion Level Mod: Illusion disguises the Pok\u00e9mon's true level\n|\n|t:|1733911107\n|start\n|switch|p1a: Emboar|Emboar, L84, M|322/322\n|switch|p2a: Tentacruel|Tentacruel, L84, F|272/272\n|turn|1\n|inactive|Battle timer is ON: inactive players will automatically lose when time's up. (requested by FearMeYouShould!)\n|\n|t:|1733911118\n|move|p2a: Tentacruel|Flip Turn|p1a: Emboar\n|-supereffective|p1a: Emboar\n|-damage|p1a: Emboar|200/322\n|\n|t:|1733911125\n|switch|p2a: Luvdisc|Luvdisc, M|247/247|[from] Flip Turn\n|move|p1a: Emboar|Trailblaze|p2a: Luvdisc\n|-supereffective|p2a: Luvdisc\n|-damage|p2a: Luvdisc|139/247\n|-boost|p1a: Emboar|spe|1\n|\n|-heal|p1a: Emboar|220/322|[from] item: Leftovers\n|upkeep\n|turn|2\n|inactive|FearMeYouShould! has 120 seconds left.\n|inactive|FearMeYouShould! has 90 seconds left.\n|\n|t:|1733911194\n|move|p2a: Luvdisc|Surf|p1a: Emboar\n|-supereffective|p1a: Emboar\n|-damage|p1a: Emboar|40/322\n|move|p1a: Emboar|Trailblaze|p2a: Luvdisc\n|-supereffective|p2a: Luvdisc\n|-damage|p2a: Luvdisc|39/247\n|-boost|p1a: Emboar|spe|1\n|\n|-heal|p1a: Emboar|60/322|[from] item: Leftovers\n|upkeep\n|turn|3\n|inactive|FearMeYouShould! has 90 seconds left.\n|\n|t:|1733911206\n|switch|p2a: Tentacruel|Tentacruel, L84, F|272/272\n|move|p1a: Emboar|Trailblaze|p2a: Tentacruel\n|-damage|p2a: Tentacruel|217/272\n|-boost|p1a: Emboar|spe|1\n|\n|-heal|p1a: Emboar|80/322|[from] item: Leftovers\n|upkeep\n|turn|4\n|inactive|FearMeYouShould! has 90 seconds left.\n|\n|t:|1733911223\n|move|p1a: Emboar|Drain Punch|p2a: Tentacruel\n|-resisted|p2a: Tentacruel\n|-damage|p2a: Tentacruel|162/272\n|-damage|p1a: Emboar|52/322|[from] ability: Liquid Ooze|[of] p2a: Tentacruel\n|move|p2a: Tentacruel|Flip Turn|p1a: Emboar\n|-supereffective|p1a: Emboar\n|-damage|p1a: Emboar|0 fnt\n|faint|p1a: Emboar\n|inactive|FearMeYouShould! has 90 seconds left.\n|\n|t:|1733911236\n|switch|p2a: Luvdisc|Luvdisc, M|39/247|[from] Flip Turn\n|\n|upkeep\n|\n|t:|1733911246\n|switch|p1a: Mienshao|Mienshao, L83, F|244/244\n|turn|5\n|\n|t:|1733911253\n|switch|p2a: Tentacruel|Tentacruel, L84, F|162/272\n|move|p1a: Mienshao|Fake Out|p2a: Tentacruel\n|-damage|p2a: Tentacruel|117/272\n|\n|upkeep\n|turn|6\n|\n|t:|1733911274\n|move|p1a: Mienshao|Knock Off|p2a: Tentacruel\n|-damage|p2a: Tentacruel|20/272\n|-enditem|p2a: Tentacruel|Assault Vest|[from] move: Knock Off|[of] p1a: Mienshao\n|move|p2a: Tentacruel|Sludge Bomb|p1a: Mienshao\n|-damage|p1a: Mienshao|171/244\n|-status|p1a: Mienshao|psn\n|\n|-damage|p1a: Mienshao|141/244 psn|[from] psn\n|upkeep\n|turn|7\n|\n|t:|1733911289\n|move|p1a: Mienshao|U-turn|p2a: Tentacruel\n|-resisted|p2a: Tentacruel\n|-damage|p2a: Tentacruel|0 fnt\n|faint|p2a: Tentacruel\n|\n|t:|1733911294\n|switch|p1a: Trevenant|Trevenant, L88, F|293/293|[from] U-turn\n|\n|upkeep\n|\n|t:|1733911298\n|switch|p2a: Glastrier|Glastrier, L86|311/311\n|turn|8\n|\n|t:|1733911306\n|move|p1a: Trevenant|Toxic|p2a: Glastrier\n|-status|p2a: Glastrier|tox\n|move|p2a: Glastrier|Icicle Crash|p1a: Trevenant\n|-supereffective|p1a: Trevenant\n|-damage|p1a: Trevenant|0 fnt\n|faint|p1a: Trevenant\n|-ability|p2a: Glastrier|Chilling Neigh|boost\n|-boost|p2a: Glastrier|atk|1\n|\n|-damage|p2a: Glastrier|292/311 tox|[from] psn\n|upkeep\n|\n|t:|1733911318\n|switch|p1a: Ditto|Ditto, L87|225/225\n|-transform|p1a: Ditto|p2a: Glastrier|[from] ability: Imposter\n|turn|9\n|\n|t:|1733911331\n|switch|p2a: Bellossom|Bellossom, L84, F|263/263\n|move|p1a: Ditto|Close Combat|p2a: Bellossom\n|-damage|p2a: Bellossom|96/263\n|-unboost|p1a: Ditto|def|1\n|-unboost|p1a: Ditto|spd|1\n|\n|-heal|p2a: Bellossom|112/263|[from] item: Leftovers\n|upkeep\n|turn|10\n|\n|t:|1733911345\n|-terastallize|p2a: Bellossom|Poison\n|move|p1a: Ditto|Close Combat|p2a: Bellossom\n|-resisted|p2a: Bellossom\n|-damage|p2a: Bellossom|21/263\n|-unboost|p1a: Ditto|def|1\n|-unboost|p1a: Ditto|spd|1\n|move|p2a: Bellossom|Sleep Powder|p1a: Ditto|[miss]\n|-miss|p2a: Bellossom|p1a: Ditto\n|\n|-heal|p2a: Bellossom|37/263|[from] item: Leftovers\n|upkeep\n|turn|11\n|inactive|FearMeYouShould! has 120 seconds left.\n|\n|t:|1733911375\n|switch|p2a: Meloetta|Meloetta, L82|298/298\n|move|p1a: Ditto|Close Combat|p2a: Meloetta\n|-damage|p2a: Meloetta|105/298\n|-unboost|p1a: Ditto|def|1\n|-unboost|p1a: Ditto|spd|1\n|\n|upkeep\n|turn|12\n|inactive|FearMeYouShould! has 120 seconds left.\n|\n|t:|1733911383\n|move|p2a: Meloetta|Psyshock|p1a: Ditto\n|-damage|p1a: Ditto|0 fnt\n|faint|p1a: Ditto\n|\n|upkeep\n|\n|t:|1733911397\n|switch|p1a: Mienshao|Mienshao, L83, F|222/244 psn\n|turn|13\n|\n|t:|1733911411\n|move|p1a: Mienshao|Knock Off|p2a: Meloetta\n|-supereffective|p2a: Meloetta\n|-crit|p2a: Meloetta\n|-damage|p2a: Meloetta|0 fnt\n|-enditem|p2a: Meloetta|Choice Specs|[from] move: Knock Off|[of] p1a: Mienshao\n|faint|p2a: Meloetta\n|\n|-damage|p1a: Mienshao|192/244 psn|[from] psn\n|upkeep\n|inactive|FearMeYouShould! has 120 seconds left.\n|\n|t:|1733911423\n|switch|p2a: Luvdisc|Luvdisc, M|39/247\n|turn|14\n|\n|t:|1733911428\n|move|p2a: Luvdisc|Endeavor|p1a: Mienshao\n|-damage|p1a: Mienshao|39/244 psn\n|move|p1a: Mienshao|U-turn|p2a: Luvdisc\n|-damage|p2a: Luvdisc|0 fnt\n|faint|p2a: Luvdisc\n|\n|t:|1733911440\n|switch|p1a: Hatterene|Hatterene, L85, F|236/236|[from] U-turn\n|\n|upkeep\n|\n|t:|1733911445\n|switch|p2a: Bellossom|Bellossom, L84, F, tera:Poison|37/263\n|turn|15\n|inactiveoff|Battle timer is now OFF.\n|c|\u2606FearMeYouShould!|SUK MY BBC\n|c|\u2606FearMeYouShould!|FUKING NOOB\n|c|\u2606FearMeYouShould!|ONLY LUCK\n|c|\u2606FearMeYouShould!|YOU ARE TRASH\n|\n|t:|1733911469\n|switch|p2a: Glastrier|Glastrier, L86|292/311 tox\n|-terastallize|p1a: Hatterene|Steel\n|move|p1a: Hatterene|Mystical Fire|p2a: Glastrier\n|-supereffective|p2a: Glastrier\n|-damage|p2a: Glastrier|180/311 tox\n|-unboost|p2a: Glastrier|spa|1\n|\n|-damage|p2a: Glastrier|161/311 tox|[from] psn\n|upkeep\n|turn|16\n|\n|t:|1733911489\n|move|p2a: Glastrier|Close Combat|p1a: Hatterene\n|-supereffective|p1a: Hatterene\n|-damage|p1a: Hatterene|0 fnt\n|-unboost|p2a: Glastrier|def|1\n|-unboost|p2a: Glastrier|spd|1\n|faint|p1a: Hatterene\n|-ability|p2a: Glastrier|Chilling Neigh|boost\n|-boost|p2a: Glastrier|atk|1\n|\n|-damage|p2a: Glastrier|123/311 tox|[from] psn\n|upkeep\n|inactive|Battle timer is ON: inactive players will automatically lose when time's up. (requested by FearMeYouShould!)\n|\n|t:|1733911507\n|switch|p1a: Mienshao|Mienshao, L83, F|120/244 psn\n|turn|17\n|\n|t:|1733911518\n|move|p1a: Mienshao|Close Combat|p2a: Glastrier\n|-supereffective|p2a: Glastrier\n|-damage|p2a: Glastrier|0 fnt\n|-unboost|p1a: Mienshao|def|1\n|-unboost|p1a: Mienshao|spd|1\n|faint|p2a: Glastrier\n|\n|-damage|p1a: Mienshao|90/244 psn|[from] psn\n|upkeep\n|\n|t:|1733911527\n|switch|p2a: Bellossom|Bellossom, L84, F, tera:Poison|37/263\n|turn|18\n|\n|t:|1733911542\n|switch|p2a: Regice|Regice, L88|284/284\n|move|p1a: Mienshao|U-turn|p2a: Regice\n|-damage|p2a: Regice|233/284\n|\n|t:|1733911551\n|switch|p1a: Tyranitar|Tyranitar, L79, F|288/288|[from] U-turn\n|-weather|Sandstorm|[from] ability: Sand Stream|[of] p1a: Tyranitar\n|\n|-weather|Sandstorm|[upkeep]\n|-damage|p2a: Regice|216/284|[from] Sandstorm\n|upkeep\n|turn|19\n|\n|t:|1733911562\n|move|p1a: Tyranitar|Thunder Wave|p2a: Regice\n|-status|p2a: Regice|par\n|move|p2a: Regice|Thunder Wave|p1a: Tyranitar\n|-status|p1a: Tyranitar|par\n|\n|-weather|Sandstorm|[upkeep]\n|-damage|p2a: Regice|199/284 par|[from] Sandstorm\n|upkeep\n|turn|20\n|\n|t:|1733911574\n|switch|p2a: Bellossom|Bellossom, L84, F, tera:Poison|37/263\n|move|p1a: Tyranitar|Stealth Rock|p2a: Bellossom\n|-sidestart|p2: FearMeYouShould!|move: Stealth Rock\n|\n|-weather|Sandstorm|[upkeep]\n|-damage|p2a: Bellossom|21/263|[from] Sandstorm\n|-heal|p2a: Bellossom|37/263|[from] item: Leftovers\n|upkeep\n|turn|21\n|\n|t:|1733911586\n|move|p2a: Bellossom|Strength Sap|p1a: Tyranitar\n|-unboost|p1a: Tyranitar|atk|1\n|-heal|p2a: Bellossom|263/263\n|move|p1a: Tyranitar|Knock Off|p2a: Bellossom\n|-damage|p2a: Bellossom|191/263\n|-enditem|p2a: Bellossom|Leftovers|[from] move: Knock Off|[of] p1a: Tyranitar\n|\n|-weather|Sandstorm|[upkeep]\n|-damage|p2a: Bellossom|175/263|[from] Sandstorm\n|upkeep\n|turn|22\n|\n|t:|1733911599\n|move|p2a: Bellossom|Quiver Dance|p2a: Bellossom\n|-boost|p2a: Bellossom|spa|1\n|-boost|p2a: Bellossom|spd|1\n|-boost|p2a: Bellossom|spe|1\n|cant|p1a: Tyranitar|par\n|\n|-weather|none\n|upkeep\n|turn|23\n|\n|t:|1733911606\n|move|p2a: Bellossom|Quiver Dance|p2a: Bellossom\n|-boost|p2a: Bellossom|spa|1\n|-boost|p2a: Bellossom|spd|1\n|-boost|p2a: Bellossom|spe|1\n|cant|p1a: Tyranitar|par\n|\n|upkeep\n|turn|24\n|\n|t:|1733911613\n|move|p2a: Bellossom|Strength Sap|p1a: Tyranitar\n|-unboost|p1a: Tyranitar|atk|1\n|-heal|p2a: Bellossom|263/263\n|move|p1a: Tyranitar|Thunder Wave|p2a: Bellossom\n|-status|p2a: Bellossom|par\n|\n|upkeep\n|turn|25\n|\n|t:|1733911629\n|move|p2a: Bellossom|Quiver Dance|p2a: Bellossom\n|-boost|p2a: Bellossom|spa|1\n|-boost|p2a: Bellossom|spd|1\n|-boost|p2a: Bellossom|spe|1\n|move|p1a: Tyranitar|Stone Edge|p2a: Bellossom|[miss]\n|-miss|p1a: Tyranitar|p2a: Bellossom\n|\n|upkeep\n|turn|26\n|\n|t:|1733911637\n|move|p2a: Bellossom|Quiver Dance|p2a: Bellossom\n|-boost|p2a: Bellossom|spa|1\n|-boost|p2a: Bellossom|spd|1\n|-boost|p2a: Bellossom|spe|1\n|move|p1a: Tyranitar|Stone Edge|p2a: Bellossom\n|-damage|p2a: Bellossom|209/263 par\n|\n|upkeep\n|turn|27\n|\n|t:|1733911645\n|move|p2a: Bellossom|Quiver Dance|p2a: Bellossom\n|-boost|p2a: Bellossom|spa|1\n|-boost|p2a: Bellossom|spd|1\n|-boost|p2a: Bellossom|spe|1\n|cant|p1a: Tyranitar|par\n|\n|upkeep\n|turn|28\n|\n|t:|1733911653\n|move|p2a: Bellossom|Giga Drain|p1a: Tyranitar\n|-supereffective|p1a: Tyranitar\n|-damage|p1a: Tyranitar|0 fnt\n|-heal|p2a: Bellossom|263/263 par|[from] drain|[of] p1a: Tyranitar\n|faint|p1a: Tyranitar\n|\n|upkeep\n|c|\u2606FearMeYouShould!|GGWP\n|\n|t:|1733911660\n|switch|p1a: Mienshao|Mienshao, L83, F|171/244 psn\n|turn|29\n|c|\u2606FearMeYouShould!|your luck is end. sorry\n|\n|t:|1733911667\n|move|p1a: Mienshao|Fake Out|p2a: Bellossom\n|-damage|p2a: Bellossom|229/263 par\n|cant|p2a: Bellossom|flinch\n|\n|-damage|p1a: Mienshao|141/244 psn|[from] psn\n|upkeep\n|turn|30\n|c|\u2606FearMeYouShould!|i win.\n|\n|t:|1733911683\n|move|p2a: Bellossom|Strength Sap|p1a: Mienshao\n|-unboost|p1a: Mienshao|atk|1\n|-heal|p2a: Bellossom|263/263 par\n|move|p1a: Mienshao|Knock Off|p2a: Bellossom\n|-damage|p2a: Bellossom|228/263 par\n|\n|-damage|p1a: Mienshao|111/244 psn|[from] psn\n|upkeep\n|turn|31\n|c|\u2606FearMeYouShould!|deserved.\n|-message|Weevill forfeited.\n|\n|win|FearMeYouShould!\n", "inputlog": ">version bfd83cad13791eb5a5a409923076391caf6fb4d4\n>start {\"formatid\":\"gen9randombattle\",\"seed\":[62332,25265,22075,12780],\"rated\":\"Rated battle\"}\n>player p1 {\"name\":\"Weevill\",\"avatar\":\"hooligans\",\"rating\":1094,\"seed\":[12619,11372,4717,29265]}\n>player p2 {\"name\":\"FearMeYouShould!\",\"avatar\":\"beauty-gen4dp\",\"rating\":1107,\"seed\":[49188,61331,3068,5833]}\n>p1 move trailblaze\n>p2 move flipturn\n>p2 switch 2\n>p1 move trailblaze\n>p2 move surf\n>p1 move trailblaze\n>p2 switch 2\n>p1 move drainpunch\n>p2 move flipturn\n>p2 switch 2\n>p1 switch 4\n>p1 move fakeout\n>p2 switch 2\n>p1 move knockoff\n>p2 move sludgebomb\n>p1 move uturn\n>p2 move flipturn\n>p1 switch 2\n>p2 switch 4\n>p1 move toxic\n>p2 move iciclecrash\n>p1 switch 5\n>p1 move closecombat\n>p2 switch 5\n>p1 move closecombat\n>p2 move sleeppowder terastallize\n>p1 move closecombat\n>p2 switch 6\n>p1 move closecombat\n>p2 move psyshock\n>p1 switch 2\n>p1 move knockoff\n>p2 move psyshock\n>p2 switch 2\n>p1 move uturn\n>p2 move endeavor\n>p1 switch 6\n>p2 switch 6\n>chat \u2606FearMeYouShould!|SUK MY BBC\n>chat \u2606FearMeYouShould!|FUKING NOOB\n>chat \u2606FearMeYouShould!|ONLY LUCK\n>chat \u2606FearMeYouShould!|YOU ARE TRASH\n>p1 move mysticalfire terastallize\n>p2 switch 5\n>p1 move psychicnoise\n>p2 move closecombat\n>p1 switch 6\n>p1 move closecombat\n>p2 move closecombat\n>p2 switch 5\n>p1 move uturn\n>p2 switch 3\n>p1 switch 3\n>p1 move thunderwave\n>p2 move thunderwave\n>p1 move stealthrock\n>p2 switch 3\n>p1 move knockoff\n>p2 move strengthsap\n>p1 move thunderwave\n>p2 move quiverdance\n>p1 move thunderwave\n>p2 move quiverdance\n>p1 move thunderwave\n>p2 move strengthsap\n>p1 move stoneedge\n>p2 move quiverdance\n>p1 move stoneedge\n>p2 move quiverdance\n>p1 move stoneedge\n>p2 move quiverdance\n>p1 move stoneedge\n>p2 move gigadrain\n>chat \u2606FearMeYouShould!|GGWP\n>p1 switch 3\n>chat \u2606FearMeYouShould!|your luck is end. sorry\n>p1 move fakeout\n>p2 move strengthsap\n>chat \u2606FearMeYouShould!|i win.\n>p1 move knockoff\n>p2 move strengthsap\n>chat \u2606FearMeYouShould!|deserved.\n>forcelose p1", "uploadtime": 1733911458, "views": 1, "formatid": "gen9randombattle", "rating": null, "private": 0, "password": null}