{"id": "gen9randombattle-2260035359", "format": "[Gen 9] Random Battle", "players": ["Ghjjjjhygvgf", "Brutha pls"], "log": "|j|\u2606Ghjjjjhygvgf\n|j|\u2606Brutha pls\n|t:|1733793872\n|gametype|singles\n|player|p1|Ghjjjjhygvgf|adaman|1074\n|player|p2|Brutha pls|170|1117\n|teamsize|p1|6\n|teamsize|p2|6\n|gen|9\n|tier|[Gen 9] Random Battle\n|rated|\n|rule|Species Clause: Limit one of each Pok\u00e9mon\n|rule|HP Percentage Mod: HP is shown in percentages\n|rule|Sleep Clause Mod: Limit one foe put to sleep\n|rule|Illusion Level Mod: Illusion disguises the Pok\u00e9mon's true level\n|\n|t:|1733793872\n|start\n|switch|p1a: Lugia|Lugia, L72|272/272\n|switch|p2a: Klawf|Klawf, L90, F|272/272\n|turn|1\n|inactive|Battle timer is ON: inactive players will automatically lose when time's up. (requested by Ghjjjjhygvgf)\n|\n|t:|1733793884\n|switch|p1a: Breloom|Breloom, L82, M|233/233\n|move|p2a: Klawf|Knock Off|p1a: Breloom\n|-resisted|p1a: Breloom\n|-damage|p1a: Breloom|189/233\n|-enditem|p1a: Breloom|Life Orb|[from] move: Knock Off|[of] p2a: Klawf\n|\n|upkeep\n|turn|2\n|\n|t:|1733793894\n|switch|p2a: Toedscruel|Toedscruel, L87, M|281/281\n|move|p1a: Breloom|Bullet Seed|p2a: Toedscruel\n|-damage|p2a: Toedscruel|226/281\n|-damage|p2a: Toedscruel|165/281\n|-damage|p2a: Toedscruel|113/281\n|-hitcount|p2a: Toedscruel|3\n|\n|upkeep\n|turn|3\n|\n|t:|1733793906\n|switch|p2a: Gouging Fire|Gouging Fire, L74|277/277\n|move|p1a: Breloom|Bullet Seed|p2a: Gouging Fire\n|-resisted|p2a: Gouging Fire\n|-damage|p2a: Gouging Fire|266/277\n|-resisted|p2a: Gouging Fire\n|-crit|p2a: Gouging Fire\n|-damage|p2a: Gouging Fire|250/277\n|-resisted|p2a: Gouging Fire\n|-damage|p2a: Gouging Fire|241/277\n|-resisted|p2a: Gouging Fire\n|-damage|p2a: Gouging Fire|230/277\n|-resisted|p2a: Gouging Fire\n|-damage|p2a: Gouging Fire|220/277\n|-hitcount|p2a: Gouging Fire|5\n|\n|upkeep\n|turn|4\n|\n|t:|1733793915\n|switch|p1a: Glimmora|Glimmora, L75, M|248/248\n|-item|p1a: Glimmora|Air Balloon\n|move|p2a: Gouging Fire|Dragon Dance|p2a: Gouging Fire\n|-boost|p2a: Gouging Fire|atk|1\n|-boost|p2a: Gouging Fire|spe|1\n|\n|upkeep\n|turn|5\n|\n|t:|1733793925\n|move|p2a: Gouging Fire|Earthquake|p1a: Glimmora\n|-immune|p1a: Glimmora\n|move|p1a: Glimmora|Power Gem|p2a: Gouging Fire\n|-supereffective|p2a: Gouging Fire\n|-damage|p2a: Gouging Fire|28/277\n|\n|upkeep\n|turn|6\n|\n|t:|1733793933\n|move|p2a: Gouging Fire|Outrage|p1a: Glimmora\n|-damage|p1a: Glimmora|74/248\n|-activate|p1a: Glimmora|ability: Toxic Debris\n|-sidestart|p2: Brutha pls|move: Toxic Spikes\n|-enditem|p1a: Glimmora|Air Balloon\n|move|p1a: Glimmora|Power Gem|p2a: Gouging Fire\n|-supereffective|p2a: Gouging Fire\n|-damage|p2a: Gouging Fire|0 fnt\n|faint|p2a: Gouging Fire\n|-end|p2a: Gouging Fire|Protosynthesis|[silent]\n|\n|upkeep\n|-message|Brutha pls forfeited.\n|\n|win|Ghjjjjhygvgf\n|raw|Ghjjjjhygvgf's rating: 1074 &rarr; <strong>1106</strong><br />(+32 for winning)\n|raw|Brutha pls's rating: 1117 &rarr; <strong>1089</strong><br />(-28 for losing)\n|l|\u2606Brutha pls\n|player|p2|\n", "inputlog": ">version bfd83cad13791eb5a5a409923076391caf6fb4d4\n>start {\"formatid\":\"gen9randombattle\",\"seed\":[55239,3782,12445,8521],\"rated\":\"Rated battle\"}\n>player p1 {\"name\":\"Ghjjjjhygvgf\",\"avatar\":\"adaman\",\"rating\":1074,\"seed\":[2927,9769,25409,59793]}\n>player p2 {\"name\":\"Brutha pls\",\"avatar\":\"170\",\"rating\":1117,\"seed\":[15679,14590,43327,44197]}\n>p1 switch 3\n>p2 move knockoff\n>p1 move bulletseed\n>p2 switch 2\n>p1 move bulletseed\n>p2 switch 6\n>p1 switch 2\n>p2 move dragondance\n>p1 move powergem\n>p2 move earthquake\n>p1 move powergem\n>p2 move outrage\n>forcelose p2", "uploadtime": 1733793942, "views": 3, "formatid": "gen9randombattle", "rating": 1089, "private": 0, "password": null}