{"id": "gen9randombattle-2260736000", "format": "[Gen 9] Random Battle", "players": ["Saaskin", "dapeebs"], "log": "|j|\u2606Saaskin\n|j|\u2606dapeebs\n|t:|1733884761\n|gametype|singles\n|player|p1|Saaskin|170|1946\n|player|p2|dapeebs|cyclistf-gen4|1908\n|teamsize|p1|6\n|teamsize|p2|6\n|gen|9\n|tier|[Gen 9] Random Battle\n|rated|\n|rule|Species Clause: Limit one of each Pok\u00e9mon\n|rule|HP Percentage Mod: HP is shown in percentages\n|rule|Sleep Clause Mod: Limit one foe put to sleep\n|rule|Illusion Level Mod: Illusion disguises the Pok\u00e9mon's true level\n|\n|t:|1733884761\n|start\n|switch|p1a: Slaking|Slaking, L84, M|389/389\n|switch|p2a: Palafin|Palafin, L77, F|281/281\n|turn|1\n|inactive|Battle timer is ON: inactive players will automatically lose when time's up. (requested by Saaskin)\n|\n|t:|1733884778\n|detailschange|p2a: Palafin|Palafin-Hero, L77, F\n|switch|p2a: Persian|Persian-Alola, L86, M|252/252\n|move|p1a: Slaking|Knock Off|p2a: Persian\n|-resisted|p2a: Persian\n|-damage|p2a: Persian|206/252\n|-enditem|p2a: Persian|Heavy-Duty Boots|[from] move: Knock Off|[of] p1a: Slaking\n|\n|upkeep\n|turn|2\n|\n|t:|1733884787\n|switch|p1a: Goodra|Goodra, L85, M|292/292\n|move|p2a: Persian|Thunder Wave|p1a: Goodra\n|-status|p1a: Goodra|par\n|\n|upkeep\n|turn|3\n|\n|t:|1733884799\n|move|p2a: Persian|Parting Shot|p1a: Goodra\n|-unboost|p1a: Goodra|atk|1\n|-unboost|p1a: Goodra|spa|1\n|\n|t:|1733884819\n|switch|p2a: Iron Crown|Iron Crown, L78|268/268|[from] Parting Shot\n|cant|p1a: Goodra|par\n|\n|upkeep\n|turn|4\n|\n|t:|1733884824\n|move|p2a: Iron Crown|Psyshock|p1a: Goodra\n|-damage|p1a: Goodra|150/292 par\n|move|p1a: Goodra|Earthquake|p2a: Iron Crown\n|-supereffective|p2a: Iron Crown\n|-damage|p2a: Iron Crown|172/268\n|\n|upkeep\n|turn|5\n|\n|t:|1733884832\n|switch|p1a: Iron Crown|Iron Crown, L78|268/268\n|move|p2a: Iron Crown|Psyshock|p1a: Iron Crown\n|-resisted|p1a: Iron Crown\n|-damage|p1a: Iron Crown|237/268\n|\n|upkeep\n|turn|6\n|\n|t:|1733884836\n|-end|p2a: Iron Crown|Quark Drive|[silent]\n|switch|p2a: Persian|Persian-Alola, L86, M|206/252\n|move|p1a: Iron Crown|Volt Switch|p2a: Persian\n|-damage|p2a: Persian|110/252\n|\n|t:|1733884841\n|-end|p1a: Iron Crown|Quark Drive|[silent]\n|switch|p1a: Goodra|Goodra, L85, M|150/292 par|[from] Volt Switch\n|\n|upkeep\n|turn|7\n|\n|t:|1733884845\n|move|p2a: Persian|Parting Shot|p1a: Goodra\n|-unboost|p1a: Goodra|atk|1\n|-unboost|p1a: Goodra|spa|1\n|\n|t:|1733884856\n|switch|p2a: Iron Crown|Iron Crown, L78|172/268|[from] Parting Shot\n|move|p1a: Goodra|Fire Blast|p2a: Iron Crown\n|-supereffective|p2a: Iron Crown\n|-damage|p2a: Iron Crown|70/268\n|\n|upkeep\n|turn|8\n|\n|t:|1733884861\n|move|p2a: Iron Crown|Volt Switch|p1a: Goodra\n|-resisted|p1a: Goodra\n|-damage|p1a: Goodra|133/292 par\n|\n|t:|1733884864\n|-end|p2a: Iron Crown|Quark Drive|[silent]\n|switch|p2a: Persian|Persian-Alola, L86, M|110/252|[from] Volt Switch\n|move|p1a: Goodra|Earthquake|p2a: Persian\n|-damage|p2a: Persian|76/252\n|\n|upkeep\n|turn|9\n|\n|t:|1733884870\n|move|p2a: Persian|Parting Shot|p1a: Goodra\n|-unboost|p1a: Goodra|atk|1\n|-unboost|p1a: Goodra|spa|1\n|\n|t:|1733884883\n|switch|p2a: Palafin|Palafin-Hero, L77, F|281/281|[from] Parting Shot\n|-activate|p2a: Palafin|ability: Zero to Hero\n|move|p1a: Goodra|Earthquake|p2a: Palafin\n|-damage|p2a: Palafin|241/281\n|\n|upkeep\n|turn|10\n|\n|t:|1733884893\n|switch|p1a: Politoed|Politoed, L88, M|302/302\n|-weather|RainDance|[from] ability: Drizzle|[of] p1a: Politoed\n|move|p2a: Palafin|Close Combat|p1a: Politoed\n|-damage|p1a: Politoed|138/302\n|-unboost|p2a: Palafin|def|1\n|-unboost|p2a: Palafin|spd|1\n|\n|-weather|RainDance|[upkeep]\n|-heal|p1a: Politoed|156/302|[from] item: Leftovers\n|upkeep\n|turn|11\n|\n|t:|1733884901\n|move|p2a: Palafin|Close Combat|p1a: Politoed\n|-damage|p1a: Politoed|0 fnt\n|-unboost|p2a: Palafin|def|1\n|-unboost|p2a: Palafin|spd|1\n|faint|p1a: Politoed\n|\n|-weather|RainDance|[upkeep]\n|upkeep\n|\n|t:|1733884911\n|switch|p1a: Yanmega|Yanmega, L82, M|275/275\n|turn|12\n|\n|t:|1733884915\n|switch|p2a: Iron Crown|Iron Crown, L78|70/268\n|move|p1a: Yanmega|Bug Buzz|p2a: Iron Crown\n|-damage|p2a: Iron Crown|0 fnt\n|faint|p2a: Iron Crown\n|-end|p2a: Iron Crown|Quark Drive|[silent]\n|\n|-weather|RainDance|[upkeep]\n|upkeep\n|\n|t:|1733884920\n|switch|p2a: Persian|Persian-Alola, L86, M|76/252\n|turn|13\n|\n|t:|1733884923\n|switch|p1a: Goodra|Goodra, L85, M|133/292 par\n|move|p2a: Persian|Thunder Wave|p1a: Goodra|[miss]\n|-miss|p2a: Persian|p1a: Goodra\n|\n|-weather|RainDance|[upkeep]\n|upkeep\n|turn|14\n|\n|t:|1733884929\n|move|p2a: Persian|Knock Off|p1a: Goodra\n|-damage|p1a: Goodra|51/292 par\n|-enditem|p1a: Goodra|Assault Vest|[from] move: Knock Off|[of] p2a: Persian\n|move|p1a: Goodra|Sludge Bomb|p2a: Persian\n|-damage|p2a: Persian|0 fnt\n|faint|p2a: Persian\n|\n|-weather|none\n|upkeep\n|\n|t:|1733884937\n|switch|p2a: Palafin|Palafin-Hero, L77, F|241/281\n|turn|15\n|\n|t:|1733884940\n|move|p2a: Palafin|Flip Turn|p1a: Goodra\n|-resisted|p1a: Goodra\n|-damage|p1a: Goodra|0 fnt\n|faint|p1a: Goodra\n|\n|t:|1733884947\n|switch|p2a: Pelipper|Pelipper, L86, F|243/243|[from] Flip Turn\n|-weather|RainDance|[from] ability: Drizzle|[of] p2a: Pelipper\n|\n|-weather|RainDance|[upkeep]\n|upkeep\n|\n|t:|1733884956\n|switch|p1a: Iron Crown|Iron Crown, L78|237/268\n|turn|16\n|\n|t:|1733884960\n|move|p1a: Iron Crown|Volt Switch|p2a: Pelipper\n|-supereffective|p2a: Pelipper\n|-damage|p2a: Pelipper|0 fnt\n|faint|p2a: Pelipper\n|\n|t:|1733884964\n|-end|p1a: Iron Crown|Quark Drive|[silent]\n|switch|p1a: Slaking|Slaking, L84, M|389/389|[from] Volt Switch\n|\n|-weather|RainDance|[upkeep]\n|upkeep\n|\n|t:|1733884975\n|switch|p2a: Brute Bonnet|Brute Bonnet, L81|312/312\n|turn|17\n|\n|t:|1733884980\n|switch|p1a: Arboliva|Arboliva, L91, F|290/290\n|move|p2a: Brute Bonnet|Spore|p1a: Arboliva\n|-immune|p1a: Arboliva\n|\n|-weather|RainDance|[upkeep]\n|upkeep\n|turn|18\n|\n|t:|1733884987\n|move|p2a: Brute Bonnet|Close Combat|p1a: Arboliva\n|-supereffective|p1a: Arboliva\n|-damage|p1a: Arboliva|96/290\n|-unboost|p2a: Brute Bonnet|def|1\n|-unboost|p2a: Brute Bonnet|spd|1\n|-fieldstart|move: Grassy Terrain|[from] ability: Seed Sower|[of] p1a: Arboliva\n|move|p1a: Arboliva|Strength Sap|p2a: Brute Bonnet\n|-unboost|p2a: Brute Bonnet|atk|1\n|-heal|p1a: Arboliva|290/290\n|\n|-weather|RainDance|[upkeep]\n|upkeep\n|turn|19\n|\n|t:|1733885000\n|-end|p2a: Brute Bonnet|Protosynthesis|[silent]\n|switch|p2a: Gogoat|Gogoat, L88, M|360/360\n|move|p1a: Arboliva|Hyper Voice|p2a: Gogoat\n|-damage|p2a: Gogoat|225/360\n|\n|-weather|none\n|-heal|p2a: Gogoat|247/360|[from] Grassy Terrain\n|-heal|p2a: Gogoat|269/360|[from] item: Leftovers\n|upkeep\n|turn|20\n|\n|t:|1733885009\n|switch|p2a: Palafin|Palafin-Hero, L77, F|241/281\n|switch|p1a: Yanmega|Yanmega, L82, M|275/275\n|\n|-heal|p2a: Palafin|258/281|[from] Grassy Terrain\n|upkeep\n|turn|21\n|\n|t:|1733885012\n|move|p1a: Yanmega|Giga Drain|p2a: Palafin\n|-supereffective|p2a: Palafin\n|-damage|p2a: Palafin|66/281\n|move|p2a: Palafin|Wave Crash|p1a: Yanmega\n|-damage|p1a: Yanmega|11/275\n|-damage|p2a: Palafin|0 fnt|[from] Recoil\n|faint|p2a: Palafin\n|\n|upkeep\n|-message|dapeebs forfeited.\n|\n|win|Saaskin\n|raw|Saaskin's rating: 1946 &rarr; <strong>1964</strong><br />(+18 for winning)\n|raw|dapeebs's rating: 1908 &rarr; <strong>1890</strong><br />(-18 for losing)\n|l|\u2606dapeebs\n|player|p2|\n", "inputlog": ">version bfd83cad13791eb5a5a409923076391caf6fb4d4\n>start {\"formatid\":\"gen9randombattle\",\"seed\":[55300,48839,8453,63482],\"rated\":\"Rated battle\"}\n>player p1 {\"name\":\"Saaskin\",\"avatar\":\"170\",\"rating\":1946,\"seed\":[11586,48728,23231,43565]}\n>player p2 {\"name\":\"dapeebs\",\"avatar\":\"cyclistf-gen4\",\"rating\":1908,\"seed\":[4652,22383,51555,45181]}\n>p1 move knockoff\n>p2 switch 5\n>p1 switch 5\n>p2 move thunderwave\n>p1 move sludgebomb\n>p2 move partingshot\n>p2 switch 2\n>p1 move earthquake\n>p2 move psyshock\n>p1 switch 4\n>p2 move psyshock\n>p1 move voltswitch\n>p2 switch 2\n>p1 switch 4\n>p1 move fireblast\n>p2 move partingshot\n>p2 switch 2\n>p1 move earthquake\n>p2 move voltswitch\n>p2 switch 2\n>p1 move earthquake\n>p2 move partingshot\n>p2 switch 5\n>p1 switch 6\n>p2 move closecombat\n>p1 move hydropump\n>p2 move closecombat\n>p1 switch 2\n>p1 move bugbuzz\n>p2 switch 2\n>p2 switch 5\n>p1 switch 6\n>p2 move thunderwave\n>p1 move sludgebomb\n>p2 move knockoff\n>p2 switch 2\n>p1 move sludgebomb\n>p2 move flipturn\n>p2 switch 3\n>p1 switch 4\n>p1 move voltswitch\n>p2 move hydropump\n>p1 switch 5\n>p2 switch 6\n>p1 switch 3\n>p2 move spore\n>p1 move strengthsap\n>p2 move closecombat\n>p1 move hypervoice\n>p2 switch 4\n>p1 switch 6\n>p2 switch 3\n>p1 move gigadrain\n>p2 move wavecrash\n>forcelose p2", "uploadtime": 1733885023, "views": 5, "formatid": "gen9randombattle", "rating": 1890, "private": 0, "password": null}