{"id": "gen9randombattle-2260758869", "format": "[Gen 9] Random Battle", "players": ["Atharva Bhosale", "jaykingrising"], "log": "|j|\u2606Atharva Bhosale\n|j|\u2606jaykingrising\n|t:|1733887872\n|gametype|singles\n|player|p1|Atharva Bhosale|1|1519\n|player|p2|jaykingrising|265|1562\n|teamsize|p1|6\n|teamsize|p2|6\n|gen|9\n|tier|[Gen 9] Random Battle\n|rated|\n|rule|Species Clause: Limit one of each Pok\u00e9mon\n|rule|HP Percentage Mod: HP is shown in percentages\n|rule|Sleep Clause Mod: Limit one foe put to sleep\n|rule|Illusion Level Mod: Illusion disguises the Pok\u00e9mon's true level\n|\n|t:|1733887872\n|start\n|switch|p1a: Electivire|Electivire, L84, F|263/263\n|switch|p2a: Honchkrow|Honchkrow, L86, M|312/312\n|turn|1\n|\n|t:|1733887888\n|switch|p2a: Arbok|Arbok, L87, F|246/246\n|-ability|p2a: Arbok|Intimidate|boost\n|-unboost|p1a: Electivire|atk|1\n|move|p1a: Electivire|Ice Punch|p2a: Arbok\n|-damage|p2a: Arbok|172/246\n|\n|-heal|p2a: Arbok|187/246|[from] item: Leftovers\n|upkeep\n|turn|2\n|\n|t:|1733887898\n|switch|p1a: Swanna|Swanna, L88, F|275/275\n|move|p2a: Arbok|Toxic Spikes|p1a: Swanna\n|-sidestart|p1: Atharva Bhosale|move: Toxic Spikes\n|\n|-heal|p2a: Arbok|202/246|[from] item: Leftovers\n|upkeep\n|turn|3\n|\n|t:|1733887915\n|move|p1a: Swanna|Hydro Pump|p2a: Arbok\n|-damage|p2a: Arbok|73/246\n|move|p2a: Arbok|Glare|p1a: Swanna\n|-status|p1a: Swanna|par\n|\n|-heal|p2a: Arbok|88/246|[from] item: Leftovers\n|upkeep\n|turn|4\n|\n|t:|1733887925\n|switch|p2a: Suicune|Suicune, L82|298/298\n|-ability|p2a: Suicune|Pressure\n|move|p1a: Swanna|Defog|p2a: Suicune\n|-unboost|p2a: Suicune|evasion|1\n|-sideend|p1: Atharva Bhosale|Toxic Spikes|[from] move: Defog|[of] p1a: Swanna\n|\n|upkeep\n|turn|5\n|\n|t:|1733887935\n|move|p2a: Suicune|Substitute|p2a: Suicune\n|-start|p2a: Suicune|Substitute\n|-damage|p2a: Suicune|224/298\n|move|p1a: Swanna|Brave Bird|p2a: Suicune\n|-end|p2a: Suicune|Substitute\n|-damage|p1a: Swanna|251/275 par|[from] Recoil|[of] p2a: Suicune\n|\n|-heal|p2a: Suicune|242/298|[from] item: Leftovers\n|upkeep\n|turn|6\n|\n|t:|1733887947\n|switch|p1a: Electivire|Electivire, L84, F|263/263\n|move|p2a: Suicune|Calm Mind|p2a: Suicune\n|-boost|p2a: Suicune|spa|1\n|-boost|p2a: Suicune|spd|1\n|\n|-heal|p2a: Suicune|260/298|[from] item: Leftovers\n|upkeep\n|turn|7\n|\n|t:|1733887955\n|-terastallize|p1a: Electivire|Electric\n|-terastallize|p2a: Suicune|Steel\n|move|p1a: Electivire|Supercell Slam|p2a: Suicune\n|-damage|p2a: Suicune|60/298\n|move|p2a: Suicune|Scald|p1a: Electivire\n|-damage|p1a: Electivire|142/263\n|\n|-heal|p2a: Suicune|78/298|[from] item: Leftovers\n|upkeep\n|turn|8\n|\n|t:|1733887965\n|switch|p2a: Arbok|Arbok, L87, F|88/246\n|-ability|p2a: Arbok|Intimidate|boost\n|-unboost|p1a: Electivire|atk|1\n|move|p1a: Electivire|Supercell Slam|p2a: Arbok\n|-damage|p2a: Arbok|0 fnt\n|faint|p2a: Arbok\n|\n|upkeep\n|\n|t:|1733887968\n|switch|p2a: Kricketune|Kricketune, L99, M|312/312\n|turn|9\n|\n|t:|1733887975\n|move|p1a: Electivire|Supercell Slam|p2a: Kricketune\n|-damage|p2a: Kricketune|96/312\n|move|p2a: Kricketune|Pounce|p1a: Electivire\n|-damage|p1a: Electivire|31/263\n|-unboost|p1a: Electivire|spe|1\n|\n|upkeep\n|turn|10\n|\n|t:|1733887999\n|switch|p1a: Honchkrow|Honchkrow, L86, F|312/312\n|move|p2a: Kricketune|Knock Off|p1a: Honchkrow\n|-resisted|p1a: Honchkrow\n|-damage|p1a: Honchkrow|254/312\n|-enditem|p1a: Honchkrow|Heavy-Duty Boots|[from] move: Knock Off|[of] p2a: Kricketune\n|\n|upkeep\n|turn|11\n|\n|t:|1733888008\n|move|p2a: Kricketune|Sticky Web|p1a: Honchkrow\n|-sidestart|p1: Atharva Bhosale|move: Sticky Web\n|move|p1a: Honchkrow|Brave Bird|p2a: Kricketune\n|-supereffective|p2a: Kricketune\n|-damage|p2a: Kricketune|0 fnt\n|faint|p2a: Kricketune\n|-ability|p1a: Honchkrow|Moxie|boost\n|-boost|p1a: Honchkrow|atk|1\n|-damage|p1a: Honchkrow|222/312|[from] Recoil\n|\n|upkeep\n|\n|t:|1733888014\n|switch|p2a: Noivern|Noivern, L82, M|274/274\n|turn|12\n|\n|t:|1733888027\n|move|p1a: Honchkrow|Sucker Punch|p2a: Noivern\n|-damage|p2a: Noivern|118/274\n|move|p2a: Noivern|Draco Meteor|p1a: Honchkrow\n|-damage|p1a: Honchkrow|0 fnt\n|-unboost|p2a: Noivern|spa|2\n|faint|p1a: Honchkrow\n|\n|upkeep\n|\n|t:|1733888036\n|switch|p1a: Drednaw|Drednaw, L81, F|278/278\n|-activate|p1a: Drednaw|move: Sticky Web\n|-unboost|p1a: Drednaw|spe|1\n|-enditem|p1a: Drednaw|White Herb\n|-clearnegativeboost|p1a: Drednaw|[silent]\n|turn|13\n|\n|t:|1733888043\n|switch|p2a: Arboliva|Arboliva, L91, F|288/288\n|move|p1a: Drednaw|Shell Smash|p1a: Drednaw\n|-unboost|p1a: Drednaw|def|1\n|-unboost|p1a: Drednaw|spd|1\n|-boost|p1a: Drednaw|atk|2\n|-boost|p1a: Drednaw|spa|2\n|-boost|p1a: Drednaw|spe|2\n|\n|upkeep\n|turn|14\n|\n|t:|1733888053\n|move|p1a: Drednaw|Stone Edge|p2a: Arboliva\n|-damage|p2a: Arboliva|75/288\n|-enditem|p2a: Arboliva|Sitrus Berry|[eat]\n|-heal|p2a: Arboliva|147/288|[from] item: Sitrus Berry\n|move|p2a: Arboliva|Hyper Voice|p1a: Drednaw\n|-resisted|p1a: Drednaw\n|-damage|p1a: Drednaw|161/278\n|\n|upkeep\n|turn|15\n|\n|t:|1733888061\n|move|p2a: Arboliva|Protect|p2a: Arboliva\n|-singleturn|p2a: Arboliva|Protect\n|move|p1a: Drednaw|Stone Edge|p2a: Arboliva\n|-activate|p2a: Arboliva|move: Protect\n|\n|-item|p2a: Arboliva|Sitrus Berry|[from] ability: Harvest\n|upkeep\n|turn|16\n|\n|t:|1733888118\n|move|p1a: Drednaw|Stone Edge|p2a: Arboliva|[miss]\n|-miss|p1a: Drednaw|p2a: Arboliva\n|move|p2a: Arboliva|Leech Seed|p1a: Drednaw\n|-start|p1a: Drednaw|move: Leech Seed\n|\n|-damage|p1a: Drednaw|127/278|[from] Leech Seed|[of] p2a: Arboliva\n|-heal|p2a: Arboliva|181/288|[silent]\n|upkeep\n|turn|17\n|\n|t:|1733888125\n|move|p2a: Arboliva|Protect|p2a: Arboliva\n|-singleturn|p2a: Arboliva|Protect\n|move|p1a: Drednaw|Shell Smash|p1a: Drednaw\n|-unboost|p1a: Drednaw|def|1\n|-unboost|p1a: Drednaw|spd|1\n|-boost|p1a: Drednaw|atk|2\n|-boost|p1a: Drednaw|spa|2\n|-boost|p1a: Drednaw|spe|2\n|\n|-damage|p1a: Drednaw|93/278|[from] Leech Seed|[of] p2a: Arboliva\n|-heal|p2a: Arboliva|215/288|[silent]\n|upkeep\n|turn|18\n|\n|t:|1733888162\n|move|p1a: Drednaw|Stone Edge|p2a: Arboliva\n|-damage|p2a: Arboliva|0 fnt\n|faint|p2a: Arboliva\n|\n|upkeep\n|\n|t:|1733888166\n|switch|p2a: Honchkrow|Honchkrow, L86, M|312/312\n|turn|19\n|\n|t:|1733888173\n|move|p2a: Honchkrow|Sucker Punch|p1a: Drednaw\n|-damage|p1a: Drednaw|0 fnt\n|faint|p1a: Drednaw\n|-ability|p2a: Honchkrow|Moxie|boost\n|-boost|p2a: Honchkrow|atk|1\n|\n|upkeep\n|\n|t:|1733888182\n|switch|p1a: Swanna|Swanna, L88, F|251/275 par\n|turn|20\n|\n|t:|1733888212\n|move|p2a: Honchkrow|Brave Bird|p1a: Swanna\n|-damage|p1a: Swanna|0 fnt\n|faint|p1a: Swanna\n|-ability|p2a: Honchkrow|Moxie|boost\n|-boost|p2a: Honchkrow|atk|1\n|-damage|p2a: Honchkrow|229/312|[from] Recoil\n|\n|upkeep\n|\n|t:|1733888236\n|switch|p1a: Hoopa|Hoopa, L85|275/275\n|-activate|p1a: Hoopa|move: Sticky Web\n|-unboost|p1a: Hoopa|spe|1\n|turn|21\n|\n|t:|1733888259\n|move|p2a: Honchkrow|Brave Bird|p1a: Hoopa\n|-damage|p1a: Hoopa|0 fnt\n|faint|p1a: Hoopa\n|-ability|p2a: Honchkrow|Moxie|boost\n|-boost|p2a: Honchkrow|atk|1\n|-damage|p2a: Honchkrow|138/312|[from] Recoil\n|\n|upkeep\n|\n|t:|1733888266\n|switch|p1a: Arcanine|Arcanine-Hisui, L80, M|283/283\n|-activate|p1a: Arcanine|move: Sticky Web\n|-unboost|p1a: Arcanine|spe|1\n|turn|22\n|\n|t:|1733888282\n|move|p2a: Honchkrow|Brave Bird|p1a: Arcanine\n|-resisted|p1a: Arcanine\n|-damage|p1a: Arcanine|42/283\n|-damage|p2a: Honchkrow|58/312|[from] Recoil\n|move|p1a: Arcanine|Head Smash|p2a: Honchkrow\n|-supereffective|p2a: Honchkrow\n|-damage|p2a: Honchkrow|0 fnt\n|faint|p2a: Honchkrow\n|\n|upkeep\n|\n|t:|1733888285\n|switch|p2a: Suicune|Suicune, L82, tera:Steel|78/298\n|-ability|p2a: Suicune|Pressure\n|turn|23\n|\n|t:|1733888290\n|move|p2a: Suicune|Scald|p1a: Arcanine\n|-supereffective|p1a: Arcanine\n|-damage|p1a: Arcanine|0 fnt\n|faint|p1a: Arcanine\n|\n|-heal|p2a: Suicune|96/298|[from] item: Leftovers\n|upkeep\n|\n|t:|1733888293\n|switch|p1a: Electivire|Electivire, L84, F, tera:Electric|31/263\n|-activate|p1a: Electivire|move: Sticky Web\n|-unboost|p1a: Electivire|spe|1\n|turn|24\n|\n|t:|1733888296\n|move|p2a: Suicune|Scald|p1a: Electivire\n|-damage|p1a: Electivire|0 fnt\n|faint|p1a: Electivire\n|\n|win|jaykingrising\n|raw|Atharva Bhosale's rating: 1519 &rarr; <strong>1501</strong><br />(-18 for losing)\n|raw|jaykingrising's rating: 1562 &rarr; <strong>1580</strong><br />(+18 for winning)\n|l|\u2606Atharva Bhosale\n|player|p1|\n", "inputlog": ">version bfd83cad13791eb5a5a409923076391caf6fb4d4\n>start {\"formatid\":\"gen9randombattle\",\"seed\":[30780,21936,34823,14353],\"rated\":\"Rated battle\"}\n>player p1 {\"name\":\"Atharva Bhosale\",\"avatar\":\"1\",\"rating\":1519,\"seed\":[29490,49080,32568,20364]}\n>player p2 {\"name\":\"jaykingrising\",\"avatar\":\"265\",\"rating\":1562,\"seed\":[55808,29321,61972,34066]}\n>p1 move icepunch\n>p2 switch 6\n>p1 switch 2\n>p2 move toxicspikes\n>p1 move hydropump\n>p2 move glare\n>p1 move defog\n>p2 switch 5\n>p1 move bravebird\n>p2 move substitute\n>p1 switch 2\n>p2 move calmmind\n>p1 move supercellslam terastallize\n>p2 move scald terastallize\n>p1 move supercellslam\n>p2 switch 5\n>p2 switch 4\n>p1 move supercellslam\n>p2 move pounce\n>p1 switch 4\n>p2 move knockoff\n>p1 move bravebird\n>p2 move stickyweb\n>p2 switch 2\n>p1 move suckerpunch\n>p2 move dracometeor\n>p1 switch 6\n>p1 move shellsmash\n>p2 switch 3\n>p1 move stoneedge\n>p2 move hypervoice\n>p1 move stoneedge\n>p2 move protect\n>p1 move stoneedge\n>p2 move leechseed\n>p1 move shellsmash\n>p2 move protect\n>p1 move stoneedge\n>p2 move hypervoice\n>p2 switch 6\n>p1 move liquidation\n>p2 move suckerpunch\n>p1 switch 2\n>p1 move defog\n>p2 move bravebird\n>p1 switch 5\n>p1 move trick\n>p2 move bravebird\n>p1 switch 3\n>p1 move headsmash\n>p2 move bravebird\n>p2 switch 5\n>p1 move headsmash\n>p2 move scald\n>p1 switch 4\n>p1 move supercellslam\n>p2 move scald", "uploadtime": 1733888300, "views": 8, "formatid": "gen9randombattle", "rating": 1501, "private": 0, "password": null}