{"id": "gen9randombattle-2260794488", "format": "[Gen 9] Random Battle", "players": ["xinyazhili", "Zara home 001"], "log": "|j|\u2606xinyazhili\n|j|\u2606Zara home 001\n|t:|1733893230\n|gametype|singles\n|player|p1|xinyazhili|170|\n|player|p2|Zara home 001|266|\n|teamsize|p1|6\n|teamsize|p2|6\n|gen|9\n|tier|[Gen 9] Random Battle\n|rule|Species Clause: Limit one of each Pok\u00e9mon\n|rule|HP Percentage Mod: HP is shown in percentages\n|rule|Sleep Clause Mod: Limit one foe put to sleep\n|rule|Illusion Level Mod: Illusion disguises the Pok\u00e9mon's true level\n|\n|t:|1733893230\n|start\n|switch|p1a: Blissey|Blissey, L84, F|566/566\n|switch|p2a: Trevenant|Trevenant, L88, M|293/293\n|turn|1\n|inactive|Battle timer is ON: inactive players will automatically lose when time's up. (requested by xinyazhili)\n|\n|t:|1733893239\n|switch|p1a: Pincurchin|Pincurchin, F|258/258\n|-fieldstart|move: Electric Terrain|[from] ability: Electric Surge|[of] p1a: Pincurchin\n|move|p2a: Trevenant|Drain Punch|p1a: Pincurchin\n|-damage|p1a: Pincurchin|205/258\n|\n|-heal|p1a: Pincurchin|221/258|[from] item: Leftovers\n|upkeep\n|turn|2\n|\n|t:|1733893244\n|move|p2a: Trevenant|Toxic|p1a: Pincurchin\n|-status|p1a: Pincurchin|tox\n|move|p1a: Pincurchin|Curse|p1a: Pincurchin\n|-unboost|p1a: Pincurchin|spe|1\n|-boost|p1a: Pincurchin|atk|1\n|-boost|p1a: Pincurchin|def|1\n|\n|-heal|p1a: Pincurchin|237/258 tox|[from] item: Leftovers\n|-damage|p1a: Pincurchin|221/258 tox|[from] psn\n|upkeep\n|turn|3\n|\n|t:|1733893249\n|move|p2a: Trevenant|Poltergeist|p1a: Pincurchin|[miss]\n|-miss|p2a: Trevenant|p1a: Pincurchin\n|move|p1a: Pincurchin|Curse|p1a: Pincurchin\n|-unboost|p1a: Pincurchin|spe|1\n|-boost|p1a: Pincurchin|atk|1\n|-boost|p1a: Pincurchin|def|1\n|\n|-heal|p1a: Pincurchin|237/258 tox|[from] item: Leftovers\n|-damage|p1a: Pincurchin|205/258 tox|[from] psn\n|upkeep\n|turn|4\n|\n|t:|1733893253\n|move|p2a: Trevenant|Drain Punch|p1a: Pincurchin\n|-damage|p1a: Pincurchin|178/258 tox\n|move|p1a: Pincurchin|Zing Zap|p2a: Trevenant\n|-resisted|p2a: Trevenant\n|-damage|p2a: Trevenant|129/293\n|-enditem|p2a: Trevenant|Sitrus Berry|[eat]\n|-heal|p2a: Trevenant|202/293|[from] item: Sitrus Berry\n|\n|-heal|p1a: Pincurchin|194/258 tox|[from] item: Leftovers\n|-damage|p1a: Pincurchin|146/258 tox|[from] psn\n|-item|p2a: Trevenant|Sitrus Berry|[from] ability: Harvest\n|upkeep\n|turn|5\n|\n|t:|1733893268\n|move|p2a: Trevenant|Protect|p2a: Trevenant\n|-singleturn|p2a: Trevenant|Protect\n|move|p1a: Pincurchin|Zing Zap|p2a: Trevenant\n|-activate|p2a: Trevenant|move: Protect\n|\n|-heal|p1a: Pincurchin|162/258 tox|[from] item: Leftovers\n|-damage|p1a: Pincurchin|98/258 tox|[from] psn\n|-fieldend|move: Electric Terrain\n|upkeep\n|turn|6\n|\n|t:|1733893270\n|move|p2a: Trevenant|Drain Punch|p1a: Pincurchin\n|-damage|p1a: Pincurchin|71/258 tox\n|-heal|p2a: Trevenant|216/293|[from] drain|[of] p1a: Pincurchin\n|move|p1a: Pincurchin|Zing Zap|p2a: Trevenant\n|-resisted|p2a: Trevenant\n|-damage|p2a: Trevenant|75/293\n|-enditem|p2a: Trevenant|Sitrus Berry|[eat]\n|-heal|p2a: Trevenant|148/293|[from] item: Sitrus Berry\n|\n|-heal|p1a: Pincurchin|87/258 tox|[from] item: Leftovers\n|-damage|p1a: Pincurchin|7/258 tox|[from] psn\n|upkeep\n|turn|7\n|\n|t:|1733893274\n|move|p2a: Trevenant|Protect|p2a: Trevenant\n|-singleturn|p2a: Trevenant|Protect\n|move|p1a: Pincurchin|Recover|p1a: Pincurchin\n|-heal|p1a: Pincurchin|136/258 tox\n|\n|-heal|p1a: Pincurchin|152/258 tox|[from] item: Leftovers\n|-damage|p1a: Pincurchin|56/258 tox|[from] psn\n|upkeep\n|turn|8\n|\n|t:|1733893276\n|move|p2a: Trevenant|Drain Punch|p1a: Pincurchin\n|-damage|p1a: Pincurchin|28/258 tox\n|-heal|p2a: Trevenant|162/293|[from] drain|[of] p1a: Pincurchin\n|move|p1a: Pincurchin|Zing Zap|p2a: Trevenant\n|-resisted|p2a: Trevenant\n|-damage|p2a: Trevenant|25/293\n|\n|-heal|p1a: Pincurchin|44/258 tox|[from] item: Leftovers\n|-damage|p1a: Pincurchin|0 fnt|[from] psn\n|faint|p1a: Pincurchin\n|upkeep\n|\n|t:|1733893283\n|switch|p1a: Venomoth|Venomoth, L84, M|255/255\n|turn|9\n|\n|t:|1733893288\n|move|p1a: Venomoth|Sleep Powder|p2a: Trevenant\n|-immune|p2a: Trevenant\n|move|p2a: Trevenant|Poltergeist|p1a: Venomoth|[miss]\n|-miss|p2a: Trevenant|p1a: Venomoth\n|\n|-item|p2a: Trevenant|Sitrus Berry|[from] ability: Harvest\n|upkeep\n|-enditem|p2a: Trevenant|Sitrus Berry|[eat]\n|-heal|p2a: Trevenant|98/293|[from] item: Sitrus Berry\n|turn|10\n|\n|t:|1733893291\n|move|p1a: Venomoth|Quiver Dance|p1a: Venomoth\n|-boost|p1a: Venomoth|spa|1\n|-boost|p1a: Venomoth|spd|1\n|-boost|p1a: Venomoth|spe|1\n|move|p2a: Trevenant|Poltergeist|p1a: Venomoth\n|-activate|p1a: Venomoth|move: Poltergeist|Heavy-Duty Boots\n|-crit|p1a: Venomoth\n|-damage|p1a: Venomoth|0 fnt\n|faint|p1a: Venomoth\n|\n|-item|p2a: Trevenant|Sitrus Berry|[from] ability: Harvest\n|upkeep\n|-enditem|p2a: Trevenant|Sitrus Berry|[eat]\n|-heal|p2a: Trevenant|171/293|[from] item: Sitrus Berry\n|\n|t:|1733893297\n|switch|p1a: Zacian|Zacian-Crowned, L64|225/225\n|-ability|p1a: Zacian|Intrepid Sword|boost\n|-boost|p1a: Zacian|atk|1\n|turn|11\n|\n|t:|1733893302\n|move|p1a: Zacian|Behemoth Blade|p2a: Trevenant\n|-damage|p2a: Trevenant|27/293\n|move|p2a: Trevenant|Poltergeist|p1a: Zacian\n|-activate|p1a: Zacian|move: Poltergeist|Rusted Sword\n|-damage|p1a: Zacian|77/225\n|\n|-item|p2a: Trevenant|Sitrus Berry|[from] ability: Harvest\n|upkeep\n|-enditem|p2a: Trevenant|Sitrus Berry|[eat]\n|-heal|p2a: Trevenant|100/293|[from] item: Sitrus Berry\n|turn|12\n|\n|t:|1733893306\n|move|p2a: Trevenant|Protect|p2a: Trevenant\n|-singleturn|p2a: Trevenant|Protect\n|move|p1a: Zacian|Behemoth Blade|p2a: Trevenant\n|-activate|p2a: Trevenant|move: Protect\n|\n|upkeep\n|turn|13\n|\n|t:|1733893309\n|move|p1a: Zacian|Behemoth Blade|p2a: Trevenant\n|-damage|p2a: Trevenant|0 fnt\n|faint|p2a: Trevenant\n|\n|upkeep\n|\n|t:|1733893321\n|switch|p2a: Iron Boulder|Iron Boulder, L77|265/265\n|turn|14\n|\n|t:|1733893325\n|-terastallize|p1a: Zacian|Fighting\n|move|p2a: Iron Boulder|Close Combat|p1a: Zacian\n|-damage|p1a: Zacian|0 fnt\n|-unboost|p2a: Iron Boulder|def|1\n|-unboost|p2a: Iron Boulder|spd|1\n|faint|p1a: Zacian\n|-damage|p2a: Iron Boulder|239/265|[from] item: Life Orb\n|\n|upkeep\n|\n|t:|1733893328\n|switch|p1a: Zamazenta|Zamazenta, L71|248/248\n|-ability|p1a: Zamazenta|Dauntless Shield|boost\n|-boost|p1a: Zamazenta|def|1\n|turn|15\n|\n|t:|1733893334\n|-end|p2a: Iron Boulder|Quark Drive|[silent]\n|switch|p2a: Primarina|Primarina, L83, M|268/268\n|move|p1a: Zamazenta|Iron Head|p2a: Primarina\n|-damage|p2a: Primarina|177/268\n|\n|-heal|p2a: Primarina|193/268|[from] item: Leftovers\n|upkeep\n|turn|16\n|\n|t:|1733893336\n|move|p1a: Zamazenta|Iron Head|p2a: Primarina\n|-damage|p2a: Primarina|112/268\n|move|p2a: Primarina|Moonblast|p1a: Zamazenta\n|-supereffective|p1a: Zamazenta\n|-damage|p1a: Zamazenta|26/248\n|\n|-heal|p2a: Primarina|128/268|[from] item: Leftovers\n|upkeep\n|turn|17\n|\n|t:|1733893341\n|move|p1a: Zamazenta|Iron Head|p2a: Primarina\n|-damage|p2a: Primarina|44/268\n|cant|p2a: Primarina|flinch\n|\n|-heal|p2a: Primarina|60/268|[from] item: Leftovers\n|upkeep\n|turn|18\n|\n|t:|1733893343\n|move|p1a: Zamazenta|Iron Head|p2a: Primarina\n|-damage|p2a: Primarina|0 fnt\n|faint|p2a: Primarina\n|\n|upkeep\n|\n|t:|1733893354\n|switch|p2a: Ludicolo|Ludicolo, L90, F|290/290\n|turn|19\n|\n|t:|1733893357\n|switch|p1a: Blissey|Blissey, L84, F|566/566\n|move|p2a: Ludicolo|Rain Dance|p2a: Ludicolo\n|-weather|RainDance\n|\n|-weather|RainDance|[upkeep]\n|upkeep\n|turn|20\n|\n|t:|1733893361\n|switch|p2a: Koraidon|Koraidon, L64|235/235\n|-weather|SunnyDay|[from] ability: Orichalcum Pulse|[of] p2a: Koraidon\n|-activate|p2a: Koraidon|Orichalcum Pulse|[source]\n|move|p1a: Blissey|Thunder Wave|p2a: Koraidon|[miss]\n|-miss|p1a: Blissey|p2a: Koraidon\n|\n|-weather|SunnyDay|[upkeep]\n|upkeep\n|turn|21\n|\n|t:|1733893366\n|switch|p1a: Camerupt|Camerupt, L91, F|275/275\n|move|p2a: Koraidon|Scale Shot|p1a: Camerupt\n|-damage|p1a: Camerupt|247/275\n|-damage|p1a: Camerupt|214/275\n|-damage|p1a: Camerupt|181/275\n|-damage|p1a: Camerupt|150/275\n|-damage|p1a: Camerupt|120/275\n|-hitcount|p1a: Camerupt|5\n|-unboost|p2a: Koraidon|def|1\n|-boost|p2a: Koraidon|spe|1\n|\n|-weather|SunnyDay|[upkeep]\n|-heal|p1a: Camerupt|137/275|[from] item: Leftovers\n|upkeep\n|turn|22\n|\n|t:|1733893370\n|move|p2a: Koraidon|Collision Course|p1a: Camerupt\n|-damage|p1a: Camerupt|8/275\n|move|p1a: Camerupt|Will-O-Wisp|p2a: Koraidon\n|-status|p2a: Koraidon|brn\n|\n|-weather|SunnyDay|[upkeep]\n|-heal|p1a: Camerupt|25/275|[from] item: Leftovers\n|-damage|p2a: Koraidon|221/235 brn|[from] brn\n|upkeep\n|turn|23\n|\n|t:|1733893375\n|move|p2a: Koraidon|Collision Course|p1a: Camerupt\n|-damage|p1a: Camerupt|0 fnt\n|faint|p1a: Camerupt\n|\n|-weather|SunnyDay|[upkeep]\n|-damage|p2a: Koraidon|207/235 brn|[from] brn\n|upkeep\n|\n|t:|1733893376\n|switch|p1a: Blissey|Blissey, L84, F|566/566\n|turn|24\n|\n|t:|1733893380\n|move|p2a: Koraidon|Swords Dance|p2a: Koraidon\n|-boost|p2a: Koraidon|atk|2\n|move|p1a: Blissey|Soft-Boiled||[still]\n|-fail|p1a: Blissey|heal\n|\n|-weather|none\n|-damage|p2a: Koraidon|193/235 brn|[from] brn\n|upkeep\n|turn|25\n|\n|t:|1733893383\n|move|p2a: Koraidon|Collision Course|p1a: Blissey\n|-supereffective|p1a: Blissey\n|-damage|p1a: Blissey|0 fnt\n|faint|p1a: Blissey\n|\n|-damage|p2a: Koraidon|179/235 brn|[from] brn\n|upkeep\n|\n|t:|1733893385\n|switch|p1a: Zamazenta|Zamazenta, L71|26/248\n|turn|26\n|-message|xinyazhili forfeited.\n|\n|win|Zara home 001\n|l|\u2606xinyazhili\n|player|p1|\n", "inputlog": ">version bfd83cad13791eb5a5a409923076391caf6fb4d4\n>start {\"formatid\":\"gen9randombattle\",\"seed\":[39383,18601,5298,54819]}\n>player p1 {\"name\":\"xinyazhili\",\"avatar\":\"170\",\"rating\":0,\"seed\":[16142,46020,35965,39669]}\n>player p2 {\"name\":\"Zara home 001\",\"avatar\":\"266\",\"rating\":0,\"seed\":[7310,3613,32075,38091]}\n>p1 switch 5\n>p2 move drainpunch\n>p1 move curse\n>p2 move toxic\n>p1 move curse\n>p2 move poltergeist\n>p1 move zingzap\n>p2 move drainpunch\n>p1 move zingzap\n>p2 move protect\n>p1 move zingzap\n>p2 move drainpunch\n>p1 move recover\n>p2 move protect\n>p1 move zingzap\n>p2 move drainpunch\n>p1 switch 4\n>p1 move sleeppowder\n>p2 move poltergeist\n>p1 move quiverdance\n>p2 move poltergeist\n>p1 switch 3\n>p1 move behemothblade\n>p2 move poltergeist\n>p1 move behemothblade\n>p2 move protect\n>p1 move behemothblade\n>p2 move poltergeist\n>p2 switch 6\n>p1 move closecombat terastallize\n>p2 move closecombat\n>p1 switch 6\n>p1 move ironhead\n>p2 switch 5\n>p1 move ironhead\n>p2 move moonblast\n>p1 move ironhead\n>p2 move moonblast\n>p1 move ironhead\n>p2 move moonblast\n>p2 switch 4\n>p1 switch 5\n>p2 move raindance\n>p1 move thunderwave\n>p2 switch 3\n>p1 switch 2\n>p2 move scaleshot\n>p1 move willowisp\n>p2 move collisioncourse\n>p1 move earthquake\n>p2 move collisioncourse\n>p1 switch 2\n>p1 move softboiled\n>p2 move swordsdance\n>p1 move stealthrock\n>p2 move collisioncourse\n>p1 switch 5\n>forcelose p1", "uploadtime": 1733893392, "views": 1, "formatid": "gen9randombattle", "rating": null, "private": 0, "password": null}