{"id": "gen9randombattle-2260378973", "format": "[Gen 9] Random Battle", "players": ["ratburg02", "youlooose"], "log": "|j|\u2606ratburg02\n|j|\u2606youlooose\n|t:|1733845787\n|gametype|singles\n|player|p1|ratburg02|lucas|1140\n|player|p2|youlooose|170|1094\n|teamsize|p1|6\n|teamsize|p2|6\n|gen|9\n|tier|[Gen 9] Random Battle\n|rated|\n|rule|Species Clause: Limit one of each Pok\u00e9mon\n|rule|HP Percentage Mod: HP is shown in percentages\n|rule|Sleep Clause Mod: Limit one foe put to sleep\n|rule|Illusion Level Mod: Illusion disguises the Pok\u00e9mon's true level\n|\n|t:|1733845787\n|start\n|switch|p1a: Electivire|Electivire, L84, M|263/263\n|switch|p2a: Leavanny|Leavanny, L86, M|269/269\n|turn|1\n|inactive|Battle timer is ON: inactive players will automatically lose when time's up. (requested by ratburg02)\n|\n|t:|1733845809\n|move|p1a: Electivire|Bulk Up|p1a: Electivire\n|-boost|p1a: Electivire|atk|1\n|-boost|p1a: Electivire|def|1\n|move|p2a: Leavanny|Sticky Web|p1a: Electivire\n|-sidestart|p1: ratburg02|move: Sticky Web\n|\n|upkeep\n|turn|2\n|\n|t:|1733845818\n|move|p1a: Electivire|Ice Punch|p2a: Leavanny\n|-supereffective|p2a: Leavanny\n|-damage|p2a: Leavanny|6/269\n|-damage|p1a: Electivire|237/263|[from] item: Life Orb\n|move|p2a: Leavanny|Knock Off|p1a: Electivire\n|-damage|p1a: Electivire|170/263\n|-enditem|p1a: Electivire|Life Orb|[from] move: Knock Off|[of] p2a: Leavanny\n|\n|upkeep\n|turn|3\n|\n|t:|1733845825\n|move|p1a: Electivire|Earthquake|p2a: Leavanny\n|-resisted|p2a: Leavanny\n|-damage|p2a: Leavanny|0 fnt\n|faint|p2a: Leavanny\n|\n|upkeep\n|\n|t:|1733845839\n|switch|p2a: Goodra|Goodra-Hisui, L82, M|265/265\n|turn|4\n|\n|t:|1733845847\n|move|p1a: Electivire|Bulk Up|p1a: Electivire\n|-boost|p1a: Electivire|atk|1\n|-boost|p1a: Electivire|def|1\n|move|p2a: Goodra|Draco Meteor|p1a: Electivire\n|-damage|p1a: Electivire|17/263\n|-unboost|p2a: Goodra|spa|2\n|\n|upkeep\n|turn|5\n|\n|t:|1733845855\n|move|p1a: Electivire|Earthquake|p2a: Goodra\n|-supereffective|p2a: Goodra\n|-damage|p2a: Goodra|0 fnt\n|faint|p2a: Goodra\n|\n|upkeep\n|\n|t:|1733845862\n|switch|p2a: Greninja|Greninja, L80, M|246/246\n|turn|6\n|\n|t:|1733845867\n|switch|p1a: Lumineon|Lumineon, L93, M|279/279\n|move|p2a: Greninja|Ice Beam|p1a: Lumineon\n|-resisted|p1a: Lumineon\n|-damage|p1a: Lumineon|245/279\n|-damage|p2a: Greninja|222/246|[from] item: Life Orb\n|\n|upkeep\n|turn|7\n|\n|t:|1733845874\n|move|p2a: Greninja|Gunk Shot|p1a: Lumineon\n|-damage|p1a: Lumineon|136/279\n|-damage|p2a: Greninja|198/246|[from] item: Life Orb\n|move|p1a: Lumineon|U-turn|p2a: Greninja\n|-supereffective|p2a: Greninja\n|-crit|p2a: Greninja\n|-damage|p2a: Greninja|18/246\n|\n|t:|1733845884\n|switch|p1a: Electivire|Electivire, L84, M|17/263|[from] U-turn\n|-activate|p1a: Electivire|move: Sticky Web\n|-unboost|p1a: Electivire|spe|1\n|\n|upkeep\n|turn|8\n|\n|t:|1733845889\n|move|p2a: Greninja|Ice Beam|p1a: Electivire\n|-damage|p1a: Electivire|0 fnt\n|faint|p1a: Electivire\n|-ability|p2a: Greninja|Battle Bond|boost\n|-boost|p2a: Greninja|atk|1\n|-boost|p2a: Greninja|spa|1\n|-boost|p2a: Greninja|spe|1\n|-activate|p2a: Greninja|ability: Battle Bond\n|-damage|p2a: Greninja|0 fnt|[from] item: Life Orb\n|faint|p2a: Greninja\n|\n|upkeep\n|\n|t:|1733845898\n|switch|p2a: Reuniclus|Reuniclus, L88, F|337/337\n|switch|p1a: Kleavor|Kleavor, L78, F|237/237\n|-activate|p1a: Kleavor|move: Sticky Web\n|-unboost|p1a: Kleavor|spe|1\n|turn|9\n|\n|t:|1733845907\n|-terastallize|p2a: Reuniclus|Steel\n|move|p1a: Kleavor|Stone Axe|p2a: Reuniclus|[miss]\n|-miss|p1a: Kleavor|p2a: Reuniclus\n|move|p2a: Reuniclus|Calm Mind|p2a: Reuniclus\n|-boost|p2a: Reuniclus|spa|1\n|-boost|p2a: Reuniclus|spd|1\n|\n|upkeep\n|turn|10\n|\n|t:|1733845914\n|switch|p1a: Lumineon|Lumineon, L93, M|136/279\n|move|p2a: Reuniclus|Focus Blast|p1a: Lumineon\n|-damage|p1a: Lumineon|0 fnt\n|faint|p1a: Lumineon\n|\n|upkeep\n|\n|t:|1733845917\n|switch|p1a: Kleavor|Kleavor, L78, F|237/237\n|-activate|p1a: Kleavor|move: Sticky Web\n|-unboost|p1a: Kleavor|spe|1\n|turn|11\n|\n|t:|1733845921\n|-terastallize|p1a: Kleavor|Fighting\n|move|p1a: Kleavor|Close Combat|p2a: Reuniclus\n|-supereffective|p2a: Reuniclus\n|-damage|p2a: Reuniclus|0 fnt\n|-unboost|p1a: Kleavor|def|1\n|-unboost|p1a: Kleavor|spd|1\n|faint|p2a: Reuniclus\n|\n|upkeep\n|\n|t:|1733845926\n|switch|p2a: Dedenne|Dedenne, L88, M|261/261\n|turn|12\n|\n|t:|1733845933\n|switch|p1a: Gallade|Gallade, L81, M|243/243\n|-activate|p1a: Gallade|move: Sticky Web\n|-unboost|p1a: Gallade|spe|1\n|move|p2a: Dedenne|Thunderbolt|p1a: Gallade\n|-damage|p1a: Gallade|168/243\n|\n|upkeep\n|turn|13\n|\n|t:|1733845939\n|move|p2a: Dedenne|Dazzling Gleam|p1a: Gallade\n|-supereffective|p1a: Gallade\n|-damage|p1a: Gallade|22/243\n|move|p1a: Gallade|Psycho Cut|p2a: Dedenne\n|-damage|p2a: Dedenne|62/261\n|-enditem|p2a: Dedenne|Sitrus Berry|[eat]\n|-heal|p2a: Dedenne|127/261|[from] item: Sitrus Berry\n|-heal|p2a: Dedenne|214/261|[from] ability: Cheek Pouch\n|-damage|p1a: Gallade|0 fnt|[from] item: Life Orb\n|faint|p1a: Gallade\n|\n|upkeep\n|\n|t:|1733845944\n|switch|p1a: Kleavor|Kleavor, L78, F, tera:Fighting|237/237\n|-activate|p1a: Kleavor|move: Sticky Web\n|-unboost|p1a: Kleavor|spe|1\n|turn|14\n|\n|t:|1733845947\n|move|p2a: Dedenne|Dazzling Gleam|p1a: Kleavor\n|-supereffective|p1a: Kleavor\n|-damage|p1a: Kleavor|31/237\n|move|p1a: Kleavor|Stone Axe|p2a: Dedenne\n|-damage|p2a: Dedenne|0 fnt\n|-sidestart|p2: youlooose|move: Stealth Rock\n|faint|p2a: Dedenne\n|\n|upkeep\n|\n|t:|1733845952\n|switch|p2a: Rhyperior|Rhyperior, L82, F|323/323\n|-damage|p2a: Rhyperior|303/323|[from] Stealth Rock\n|turn|15\n|\n|t:|1733845979\n|switch|p1a: Volcarona|Volcarona, L77, F|257/257\n|move|p2a: Rhyperior|Megahorn|p1a: Volcarona\n|-resisted|p1a: Volcarona\n|-damage|p1a: Volcarona|153/257\n|-status|p2a: Rhyperior|brn|[from] ability: Flame Body|[of] p1a: Volcarona\n|\n|-damage|p2a: Rhyperior|283/323 brn|[from] brn\n|upkeep\n|turn|16\n|-message|youlooose forfeited.\n|\n|win|ratburg02\n|raw|ratburg02's rating: 1140 &rarr; <strong>1160</strong><br />(+20 for winning)\n|raw|youlooose's rating: 1071 &rarr; <strong>1054</strong><br />(-17 for losing)\n|l|\u2606youlooose\n|player|p2|\n", "inputlog": ">version bfd83cad13791eb5a5a409923076391caf6fb4d4\n>start {\"formatid\":\"gen9randombattle\",\"seed\":[3950,9039,61788,12762],\"rated\":\"Rated battle\"}\n>player p1 {\"name\":\"ratburg02\",\"avatar\":\"lucas\",\"rating\":1140,\"seed\":[940,47569,63148,8251]}\n>player p2 {\"name\":\"youlooose\",\"avatar\":\"170\",\"rating\":1094,\"seed\":[25401,39012,4558,54631]}\n>p1 move bulkup\n>p2 move stickyweb\n>p1 move icepunch\n>p2 move knockoff\n>p1 move earthquake\n>p2 move lunge\n>p2 switch 3\n>p1 move bulkup\n>p2 move dracometeor\n>p1 move earthquake\n>p2 move heavyslam\n>p2 switch 4\n>p1 switch 6\n>p2 move icebeam\n>p1 move uturn\n>p2 move gunkshot\n>p1 switch 6\n>p1 move supercellslam\n>p2 move icebeam\n>p1 switch 4\n>p2 switch 6\n>p1 move stoneaxe\n>p2 move calmmind terastallize\n>p1 switch 6\n>p2 move focusblast\n>p1 switch 6\n>p1 move closecombat terastallize\n>p2 move focusblast\n>p2 switch 5\n>p1 switch 3\n>p2 move thunderbolt\n>p1 move psychocut\n>p2 move dazzlinggleam\n>p1 switch 3\n>p1 move stoneaxe\n>p2 move dazzlinggleam\n>p2 switch 2\n>p1 switch 5\n>p2 move megahorn\n>forcelose p2", "uploadtime": 1733845993, "views": 2, "formatid": "gen9randombattle", "rating": 1054, "private": 0, "password": null}