{"id": "gen9randombattle-2233792851", "format": "[Gen 9] Random Battle", "players": ["AlmAccordYT", "garlash daddy"], "log": "|badge|p2|bronze|gen9randombattle|100-3\n|uhtml|medal-msg|<div class=\"broadcast-blue\">Curious what those medals under the avatar are? PS now has Ladder Seasons! For more information, check out the <a href=\"https://www.smogon.com/forums/threads/3740067/\">thread on Smogon.</a></div>\n|j|\u2606AlmAccordYT\n|j|\u2606garlash daddy\n|t:|1730257899\n|gametype|singles\n|player|p1|AlmAccordYT|bellelba|2187\n|player|p2|garlash daddy|266|2270\n|teamsize|p1|6\n|teamsize|p2|6\n|gen|9\n|tier|[Gen 9] Random Battle\n|rated|\n|rule|Species Clause: Limit one of each Pok\u00e9mon\n|rule|HP Percentage Mod: HP is shown in percentages\n|rule|Sleep Clause Mod: Limit one foe put to sleep\n|rule|Illusion Level Mod: Illusion disguises the Pok\u00e9mon's true level\n|\n|t:|1730257899\n|start\n|switch|p1a: Beartic|Beartic, L91, M|321/321\n|switch|p2a: Pyroar|Pyroar, L88, M|295/295\n|-ability|p2a: Pyroar|Unnerve\n|turn|1\n|inactive|Battle timer is ON: inactive players will automatically lose when time's up. (requested by garlash daddy)\n|inactive|AlmAccordYT also wants the timer to be on.\n|c|\u2606AlmAccordYT|gl\n|\n|t:|1730257914\n|switch|p1a: Miraidon|Miraidon, L65|238/238\n|-fieldstart|move: Electric Terrain|[from] ability: Hadron Engine|[of] p1a: Miraidon\n|move|p2a: Pyroar|Will-O-Wisp|p1a: Miraidon\n|-status|p1a: Miraidon|brn\n|\n|-damage|p1a: Miraidon|224/238 brn|[from] brn\n|upkeep\n|turn|2\n|\n|t:|1730257922\n|move|p2a: Pyroar|Work Up|p2a: Pyroar\n|-boost|p2a: Pyroar|atk|1\n|-boost|p2a: Pyroar|spa|1\n|move|p1a: Miraidon|Volt Switch|p2a: Pyroar\n|-damage|p2a: Pyroar|126/295\n|inactive|AlmAccordYT has 120 seconds left.\n|\n|t:|1730257960\n|switch|p1a: Avalugg|Avalugg-Hisui, L90, M|317/317|[from] Volt Switch\n|\n|upkeep\n|turn|3\n|inactive|AlmAccordYT has 120 seconds left.\n|\n|t:|1730257974\n|move|p2a: Pyroar|Fire Blast|p1a: Avalugg\n|-ability|p1a: Avalugg|Sturdy\n|-damage|p1a: Avalugg|1/317\n|move|p1a: Avalugg|Stone Edge|p2a: Pyroar\n|-supereffective|p2a: Pyroar\n|-damage|p2a: Pyroar|0 fnt\n|faint|p2a: Pyroar\n|\n|upkeep\n|\n|t:|1730257997\n|switch|p2a: Rotom|Rotom, L88|231/231\n|turn|4\n|\n|t:|1730258002\n|move|p2a: Rotom|Volt Switch|p1a: Avalugg\n|-damage|p1a: Avalugg|0 fnt\n|faint|p1a: Avalugg\n|\n|t:|1730258007\n|switch|p2a: Quagsire|Quagsire, L84, M|297/297|[from] Volt Switch\n|\n|upkeep\n|inactive|AlmAccordYT has 120 seconds left.\n|\n|t:|1730258028\n|switch|p1a: Yanmega|Yanmega, L82, F|275/275\n|turn|5\n|\n|t:|1730258036\n|switch|p2a: Rotom|Rotom, L88|231/231\n|move|p1a: Yanmega|U-turn|p2a: Rotom\n|-resisted|p2a: Rotom\n|-damage|p2a: Rotom|171/231\n|inactive|AlmAccordYT has 120 seconds left.\n|\n|t:|1730258050\n|switch|p1a: Beartic|Beartic, L91, M|321/321|[from] U-turn\n|\n|-fieldend|move: Electric Terrain\n|upkeep\n|turn|6\n|\n|t:|1730258055\n|move|p2a: Rotom|Trick|p1a: Beartic\n|-activate|p2a: Rotom|move: Trick|[of] p1a: Beartic\n|-item|p1a: Beartic|Choice Scarf|[from] move: Trick\n|-item|p2a: Rotom|Heavy-Duty Boots|[from] move: Trick\n|move|p1a: Beartic|Snowscape|p1a: Beartic\n|-weather|Snow\n|\n|-weather|Snow|[upkeep]\n|upkeep\n|turn|7\n|\n|t:|1730258064\n|switch|p1a: Miraidon|Miraidon, L65|224/238 brn\n|-fieldstart|move: Electric Terrain|[from] ability: Hadron Engine|[of] p1a: Miraidon\n|move|p2a: Rotom|Shadow Ball|p1a: Miraidon\n|-damage|p1a: Miraidon|127/238 brn\n|\n|-weather|Snow|[upkeep]\n|-damage|p1a: Miraidon|113/238 brn|[from] brn\n|upkeep\n|turn|8\n|\n|t:|1730258072\n|move|p1a: Miraidon|Draco Meteor|p2a: Rotom\n|-damage|p2a: Rotom|0 fnt\n|-unboost|p1a: Miraidon|spa|2\n|faint|p2a: Rotom\n|\n|-weather|Snow|[upkeep]\n|-damage|p1a: Miraidon|99/238 brn|[from] brn\n|upkeep\n|\n|t:|1730258077\n|switch|p2a: Ogerpon|Ogerpon, L80, F|259/259\n|turn|9\n|\n|t:|1730258082\n|switch|p1a: Beartic|Beartic, L91, M|321/321\n|move|p2a: Ogerpon|Swords Dance|p2a: Ogerpon\n|-boost|p2a: Ogerpon|atk|2\n|\n|-weather|Snow|[upkeep]\n|upkeep\n|turn|10\n|\n|t:|1730258093\n|switch|p2a: Quagsire|Quagsire, L84, M|297/297\n|move|p1a: Beartic|Icicle Crash|p2a: Quagsire\n|-damage|p2a: Quagsire|152/297\n|\n|-weather|none\n|-heal|p2a: Quagsire|170/297|[from] item: Leftovers\n|upkeep\n|turn|11\n|\n|t:|1730258101\n|move|p1a: Beartic|Icicle Crash|p2a: Quagsire\n|-damage|p2a: Quagsire|40/297\n|move|p2a: Quagsire|Recover|p2a: Quagsire\n|-heal|p2a: Quagsire|189/297\n|\n|-heal|p2a: Quagsire|207/297|[from] item: Leftovers\n|-fieldend|move: Electric Terrain\n|upkeep\n|turn|12\n|\n|t:|1730258106\n|move|p1a: Beartic|Icicle Crash|p2a: Quagsire\n|-damage|p2a: Quagsire|69/297\n|move|p2a: Quagsire|Ice Beam|p1a: Beartic\n|-resisted|p1a: Beartic\n|-damage|p1a: Beartic|297/321\n|\n|-heal|p2a: Quagsire|87/297|[from] item: Leftovers\n|upkeep\n|turn|13\n|\n|t:|1730258111\n|move|p1a: Beartic|Icicle Crash|p2a: Quagsire\n|-damage|p2a: Quagsire|0 fnt\n|faint|p2a: Quagsire\n|\n|upkeep\n|\n|t:|1730258114\n|switch|p2a: Deoxys|Deoxys, L74|196/196\n|-ability|p2a: Deoxys|Pressure\n|turn|14\n|\n|t:|1730258122\n|move|p2a: Deoxys|Psycho Boost|p1a: Beartic\n|-damage|p1a: Beartic|86/321\n|-unboost|p2a: Deoxys|spa|2\n|-damage|p2a: Deoxys|177/196|[from] item: Life Orb\n|move|p1a: Beartic|Icicle Crash|p2a: Deoxys\n|-damage|p2a: Deoxys|0 fnt\n|faint|p2a: Deoxys\n|\n|upkeep\n|\n|t:|1730258130\n|switch|p2a: Ogerpon|Ogerpon, L80, F|259/259\n|turn|15\n|\n|t:|1730258133\n|move|p2a: Ogerpon|Ivy Cudgel|p1a: Beartic\n|-damage|p1a: Beartic|0 fnt\n|faint|p1a: Beartic\n|-damage|p2a: Ogerpon|234/259|[from] item: Life Orb\n|\n|upkeep\n|\n|t:|1730258149\n|switch|p1a: Yanmega|Yanmega, L82, F|275/275\n|turn|16\n|\n|t:|1730258165\n|move|p2a: Ogerpon|Swords Dance|p2a: Ogerpon\n|-boost|p2a: Ogerpon|atk|2\n|move|p1a: Yanmega|Bug Buzz|p2a: Ogerpon\n|-supereffective|p2a: Ogerpon\n|-damage|p2a: Ogerpon|0 fnt\n|faint|p2a: Ogerpon\n|\n|upkeep\n|\n|t:|1730258167\n|switch|p2a: Flapple|Flapple, L88, F|266/266\n|turn|17\n|\n|t:|1730258172\n|move|p2a: Flapple|Sucker Punch|p1a: Yanmega\n|-damage|p1a: Yanmega|139/275\n|move|p1a: Yanmega|Bug Buzz|p2a: Flapple\n|-supereffective|p2a: Flapple\n|-damage|p2a: Flapple|0 fnt\n|faint|p2a: Flapple\n|\n|win|AlmAccordYT\n|raw|AlmAccordYT's rating: 2187 &rarr; <strong>2212</strong><br />(+25 for winning)\n|raw|garlash daddy's rating: 2270 &rarr; <strong>2245</strong><br />(-25 for losing)\n|c|\u2606AlmAccordYT|gg\n|l|\u2606garlash daddy\n|player|p2|\n", "inputlog": ">version 477f30e240a7ed7b39cd1259dc3a52c35227dcfd\n>start {\"formatid\":\"gen9randombattle\",\"seed\":[64825,47574,1712,19071],\"rated\":\"Rated battle\"}\n>player p1 {\"name\":\"AlmAccordYT\",\"avatar\":\"bellelba\",\"rating\":2187,\"seed\":[19506,47487,2711,52920]}\n>player p2 {\"name\":\"garlash daddy\",\"avatar\":\"266\",\"rating\":2270,\"seed\":[54630,22008,20081,10554]}\n>chat \u2606AlmAccordYT|gl\n>p1 switch 2\n>p2 move willowisp\n>p1 move voltswitch\n>p2 move workup\n>p1 switch 4\n>p1 move stoneedge\n>p2 move fireblast\n>p2 switch 4\n>p1 move stoneedge\n>p2 move voltswitch\n>p2 switch 2\n>p1 switch 3\n>p1 move uturn\n>p2 switch 2\n>p1 switch 2\n>p1 move snowscape\n>p2 move trick\n>p1 switch 4\n>p2 move shadowball\n>p1 move dracometeor\n>p2 move shadowball\n>p2 switch 3\n>p1 switch 4\n>p2 move swordsdance\n>p1 move iciclecrash\n>p2 switch 2\n>p1 move iciclecrash\n>p2 move recover\n>p1 move iciclecrash\n>p2 move icebeam\n>p1 move iciclecrash\n>p2 move recover\n>p2 switch 5\n>p1 move iciclecrash\n>p2 move psychoboost\n>p2 switch 2\n>p1 move iciclecrash\n>p2 move ivycudgel\n>p1 switch 2\n>p1 move bugbuzz\n>p2 move swordsdance\n>p2 switch 6\n>p1 move bugbuzz\n>p2 move suckerpunch", "uploadtime": 1730258184, "views": 59, "formatid": "gen9randombattle", "rating": 2212, "private": 0, "password": null}