{"id": "gen9randombattle-2115207102", "format": "[Gen 9] Random Battle", "players": ["raysbradbury", "Norman2!"], "log": "|badge|p1|silver|gen9randombattle|30-1\n|html|<div class=\"broadcast-red\"><strong>This battle is required to be public due to one or more player having a season medal.</strong><br />During the public phase, you can discuss the state of the ladder <a href=\"/seasondiscussion\">in a special chatroom.</a></div>\n|uhtml|medal-msg|<div class=\"broadcast-blue\">Curious what those medals under the avatar are? PS now has Ladder Seasons! For more information, check out the <a href=\"https://www.smogon.com/forums/threads/3740067/\">thread on Smogon.</a></div>\n|badge|p2|silver|gen9randombattle|30-1\n|uhtml|medal-msg|<div class=\"broadcast-blue\">Curious what those medals under the avatar are? PS now has Ladder Seasons! For more information, check out the <a href=\"https://www.smogon.com/forums/threads/3740067/\">thread on Smogon.</a></div>\n|raw|<div class=\"broadcast-blue\"><strong>This battle is required to be public due to a player having a name starting with 'medal'.</div>\n|j|\u2606raysbradbury\n|j|\u203dNorman2!\n|t:|1714525940\n|gametype|singles\n|player|p1|raysbradbury|marley|2374\n|player|p2|Norman2!|102|2436\n|teamsize|p1|6\n|teamsize|p2|6\n|gen|9\n|tier|[Gen 9] Random Battle\n|rated|\n|rule|Species Clause: Limit one of each Pok\u00e9mon\n|rule|HP Percentage Mod: HP is shown in percentages\n|rule|Sleep Clause Mod: Limit one foe put to sleep\n|rule|Illusion Level Mod: Illusion disguises the Pok\u00e9mon's true level\n|\n|t:|1714525940\n|start\n|switch|p1a: Tornadus|Tornadus, L82, M|263/263\n|switch|p2a: Dudunsparce|Dudunsparce, L82, F|339/339\n|turn|1\n|inactive|Battle timer is ON: inactive players will automatically lose when time's up. (requested by raysbradbury)\n|\n|t:|1714525949\n|switch|p1a: Dusknoir|Dusknoir, L88, F|222/222\n|-item|p2a: Dudunsparce|Leftovers|[from] ability: Frisk|[of] p1a: Dusknoir|[identify]\n|move|p2a: Dudunsparce|Calm Mind|p2a: Dudunsparce\n|-boost|p2a: Dudunsparce|spa|1\n|-boost|p2a: Dudunsparce|spd|1\n|\n|upkeep\n|turn|2\n|\n|t:|1714525952\n|move|p2a: Dudunsparce|Shadow Ball|p1a: Dusknoir\n|-supereffective|p1a: Dusknoir\n|-damage|p1a: Dusknoir|128/222\n|move|p1a: Dusknoir|Trick|p2a: Dudunsparce\n|-activate|p1a: Dusknoir|move: Trick|[of] p2a: Dudunsparce\n|-item|p2a: Dudunsparce|Choice Band|[from] move: Trick\n|-item|p1a: Dusknoir|Leftovers|[from] move: Trick\n|\n|-heal|p1a: Dusknoir|141/222|[from] item: Leftovers\n|upkeep\n|turn|3\n|\n|t:|1714525959\n|move|p2a: Dudunsparce|Shadow Ball|p1a: Dusknoir\n|-supereffective|p1a: Dusknoir\n|-damage|p1a: Dusknoir|45/222\n|move|p1a: Dusknoir|Earthquake|p2a: Dudunsparce\n|-damage|p2a: Dudunsparce|247/339\n|\n|-heal|p1a: Dusknoir|58/222|[from] item: Leftovers\n|upkeep\n|turn|4\n|\n|t:|1714525962\n|switch|p1a: Ambipom|Ambipom, L84, M|263/263\n|move|p2a: Dudunsparce|Shadow Ball|p1a: Ambipom\n|-immune|p1a: Ambipom\n|\n|upkeep\n|turn|5\n|\n|t:|1714525972\n|move|p1a: Ambipom|Double-Edge|p2a: Dudunsparce\n|-damage|p2a: Dudunsparce|31/339\n|-damage|p1a: Ambipom|192/263|[from] Recoil\n|move|p2a: Dudunsparce|Shadow Ball|p1a: Ambipom\n|-immune|p1a: Ambipom\n|\n|upkeep\n|turn|6\n|j| chilleemonkee\n|\n|t:|1714525977\n|move|p1a: Ambipom|Double-Edge|p2a: Dudunsparce\n|-damage|p2a: Dudunsparce|0 fnt\n|faint|p2a: Dudunsparce\n|-damage|p1a: Ambipom|182/263|[from] Recoil\n|\n|upkeep\n|\n|t:|1714525984\n|switch|p2a: Kricketune|Kricketune, L99, F|312/312\n|turn|7\n|\n|t:|1714525995\n|move|p1a: Ambipom|Double-Edge|p2a: Kricketune\n|-damage|p2a: Kricketune|90/312\n|-damage|p1a: Ambipom|109/263|[from] Recoil\n|move|p2a: Kricketune|Pounce|p1a: Ambipom\n|-damage|p1a: Ambipom|0 fnt\n|faint|p1a: Ambipom\n|\n|upkeep\n|\n|t:|1714526001\n|switch|p1a: Iron Boulder|Iron Boulder, L77|265/265\n|turn|8\n|\n|t:|1714526011\n|switch|p2a: Zarude|Zarude-Dada, L78|292/292\n|move|p1a: Iron Boulder|Mighty Cleave|p2a: Zarude\n|-damage|p2a: Zarude|170/292\n|-damage|p1a: Iron Boulder|239/265|[from] item: Life Orb\n|\n|upkeep\n|turn|9\n|\n|t:|1714526025\n|-end|p1a: Iron Boulder|Quark Drive|[silent]\n|switch|p1a: Dusknoir|Dusknoir, L88, F|58/222\n|-item|p2a: Zarude|Choice Scarf|[from] ability: Frisk|[of] p1a: Dusknoir|[identify]\n|move|p2a: Zarude|Knock Off|p1a: Dusknoir\n|-supereffective|p1a: Dusknoir\n|-damage|p1a: Dusknoir|0 fnt\n|-enditem|p1a: Dusknoir|Leftovers|[from] move: Knock Off|[of] p2a: Zarude\n|faint|p1a: Dusknoir\n|\n|upkeep\n|\n|t:|1714526037\n|switch|p1a: Tornadus|Tornadus, L82, M|263/263\n|turn|10\n|\n|t:|1714526040\n|switch|p2a: Lapras|Lapras, L88, M|372/372\n|move|p1a: Tornadus|Bleakwind Storm|p2a: Lapras|[miss]\n|-miss|p1a: Tornadus|p2a: Lapras\n|\n|upkeep\n|turn|11\n|\n|t:|1714526047\n|move|p1a: Tornadus|Bleakwind Storm|p2a: Lapras\n|-damage|p2a: Lapras|207/372\n|move|p2a: Lapras|Dragon Dance|p2a: Lapras\n|-boost|p2a: Lapras|atk|1\n|-boost|p2a: Lapras|spe|1\n|\n|upkeep\n|turn|12\n|\n|t:|1714526064\n|move|p2a: Lapras|Freeze-Dry|p1a: Tornadus\n|-supereffective|p1a: Tornadus\n|-damage|p1a: Tornadus|111/263\n|move|p1a: Tornadus|Bleakwind Storm|p2a: Lapras|[miss]\n|-miss|p1a: Tornadus|p2a: Lapras\n|\n|upkeep\n|turn|13\n|\n|t:|1714526068\n|move|p2a: Lapras|Waterfall|p1a: Tornadus\n|-damage|p1a: Tornadus|0 fnt\n|faint|p1a: Tornadus\n|\n|upkeep\n|\n|t:|1714526071\n|switch|p1a: Iron Boulder|Iron Boulder, L77|239/265\n|turn|14\n|\n|t:|1714526077\n|-terastallize|p1a: Iron Boulder|Fighting\n|move|p1a: Iron Boulder|Close Combat|p2a: Lapras\n|-supereffective|p2a: Lapras\n|-damage|p2a: Lapras|0 fnt\n|-unboost|p1a: Iron Boulder|def|1\n|-unboost|p1a: Iron Boulder|spd|1\n|faint|p2a: Lapras\n|-damage|p1a: Iron Boulder|213/265|[from] item: Life Orb\n|\n|upkeep\n|\n|t:|1714526087\n|switch|p2a: Azelf|Azelf, L82|257/257\n|turn|15\n|\n|t:|1714526099\n|move|p2a: Azelf|Psyshock|p1a: Iron Boulder\n|-supereffective|p1a: Iron Boulder\n|-damage|p1a: Iron Boulder|0 fnt\n|faint|p1a: Iron Boulder\n|-end|p1a: Iron Boulder|Quark Drive|[silent]\n|\n|upkeep\n|\n|t:|1714526104\n|switch|p1a: Garchomp|Garchomp, L74, F|282/282\n|turn|16\n|\n|t:|1714526115\n|move|p2a: Azelf|Psyshock|p1a: Garchomp\n|-damage|p1a: Garchomp|138/282\n|move|p1a: Garchomp|Scale Shot|p2a: Azelf\n|-damage|p2a: Azelf|227/257\n|-damage|p2a: Azelf|193/257\n|-damage|p2a: Azelf|163/257\n|-damage|p2a: Azelf|132/257\n|-damage|p2a: Azelf|98/257\n|-hitcount|p2a: Azelf|5\n|-unboost|p1a: Garchomp|def|1\n|-boost|p1a: Garchomp|spe|1\n|\n|upkeep\n|turn|17\n|\n|t:|1714526129\n|switch|p2a: Kricketune|Kricketune, L99, F|90/312\n|move|p1a: Garchomp|Scale Shot|p2a: Kricketune\n|-damage|p2a: Kricketune|57/312\n|-damage|p2a: Kricketune|23/312\n|-damage|p2a: Kricketune|0 fnt\n|faint|p2a: Kricketune\n|-hitcount|p2: Kricketune|3\n|-unboost|p1a: Garchomp|def|1\n|-boost|p1a: Garchomp|spe|1\n|\n|upkeep\n|\n|t:|1714526136\n|switch|p2a: Gastrodon|Gastrodon-East, L86, F|331/331\n|turn|18\n|\n|t:|1714526143\n|switch|p1a: Terapagos|Terapagos, L76, F|262/262\n|-activate|p1a: Terapagos|ability: Tera Shift\n|detailschange|p1a: Terapagos|Terapagos-Terastal, L76, F\n|-heal|p1a: Terapagos|269/269|[silent]\n|move|p2a: Gastrodon|Earthquake|p1a: Terapagos\n|-activate|p1a: Terapagos|ability: Tera Shell\n|-resisted|p1a: Terapagos\n|-damage|p1a: Terapagos|220/269\n|\n|upkeep\n|turn|19\n|\n|t:|1714526155\n|move|p1a: Terapagos|Calm Mind|p1a: Terapagos\n|-boost|p1a: Terapagos|spa|1\n|-boost|p1a: Terapagos|spd|1\n|move|p2a: Gastrodon|Earthquake|p1a: Terapagos\n|-damage|p1a: Terapagos|121/269\n|\n|upkeep\n|turn|20\n|\n|t:|1714526164\n|move|p1a: Terapagos|Rest|p1a: Terapagos\n|-status|p1a: Terapagos|slp|[from] move: Rest\n|-heal|p1a: Terapagos|269/269 slp|[silent]\n|-enditem|p1a: Terapagos|Chesto Berry|[eat]\n|-curestatus|p1a: Terapagos|slp|[msg]\n|move|p2a: Gastrodon|Clear Smog|p1a: Terapagos\n|-activate|p1a: Terapagos|ability: Tera Shell\n|-resisted|p1a: Terapagos\n|-damage|p1a: Terapagos|258/269\n|-clearboost|p1a: Terapagos\n|\n|upkeep\n|turn|21\n|\n|t:|1714526172\n|move|p1a: Terapagos|Calm Mind|p1a: Terapagos\n|-boost|p1a: Terapagos|spa|1\n|-boost|p1a: Terapagos|spd|1\n|move|p2a: Gastrodon|Earthquake|p1a: Terapagos\n|-damage|p1a: Terapagos|171/269\n|\n|upkeep\n|turn|22\n|\n|t:|1714526175\n|move|p1a: Terapagos|Tera Starstorm|p2a: Gastrodon\n|-damage|p2a: Gastrodon|166/331\n|move|p2a: Gastrodon|Clear Smog|p1a: Terapagos\n|-damage|p1a: Terapagos|150/269\n|-clearboost|p1a: Terapagos\n|\n|-heal|p2a: Gastrodon|186/331|[from] item: Leftovers\n|upkeep\n|turn|23\n|\n|t:|1714526181\n|move|p1a: Terapagos|Calm Mind|p1a: Terapagos\n|-boost|p1a: Terapagos|spa|1\n|-boost|p1a: Terapagos|spd|1\n|move|p2a: Gastrodon|Recover|p2a: Gastrodon\n|-heal|p2a: Gastrodon|331/331\n|\n|upkeep\n|turn|24\n|\n|t:|1714526183\n|move|p1a: Terapagos|Tera Starstorm|p2a: Gastrodon\n|-damage|p2a: Gastrodon|157/331\n|move|p2a: Gastrodon|Clear Smog|p1a: Terapagos\n|-damage|p1a: Terapagos|127/269\n|-clearboost|p1a: Terapagos\n|\n|-heal|p2a: Gastrodon|177/331|[from] item: Leftovers\n|upkeep\n|turn|25\n|\n|t:|1714526193\n|move|p1a: Terapagos|Calm Mind|p1a: Terapagos\n|-boost|p1a: Terapagos|spa|1\n|-boost|p1a: Terapagos|spd|1\n|move|p2a: Gastrodon|Recover|p2a: Gastrodon\n|-heal|p2a: Gastrodon|331/331\n|\n|upkeep\n|turn|26\n|\n|t:|1714526198\n|move|p1a: Terapagos|Tera Starstorm|p2a: Gastrodon\n|-damage|p2a: Gastrodon|147/331\n|move|p2a: Gastrodon|Clear Smog|p1a: Terapagos\n|-damage|p1a: Terapagos|106/269\n|-clearboost|p1a: Terapagos\n|\n|-heal|p2a: Gastrodon|167/331|[from] item: Leftovers\n|upkeep\n|turn|27\n|\n|t:|1714526202\n|move|p1a: Terapagos|Calm Mind|p1a: Terapagos\n|-boost|p1a: Terapagos|spa|1\n|-boost|p1a: Terapagos|spd|1\n|move|p2a: Gastrodon|Recover|p2a: Gastrodon\n|-heal|p2a: Gastrodon|331/331\n|\n|upkeep\n|turn|28\n|\n|t:|1714526205\n|move|p1a: Terapagos|Tera Starstorm|p2a: Gastrodon\n|-damage|p2a: Gastrodon|156/331\n|move|p2a: Gastrodon|Clear Smog|p1a: Terapagos\n|-damage|p1a: Terapagos|81/269\n|-clearboost|p1a: Terapagos\n|\n|-heal|p2a: Gastrodon|176/331|[from] item: Leftovers\n|upkeep\n|turn|29\n|\n|t:|1714526211\n|move|p1a: Terapagos|Tera Starstorm|p2a: Gastrodon\n|-damage|p2a: Gastrodon|64/331\n|move|p2a: Gastrodon|Recover|p2a: Gastrodon\n|-heal|p2a: Gastrodon|230/331\n|\n|-heal|p2a: Gastrodon|250/331|[from] item: Leftovers\n|upkeep\n|turn|30\n|\n|t:|1714526217\n|move|p1a: Terapagos|Tera Starstorm|p2a: Gastrodon\n|-damage|p2a: Gastrodon|133/331\n|move|p2a: Gastrodon|Clear Smog|p1a: Terapagos\n|-damage|p1a: Terapagos|47/269\n|-clearboost|p1a: Terapagos\n|\n|-heal|p2a: Gastrodon|153/331|[from] item: Leftovers\n|upkeep\n|turn|31\n|\n|t:|1714526221\n|move|p1a: Terapagos|Calm Mind|p1a: Terapagos\n|-boost|p1a: Terapagos|spa|1\n|-boost|p1a: Terapagos|spd|1\n|move|p2a: Gastrodon|Recover|p2a: Gastrodon\n|-heal|p2a: Gastrodon|319/331\n|\n|-heal|p2a: Gastrodon|331/331|[from] item: Leftovers\n|upkeep\n|turn|32\n|\n|t:|1714526224\n|move|p1a: Terapagos|Tera Starstorm|p2a: Gastrodon\n|-damage|p2a: Gastrodon|147/331\n|move|p2a: Gastrodon|Clear Smog|p1a: Terapagos\n|-damage|p1a: Terapagos|23/269\n|-clearboost|p1a: Terapagos\n|\n|-heal|p2a: Gastrodon|167/331|[from] item: Leftovers\n|upkeep\n|turn|33\n|\n|t:|1714526228\n|move|p1a: Terapagos|Calm Mind|p1a: Terapagos\n|-boost|p1a: Terapagos|spa|1\n|-boost|p1a: Terapagos|spd|1\n|move|p2a: Gastrodon|Recover|p2a: Gastrodon\n|-heal|p2a: Gastrodon|331/331\n|\n|upkeep\n|turn|34\n|j| AstralAvalanche\n|\n|t:|1714526235\n|move|p1a: Terapagos|Tera Starstorm|p2a: Gastrodon\n|-damage|p2a: Gastrodon|163/331\n|move|p2a: Gastrodon|Clear Smog|p1a: Terapagos\n|-damage|p1a: Terapagos|2/269\n|-clearboost|p1a: Terapagos\n|\n|-heal|p2a: Gastrodon|183/331|[from] item: Leftovers\n|upkeep\n|turn|35\n|\n|t:|1714526248\n|switch|p2a: Azelf|Azelf, L82|98/257\n|move|p1a: Terapagos|Calm Mind|p1a: Terapagos\n|-boost|p1a: Terapagos|spa|1\n|-boost|p1a: Terapagos|spd|1\n|\n|upkeep\n|turn|36\n|\n|t:|1714526254\n|move|p2a: Azelf|Psyshock|p1a: Terapagos\n|-crit|p1a: Terapagos\n|-damage|p1a: Terapagos|0 fnt\n|faint|p1a: Terapagos\n|\n|upkeep\n|\n|t:|1714526256\n|switch|p1a: Garchomp|Garchomp, L74, F|138/282\n|turn|37\n|\n|t:|1714526260\n|-terastallize|p2a: Azelf|Psychic\n|move|p2a: Azelf|Psyshock|p1a: Garchomp\n|-damage|p1a: Garchomp|0 fnt\n|faint|p1a: Garchomp\n|\n|win|Norman2!\n|raw|raysbradbury's rating: 2345 &rarr; <strong>2330</strong><br />(-15 for losing)\n|raw|Norman2!'s rating: 2436 &rarr; <strong>2451</strong><br />(+15 for winning)\n|l|\u2606raysbradbury\n|player|p1|\n", "inputlog": ">version b84337b8f7878220839aa0c41b4e8e9021e31424\n>start {\"formatid\":\"gen9randombattle\",\"seed\":[64944,9469,15089,55052],\"rated\":\"Rated battle\"}\n>player p1 {\"name\":\"raysbradbury\",\"avatar\":\"marley\",\"rating\":2374,\"seed\":[60466,932,30887,21057]}\n>player p2 {\"name\":\"Norman2!\",\"avatar\":\"102\",\"rating\":2436,\"seed\":[19830,14222,20793,7900]}\n>p1 switch 5\n>p2 move calmmind\n>p1 move trick\n>p2 move shadowball\n>p1 move earthquake\n>p2 move shadowball\n>p1 switch 2\n>p2 move shadowball\n>p1 move doubleedge\n>p2 move shadowball\n>p1 move doubleedge\n>p2 move shadowball\n>p2 switch 3\n>p1 move doubleedge\n>p2 move pounce\n>p1 switch 4\n>p1 move mightycleave\n>p2 switch 6\n>p1 switch 2\n>p2 move knockoff\n>p1 switch 5\n>p1 move bleakwindstorm\n>p2 switch 5\n>p1 move bleakwindstorm\n>p2 move dragondance\n>p1 move bleakwindstorm\n>p2 move freezedry\n>p1 move bleakwindstorm\n>p2 move waterfall\n>p1 switch 2\n>p1 move closecombat terastallize\n>p2 move waterfall\n>p2 switch 4\n>p1 move mightycleave\n>p2 move psyshock\n>p1 switch 6\n>p1 move scaleshot\n>p2 move psyshock\n>p1 move scaleshot\n>p2 switch 6\n>p2 switch 2\n>p1 switch 3\n>p2 move earthquake\n>p1 move calmmind\n>p2 move earthquake\n>p1 move rest\n>p2 move clearsmog\n>p1 move calmmind\n>p2 move earthquake\n>p1 move terastarstorm\n>p2 move clearsmog\n>p1 move calmmind\n>p2 move recover\n>p1 move terastarstorm\n>p2 move clearsmog\n>p1 move calmmind\n>p2 move recover\n>p1 move terastarstorm\n>p2 move clearsmog\n>p1 move calmmind\n>p2 move recover\n>p1 move terastarstorm\n>p2 move clearsmog\n>p1 move terastarstorm\n>p2 move recover\n>p1 move terastarstorm\n>p2 move clearsmog\n>p1 move calmmind\n>p2 move recover\n>p1 move terastarstorm\n>p2 move clearsmog\n>p1 move calmmind\n>p2 move recover\n>p1 move terastarstorm\n>p2 move clearsmog\n>p1 move calmmind\n>p2 switch 6\n>p1 move rest\n>p2 move psyshock\n>p1 switch 3\n>p1 move scaleshot\n>p2 move psyshock terastallize", "uploadtime": 1714526264, "views": 233, "formatid": "gen9randombattle", "rating": 2330, "private": 0, "password": null}