{"id": "gen9randombattle-2174646906", "format": "[Gen 9] Random Battle", "players": ["Fillo_VCG", "Micael Lopes"], "log": "|j|\u2606Fillo_VCG\n|j|\u2606Micael Lopes\n|t:|1722955550\n|gametype|singles\n|player|p1|Fillo_VCG|bruno|2246\n|player|p2|Micael Lopes|benga|2205\n|teamsize|p1|6\n|teamsize|p2|6\n|gen|9\n|tier|[Gen 9] Random Battle\n|rated|\n|rule|Species Clause: Limit one of each Pok\u00e9mon\n|rule|HP Percentage Mod: HP is shown in percentages\n|rule|Sleep Clause Mod: Limit one foe put to sleep\n|rule|Illusion Level Mod: Illusion disguises the Pok\u00e9mon's true level\n|\n|t:|1722955550\n|start\n|switch|p1a: Vikavolt|Vikavolt, L83, M|263/263\n|switch|p2a: Scovillain|Scovillain, L91, F|266/266\n|turn|1\n|inactive|Battle timer is ON: inactive players will automatically lose when time's up. (requested by Micael Lopes)\n|\n|t:|1722955559\n|switch|p1a: Dragalge|Dragalge, L88, M|258/258\n|move|p2a: Scovillain|Fire Blast|p1a: Dragalge\n|-resisted|p1a: Dragalge\n|-damage|p1a: Dragalge|224/258\n|\n|upkeep\n|turn|2\n|\n|t:|1722955564\n|switch|p2a: Qwilfish|Qwilfish, L86, M|252/252\n|-ability|p2a: Qwilfish|Intimidate|boost\n|-unboost|p1a: Dragalge|atk|1\n|move|p1a: Dragalge|Dragon Tail|p2a: Qwilfish\n|-damage|p2a: Qwilfish|200/252\n|drag|p2a: Kingdra|Kingdra, L84, M|238/238\n|\n|upkeep\n|turn|3\n|\n|t:|1722955576\n|move|p2a: Kingdra|Dark Pulse|p1a: Dragalge\n|-damage|p1a: Dragalge|155/258\n|move|p1a: Dragalge|Draco Meteor|p2a: Kingdra\n|-damage|p2a: Kingdra|0 fnt\n|-unboost|p1a: Dragalge|spa|2\n|replace|p2a: Zoroark|Zoroark, L84, M\n|-end|p2a: Zoroark|Illusion\n|-hint|Illusion Level Mod is active, so this Pok\u00e9mon's true level was hidden.\n|faint|p2a: Zoroark\n|\n|upkeep\n|\n|t:|1722955596\n|switch|p2a: Qwilfish|Qwilfish, L86, M|200/252\n|-ability|p2a: Qwilfish|Intimidate|boost\n|-unboost|p1a: Dragalge|atk|1\n|turn|4\n|\n|t:|1722955600\n|switch|p1a: Lanturn|Lanturn, L89, F|367/367\n|move|p2a: Qwilfish|Spikes|p1a: Lanturn\n|-sidestart|p1: Fillo_VCG|Spikes\n|\n|-heal|p2a: Qwilfish|215/252|[from] item: Leftovers\n|upkeep\n|turn|5\n|\n|t:|1722955606\n|move|p2a: Qwilfish|Spikes|p1a: Lanturn\n|-sidestart|p1: Fillo_VCG|Spikes\n|move|p1a: Lanturn|Thunder Wave|p2a: Qwilfish\n|-status|p2a: Qwilfish|par\n|\n|-heal|p2a: Qwilfish|230/252 par|[from] item: Leftovers\n|upkeep\n|turn|6\n|\n|t:|1722955611\n|switch|p1a: Vikavolt|Vikavolt, L83, M|263/263\n|switch|p2a: Meowscarada|Meowscarada, L78, F|247/247\n|\n|upkeep\n|turn|7\n|\n|t:|1722955624\n|move|p2a: Meowscarada|U-turn|p1a: Vikavolt\n|-start|p2a: Meowscarada|typechange|Bug|[from] ability: Protean\n|-damage|p1a: Vikavolt|197/263\n|j| npc0721\n|\n|t:|1722955627\n|switch|p2a: Scovillain|Scovillain, L91, F|266/266|[from] U-turn\n|move|p1a: Vikavolt|Sticky Web|p2a: Scovillain\n|-sidestart|p2: Micael Lopes|move: Sticky Web\n|\n|upkeep\n|turn|8\n|\n|t:|1722955636\n|switch|p1a: Dragalge|Dragalge, L88, M|155/258\n|-damage|p1a: Dragalge|112/258|[from] Spikes\n|move|p2a: Scovillain|Stomping Tantrum|p1a: Dragalge\n|-supereffective|p1a: Dragalge\n|-damage|p1a: Dragalge|0 fnt\n|faint|p1a: Dragalge\n|\n|upkeep\n|\n|t:|1722955644\n|switch|p1a: Typhlosion|Typhlosion-Hisui, L83, F|257/257\n|turn|9\n|\n|t:|1722955651\n|move|p1a: Typhlosion|Fire Blast|p2a: Scovillain|[miss]\n|-miss|p1a: Typhlosion|p2a: Scovillain\n|move|p2a: Scovillain|Stomping Tantrum|p1a: Typhlosion\n|-supereffective|p1a: Typhlosion\n|-damage|p1a: Typhlosion|101/257\n|\n|upkeep\n|turn|10\n|l| npc0721\n|\n|t:|1722955660\n|switch|p2a: Kingdra|Kingdra, L84, M|263/263\n|-activate|p2a: Kingdra|move: Sticky Web\n|-unboost|p2a: Kingdra|spe|1\n|move|p1a: Typhlosion|Fire Blast|p2a: Kingdra\n|-resisted|p2a: Kingdra\n|-damage|p2a: Kingdra|233/263\n|\n|upkeep\n|turn|11\n|\n|t:|1722955665\n|move|p1a: Typhlosion|Shadow Ball|p2a: Kingdra\n|-damage|p2a: Kingdra|145/263\n|move|p2a: Kingdra|Dragon Dance|p2a: Kingdra\n|-boost|p2a: Kingdra|atk|1\n|-boost|p2a: Kingdra|spe|1\n|\n|upkeep\n|turn|12\n|\n|t:|1722955669\n|switch|p1a: Lanturn|Lanturn, L89, F|367/367\n|-damage|p1a: Lanturn|306/367|[from] Spikes\n|move|p2a: Kingdra|Dragon Dance|p2a: Kingdra\n|-boost|p2a: Kingdra|atk|1\n|-boost|p2a: Kingdra|spe|1\n|\n|-heal|p1a: Lanturn|328/367|[from] item: Leftovers\n|upkeep\n|turn|13\n|\n|t:|1722955675\n|move|p2a: Kingdra|Dragon Dance|p2a: Kingdra\n|-boost|p2a: Kingdra|atk|1\n|-boost|p2a: Kingdra|spe|1\n|move|p1a: Lanturn|Thunder Wave|p2a: Kingdra\n|-status|p2a: Kingdra|par\n|-enditem|p2a: Kingdra|Lum Berry|[eat]\n|-curestatus|p2a: Kingdra|par|[msg]\n|\n|-heal|p1a: Lanturn|350/367|[from] item: Leftovers\n|upkeep\n|turn|14\n|\n|t:|1722955679\n|move|p2a: Kingdra|Outrage|p1a: Lanturn\n|-damage|p1a: Lanturn|0 fnt\n|faint|p1a: Lanturn\n|\n|upkeep\n|\n|t:|1722955686\n|switch|p1a: Eiscue|Eiscue, L87, M|272/272\n|-damage|p1a: Eiscue|227/272|[from] Spikes\n|turn|15\n|\n|t:|1722955691\n|move|p2a: Kingdra|Outrage|p1a: Eiscue|[from]lockedmove\n|-activate|p1a: Eiscue|ability: Ice Face\n|-damage|p1a: Eiscue|227/272\n|detailschange|p1a: Eiscue|Eiscue-Noice, L87, M\n|-start|p2a: Kingdra|confusion|[fatigue]\n|move|p1a: Eiscue|Belly Drum|p1a: Eiscue\n|-damage|p1a: Eiscue|91/272\n|-setboost|p1a: Eiscue|atk|6|[from] move: Belly Drum\n|\n|upkeep\n|turn|16\n|\n|t:|1722955700\n|-activate|p2a: Kingdra|confusion\n|move|p2a: Kingdra|Iron Head|p1a: Eiscue\n|-supereffective|p1a: Eiscue\n|-damage|p1a: Eiscue|0 fnt\n|faint|p1a: Eiscue\n|\n|upkeep\n|\n|t:|1722955703\n|switch|p1a: Vikavolt|Vikavolt, L83, M|197/263\n|turn|17\n|\n|t:|1722955708\n|-end|p2a: Kingdra|confusion\n|move|p2a: Kingdra|Outrage|p1a: Vikavolt\n|-damage|p1a: Vikavolt|0 fnt\n|faint|p1a: Vikavolt\n|\n|upkeep\n|-message|Fillo_VCG forfeited.\n|\n|win|Micael Lopes\n|raw|Fillo_VCG's rating: 2246 &rarr; <strong>2224</strong><br />(-22 for losing)\n|raw|Micael Lopes's rating: 2205 &rarr; <strong>2227</strong><br />(+22 for winning)\n|l|\u2606Fillo_VCG\n|player|p1|\n|c|\u2606Micael Lopes|**Sexy game.**\n", "inputlog": ">version 645aa3833dc4d492fc8695bcaa26b087252171ab\n>start {\"formatid\":\"gen9randombattle\",\"seed\":[59399,53161,11009,18980],\"rated\":\"Rated battle\"}\n>player p1 {\"name\":\"Fillo_VCG\",\"avatar\":\"bruno\",\"rating\":2246,\"seed\":[40203,61370,9314,14489]}\n>player p2 {\"name\":\"Micael Lopes\",\"avatar\":\"benga\",\"rating\":2205,\"seed\":[20090,6700,60715,65003]}\n>p1 switch 2\n>p2 move fireblast\n>p1 move dragontail\n>p2 switch 3\n>p1 move dracometeor\n>p2 move darkpulse\n>p2 switch 5\n>p1 switch 3\n>p2 move spikes\n>p1 move thunderwave\n>p2 move spikes\n>p1 switch 2\n>p2 switch 2\n>p1 move stickyweb\n>p2 move uturn\n>p2 switch 3\n>p1 switch 3\n>p2 move stompingtantrum\n>p1 switch 6\n>p1 move fireblast\n>p2 move stompingtantrum\n>p1 move fireblast\n>p2 switch 6\n>p1 move shadowball\n>p2 move dragondance\n>p1 switch 2\n>p2 move dragondance\n>p1 move thunderwave\n>p2 move dragondance\n>p1 move thunderwave\n>p2 move outrage\n>p1 switch 4\n>p1 move bellydrum\n>p2 move outrage\n>p1 move icespinner\n>p2 move ironhead\n>p1 switch 3\n>p1 move thunderbolt\n>p2 move outrage\n>forcelose p1", "uploadtime": 1722955721, "views": 131, "formatid": "gen9randombattle", "rating": 2224, "private": 0, "password": null}