{"id": "gen9randombattle-2010933667", "format": "[Gen 9] Random Battle", "players": ["Wakandius_PMSD", "FrankRayquaza"], "log": "|j|\u2606Wakandius_PMSD\n|j|\u2606FrankRayquaza\n|t:|1702493503\n|gametype|singles\n|player|p1|Wakandius_PMSD|170|2201\n|player|p2|FrankRayquaza|101|2270\n|teamsize|p1|6\n|teamsize|p2|6\n|gen|9\n|tier|[Gen 9] Random Battle\n|rated|\n|rule|Species Clause: Limit one of each Pok\u00e9mon\n|rule|HP Percentage Mod: HP is shown in percentages\n|rule|Sleep Clause Mod: Limit one foe put to sleep\n|rule|Illusion Level Mod: Illusion disguises the Pok\u00e9mon's true level\n|\n|t:|1702493503\n|start\n|switch|p1a: Inteleon|Inteleon, L81, M|246/246\n|switch|p2a: Luvdisc|Luvdisc, M|248/248\n|turn|1\n|\n|t:|1702493514\n|move|p2a: Luvdisc|Wish|p2a: Luvdisc\n|move|p1a: Inteleon|U-turn|p2a: Luvdisc\n|-damage|p2a: Luvdisc|203/248\n|\n|t:|1702493520\n|switch|p1a: Amoonguss|Amoonguss, L82, F|321/321|[from] U-turn\n|\n|-heal|p2a: Luvdisc|218/248|[from] item: Leftovers\n|upkeep\n|turn|2\n|\n|t:|1702493533\n|move|p2a: Luvdisc|Flip Turn|p1a: Amoonguss\n|-resisted|p1a: Amoonguss\n|-damage|p1a: Amoonguss|294/321\n|\n|t:|1702493535\n|switch|p2a: Scovillain|Scovillain, L91, F|266/266|[from] Flip Turn\n|move|p1a: Amoonguss|Spore|p2a: Scovillain\n|-immune|p2a: Scovillain\n|\n|-heal|p1a: Amoonguss|314/321|[from] item: Leftovers\n|upkeep\n|turn|3\n|\n|t:|1702493548\n|switch|p1a: Squawkabilly|Squawkabilly-Yellow, L89, M|291/291\n|move|p2a: Scovillain|Fire Blast|p1a: Squawkabilly\n|-damage|p1a: Squawkabilly|95/291\n|\n|upkeep\n|turn|4\n|inactive|Battle timer is ON: inactive players will automatically lose when time's up. (requested by Wakandius_PMSD)\n|\n|t:|1702493572\n|switch|p2a: Luvdisc|Luvdisc, M|218/248\n|move|p1a: Squawkabilly|Brave Bird|p2a: Luvdisc\n|-damage|p2a: Luvdisc|0 fnt\n|faint|p2a: Luvdisc\n|-damage|p1a: Squawkabilly|23/291|[from] Recoil\n|\n|upkeep\n|inactive|FrankRayquaza has 120 seconds left.\n|\n|t:|1702493612\n|switch|p2a: Hydreigon|Hydreigon, L79, F|275/275\n|turn|5\n|\n|t:|1702493630\n|switch|p1a: Iron Valiant|Iron Valiant, L79|247/247\n|move|p2a: Hydreigon|Dark Pulse|p1a: Iron Valiant\n|-resisted|p1a: Iron Valiant\n|-damage|p1a: Iron Valiant|213/247\n|\n|upkeep\n|turn|6\n|inactive|FrankRayquaza has 120 seconds left.\n|\n|t:|1702493640\n|switch|p2a: Grumpig|Grumpig, L92, F|297/297\n|move|p1a: Iron Valiant|Close Combat|p2a: Grumpig\n|-resisted|p2a: Grumpig\n|-damage|p2a: Grumpig|192/297\n|-unboost|p1a: Iron Valiant|def|1\n|-unboost|p1a: Iron Valiant|spd|1\n|-damage|p1a: Iron Valiant|189/247|[from] item: Life Orb\n|\n|upkeep\n|turn|7\n|\n|t:|1702493653\n|-end|p1a: Iron Valiant|Quark Drive|[silent]\n|switch|p1a: Dugtrio|Dugtrio-Alola, L85, F|198/198\n|move|p2a: Grumpig|Psychic|p1a: Dugtrio\n|-resisted|p1a: Dugtrio\n|-damage|p1a: Dugtrio|138/198\n|\n|upkeep\n|turn|8\n|\n|t:|1702493662\n|switch|p2a: Hydreigon|Hydreigon, L79, F|275/275\n|move|p1a: Dugtrio|Iron Head|p2a: Hydreigon\n|-damage|p2a: Hydreigon|158/275\n|-damage|p1a: Dugtrio|119/198|[from] item: Life Orb\n|\n|upkeep\n|turn|9\n|\n|t:|1702493671\n|switch|p1a: Squawkabilly|Squawkabilly-Yellow, L89, M|23/291\n|move|p2a: Hydreigon|Fire Blast|p1a: Squawkabilly\n|-damage|p1a: Squawkabilly|0 fnt\n|faint|p1a: Squawkabilly\n|\n|upkeep\n|\n|t:|1702493678\n|switch|p1a: Inteleon|Inteleon, L81, M|246/246\n|turn|10\n|\n|t:|1702493681\n|switch|p2a: Grumpig|Grumpig, L92, F|192/297\n|move|p1a: Inteleon|U-turn|p2a: Grumpig\n|-supereffective|p2a: Grumpig\n|-damage|p2a: Grumpig|102/297\n|\n|t:|1702493689\n|switch|p1a: Dugtrio|Dugtrio-Alola, L85, F|119/198|[from] U-turn\n|\n|upkeep\n|turn|11\n|\n|t:|1702493695\n|move|p1a: Dugtrio|Sucker Punch||[still]\n|-fail|p1a: Dugtrio\n|move|p2a: Grumpig|Trick|p1a: Dugtrio\n|-activate|p2a: Grumpig|move: Trick|[of] p1a: Dugtrio\n|-item|p1a: Dugtrio|Choice Scarf|[from] move: Trick\n|-item|p2a: Grumpig|Life Orb|[from] move: Trick\n|\n|upkeep\n|turn|12\n|\n|t:|1702493706\n|move|p1a: Dugtrio|Iron Head|p2a: Grumpig\n|-damage|p2a: Grumpig|0 fnt\n|faint|p2a: Grumpig\n|\n|upkeep\n|\n|t:|1702493712\n|switch|p2a: Scovillain|Scovillain, L91, F|266/266\n|turn|13\n|\n|t:|1702493721\n|switch|p1a: Leafeon|Leafeon, L88, F|258/258\n|move|p2a: Scovillain|Sunny Day|p2a: Scovillain\n|-weather|SunnyDay\n|\n|-weather|SunnyDay|[upkeep]\n|upkeep\n|turn|14\n|\n|t:|1702493734\n|move|p1a: Leafeon|Double-Edge|p2a: Scovillain\n|-damage|p2a: Scovillain|104/266\n|-damage|p1a: Leafeon|205/258|[from] Recoil\n|-damage|p1a: Leafeon|180/258|[from] item: Life Orb\n|move|p2a: Scovillain|Fire Blast|p1a: Leafeon\n|-supereffective|p1a: Leafeon\n|-damage|p1a: Leafeon|0 fnt\n|faint|p1a: Leafeon\n|\n|-weather|SunnyDay|[upkeep]\n|upkeep\n|inactive|Wakandius_PMSD has 120 seconds left.\n|\n|t:|1702493766\n|switch|p1a: Dugtrio|Dugtrio-Alola, L85, F|119/198\n|turn|15\n|\n|t:|1702493772\n|move|p1a: Dugtrio|Sucker Punch|p2a: Scovillain\n|-damage|p2a: Scovillain|43/266\n|move|p2a: Scovillain|Fire Blast|p1a: Dugtrio\n|-supereffective|p1a: Dugtrio\n|-damage|p1a: Dugtrio|0 fnt\n|faint|p1a: Dugtrio\n|\n|-weather|SunnyDay|[upkeep]\n|upkeep\n|\n|t:|1702493781\n|switch|p1a: Inteleon|Inteleon, L81, M|246/246\n|turn|16\n|\n|t:|1702493785\n|switch|p1a: Amoonguss|Amoonguss, L82, F|321/321\n|move|p2a: Scovillain|Energy Ball|p1a: Amoonguss\n|-resisted|p1a: Amoonguss\n|-damage|p1a: Amoonguss|289/321\n|\n|-weather|SunnyDay|[upkeep]\n|-heal|p1a: Amoonguss|309/321|[from] item: Leftovers\n|upkeep\n|turn|17\n|\n|t:|1702493795\n|switch|p1a: Inteleon|Inteleon, L81, M|246/246\n|move|p2a: Scovillain|Fire Blast|p1a: Inteleon\n|-resisted|p1a: Inteleon\n|-damage|p1a: Inteleon|98/246\n|\n|-weather|none\n|upkeep\n|turn|18\n|\n|t:|1702493803\n|move|p1a: Inteleon|U-turn|p2a: Scovillain\n|-damage|p2a: Scovillain|0 fnt\n|faint|p2a: Scovillain\n|\n|t:|1702493807\n|switch|p1a: Amoonguss|Amoonguss, L82, F|321/321|[from] U-turn\n|\n|upkeep\n|\n|t:|1702493835\n|switch|p2a: Sawsbuck|Sawsbuck-Winter, L88, M|284/284\n|turn|19\n|\n|t:|1702493863\n|move|p2a: Sawsbuck|Headbutt|p1a: Amoonguss\n|-damage|p1a: Amoonguss|195/321\n|-damage|p2a: Sawsbuck|256/284|[from] item: Life Orb\n|move|p1a: Amoonguss|Sludge Bomb|p2a: Sawsbuck\n|-supereffective|p2a: Sawsbuck\n|-damage|p2a: Sawsbuck|80/284\n|-status|p2a: Sawsbuck|psn\n|\n|-heal|p1a: Amoonguss|215/321|[from] item: Leftovers\n|-damage|p2a: Sawsbuck|45/284 psn|[from] psn\n|upkeep\n|turn|20\n|\n|t:|1702493874\n|move|p2a: Sawsbuck|Headbutt|p1a: Amoonguss\n|-damage|p1a: Amoonguss|75/321\n|-damage|p2a: Sawsbuck|17/284 psn|[from] item: Life Orb\n|move|p1a: Amoonguss|Giga Drain|p2a: Sawsbuck\n|-resisted|p2a: Sawsbuck\n|-damage|p2a: Sawsbuck|0 fnt\n|-heal|p1a: Amoonguss|84/321|[from] drain|[of] p2a: Sawsbuck\n|faint|p2a: Sawsbuck\n|\n|-heal|p1a: Amoonguss|104/321|[from] item: Leftovers\n|upkeep\n|\n|t:|1702493892\n|switch|p2a: Chi-Yu|Chi-Yu, L77|211/211\n|-ability|p2a: Chi-Yu|Beads of Ruin\n|turn|21\n|\n|t:|1702493902\n|move|p2a: Chi-Yu|Psychic|p1a: Amoonguss\n|-supereffective|p1a: Amoonguss\n|-damage|p1a: Amoonguss|0 fnt\n|faint|p1a: Amoonguss\n|\n|upkeep\n|\n|t:|1702493907\n|switch|p1a: Iron Valiant|Iron Valiant, L79|189/247\n|turn|22\n|\n|t:|1702493919\n|-terastallize|p1a: Iron Valiant|Dark\n|move|p1a: Iron Valiant|Close Combat|p2a: Chi-Yu\n|-supereffective|p2a: Chi-Yu\n|-damage|p2a: Chi-Yu|0 fnt\n|-unboost|p1a: Iron Valiant|def|1\n|-unboost|p1a: Iron Valiant|spd|1\n|faint|p2a: Chi-Yu\n|-damage|p1a: Iron Valiant|165/247|[from] item: Life Orb\n|\n|upkeep\n|\n|t:|1702493924\n|switch|p2a: Hydreigon|Hydreigon, L79, F|158/275\n|turn|23\n|\n|t:|1702493938\n|-end|p1a: Iron Valiant|Quark Drive|[silent]\n|switch|p1a: Inteleon|Inteleon, L81, M|98/246\n|-terastallize|p2a: Hydreigon|Dark\n|move|p2a: Hydreigon|Dark Pulse|p1a: Inteleon\n|-damage|p1a: Inteleon|0 fnt\n|faint|p1a: Inteleon\n|\n|upkeep\n|\n|t:|1702493945\n|switch|p1a: Iron Valiant|Iron Valiant, L79, tera:Dark|165/247\n|turn|24\n|\n|t:|1702493948\n|move|p2a: Hydreigon|Dark Pulse|p1a: Iron Valiant\n|-resisted|p1a: Iron Valiant\n|-damage|p1a: Iron Valiant|86/247\n|move|p1a: Iron Valiant|Close Combat|p2a: Hydreigon\n|-supereffective|p2a: Hydreigon\n|-damage|p2a: Hydreigon|0 fnt\n|-unboost|p1a: Iron Valiant|def|1\n|-unboost|p1a: Iron Valiant|spd|1\n|faint|p2a: Hydreigon\n|-damage|p1a: Iron Valiant|62/247|[from] item: Life Orb\n|\n|win|Wakandius_PMSD\n|raw|Wakandius_PMSD's rating: 2201 &rarr; <strong>2225</strong><br />(+24 for winning)\n|raw|FrankRayquaza's rating: 2270 &rarr; <strong>2246</strong><br />(-24 for losing)\n|l|\u2606FrankRayquaza\n", "inputlog": ">version 95ce5c3715da640275f4b2c31adef9e30efcc55c\n>start {\"formatid\":\"gen9randombattle\",\"seed\":[42108,27364,37554,56703],\"rated\":\"Rated battle\"}\n>player p1 {\"name\":\"Wakandius_PMSD\",\"avatar\":\"170\",\"rating\":2201,\"seed\":[44753,47954,33097,12252]}\n>player p2 {\"name\":\"FrankRayquaza\",\"avatar\":\"101\",\"rating\":2270,\"seed\":[62868,49392,7880,17832]}\n>p1 move uturn\n>p2 move wish\n>p1 switch 3\n>p1 move spore\n>p2 move flipturn\n>p2 switch 5\n>p1 switch 4\n>p2 move fireblast\n>p1 move bravebird\n>p2 switch 5\n>p2 switch 3\n>p1 switch 2\n>p2 move darkpulse\n>p1 move closecombat\n>p2 switch 6\n>p1 switch 6\n>p2 move psychic\n>p1 move ironhead\n>p2 switch 6\n>p1 switch 2\n>p2 move fireblast\n>p1 switch 3\n>p1 move uturn\n>p2 switch 6\n>p1 switch 2\n>p1 move suckerpunch\n>p2 move trick\n>p1 move ironhead\n>p2 move earthpower\n>p2 switch 5\n>p1 switch 5\n>p2 move sunnyday\n>p1 move doubleedge\n>p2 move fireblast\n>p1 switch 5\n>p1 move suckerpunch\n>p2 move fireblast\n>p1 switch 2\n>p1 switch 4\n>p2 move energyball\n>p1 switch 4\n>p2 move fireblast\n>p1 move uturn\n>p2 move sunnyday\n>p1 switch 4\n>p2 switch 2\n>p1 move sludgebomb\n>p2 move headbutt\n>p1 move gigadrain\n>p2 move headbutt\n>p2 switch 4\n>p1 move spore\n>p2 move psychic\n>p1 switch 6\n>p1 move closecombat terastallize\n>p2 move psychic\n>p2 switch 6\n>p1 switch 4\n>p2 move darkpulse terastallize\n>p1 switch 4\n>p1 move closecombat\n>p2 move darkpulse", "uploadtime": 1702493971, "views": 251, "formatid": "gen9randombattle", "rating": 2225, "private": 0, "password": null}