{"id": "gen9randombattle-2222984083", "format": "[Gen 9] Random Battle", "players": ["Rl4tt", "aiwla"], "log": "|badge|p1|silver|gen9randombattle|30-3\n|uhtml|medal-msg|<div class=\"broadcast-blue\">Curious what those medals under the avatar are? PS now has Ladder Seasons! For more information, check out the <a href=\"https://www.smogon.com/forums/threads/3740067/\">thread on Smogon.</a></div>\n|badge|p2|bronze|gen9randombattle|100-3\n|uhtml|medal-msg|<div class=\"broadcast-blue\">Curious what those medals under the avatar are? PS now has Ladder Seasons! For more information, check out the <a href=\"https://www.smogon.com/forums/threads/3740067/\">thread on Smogon.</a></div>\n|raw|<div class=\"broadcast-blue\"><strong>This battle is required to be public due to a player having a name starting with 'rl4t'.</div>\n|j|\u2606Rl4tt\n|j|\u2606aiwla\n|t:|1728942079\n|gametype|singles\n|player|p1|Rl4tt|169|2304\n|player|p2|aiwla|juggler|2261\n|teamsize|p1|6\n|teamsize|p2|6\n|gen|9\n|tier|[Gen 9] Random Battle\n|rated|\n|rule|Species Clause: Limit one of each Pok\u00e9mon\n|rule|HP Percentage Mod: HP is shown in percentages\n|rule|Sleep Clause Mod: Limit one foe put to sleep\n|rule|Illusion Level Mod: Illusion disguises the Pok\u00e9mon's true level\n|\n|t:|1728942079\n|start\n|switch|p1a: Landorus|Landorus, L75, M|257/257\n|switch|p2a: Iron Leaves|Iron Leaves, L80|275/275\n|turn|1\n|inactive|Battle timer is ON: inactive players will automatically lose when time's up. (requested by Rl4tt)\n|\n|t:|1728942095\n|move|p2a: Iron Leaves|Leaf Blade|p1a: Landorus\n|-damage|p1a: Landorus|71/257\n|move|p1a: Landorus|Stealth Rock|p2a: Iron Leaves\n|-sidestart|p2: aiwla|move: Stealth Rock\n|\n|upkeep\n|turn|2\n|\n|t:|1728942099\n|switch|p1a: Delphox|Delphox, L84, M|263/263\n|move|p2a: Iron Leaves|Leaf Blade|p1a: Delphox\n|-resisted|p1a: Delphox\n|-damage|p1a: Delphox|168/263\n|\n|upkeep\n|turn|3\n|\n|t:|1728942106\n|-end|p2a: Iron Leaves|Quark Drive|[silent]\n|switch|p2a: Alomomola|Alomomola, L87, M|429/429\n|move|p1a: Delphox|Nasty Plot|p1a: Delphox\n|-boost|p1a: Delphox|spa|2\n|\n|upkeep\n|turn|4\n|\n|t:|1728942120\n|-terastallize|p1a: Delphox|Fighting\n|move|p1a: Delphox|Focus Blast|p2a: Alomomola\n|-crit|p2a: Alomomola\n|-damage|p2a: Alomomola|0 fnt\n|faint|p2a: Alomomola\n|\n|upkeep\n|c|\u2606aiwla|lol ok\n|\n|t:|1728942141\n|switch|p2a: Cinderace|Cinderace, L77, M|249/249\n|-damage|p2a: Cinderace|187/249|[from] Stealth Rock\n|turn|5\n|c|\u2606Rl4tt|Did that matter\n|c|\u2606aiwla|thats not even guaranteed\n|c|\u2606aiwla|+2 Lvl 84 84 SpA Tera Fighting Delphox Focus Blast vs. Lvl 87 84 HP / 84 SpD Alomomola: 403-475 (93.9 - 110.7%) -- 62.5% chance to OHKO\n|c|\u2606aiwla|???\n|inactive|Rl4tt has 120 seconds left.\n|c|\u2606aiwla|thats like < 50% to kill lol\n|c|\u2606Rl4tt|Ok lol\n|c|\u2606Rl4tt|I don\u2019t calc lol\n|c|\u2606Rl4tt|not a sweat like u\n|c|\u2606aiwla|\"thats guaranteed\" lmao\n|c|\u2606Rl4tt|chill\n|inactive|Rl4tt has 90 seconds left.\n|\n|t:|1728942213\n|switch|p1a: Diancie|Diancie, L82|216/216\n|move|p2a: Cinderace|Pyro Ball|p1a: Diancie\n|-resisted|p1a: Diancie\n|-damage|p1a: Diancie|160/216\n|-status|p1a: Diancie|brn\n|\n|-heal|p1a: Diancie|173/216 brn|[from] item: Leftovers\n|-damage|p1a: Diancie|160/216 brn|[from] brn\n|upkeep\n|turn|6\n|\n|t:|1728942227\n|switch|p2a: Uxie|Uxie, L83|260/260\n|-damage|p2a: Uxie|228/260|[from] Stealth Rock\n|move|p1a: Diancie|Diamond Storm|p2a: Uxie\n|-damage|p2a: Uxie|188/260\n|\n|-heal|p2a: Uxie|204/260|[from] item: Leftovers\n|-heal|p1a: Diancie|173/216 brn|[from] item: Leftovers\n|-damage|p1a: Diancie|160/216 brn|[from] brn\n|upkeep\n|turn|7\n|inactive|Rl4tt has 90 seconds left.\n|\n|t:|1728942241\n|move|p2a: Uxie|Knock Off|p1a: Diancie\n|-resisted|p1a: Diancie\n|-damage|p1a: Diancie|140/216 brn\n|-enditem|p1a: Diancie|Leftovers|[from] move: Knock Off|[of] p2a: Uxie\n|move|p1a: Diancie|Calm Mind|p1a: Diancie\n|-boost|p1a: Diancie|spa|1\n|-boost|p1a: Diancie|spd|1\n|\n|-heal|p2a: Uxie|220/260|[from] item: Leftovers\n|-damage|p1a: Diancie|127/216 brn|[from] brn\n|upkeep\n|turn|8\n|inactive|Rl4tt has 90 seconds left.\n|\n|t:|1728942248\n|move|p2a: Uxie|Psychic Noise|p1a: Diancie\n|-damage|p1a: Diancie|97/216 brn\n|-start|p1a: Diancie|move: Heal Block\n|cant|p1a: Diancie|move: Heal Block|Draining Kiss\n|\n|-heal|p2a: Uxie|236/260|[from] item: Leftovers\n|-damage|p1a: Diancie|84/216 brn|[from] brn\n|upkeep\n|turn|9\n|\n|t:|1728942253\n|move|p2a: Uxie|Psychic Noise|p1a: Diancie\n|-damage|p1a: Diancie|56/216 brn\n|move|p1a: Diancie|Diamond Storm|p2a: Uxie\n|-damage|p2a: Uxie|197/260\n|\n|-heal|p2a: Uxie|213/260|[from] item: Leftovers\n|-damage|p1a: Diancie|43/216 brn|[from] brn\n|-end|p1a: Diancie|move: Heal Block\n|upkeep\n|turn|10\n|\n|t:|1728942258\n|move|p2a: Uxie|Psychic Noise|p1a: Diancie\n|-damage|p1a: Diancie|12/216 brn\n|-start|p1a: Diancie|move: Heal Block\n|move|p1a: Diancie|Diamond Storm|p2a: Uxie\n|-damage|p2a: Uxie|174/260\n|-boost|p1a: Diancie|def|2\n|\n|-heal|p2a: Uxie|190/260|[from] item: Leftovers\n|-damage|p1a: Diancie|0 fnt|[from] brn\n|faint|p1a: Diancie\n|upkeep\n|inactive|Rl4tt has 90 seconds left.\n|\n|t:|1728942278\n|switch|p1a: Lilligant|Lilligant, L86, F|261/261\n|turn|11\n|\n|t:|1728942290\n|move|p2a: Uxie|U-turn|p1a: Lilligant\n|-supereffective|p1a: Lilligant\n|-damage|p1a: Lilligant|169/261\n|\n|t:|1728942291\n|switch|p2a: Iron Leaves|Iron Leaves, L80|275/275|[from] U-turn\n|-damage|p2a: Iron Leaves|241/275|[from] Stealth Rock\n|move|p1a: Lilligant|Quiver Dance|p1a: Lilligant\n|-boost|p1a: Lilligant|spa|1\n|-boost|p1a: Lilligant|spd|1\n|-boost|p1a: Lilligant|spe|1\n|\n|upkeep\n|turn|12\n|\n|t:|1728942298\n|move|p1a: Lilligant|Giga Drain|p2a: Iron Leaves\n|-resisted|p2a: Iron Leaves\n|-damage|p2a: Iron Leaves|154/275\n|-heal|p1a: Lilligant|213/261|[from] drain|[of] p2a: Iron Leaves\n|-damage|p1a: Lilligant|187/261|[from] item: Life Orb\n|move|p2a: Iron Leaves|Psyblade|p1a: Lilligant\n|-damage|p1a: Lilligant|13/261\n|\n|upkeep\n|turn|13\n|\n|t:|1728942306\n|-end|p2a: Iron Leaves|Quark Drive|[silent]\n|switch|p2a: Muk|Muk, L86, M|321/321\n|-damage|p2a: Muk|281/321|[from] Stealth Rock\n|move|p1a: Lilligant|Tera Blast|p2a: Muk\n|-damage|p2a: Muk|176/321\n|-damage|p1a: Lilligant|0 fnt|[from] item: Life Orb\n|faint|p1a: Lilligant\n|\n|-heal|p2a: Muk|196/321|[from] item: Leftovers\n|upkeep\n|\n|t:|1728942328\n|switch|p1a: Landorus|Landorus, L75, M|71/257\n|turn|14\n|\n|t:|1728942335\n|switch|p2a: Uxie|Uxie, L83|190/260\n|-damage|p2a: Uxie|158/260|[from] Stealth Rock\n|move|p1a: Landorus|Earth Power|p2a: Uxie\n|-immune|p2a: Uxie|[from] ability: Levitate\n|\n|-heal|p2a: Uxie|174/260|[from] item: Leftovers\n|upkeep\n|turn|15\n|\n|t:|1728942343\n|switch|p1a: Abomasnow|Abomasnow, L85, F|291/291\n|-weather|Snow|[from] ability: Snow Warning|[of] p1a: Abomasnow\n|move|p2a: Uxie|Psychic Noise|p1a: Abomasnow\n|-damage|p1a: Abomasnow|227/291\n|-start|p1a: Abomasnow|move: Heal Block\n|\n|-weather|Snow|[upkeep]\n|-heal|p2a: Uxie|190/260|[from] item: Leftovers\n|upkeep\n|turn|16\n|\n|t:|1728942349\n|move|p2a: Uxie|Knock Off|p1a: Abomasnow\n|-damage|p1a: Abomasnow|187/291\n|-enditem|p1a: Abomasnow|Light Clay|[from] move: Knock Off|[of] p2a: Uxie\n|move|p1a: Abomasnow|Blizzard|p2a: Uxie\n|-damage|p2a: Uxie|111/260\n|\n|-weather|Snow|[upkeep]\n|-heal|p2a: Uxie|127/260|[from] item: Leftovers\n|-end|p1a: Abomasnow|move: Heal Block\n|upkeep\n|turn|17\n|inactive|Rl4tt has 120 seconds left.\n|\n|t:|1728942355\n|move|p2a: Uxie|U-turn|p1a: Abomasnow\n|-supereffective|p1a: Abomasnow\n|-damage|p1a: Abomasnow|127/291\n|\n|t:|1728942357\n|switch|p2a: Cobalion|Cobalion, L80|277/277|[from] U-turn\n|-damage|p2a: Cobalion|269/277|[from] Stealth Rock\n|move|p1a: Abomasnow|Blizzard|p2a: Cobalion\n|-resisted|p2a: Cobalion\n|-damage|p2a: Cobalion|197/277\n|-status|p2a: Cobalion|frz\n|\n|-weather|Snow|[upkeep]\n|upkeep\n|turn|18\n|c|\u2606aiwla|LOL\n|\n|t:|1728942367\n|-curestatus|p2a: Cobalion|frz|[msg]\n|move|p2a: Cobalion|Close Combat|p1a: Abomasnow\n|-supereffective|p1a: Abomasnow\n|-damage|p1a: Abomasnow|0 fnt\n|-unboost|p2a: Cobalion|def|1\n|-unboost|p2a: Cobalion|spd|1\n|faint|p1a: Abomasnow\n|-damage|p2a: Cobalion|170/277|[from] item: Life Orb\n|\n|-weather|Snow|[upkeep]\n|upkeep\n|c|\u2606aiwla|LOL\n|\n|t:|1728942374\n|switch|p1a: Arceus|Arceus-Fighting, L70|284/284\n|turn|19\n|\n|t:|1728942391\n|switch|p2a: Muk|Muk, L86, M|196/321\n|-damage|p2a: Muk|156/321|[from] Stealth Rock\n|move|p1a: Arceus|Iron Defense|p1a: Arceus\n|-boost|p1a: Arceus|def|2\n|\n|-weather|none\n|-heal|p2a: Muk|176/321|[from] item: Leftovers\n|upkeep\n|turn|20\n|\n|t:|1728942398\n|move|p1a: Arceus|Iron Defense|p1a: Arceus\n|-boost|p1a: Arceus|def|2\n|move|p2a: Muk|Haze|p2a: Muk\n|-clearallboost\n|\n|-heal|p2a: Muk|196/321|[from] item: Leftovers\n|upkeep\n|turn|21\n|\n|t:|1728942404\n|move|p1a: Arceus|Iron Defense|p1a: Arceus\n|-boost|p1a: Arceus|def|2\n|move|p2a: Muk|Gunk Shot|p1a: Arceus\n|-damage|p1a: Arceus|220/284\n|\n|-heal|p2a: Muk|216/321|[from] item: Leftovers\n|upkeep\n|turn|22\n|\n|t:|1728942406\n|move|p1a: Arceus|Body Press|p2a: Muk\n|-resisted|p2a: Muk\n|-damage|p2a: Muk|121/321\n|move|p2a: Muk|Haze|p2a: Muk\n|-clearallboost\n|\n|-heal|p2a: Muk|141/321|[from] item: Leftovers\n|upkeep\n|turn|23\n|\n|t:|1728942411\n|move|p1a: Arceus|Iron Defense|p1a: Arceus\n|-boost|p1a: Arceus|def|2\n|move|p2a: Muk|Haze|p2a: Muk\n|-clearallboost\n|\n|-heal|p2a: Muk|161/321|[from] item: Leftovers\n|upkeep\n|turn|24\n|\n|t:|1728942415\n|move|p1a: Arceus|Body Press|p2a: Muk\n|-resisted|p2a: Muk\n|-damage|p2a: Muk|111/321\n|move|p2a: Muk|Gunk Shot|p1a: Arceus\n|-damage|p1a: Arceus|90/284\n|-status|p1a: Arceus|psn\n|\n|-heal|p2a: Muk|131/321|[from] item: Leftovers\n|-damage|p1a: Arceus|55/284 psn|[from] psn\n|upkeep\n|turn|25\n|-message|Rl4tt forfeited.\n|\n|win|aiwla\n|raw|Rl4tt's rating: 2304 &rarr; <strong>2282</strong><br />(-22 for losing)\n|raw|aiwla's rating: 2261 &rarr; <strong>2283</strong><br />(+22 for winning)\n|l|\u2606Rl4tt\n|player|p1|\n|c|\u2606aiwla|ty for points\n", "inputlog": ">version 24b5ea12b3dbe77b1f0aa07975a48e3bd4b94ca5\n>start {\"formatid\":\"gen9randombattle\",\"seed\":[28726,64736,40968,27772],\"rated\":\"Rated battle\"}\n>player p1 {\"name\":\"Rl4tt\",\"avatar\":\"169\",\"rating\":2304,\"seed\":[12854,56191,12307,45305]}\n>player p2 {\"name\":\"aiwla\",\"avatar\":\"juggler\",\"rating\":2261,\"seed\":[49885,37077,57345,53083]}\n>p1 move stealthrock\n>p2 move leafblade\n>p1 switch 3\n>p2 move leafblade\n>p1 move nastyplot\n>p2 switch 6\n>p1 move focusblast terastallize\n>p2 move flipturn\n>chat \u2606aiwla|lol ok\n>p2 switch 2\n>chat \u2606Rl4tt|Did that matter\n>chat \u2606aiwla|thats not even guaranteed\n>chat \u2606aiwla|+2 Lvl 84 84 SpA Tera Fighting Delphox Focus Blast vs. Lvl 87 84 HP / 84 SpD Alomomola: 403-475 (93.9 - 110.7%) -- 62.5% chance to OHKO\n>chat \u2606aiwla|???\n>chat \u2606aiwla|thats like < 50% to kill lol\n>chat \u2606Rl4tt|Ok lol\n>chat \u2606Rl4tt|I don\u2019t calc lol\n>chat \u2606Rl4tt|not a sweat like u\n>chat \u2606aiwla|\"thats guaranteed\" lmao\n>chat \u2606Rl4tt|chill\n>p1 switch 2\n>p2 move pyroball\n>p1 move diamondstorm\n>p2 switch 4\n>p1 move calmmind\n>p2 move knockoff\n>p1 move drainingkiss\n>p2 move psychicnoise\n>p1 move diamondstorm\n>p2 move psychicnoise\n>p1 move diamondstorm\n>p2 move psychicnoise\n>p1 switch 6\n>p1 move quiverdance\n>p2 move uturn\n>p2 switch 6\n>p1 move gigadrain\n>p2 move psyblade\n>p1 move terablast\n>p2 switch 5\n>p1 switch 3\n>p1 move earthpower\n>p2 switch 6\n>p1 switch 5\n>p2 move psychicnoise\n>p1 move blizzard\n>p2 move knockoff\n>p1 move blizzard\n>p2 move uturn\n>p2 switch 3\n>chat \u2606aiwla|LOL\n>p1 move auroraveil\n>p2 move closecombat\n>chat \u2606aiwla|LOL\n>p1 switch 4\n>p1 move irondefense\n>p2 switch 6\n>p1 move irondefense\n>p2 move haze\n>p1 move irondefense\n>p2 move gunkshot\n>p1 move bodypress\n>p2 move haze\n>p1 move irondefense\n>p2 move haze\n>p1 move bodypress\n>p2 move gunkshot\n>forcelose p1", "uploadtime": 1728942439, "views": 58, "formatid": "gen9randombattle", "rating": 2282, "private": 0, "password": null}