{"id": "gen9randombattle-2260549711", "format": "[Gen 9] Random Battle", "players": ["Kiwihy", "jdjdkbvft"], "log": "|j|\u2606Kiwihy\n|j|\u2606jdjdkbvft\n|t:|1733862534\n|gametype|singles\n|player|p1|Kiwihy|265|1048\n|player|p2|jdjdkbvft|102|1000\n|teamsize|p1|6\n|teamsize|p2|6\n|gen|9\n|tier|[Gen 9] Random Battle\n|rated|\n|rule|Species Clause: Limit one of each Pok\u00e9mon\n|rule|HP Percentage Mod: HP is shown in percentages\n|rule|Sleep Clause Mod: Limit one foe put to sleep\n|rule|Illusion Level Mod: Illusion disguises the Pok\u00e9mon's true level\n|\n|t:|1733862534\n|start\n|switch|p1a: Zapdos|Zapdos-Galar, L77|265/265\n|switch|p2a: Porygon2|Porygon2, L82|274/274\n|-ability|p2a: Porygon2|Download|boost\n|-boost|p2a: Porygon2|spa|1\n|turn|1\n|\n|t:|1733862545\n|move|p1a: Zapdos|Knock Off|p2a: Porygon2\n|-damage|p2a: Porygon2|201/274\n|-enditem|p2a: Porygon2|Eviolite|[from] move: Knock Off|[of] p1a: Zapdos\n|move|p2a: Porygon2|Discharge|p1a: Zapdos\n|-supereffective|p1a: Zapdos\n|-damage|p1a: Zapdos|69/265\n|-status|p1a: Zapdos|par\n|\n|upkeep\n|turn|2\n|\n|t:|1733862551\n|move|p2a: Porygon2|Discharge|p1a: Zapdos\n|-supereffective|p1a: Zapdos\n|-damage|p1a: Zapdos|0 fnt\n|faint|p1a: Zapdos\n|\n|upkeep\n|inactive|Battle timer is ON: inactive players will automatically lose when time's up. (requested by Kiwihy)\n|\n|t:|1733862562\n|switch|p1a: Tauros|Tauros-Paldea-Blaze, L81, M|252/252\n|turn|3\n|\n|t:|1733862571\n|move|p1a: Tauros|Close Combat|p2a: Porygon2\n|-supereffective|p2a: Porygon2\n|-damage|p2a: Porygon2|0 fnt\n|-unboost|p1a: Tauros|def|1\n|-unboost|p1a: Tauros|spd|1\n|faint|p2a: Porygon2\n|\n|upkeep\n|\n|t:|1733862576\n|switch|p2a: Braviary|Braviary-Hisui, L85, M|326/326\n|turn|4\n|\n|t:|1733862588\n|switch|p1a: Archaludon|Archaludon, L78, M|268/268\n|move|p2a: Braviary|Calm Mind|p2a: Braviary\n|-boost|p2a: Braviary|spa|1\n|-boost|p2a: Braviary|spd|1\n|\n|upkeep\n|turn|5\n|\n|t:|1733862598\n|move|p1a: Archaludon|Iron Head|p2a: Braviary\n|-damage|p2a: Braviary|239/326\n|move|p2a: Braviary|Esper Wing|p1a: Archaludon\n|-resisted|p1a: Archaludon\n|-damage|p1a: Archaludon|64/268\n|-boost|p2a: Braviary|spe|1\n|-ability|p1a: Archaludon|Stamina|boost\n|-boost|p1a: Archaludon|def|1\n|\n|upkeep\n|turn|6\n|\n|t:|1733862604\n|move|p2a: Braviary|Esper Wing|p1a: Archaludon\n|-resisted|p1a: Archaludon\n|-damage|p1a: Archaludon|0 fnt\n|-boost|p2a: Braviary|spe|1\n|faint|p1a: Archaludon\n|\n|upkeep\n|\n|t:|1733862609\n|switch|p1a: Tauros|Tauros-Paldea-Blaze, L81, M|252/252\n|turn|7\n|\n|t:|1733862615\n|move|p2a: Braviary|Esper Wing|p1a: Tauros\n|-supereffective|p1a: Tauros\n|-damage|p1a: Tauros|0 fnt\n|-boost|p2a: Braviary|spe|1\n|faint|p1a: Tauros\n|\n|upkeep\n|\n|t:|1733862619\n|switch|p1a: Thundurus|Thundurus-Therian, L80, M|258/258\n|turn|8\n|\n|t:|1733862629\n|move|p2a: Braviary|Esper Wing|p1a: Thundurus\n|-damage|p1a: Thundurus|84/258\n|-boost|p2a: Braviary|spe|1\n|move|p1a: Thundurus|Thunderbolt|p2a: Braviary\n|-supereffective|p2a: Braviary\n|-damage|p2a: Braviary|65/326\n|\n|upkeep\n|turn|9\n|\n|t:|1733862638\n|move|p2a: Braviary|Esper Wing|p1a: Thundurus\n|-damage|p1a: Thundurus|0 fnt\n|-boost|p2a: Braviary|spe|1\n|faint|p1a: Thundurus\n|\n|upkeep\n|\n|t:|1733862642\n|switch|p1a: Houndstone|Houndstone, L86, M|264/264\n|turn|10\n|\n|t:|1733862648\n|move|p1a: Houndstone|Shadow Sneak|p2a: Braviary\n|-supereffective|p2a: Braviary\n|-damage|p2a: Braviary|0 fnt\n|faint|p2a: Braviary\n|\n|upkeep\n|\n|t:|1733862656\n|switch|p2a: Pikachu|Pikachu-Unova, L93, M|216/216\n|turn|11\n|\n|t:|1733862660\n|move|p1a: Houndstone|Shadow Sneak|p2a: Pikachu\n|-damage|p2a: Pikachu|119/216\n|move|p2a: Pikachu|Knock Off|p1a: Houndstone\n|-supereffective|p1a: Houndstone\n|-damage|p1a: Houndstone|156/264\n|-enditem|p1a: Houndstone|Choice Band|[from] move: Knock Off|[of] p2a: Pikachu\n|\n|upkeep\n|turn|12\n|\n|t:|1733862664\n|move|p2a: Pikachu|Volt Switch|p1a: Houndstone\n|-damage|p1a: Houndstone|57/264\n|\n|t:|1733862667\n|switch|p2a: Iron Treads|Iron Treads, L77|265/265|[from] Volt Switch\n|move|p1a: Houndstone|Play Rough|p2a: Iron Treads\n|-resisted|p2a: Iron Treads\n|-damage|p2a: Iron Treads|233/265\n|\n|upkeep\n|turn|13\n|\n|t:|1733862671\n|move|p2a: Iron Treads|Volt Switch|p1a: Houndstone\n|-damage|p1a: Houndstone|27/264\n|\n|t:|1733862674\n|-end|p2a: Iron Treads|Quark Drive|[silent]\n|switch|p2a: Pikachu|Pikachu-Unova, L93, M|119/216|[from] Volt Switch\n|move|p1a: Houndstone|Body Press|p2a: Pikachu\n|-damage|p2a: Pikachu|17/216\n|\n|upkeep\n|turn|14\n|\n|t:|1733862680\n|switch|p2a: Iron Treads|Iron Treads, L77|233/265\n|move|p1a: Houndstone|Shadow Sneak|p2a: Iron Treads\n|-damage|p2a: Iron Treads|188/265\n|\n|upkeep\n|turn|15\n|\n|t:|1733862685\n|move|p2a: Iron Treads|Volt Switch|p1a: Houndstone\n|-crit|p1a: Houndstone\n|-damage|p1a: Houndstone|0 fnt\n|faint|p1a: Houndstone\n|\n|t:|1733862687\n|-end|p2a: Iron Treads|Quark Drive|[silent]\n|switch|p2a: Pikachu|Pikachu-Unova, L93, M|17/216|[from] Volt Switch\n|\n|upkeep\n|\n|t:|1733862691\n|switch|p1a: Meowscarada|Meowscarada, L78, F|247/247\n|turn|16\n|\n|t:|1733862700\n|move|p1a: Meowscarada|Knock Off|p2a: Pikachu\n|-start|p1a: Meowscarada|typechange|Dark|[from] ability: Protean\n|-damage|p2a: Pikachu|0 fnt\n|-enditem|p2a: Pikachu|Light Ball|[from] move: Knock Off|[of] p1a: Meowscarada\n|faint|p2a: Pikachu\n|\n|upkeep\n|\n|t:|1733862707\n|switch|p2a: Roaring Moon|Roaring Moon, L72|270/270\n|-enditem|p2a: Roaring Moon|Booster Energy\n|-activate|p2a: Roaring Moon|ability: Protosynthesis|[fromitem]\n|-start|p2a: Roaring Moon|protosynthesisatk\n|turn|17\n|\n|t:|1733862713\n|move|p1a: Meowscarada|Knock Off|p2a: Roaring Moon\n|-resisted|p2a: Roaring Moon\n|-damage|p2a: Roaring Moon|201/270\n|move|p2a: Roaring Moon|Dragon Dance|p2a: Roaring Moon\n|-boost|p2a: Roaring Moon|atk|1\n|-boost|p2a: Roaring Moon|spe|1\n|\n|upkeep\n|turn|18\n|\n|t:|1733862723\n|move|p2a: Roaring Moon|Dragon Dance|p2a: Roaring Moon\n|-boost|p2a: Roaring Moon|atk|1\n|-boost|p2a: Roaring Moon|spe|1\n|move|p1a: Meowscarada|Knock Off|p2a: Roaring Moon\n|-resisted|p2a: Roaring Moon\n|-damage|p2a: Roaring Moon|131/270\n|\n|upkeep\n|turn|19\n|\n|t:|1733862730\n|move|p2a: Roaring Moon|Dragon Dance|p2a: Roaring Moon\n|-boost|p2a: Roaring Moon|atk|1\n|-boost|p2a: Roaring Moon|spe|1\n|move|p1a: Meowscarada|Knock Off|p2a: Roaring Moon\n|-resisted|p2a: Roaring Moon\n|-damage|p2a: Roaring Moon|64/270\n|\n|upkeep\n|turn|20\n|\n|t:|1733862732\n|move|p2a: Roaring Moon|Outrage|p1a: Meowscarada\n|-damage|p1a: Meowscarada|0 fnt\n|faint|p1a: Meowscarada\n|\n|win|jdjdkbvft\n|raw|Kiwihy's rating: 1048 &rarr; <strong>1028</strong><br />(-20 for losing)\n|raw|jdjdkbvft's rating: 1000 &rarr; <strong>1045</strong><br />(+45 for winning)\n|l|\u2606Kiwihy\n|player|p1|\n|n|\u2606jdjdkbvft|jdjdkbvft\n|c|\u2606jdjdkbvft|lol\n", "inputlog": ">version bfd83cad13791eb5a5a409923076391caf6fb4d4\n>start {\"formatid\":\"gen9randombattle\",\"seed\":[4664,56015,30917,33388],\"rated\":\"Rated battle\"}\n>player p1 {\"name\":\"Kiwihy\",\"avatar\":\"265\",\"rating\":1048,\"seed\":[47416,59719,51539,29632]}\n>player p2 {\"name\":\"jdjdkbvft\",\"avatar\":\"102\",\"rating\":1000,\"seed\":[16688,18373,33350,19196]}\n>p1 move knockoff\n>p2 move discharge\n>p1 move knockoff\n>p2 move discharge\n>p1 switch 2\n>p1 move closecombat\n>p2 move discharge\n>p2 switch 5\n>p1 switch 3\n>p2 move calmmind\n>p1 move ironhead\n>p2 move esperwing\n>p1 move outrage\n>p2 move esperwing\n>p1 switch 3\n>p1 move ragingbull\n>p2 move esperwing\n>p1 switch 6\n>p1 move thunderbolt\n>p2 move esperwing\n>p1 move thunderbolt\n>p2 move esperwing\n>p1 switch 5\n>p1 move shadowsneak\n>p2 move esperwing\n>p2 switch 6\n>p1 move shadowsneak\n>p2 move knockoff\n>p1 move playrough\n>p2 move voltswitch\n>p2 switch 3\n>p1 move bodypress\n>p2 move voltswitch\n>p2 switch 3\n>p1 move shadowsneak\n>p2 switch 3\n>p1 move bodypress\n>p2 move voltswitch\n>p2 switch 3\n>p1 switch 4\n>p1 move knockoff\n>p2 move voltswitch\n>p2 switch 4\n>p1 move knockoff\n>p2 move dragondance\n>p1 move knockoff\n>p2 move dragondance\n>p1 move knockoff\n>p2 move dragondance\n>p1 move knockoff\n>p2 move outrage", "uploadtime": 1733862736, "views": 3, "formatid": "gen9randombattle", "rating": 1028, "private": 0, "password": null}