{"id": "gen9randombattle-2260666789", "format": "[Gen 9] Random Battle", "players": ["PMCJTMred", "kirbyisyourgod"], "log": "|j|\u2606PMCJTMred\n|j|\u2606kirbyisyourgod\n|t:|1733875892\n|gametype|singles\n|player|p1|PMCJTMred|ethan|1522\n|player|p2|kirbyisyourgod|rocketgruntf|1552\n|teamsize|p1|6\n|teamsize|p2|6\n|gen|9\n|tier|[Gen 9] Random Battle\n|rated|\n|rule|Species Clause: Limit one of each Pok\u00e9mon\n|rule|HP Percentage Mod: HP is shown in percentages\n|rule|Sleep Clause Mod: Limit one foe put to sleep\n|rule|Illusion Level Mod: Illusion disguises the Pok\u00e9mon's true level\n|\n|t:|1733875892\n|start\n|switch|p1a: Samurott|Samurott-Hisui, L77, M|265/265\n|switch|p2a: Ursaluna|Ursaluna-Bloodmoon, L79, M|308/308\n|turn|1\n|inactive|Battle timer is ON: inactive players will automatically lose when time's up. (requested by PMCJTMred)\n|\n|t:|1733875903\n|switch|p2a: Tauros|Tauros-Paldea-Aqua, L81, M|254/254\n|-ability|p2a: Tauros|Intimidate|boost\n|-unboost|p1a: Samurott|atk|1\n|move|p1a: Samurott|Ceaseless Edge|p2a: Tauros\n|-resisted|p2a: Tauros\n|-damage|p2a: Tauros|213/254\n|-sidestart|p2: kirbyisyourgod|Spikes\n|\n|upkeep\n|turn|2\n|\n|t:|1733875910\n|switch|p1a: Vikavolt|Vikavolt, L83, F|263/263\n|move|p2a: Tauros|Bulk Up|p2a: Tauros\n|-boost|p2a: Tauros|atk|1\n|-boost|p2a: Tauros|def|1\n|\n|upkeep\n|turn|3\n|\n|t:|1733875921\n|move|p2a: Tauros|Liquidation|p1a: Vikavolt\n|-damage|p1a: Vikavolt|84/263\n|-unboost|p1a: Vikavolt|def|1\n|-damage|p2a: Tauros|188/254|[from] item: Life Orb\n|move|p1a: Vikavolt|Sticky Web|p2a: Tauros\n|-sidestart|p2: kirbyisyourgod|move: Sticky Web\n|\n|upkeep\n|turn|4\n|\n|t:|1733875940\n|move|p2a: Tauros|Liquidation|p1a: Vikavolt\n|-damage|p1a: Vikavolt|0 fnt\n|faint|p1a: Vikavolt\n|-damage|p2a: Tauros|163/254|[from] item: Life Orb\n|\n|upkeep\n|\n|t:|1733875953\n|switch|p1a: Flapple|Flapple, L88, F|266/266\n|turn|5\n|\n|t:|1733875961\n|move|p2a: Tauros|Close Combat|p1a: Flapple\n|-damage|p1a: Flapple|7/266\n|-unboost|p2a: Tauros|def|1\n|-unboost|p2a: Tauros|spd|1\n|-damage|p2a: Tauros|138/254|[from] item: Life Orb\n|move|p1a: Flapple|Grav Apple|p2a: Tauros\n|-supereffective|p2a: Tauros\n|-damage|p2a: Tauros|0 fnt\n|faint|p2a: Tauros\n|\n|upkeep\n|\n|t:|1733875968\n|switch|p2a: Tornadus|Tornadus-Therian, L79, M|254/254\n|turn|6\n|\n|t:|1733875973\n|move|p2a: Tornadus|U-turn|p1a: Flapple\n|-supereffective|p1a: Flapple\n|-damage|p1a: Flapple|0 fnt\n|faint|p1a: Flapple\n|\n|t:|1733875977\n|switch|p2a: Pyroar|Pyroar, L88, M|295/295|[from] U-turn\n|-ability|p2a: Pyroar|Unnerve\n|\n|upkeep\n|\n|t:|1733875984\n|switch|p1a: Samurott|Samurott-Hisui, L77, M|265/265\n|turn|7\n|inactive|kirbyisyourgod has 120 seconds left.\n|\n|t:|1733876028\n|move|p2a: Pyroar|Work Up|p2a: Pyroar\n|-boost|p2a: Pyroar|atk|1\n|-boost|p2a: Pyroar|spa|1\n|move|p1a: Samurott|Razor Shell|p2a: Pyroar\n|-supereffective|p2a: Pyroar\n|-damage|p2a: Pyroar|0 fnt\n|faint|p2a: Pyroar\n|\n|upkeep\n|\n|t:|1733876034\n|switch|p2a: Mienshao|Mienshao, L83, M|243/243\n|-damage|p2a: Mienshao|213/243|[from] Spikes\n|-activate|p2a: Mienshao|move: Sticky Web\n|-unboost|p2a: Mienshao|spe|1\n|turn|8\n|\n|t:|1733876038\n|move|p1a: Samurott|Razor Shell|p2a: Mienshao\n|-damage|p2a: Mienshao|0 fnt\n|faint|p2a: Mienshao\n|\n|upkeep\n|\n|t:|1733876041\n|switch|p2a: Tornadus|Tornadus-Therian, L79, M|254/254\n|turn|9\n|\n|t:|1733876044\n|move|p2a: Tornadus|Bleakwind Storm|p1a: Samurott\n|-damage|p1a: Samurott|130/265\n|-unboost|p1a: Samurott|spe|1\n|move|p1a: Samurott|Razor Shell|p2a: Tornadus\n|-damage|p2a: Tornadus|58/254\n|-unboost|p2a: Tornadus|def|1\n|\n|upkeep\n|turn|10\n|\n|t:|1733876058\n|switch|p1a: Palossand|Palossand, L89, M|296/296\n|move|p2a: Tornadus|Bleakwind Storm|p1a: Palossand\n|-damage|p1a: Palossand|179/296\n|\n|-heal|p1a: Palossand|197/296|[from] item: Leftovers\n|upkeep\n|turn|11\n|\n|t:|1733876064\n|-terastallize|p2a: Tornadus|Dark\n|move|p2a: Tornadus|Knock Off|p1a: Palossand\n|-supereffective|p1a: Palossand\n|-damage|p1a: Palossand|39/296\n|-enditem|p1a: Palossand|Leftovers|[from] move: Knock Off|[of] p2a: Tornadus\n|move|p1a: Palossand|Shadow Ball|p2a: Tornadus\n|-resisted|p2a: Tornadus\n|-damage|p2a: Tornadus|21/254\n|\n|upkeep\n|turn|12\n|\n|t:|1733876071\n|move|p2a: Tornadus|Knock Off|p1a: Palossand\n|-supereffective|p1a: Palossand\n|-damage|p1a: Palossand|0 fnt\n|faint|p1a: Palossand\n|\n|upkeep\n|\n|t:|1733876072\n|switch|p1a: Iron Hands|Iron Hands, L79|373/373\n|turn|13\n|\n|t:|1733876076\n|move|p2a: Tornadus|Bleakwind Storm|p1a: Iron Hands\n|-damage|p1a: Iron Hands|229/373\n|move|p1a: Iron Hands|Drain Punch|p2a: Tornadus\n|-supereffective|p2a: Tornadus\n|-damage|p2a: Tornadus|0 fnt\n|-heal|p1a: Iron Hands|240/373|[from] drain|[of] p2a: Tornadus\n|faint|p2a: Tornadus\n|\n|-heal|p1a: Iron Hands|263/373|[from] item: Leftovers\n|upkeep\n|\n|t:|1733876083\n|switch|p2a: Ursaluna|Ursaluna-Bloodmoon, L79, M|308/308\n|-damage|p2a: Ursaluna|270/308|[from] Spikes\n|-activate|p2a: Ursaluna|move: Sticky Web\n|-unboost|p2a: Ursaluna|spe|1\n|turn|14\n|\n|t:|1733876088\n|move|p1a: Iron Hands|Drain Punch|p2a: Ursaluna\n|-supereffective|p2a: Ursaluna\n|-damage|p2a: Ursaluna|96/308\n|-heal|p1a: Iron Hands|350/373|[from] drain|[of] p2a: Ursaluna\n|move|p2a: Ursaluna|Calm Mind|p2a: Ursaluna\n|-boost|p2a: Ursaluna|spa|1\n|-boost|p2a: Ursaluna|spd|1\n|\n|-heal|p1a: Iron Hands|373/373|[from] item: Leftovers\n|-heal|p2a: Ursaluna|115/308|[from] item: Leftovers\n|upkeep\n|turn|15\n|\n|t:|1733876092\n|move|p1a: Iron Hands|Drain Punch|p2a: Ursaluna\n|-supereffective|p2a: Ursaluna\n|-damage|p2a: Ursaluna|0 fnt\n|faint|p2a: Ursaluna\n|\n|upkeep\n|-message|kirbyisyourgod forfeited.\n|\n|win|PMCJTMred\n|raw|PMCJTMred's rating: 1522 &rarr; <strong>1544</strong><br />(+22 for winning)\n|raw|kirbyisyourgod's rating: 1552 &rarr; <strong>1530</strong><br />(-22 for losing)\n|l|\u2606kirbyisyourgod\n|player|p2|\n", "inputlog": ">version bfd83cad13791eb5a5a409923076391caf6fb4d4\n>start {\"formatid\":\"gen9randombattle\",\"seed\":[19807,61990,59865,63736],\"rated\":\"Rated battle\"}\n>player p1 {\"name\":\"PMCJTMred\",\"avatar\":\"ethan\",\"rating\":1522,\"seed\":[5039,9425,44761,15976]}\n>player p2 {\"name\":\"kirbyisyourgod\",\"avatar\":\"rocketgruntf\",\"rating\":1552,\"seed\":[43625,58120,44567,27806]}\n>p1 move ceaselessedge\n>p2 switch 3\n>p1 switch 4\n>p2 move bulkup\n>p1 move stickyweb\n>p2 move liquidation\n>p1 move thunderbolt\n>p2 move liquidation\n>p1 switch 2\n>p1 move gravapple\n>p2 move closecombat\n>p2 switch 5\n>p1 move dragondance\n>p2 move uturn\n>p2 switch 2\n>p1 switch 4\n>p1 move razorshell\n>p2 move workup\n>p2 switch 6\n>p1 move razorshell\n>p2 move highjumpkick\n>p2 switch 2\n>p1 move razorshell\n>p2 move bleakwindstorm\n>p1 switch 5\n>p2 move bleakwindstorm\n>p1 move shadowball\n>p2 move knockoff terastallize\n>p1 move earthpower\n>p2 move knockoff\n>p1 switch 3\n>p1 move drainpunch\n>p2 move bleakwindstorm\n>p2 switch 3\n>p1 move drainpunch\n>p2 move calmmind\n>p1 move drainpunch\n>p2 move moonlight\n>forcelose p2", "uploadtime": 1733876097, "views": 1, "formatid": "gen9randombattle", "rating": 1530, "private": 0, "password": null}