{"id": "gen9randombattle-2204450688", "format": "[Gen 9] Random Battle", "players": ["Boiger_Requiem", "RB2T paysa"], "log": "|badge|p2|bronze|gen9randombattle|100-2\n|uhtml|medal-msg|<div class=\"broadcast-blue\">Curious what those medals under the avatar are? PS now has Ladder Seasons! For more information, check out the <a href=\"https://www.smogon.com/forums/threads/3740067/\">thread on Smogon.</a></div>\n|raw|<div class=\"broadcast-blue\"><strong>This battle is required to be public due to a player having a name starting with 'rb2t'.</div>\n|j|\u2606Boiger_Requiem\n|j|\u2606RB2T paysa\n|t:|1726678301\n|gametype|singles\n|player|p1|Boiger_Requiem|guitarist|2221\n|player|p2|RB2T paysa|viola-masters|2356\n|teamsize|p1|6\n|teamsize|p2|6\n|gen|9\n|tier|[Gen 9] Random Battle\n|rated|\n|rule|Species Clause: Limit one of each Pok\u00e9mon\n|rule|HP Percentage Mod: HP is shown in percentages\n|rule|Sleep Clause Mod: Limit one foe put to sleep\n|rule|Illusion Level Mod: Illusion disguises the Pok\u00e9mon's true level\n|\n|t:|1726678301\n|start\n|switch|p1a: Moltres|Moltres, L81|278/278\n|switch|p2a: Necrozma|Necrozma-Dusk-Mane, L69|248/248\n|turn|1\n|inactive|Battle timer is ON: inactive players will automatically lose when time's up. (requested by RB2T paysa)\n|inactive|Boiger_Requiem also wants the timer to be on.\n|c|\u2606Boiger_Requiem|glhf\n|c|\u2606RB2T paysa|glhf\n|inactive|RB2T paysa has 120 seconds left.\n|inactive|Boiger_Requiem has 120 seconds left.\n|\n|t:|1726678349\n|switch|p2a: Bastiodon|Bastiodon, L89, M|252/252\n|move|p1a: Moltres|Scorching Sands|p2a: Bastiodon\n|-supereffective|p2a: Bastiodon\n|-damage|p2a: Bastiodon|96/252\n|-status|p2a: Bastiodon|brn\n|\n|-damage|p2a: Bastiodon|81/252 brn|[from] brn\n|upkeep\n|turn|2\n|inactive|RB2T paysa has 120 seconds left.\n|\n|t:|1726678402\n|move|p1a: Moltres|Scorching Sands|p2a: Bastiodon\n|-supereffective|p2a: Bastiodon\n|-damage|p2a: Bastiodon|0 fnt\n|faint|p2a: Bastiodon\n|\n|upkeep\n|\n|t:|1726678413\n|switch|p2a: Kyurem|Kyurem-Black, L71|295/295\n|-ability|p2a: Kyurem|Teravolt\n|turn|3\n|inactive|Boiger_Requiem has 120 seconds left.\n|\n|t:|1726678446\n|switch|p1a: Mightyena|Mightyena, L95, F|287/287\n|-ability|p1a: Mightyena|Intimidate|boost\n|-unboost|p2a: Kyurem|atk|1\n|move|p2a: Kyurem|Dragon Dance|p2a: Kyurem\n|-boost|p2a: Kyurem|atk|1\n|-boost|p2a: Kyurem|spe|1\n|\n|upkeep\n|turn|4\n|\n|t:|1726678454\n|switch|p2a: Okidogi|Okidogi, L77, M|262/262\n|move|p1a: Mightyena|Play Rough|p2a: Okidogi\n|-damage|p2a: Okidogi|193/262\n|\n|-heal|p2a: Okidogi|209/262|[from] item: Leftovers\n|upkeep\n|turn|5\n|inactive|Boiger_Requiem has 120 seconds left.\n|\n|t:|1726678473\n|switch|p1a: Moltres|Moltres, L81|278/278\n|move|p2a: Okidogi|Gunk Shot|p1a: Moltres\n|-damage|p1a: Moltres|134/278\n|\n|-heal|p2a: Okidogi|225/262|[from] item: Leftovers\n|upkeep\n|turn|6\n|inactive|Boiger_Requiem has 120 seconds left.\n|\n|t:|1726678488\n|move|p1a: Moltres|Brave Bird|p2a: Okidogi\n|-supereffective|p2a: Okidogi\n|-damage|p2a: Okidogi|0 fnt\n|faint|p2a: Okidogi\n|-damage|p1a: Moltres|60/278|[from] Recoil\n|\n|upkeep\n|inactive|RB2T paysa has 120 seconds left.\n|\n|t:|1726678503\n|switch|p2a: Necrozma|Necrozma-Dusk-Mane, L69|248/248\n|turn|7\n|inactive|Boiger_Requiem has 120 seconds left.\n|\n|t:|1726678521\n|switch|p2a: Kyurem|Kyurem-Black, L71|295/295\n|-ability|p2a: Kyurem|Teravolt\n|move|p1a: Moltres|Fire Blast|p2a: Kyurem\n|-damage|p2a: Kyurem|145/295\n|\n|upkeep\n|turn|8\n|c|\u2606RB2T paysa|misclick\n|inactive|Boiger_Requiem has 120 seconds left.\n|\n|t:|1726678530\n|move|p1a: Moltres|Fire Blast|p2a: Kyurem\n|-damage|p2a: Kyurem|0 fnt\n|faint|p2a: Kyurem\n|\n|upkeep\n|\n|t:|1726678533\n|switch|p2a: Spectrier|Spectrier, L75|274/274\n|turn|9\n|inactive|Boiger_Requiem has 120 seconds left.\n|inactive|Boiger_Requiem has 90 seconds left.\n|\n|t:|1726678585\n|switch|p1a: Magnezone|Magnezone, L85|258/258\n|move|p2a: Spectrier|Shadow Ball|p1a: Magnezone\n|-damage|p1a: Magnezone|148/258\n|-damage|p2a: Spectrier|247/274|[from] item: Life Orb\n|\n|upkeep\n|turn|10\n|inactive|Boiger_Requiem has 90 seconds left.\n|\n|t:|1726678600\n|switch|p2a: Necrozma|Necrozma-Dusk-Mane, L69|248/248\n|move|p1a: Magnezone|Volt Switch|p2a: Necrozma\n|-damage|p2a: Necrozma|143/248\n|\n|t:|1726678604\n|switch|p1a: Moltres|Moltres, L81|60/278|[from] Volt Switch\n|\n|upkeep\n|turn|11\n|\n|t:|1726678609\n|move|p1a: Moltres|Roost|p1a: Moltres\n|-heal|p1a: Moltres|199/278\n|-singleturn|p1a: Moltres|move: Roost\n|move|p2a: Necrozma|Dragon Dance|p2a: Necrozma\n|-boost|p2a: Necrozma|atk|1\n|-boost|p2a: Necrozma|spe|1\n|\n|upkeep\n|turn|12\n|inactive|Boiger_Requiem has 90 seconds left.\n|\n|t:|1726678628\n|move|p2a: Necrozma|Morning Sun|p2a: Necrozma\n|-heal|p2a: Necrozma|248/248\n|move|p1a: Moltres|Fire Blast|p2a: Necrozma\n|-supereffective|p2a: Necrozma\n|-damage|p2a: Necrozma|46/248\n|-enditem|p2a: Necrozma|Weakness Policy\n|-boost|p2a: Necrozma|atk|2|[from] item: Weakness Policy\n|-boost|p2a: Necrozma|spa|2|[from] item: Weakness Policy\n|\n|upkeep\n|turn|13\n|inactive|Boiger_Requiem has 90 seconds left.\n|\n|t:|1726678639\n|move|p2a: Necrozma|Sunsteel Strike|p1a: Moltres\n|-resisted|p1a: Moltres\n|-damage|p1a: Moltres|56/278\n|move|p1a: Moltres|Scorching Sands|p2a: Necrozma\n|-supereffective|p2a: Necrozma\n|-damage|p2a: Necrozma|0 fnt\n|faint|p2a: Necrozma\n|\n|upkeep\n|\n|t:|1726678643\n|switch|p2a: Spectrier|Spectrier, L75|247/274\n|turn|14\n|inactive|Boiger_Requiem has 90 seconds left.\n|\n|t:|1726678677\n|move|p2a: Spectrier|Shadow Ball|p1a: Moltres\n|-damage|p1a: Moltres|0 fnt\n|faint|p1a: Moltres\n|-ability|p2a: Spectrier|Grim Neigh|boost\n|-boost|p2a: Spectrier|spa|1\n|-damage|p2a: Spectrier|220/274|[from] item: Life Orb\n|\n|upkeep\n|\n|t:|1726678686\n|switch|p1a: Mightyena|Mightyena, L95, F|287/287\n|-ability|p1a: Mightyena|Intimidate|boost\n|-unboost|p2a: Spectrier|atk|1\n|turn|15\n|\n|t:|1726678694\n|-terastallize|p2a: Spectrier|Fighting\n|move|p2a: Spectrier|Tera Blast|p1a: Mightyena|[anim] Tera Blast Fighting\n|-supereffective|p1a: Mightyena\n|-damage|p1a: Mightyena|0 fnt\n|faint|p1a: Mightyena\n|-ability|p2a: Spectrier|Grim Neigh|boost\n|-boost|p2a: Spectrier|spa|1\n|-damage|p2a: Spectrier|193/274|[from] item: Life Orb\n|\n|upkeep\n|\n|t:|1726678704\n|switch|p1a: Virizion|Virizion, L82|283/283\n|turn|16\n|\n|t:|1726678713\n|move|p2a: Spectrier|Will-O-Wisp|p1a: Virizion|[miss]\n|-miss|p2a: Spectrier|p1a: Virizion\n|move|p1a: Virizion|Close Combat|p2a: Spectrier\n|-damage|p2a: Spectrier|0 fnt\n|-unboost|p1a: Virizion|def|1\n|-unboost|p1a: Virizion|spd|1\n|faint|p2a: Spectrier\n|-damage|p1a: Virizion|255/283|[from] item: Life Orb\n|\n|upkeep\n|\n|t:|1726678716\n|switch|p2a: Bellossom|Bellossom, L84, F|263/263\n|turn|17\n|inactive|Boiger_Requiem has 90 seconds left.\n|\n|t:|1726678729\n|move|p1a: Virizion|Swords Dance|p1a: Virizion\n|-boost|p1a: Virizion|atk|2\n|move|p2a: Bellossom|Quiver Dance|p2a: Bellossom\n|-boost|p2a: Bellossom|spa|1\n|-boost|p2a: Bellossom|spd|1\n|-boost|p2a: Bellossom|spe|1\n|\n|upkeep\n|turn|18\n|\n|t:|1726678733\n|move|p1a: Virizion|Close Combat|p2a: Bellossom\n|-damage|p2a: Bellossom|0 fnt\n|-unboost|p1a: Virizion|def|1\n|-unboost|p1a: Virizion|spd|1\n|faint|p2a: Bellossom\n|-damage|p1a: Virizion|227/283|[from] item: Life Orb\n|\n|win|Boiger_Requiem\n|raw|Boiger_Requiem's rating: 2221 &rarr; <strong>2248</strong><br />(+27 for winning)\n|raw|RB2T paysa's rating: 2356 &rarr; <strong>2329</strong><br />(-27 for losing)\n|c|\u2606Boiger_Requiem|gg\n|c|\u2606RB2T paysa|gg\n|l|\u2606Boiger_Requiem\n|player|p1|\n|l|\u2606RB2T paysa\n|player|p2|\n", "inputlog": ">version ddf5848a381b6afa3b8db755b9bdef59b522c4eb\n>start {\"formatid\":\"gen9randombattle\",\"seed\":[22379,58185,30886,25396],\"rated\":\"Rated battle\"}\n>player p1 {\"name\":\"Boiger_Requiem\",\"avatar\":\"guitarist\",\"rating\":2221,\"seed\":[9722,59936,50277,2365]}\n>player p2 {\"name\":\"RB2T paysa\",\"avatar\":\"viola-masters\",\"rating\":2356,\"seed\":[54517,61792,35151,52030]}\n>chat \u2606Boiger_Requiem|glhf\n>chat \u2606RB2T paysa|glhf\n>p1 move scorchingsands\n>p2 switch 5\n>p1 move scorchingsands\n>p2 move rest\n>p2 switch 4\n>p1 switch 5\n>p2 move dragondance\n>p1 move playrough\n>p2 switch 3\n>p1 switch 5\n>p2 move gunkshot\n>p1 move bravebird\n>p2 move gunkshot\n>p2 switch 5\n>p1 move fireblast\n>p2 switch 3\n>chat \u2606RB2T paysa|misclick \n>p1 move fireblast\n>p2 move dragondance\n>p2 switch 2\n>p1 switch 4\n>p2 move shadowball\n>p1 move voltswitch\n>p2 switch 3\n>p1 switch 4\n>p1 move roost\n>p2 move dragondance\n>p1 move fireblast\n>p2 move morningsun\n>p1 move scorchingsands\n>p2 move sunsteelstrike\n>p2 switch 3\n>p1 move bravebird\n>p2 move shadowball\n>p1 switch 5\n>p1 move throatchop\n>p2 move terablast terastallize\n>p1 switch 3\n>p1 move closecombat\n>p2 move willowisp\n>p2 switch 6\n>p1 move swordsdance\n>p2 move quiverdance\n>p1 move closecombat\n>p2 move quiverdance", "uploadtime": 1726678742, "views": 84, "formatid": "gen9randombattle", "rating": 2248, "private": 0, "password": null}