{"id": "gen9randombattle-2120640012", "format": "[Gen 9] Random Battle", "players": ["Wakandius_PMSD", "pokeblade\u2606101"], "log": "|badge|p2|bronze|gen9randombattle|100-1\n|uhtml|medal-msg|<div class=\"broadcast-blue\">Curious what those medals under the avatar are? PS now has Ladder Seasons! For more information, check out the <a href=\"https://www.smogon.com/forums/threads/3740067/\">thread on Smogon.</a></div>\n|j|\u2606Wakandius_PMSD\n|j|\u2606pokeblade\u2606101\n|t:|1715192782\n|gametype|singles\n|player|p1|Wakandius_PMSD|170|2305\n|player|p2|pokeblade\u2606101|#rbtt7teamchiyu|2347\n|teamsize|p1|6\n|teamsize|p2|6\n|gen|9\n|tier|[Gen 9] Random Battle\n|rated|\n|rule|Species Clause: Limit one of each Pok\u00e9mon\n|rule|HP Percentage Mod: HP is shown in percentages\n|rule|Sleep Clause Mod: Limit one foe put to sleep\n|rule|Illusion Level Mod: Illusion disguises the Pok\u00e9mon's true level\n|\n|t:|1715192782\n|start\n|switch|p1a: Donphan|Donphan, L84, M|288/288\n|switch|p2a: Regieleki|Regieleki, L78|253/253\n|turn|1\n|\n|t:|1715192792\n|switch|p2a: Gyarados|Gyarados, L79, M|280/280\n|-ability|p2a: Gyarados|Intimidate|boost\n|-unboost|p1a: Donphan|atk|1\n|move|p1a: Donphan|Stealth Rock|p2a: Gyarados\n|-sidestart|p2: pokeblade\u2606101|move: Stealth Rock\n|\n|upkeep\n|turn|2\n|\n|t:|1715192800\n|switch|p1a: Brambleghast|Brambleghast, L88, F|240/240\n|move|p2a: Gyarados|Waterfall|p1a: Brambleghast\n|-resisted|p1a: Brambleghast\n|-damage|p1a: Brambleghast|188/240\n|\n|-heal|p1a: Brambleghast|203/240|[from] item: Leftovers\n|upkeep\n|turn|3\n|inactive|Battle timer is ON: inactive players will automatically lose when time's up. (requested by Wakandius_PMSD)\n|\n|t:|1715192813\n|switch|p2a: Pyroar|Pyroar, L88, F|295/295\n|-ability|p2a: Pyroar|Unnerve\n|move|p1a: Brambleghast|Leech Seed|p2a: Pyroar\n|-start|p2a: Pyroar|move: Leech Seed\n|\n|-heal|p1a: Brambleghast|218/240|[from] item: Leftovers\n|-damage|p2a: Pyroar|259/295|[from] Leech Seed|[of] p1a: Brambleghast\n|-heal|p1a: Brambleghast|240/240|[silent]\n|upkeep\n|turn|4\n|\n|t:|1715192825\n|switch|p1a: Talonflame|Talonflame, L84, F|268/268\n|move|p2a: Pyroar|Fire Blast|p1a: Talonflame\n|-resisted|p1a: Talonflame\n|-damage|p1a: Talonflame|184/268\n|\n|-damage|p2a: Pyroar|223/295|[from] Leech Seed|[of] p1a: Talonflame\n|-heal|p1a: Talonflame|220/268|[silent]\n|upkeep\n|turn|5\n|\n|t:|1715192838\n|switch|p2a: Dialga|Dialga-Origin, L73|266/266\n|-damage|p2a: Dialga|250/266|[from] Stealth Rock\n|-ability|p2a: Dialga|Pressure\n|move|p1a: Talonflame|Flare Blitz|p2a: Dialga\n|-damage|p2a: Dialga|142/266\n|-damage|p1a: Talonflame|184/268|[from] Recoil\n|\n|upkeep\n|turn|6\n|\n|t:|1715192859\n|switch|p1a: Porygon2|Porygon2, L82|274/274\n|-ability|p1a: Porygon2|Download|boost\n|-boost|p1a: Porygon2|spa|1\n|move|p2a: Dialga|Draco Meteor|p1a: Porygon2\n|-damage|p1a: Porygon2|162/274\n|-unboost|p2a: Dialga|spa|2\n|\n|upkeep\n|turn|7\n|\n|t:|1715192870\n|move|p2a: Dialga|Thunder Wave|p1a: Porygon2\n|-status|p1a: Porygon2|par\n|move|p1a: Porygon2|Recover|p1a: Porygon2\n|-heal|p1a: Porygon2|274/274 par\n|\n|upkeep\n|turn|8\n|\n|t:|1715192889\n|switch|p2a: Ambipom|Ambipom, L84, F|263/263\n|-damage|p2a: Ambipom|231/263|[from] Stealth Rock\n|move|p1a: Porygon2|Discharge|p2a: Ambipom\n|-damage|p2a: Ambipom|130/263\n|-status|p2a: Ambipom|par\n|\n|upkeep\n|turn|9\n|\n|t:|1715192899\n|switch|p1a: Donphan|Donphan, L84, M|288/288\n|move|p2a: Ambipom|Triple Axel|p1a: Donphan\n|-supereffective|p1a: Donphan\n|-damage|p1a: Donphan|236/288\n|-supereffective|p1a: Donphan\n|-damage|p1a: Donphan|140/288\n|-supereffective|p1a: Donphan\n|-damage|p1a: Donphan|0 fnt\n|faint|p1a: Donphan\n|-hitcount|p1: Donphan|3\n|\n|upkeep\n|\n|t:|1715192911\n|switch|p1a: Hydreigon|Hydreigon, L79, F|275/275\n|turn|10\n|\n|t:|1715192925\n|switch|p2a: Tauros|Tauros-Paldea-Aqua, L81, M|254/254\n|-damage|p2a: Tauros|239/254|[from] Stealth Rock\n|-ability|p2a: Tauros|Intimidate|boost\n|-unboost|p1a: Hydreigon|atk|1\n|move|p1a: Hydreigon|Dark Pulse|p2a: Tauros\n|-resisted|p2a: Tauros\n|-damage|p2a: Tauros|150/254\n|\n|upkeep\n|turn|11\n|\n|t:|1715192941\n|switch|p2a: Pyroar|Pyroar, L88, F|223/295\n|-ability|p2a: Pyroar|Unnerve\n|switch|p1a: Brambleghast|Brambleghast, L88, F|240/240\n|\n|upkeep\n|turn|12\n|\n|t:|1715192965\n|switch|p1a: Talonflame|Talonflame, L84, F|184/268\n|move|p2a: Pyroar|Work Up|p2a: Pyroar\n|-boost|p2a: Pyroar|atk|1\n|-boost|p2a: Pyroar|spa|1\n|\n|upkeep\n|turn|13\n|\n|t:|1715192973\n|move|p1a: Talonflame|Brave Bird|p2a: Pyroar\n|-damage|p2a: Pyroar|103/295\n|-damage|p1a: Talonflame|144/268|[from] Recoil\n|move|p2a: Pyroar|Hyper Voice|p1a: Talonflame\n|-damage|p1a: Talonflame|0 fnt\n|faint|p1a: Talonflame\n|\n|upkeep\n|\n|t:|1715192982\n|switch|p1a: Chi-Yu|Chi-Yu, L77|211/211\n|-ability|p1a: Chi-Yu|Beads of Ruin\n|turn|14\n|\n|t:|1715193004\n|switch|p2a: Tauros|Tauros-Paldea-Aqua, L81, M|150/254\n|-damage|p2a: Tauros|135/254|[from] Stealth Rock\n|-ability|p2a: Tauros|Intimidate|boost\n|-unboost|p1a: Chi-Yu|atk|1\n|-terastallize|p1a: Chi-Yu|Dark\n|move|p1a: Chi-Yu|Dark Pulse|p2a: Tauros\n|-resisted|p2a: Tauros\n|-damage|p2a: Tauros|26/254\n|\n|upkeep\n|turn|15\n|j|+Aqua\n|inactive|Wakandius_PMSD has 120 seconds left.\n|\n|t:|1715193026\n|move|p2a: Tauros|Aqua Jet|p1a: Chi-Yu\n|-damage|p1a: Chi-Yu|149/211\n|-damage|p2a: Tauros|1/254|[from] item: Life Orb\n|move|p1a: Chi-Yu|Dark Pulse|p2a: Tauros\n|-resisted|p2a: Tauros\n|-damage|p2a: Tauros|0 fnt\n|faint|p2a: Tauros\n|\n|upkeep\n|\n|t:|1715193035\n|switch|p2a: Regieleki|Regieleki, L78|253/253\n|-damage|p2a: Regieleki|222/253|[from] Stealth Rock\n|turn|16\n|\n|t:|1715193041\n|switch|p1a: Brambleghast|Brambleghast, L88, F|240/240\n|move|p2a: Regieleki|Volt Switch|p1a: Brambleghast\n|-resisted|p1a: Brambleghast\n|-damage|p1a: Brambleghast|181/240\n|\n|t:|1715193044\n|switch|p2a: Pyroar|Pyroar, L88, F|103/295|[from] Volt Switch\n|-ability|p2a: Pyroar|Unnerve\n|\n|-heal|p1a: Brambleghast|196/240|[from] item: Leftovers\n|upkeep\n|turn|17\n|\n|t:|1715193053\n|switch|p1a: Hydreigon|Hydreigon, L79, F|275/275\n|move|p2a: Pyroar|Fire Blast|p1a: Hydreigon\n|-resisted|p1a: Hydreigon\n|-damage|p1a: Hydreigon|207/275\n|\n|upkeep\n|turn|18\n|\n|t:|1715193058\n|move|p2a: Pyroar|Hyper Voice|p1a: Hydreigon\n|-damage|p1a: Hydreigon|96/275\n|move|p1a: Hydreigon|Dark Pulse|p2a: Pyroar\n|-damage|p2a: Pyroar|0 fnt\n|faint|p2a: Pyroar\n|\n|upkeep\n|\n|t:|1715193071\n|switch|p2a: Regieleki|Regieleki, L78|222/253\n|-damage|p2a: Regieleki|191/253|[from] Stealth Rock\n|turn|19\n|\n|t:|1715193077\n|switch|p1a: Brambleghast|Brambleghast, L88, F|196/240\n|-terastallize|p2a: Regieleki|Ice\n|move|p2a: Regieleki|Tera Blast|p1a: Brambleghast|[anim] Tera Blast Ice\n|-supereffective|p1a: Brambleghast\n|-damage|p1a: Brambleghast|8/240\n|\n|-heal|p1a: Brambleghast|23/240|[from] item: Leftovers\n|upkeep\n|turn|20\n|\n|t:|1715193089\n|switch|p1a: Porygon2|Porygon2, L82|274/274 par\n|-ability|p1a: Porygon2|Download|boost\n|-boost|p1a: Porygon2|spa|1\n|move|p2a: Regieleki|Thunderbolt|p1a: Porygon2\n|-damage|p1a: Porygon2|181/274 par\n|\n|upkeep\n|turn|21\n|\n|t:|1715193097\n|move|p2a: Regieleki|Volt Switch|p1a: Porygon2\n|-damage|p1a: Porygon2|114/274 par\n|\n|t:|1715193099\n|switch|p2a: Dialga|Dialga-Origin, L73|142/266|[from] Volt Switch\n|-damage|p2a: Dialga|126/266|[from] Stealth Rock\n|-ability|p2a: Dialga|Pressure\n|move|p1a: Porygon2|Tri Attack|p2a: Dialga\n|-resisted|p2a: Dialga\n|-damage|p2a: Dialga|69/266\n|\n|upkeep\n|turn|22\n|\n|t:|1715193115\n|switch|p1a: Brambleghast|Brambleghast, L88, F|23/240\n|move|p2a: Dialga|Flash Cannon|p1a: Brambleghast\n|-damage|p1a: Brambleghast|0 fnt\n|faint|p1a: Brambleghast\n|\n|upkeep\n|\n|t:|1715193119\n|switch|p1a: Chi-Yu|Chi-Yu, L77, tera:Dark|149/211\n|-ability|p1a: Chi-Yu|Beads of Ruin\n|turn|23\n|\n|t:|1715193126\n|move|p1a: Chi-Yu|Dark Pulse|p2a: Dialga\n|-damage|p2a: Dialga|0 fnt\n|faint|p2a: Dialga\n|\n|upkeep\n|\n|t:|1715193139\n|switch|p2a: Gyarados|Gyarados, L79, M|280/280\n|-ability|p2a: Gyarados|Intimidate|boost\n|-unboost|p1a: Chi-Yu|atk|1\n|turn|24\n|\n|t:|1715193145\n|move|p1a: Chi-Yu|Dark Pulse|p2a: Gyarados\n|-damage|p2a: Gyarados|128/280\n|move|p2a: Gyarados|Waterfall|p1a: Chi-Yu\n|-damage|p1a: Chi-Yu|46/211\n|\n|upkeep\n|turn|25\n|\n|t:|1715193149\n|move|p1a: Chi-Yu|Dark Pulse|p2a: Gyarados\n|-damage|p2a: Gyarados|0 fnt\n|faint|p2a: Gyarados\n|\n|upkeep\n|\n|t:|1715193152\n|switch|p2a: Regieleki|Regieleki, L78, tera:Ice|191/253\n|-damage|p2a: Regieleki|128/253|[from] Stealth Rock\n|turn|26\n|\n|t:|1715193161\n|switch|p1a: Hydreigon|Hydreigon, L79, F|96/275\n|move|p2a: Regieleki|Thunderbolt|p1a: Hydreigon\n|-resisted|p1a: Hydreigon\n|-damage|p1a: Hydreigon|32/275\n|\n|upkeep\n|turn|27\n|\n|t:|1715193165\n|move|p2a: Regieleki|Thunderbolt|p1a: Hydreigon\n|-resisted|p1a: Hydreigon\n|-damage|p1a: Hydreigon|0 fnt\n|faint|p1a: Hydreigon\n|\n|upkeep\n|\n|t:|1715193167\n|switch|p1a: Porygon2|Porygon2, L82|114/274 par\n|-ability|p1a: Porygon2|Download|boost\n|-boost|p1a: Porygon2|spa|1\n|turn|28\n|\n|t:|1715193175\n|move|p2a: Regieleki|Volt Switch|p1a: Porygon2\n|-damage|p1a: Porygon2|42/274 par\n|\n|t:|1715193177\n|switch|p2a: Ambipom|Ambipom, L84, F|130/263 par|[from] Volt Switch\n|-damage|p2a: Ambipom|98/263 par|[from] Stealth Rock\n|move|p1a: Porygon2|Recover|p1a: Porygon2\n|-heal|p1a: Porygon2|179/274 par\n|\n|upkeep\n|turn|29\n|\n|t:|1715193192\n|move|p2a: Ambipom|Double-Edge|p1a: Porygon2\n|-damage|p1a: Porygon2|56/274 par\n|-damage|p2a: Ambipom|57/263 par|[from] Recoil\n|move|p1a: Porygon2|Recover|p1a: Porygon2\n|-heal|p1a: Porygon2|193/274 par\n|\n|upkeep\n|turn|30\n|\n|t:|1715193198\n|move|p2a: Ambipom|Double-Edge|p1a: Porygon2\n|-damage|p1a: Porygon2|58/274 par\n|-damage|p2a: Ambipom|12/263 par|[from] Recoil\n|move|p1a: Porygon2|Recover|p1a: Porygon2\n|-heal|p1a: Porygon2|195/274 par\n|\n|upkeep\n|turn|31\n|\n|t:|1715193207\n|switch|p1a: Chi-Yu|Chi-Yu, L77, tera:Dark|46/211\n|-ability|p1a: Chi-Yu|Beads of Ruin\n|move|p2a: Ambipom|Double-Edge|p1a: Chi-Yu\n|-damage|p1a: Chi-Yu|0 fnt\n|faint|p1a: Chi-Yu\n|-damage|p2a: Ambipom|0 fnt|[from] Recoil\n|faint|p2a: Ambipom\n|\n|upkeep\n|\n|t:|1715193216\n|switch|p2a: Regieleki|Regieleki, L78, tera:Ice|128/253\n|switch|p1a: Porygon2|Porygon2, L82|195/274 par\n|-damage|p2a: Regieleki|65/253|[from] Stealth Rock\n|-ability|p1a: Porygon2|Download|boost\n|-boost|p1a: Porygon2|spa|1\n|turn|32\n|c|\u2606pokeblade\u2606101|i used the wrong move ah\n|c|\u2606pokeblade\u2606101|gg\n|c|\u2606Wakandius_PMSD|ggs\n|c|\u2606Wakandius_PMSD|Dang yesterday I beat michael now u\n|c|\u2606Wakandius_PMSD|Good week haha\n|\n|t:|1715193237\n|move|p2a: Regieleki|Thunderbolt|p1a: Porygon2\n|-damage|p1a: Porygon2|107/274 par\n|move|p1a: Porygon2|Tri Attack|p2a: Regieleki\n|-damage|p2a: Regieleki|0 fnt\n|faint|p2a: Regieleki\n|\n|win|Wakandius_PMSD\n|raw|Wakandius_PMSD's rating: 2305 &rarr; <strong>2329</strong><br />(+24 for winning)\n|raw|pokeblade\u2606101's rating: 2368 &rarr; <strong>2344</strong><br />(-24 for losing)\n|c|\u2606pokeblade\u2606101|i had low kick which was same power\n|c|\u2606Wakandius_PMSD|Oof\n|c|\u2606pokeblade\u2606101|so idk why i didnt use that lol\n|c|\u2606Wakandius_PMSD|ggs\n|c|\u2606pokeblade\u2606101|ggs\n|l|+Aqua\n", "inputlog": ">version d87f45fad9b955c6072adc425367687e8a017379\n>start {\"formatid\":\"gen9randombattle\",\"seed\":[20776,13455,18287,40697],\"rated\":\"Rated battle\"}\n>player p1 {\"name\":\"Wakandius_PMSD\",\"avatar\":\"170\",\"rating\":2305,\"seed\":[40620,29272,7865,40321]}\n>player p2 {\"name\":\"pokeblade\u2606101\",\"avatar\":\"#rbtt7teamchiyu\",\"rating\":2347,\"seed\":[47401,34358,5213,40841]}\n>p1 move stealthrock\n>p2 switch 4\n>p1 switch 2\n>p2 move waterfall\n>p1 move leechseed\n>p2 switch 6\n>p1 switch 3\n>p2 move fireblast\n>p1 move flareblitz\n>p2 switch 5\n>p1 switch 6\n>p2 move dracometeor\n>p1 move recover\n>p2 move thunderwave\n>p1 move discharge\n>p2 switch 2\n>p1 switch 2\n>p2 move tripleaxel\n>p1 switch 4\n>p1 move darkpulse\n>p2 switch 3\n>p1 switch 3\n>p2 switch 5\n>p1 switch 6\n>p2 move workup\n>p1 move bravebird\n>p2 move hypervoice\n>p1 switch 5\n>p1 move darkpulse terastallize\n>p2 switch 5\n>p1 move darkpulse\n>p2 move aquajet\n>p2 switch 4\n>p1 switch 6\n>p2 move voltswitch\n>p2 switch 5\n>p1 switch 3\n>p2 move fireblast\n>p1 move darkpulse\n>p2 move hypervoice\n>p2 switch 5\n>p1 switch 3\n>p2 move terablast terastallize\n>p1 switch 2\n>p2 move thunderbolt\n>p1 move triattack\n>p2 move voltswitch\n>p2 switch 2\n>p1 switch 2\n>p2 move flashcannon\n>p1 switch 6\n>p1 move darkpulse\n>p2 move flashcannon\n>p2 switch 6\n>p1 move darkpulse\n>p2 move waterfall\n>p1 move darkpulse\n>p2 move waterfall\n>p2 switch 2\n>p1 switch 3\n>p2 move thunderbolt\n>p1 move darkpulse\n>p2 move thunderbolt\n>p1 switch 2\n>p1 move recover\n>p2 move voltswitch\n>p2 switch 3\n>p1 move recover\n>p2 move doubleedge\n>p1 move recover\n>p2 move doubleedge\n>p1 switch 3\n>p2 move doubleedge\n>p1 switch 3\n>p2 switch 3\n>chat \u2606pokeblade\u2606101|i used the wrong move ah\n>chat \u2606pokeblade\u2606101|gg\n>chat \u2606Wakandius_PMSD|ggs\n>chat \u2606Wakandius_PMSD|Dang yesterday I beat michael now u\n>chat \u2606Wakandius_PMSD|Good week haha\n>p1 move triattack\n>p2 move thunderbolt", "uploadtime": 1715193262, "views": 240, "formatid": "gen9randombattle", "rating": 2329, "private": 0, "password": null}