{"id": "gen9randombattle-2260624707", "format": "[Gen 9] Random Battle", "players": ["Fhyrrrrft", "monky squad"], "log": "|j|\u2606Fhyrrrrft\n|j|\u2606monky squad\n|t:|1733870687\n|gametype|singles\n|player|p1|Fhyrrrrft|265|1000\n|player|p2|monky squad|170|1000\n|teamsize|p1|6\n|teamsize|p2|6\n|gen|9\n|tier|[Gen 9] Random Battle\n|rated|\n|rule|Species Clause: Limit one of each Pok\u00e9mon\n|rule|HP Percentage Mod: HP is shown in percentages\n|rule|Sleep Clause Mod: Limit one foe put to sleep\n|rule|Illusion Level Mod: Illusion disguises the Pok\u00e9mon's true level\n|\n|t:|1733870687\n|start\n|switch|p1a: Iron Thorns|Iron Thorns, L83|302/302\n|switch|p2a: Pikachu|Pikachu-Kalos, L93, M|216/216\n|-item|p1a: Iron Thorns|Air Balloon\n|turn|1\n|\n|t:|1733870699\n|move|p2a: Pikachu|Volt Tackle|p1a: Iron Thorns\n|-resisted|p1a: Iron Thorns\n|-damage|p1a: Iron Thorns|220/302\n|-enditem|p1a: Iron Thorns|Air Balloon\n|-damage|p2a: Pikachu|189/216|[from] Recoil\n|move|p1a: Iron Thorns|Stone Edge|p2a: Pikachu\n|-damage|p2a: Pikachu|0 fnt\n|faint|p2a: Pikachu\n|\n|upkeep\n|\n|t:|1733870718\n|switch|p2a: Heatran|Heatran, L79, M|273/273\n|-item|p2a: Heatran|Air Balloon\n|turn|2\n|\n|t:|1733870737\n|move|p2a: Heatran|Magma Storm|p1a: Iron Thorns\n|-resisted|p1a: Iron Thorns\n|-damage|p1a: Iron Thorns|155/302\n|-activate|p1a: Iron Thorns|move: Magma Storm|[of] p2a: Heatran\n|move|p1a: Iron Thorns|Stone Edge|p2a: Heatran\n|-damage|p2a: Heatran|150/273\n|-enditem|p2a: Heatran|Air Balloon\n|\n|-damage|p1a: Iron Thorns|118/302|[from] move: Magma Storm|[partiallytrapped]\n|upkeep\n|turn|3\n|\n|t:|1733870749\n|move|p2a: Heatran|Magma Storm|p1a: Iron Thorns\n|-resisted|p1a: Iron Thorns\n|-damage|p1a: Iron Thorns|58/302\n|move|p1a: Iron Thorns|Wild Charge|p2a: Heatran\n|-damage|p2a: Heatran|38/273\n|-damage|p1a: Iron Thorns|30/302|[from] Recoil\n|\n|-damage|p1a: Iron Thorns|0 fnt|[from] move: Magma Storm|[partiallytrapped]\n|faint|p1a: Iron Thorns\n|-end|p1a: Iron Thorns|Quark Drive|[silent]\n|upkeep\n|\n|t:|1733870767\n|switch|p1a: Feraligatr|Feraligatr, L79, M|264/264\n|turn|4\n|\n|t:|1733870774\n|switch|p2a: Venusaur|Venusaur, L84, F|272/272\n|move|p1a: Feraligatr|Dragon Dance|p1a: Feraligatr\n|-boost|p1a: Feraligatr|atk|1\n|-boost|p1a: Feraligatr|spe|1\n|\n|upkeep\n|turn|5\n|\n|t:|1733870824\n|move|p1a: Feraligatr|Ice Punch|p2a: Venusaur\n|-supereffective|p2a: Venusaur\n|-damage|p2a: Venusaur|9/272\n|move|p2a: Venusaur|Toxic|p1a: Feraligatr\n|-status|p1a: Feraligatr|tox\n|\n|-heal|p2a: Venusaur|26/272|[from] item: Leftovers\n|-damage|p1a: Feraligatr|248/264 tox|[from] psn\n|upkeep\n|turn|6\n|\n|t:|1733870837\n|switch|p2a: Drednaw|Drednaw, L81, M|278/278\n|move|p1a: Feraligatr|Dragon Dance|p1a: Feraligatr\n|-boost|p1a: Feraligatr|atk|1\n|-boost|p1a: Feraligatr|spe|1\n|\n|-damage|p1a: Feraligatr|216/264 tox|[from] psn\n|upkeep\n|turn|7\n|\n|t:|1733870857\n|move|p1a: Feraligatr|Liquidation|p2a: Drednaw\n|-damage|p2a: Drednaw|0 fnt\n|faint|p2a: Drednaw\n|\n|-damage|p1a: Feraligatr|168/264 tox|[from] psn\n|upkeep\n|\n|t:|1733870877\n|switch|p2a: Dachsbun|Dachsbun, L92, F|254/254\n|turn|8\n|\n|t:|1733870898\n|move|p2a: Dachsbun|Protect|p2a: Dachsbun\n|-singleturn|p2a: Dachsbun|Protect\n|move|p1a: Feraligatr|Liquidation|p2a: Dachsbun\n|-activate|p2a: Dachsbun|move: Protect\n|\n|-damage|p1a: Feraligatr|104/264 tox|[from] psn\n|upkeep\n|turn|9\n|inactive|Battle timer is ON: inactive players will automatically lose when time's up. (requested by Fhyrrrrft)\n|\n|t:|1733870944\n|-terastallize|p2a: Dachsbun|Steel\n|move|p1a: Feraligatr|Liquidation|p2a: Dachsbun\n|-crit|p2a: Dachsbun\n|-damage|p2a: Dachsbun|0 fnt\n|faint|p2a: Dachsbun\n|\n|-damage|p1a: Feraligatr|24/264 tox|[from] psn\n|upkeep\n|\n|t:|1733870957\n|switch|p2a: Sunflora|Sunflora, M|312/312\n|turn|10\n|\n|t:|1733870972\n|move|p1a: Feraligatr|Ice Punch|p2a: Sunflora\n|-supereffective|p2a: Sunflora\n|-damage|p2a: Sunflora|0 fnt\n|faint|p2a: Sunflora\n|\n|-damage|p1a: Feraligatr|0 fnt|[from] psn\n|faint|p1a: Feraligatr\n|upkeep\n|-message|monky squad forfeited.\n|\n|win|Fhyrrrrft\n|raw|Fhyrrrrft's rating: 1000 &rarr; <strong>1040</strong><br />(+40 for winning)\n|raw|monky squad's rating: 1000 &rarr; <strong>1000</strong><br />(+0 for losing)\n|l|\u2606monky squad\n|player|p2|\n", "inputlog": ">version bfd83cad13791eb5a5a409923076391caf6fb4d4\n>start {\"formatid\":\"gen9randombattle\",\"seed\":[9565,55547,59169,2896],\"rated\":\"Rated battle\"}\n>player p1 {\"name\":\"Fhyrrrrft\",\"avatar\":\"265\",\"rating\":1000,\"seed\":[38004,9017,38896,7928]}\n>player p2 {\"name\":\"monky squad\",\"avatar\":\"170\",\"rating\":1000,\"seed\":[3224,44158,26766,57018]}\n>p1 move stoneedge\n>p2 move volttackle\n>p2 switch 5\n>p1 move stoneedge\n>p2 move magmastorm\n>p1 move wildcharge\n>p2 move magmastorm\n>p1 switch 5\n>p1 move dragondance\n>p2 switch 4\n>p1 move icepunch\n>p2 move toxic\n>p1 move dragondance\n>p2 switch 2\n>p1 move liquidation\n>p2 move shellsmash\n>p2 switch 6\n>p1 move liquidation\n>p2 move protect\n>p1 move liquidation\n>p2 move bodypress terastallize\n>p2 switch 3\n>p1 move icepunch\n>p2 move leafstorm\n>forcelose p2", "uploadtime": 1733870982, "views": 1, "formatid": "gen9randombattle", "rating": 1000, "private": 0, "password": null}