{"id": "gen9randombattle-2101468388", "format": "[Gen 9] Random Battle", "players": ["Norman2!", "CherylBush"], "log": "|badge|p1|bronze|gen9randombattle|100-1\n|uhtml|medal-msg|<div class=\"broadcast-blue\">Curious what those medals under the avatar are? PS now has Ladder Seasons! For more information, check out the <a href=\"https://www.smogon.com/forums/threads/3740067/\">thread on Smogon.</a></div>\n|badge|p2|silver|gen9randombattle|30-1\n|uhtml|medal-msg|<div class=\"broadcast-blue\">Curious what those medals under the avatar are? PS now has Ladder Seasons! For more information, check out the <a href=\"https://www.smogon.com/forums/threads/3740067/\">thread on Smogon.</a></div>\n|j|\u203dNorman2!\n|j|\u2606CherylBush\n|t:|1712880596\n|gametype|singles\n|player|p1|Norman2!|170|2388\n|player|p2|CherylBush|mallow-masters|2371\n|teamsize|p1|6\n|teamsize|p2|6\n|gen|9\n|tier|[Gen 9] Random Battle\n|rated|\n|rule|Species Clause: Limit one of each Pok\u00e9mon\n|rule|HP Percentage Mod: HP is shown in percentages\n|rule|Sleep Clause Mod: Limit one foe put to sleep\n|rule|Illusion Level Mod: Illusion disguises the Pok\u00e9mon's true level\n|\n|t:|1712880596\n|start\n|switch|p1a: Crabominable|Crabominable, L90, M|321/321\n|switch|p2a: Kommo-o|Kommo-o, L78, M|245/245\n|turn|1\n|j| Mike42069\n|inactive|Battle timer is ON: inactive players will automatically lose when time's up. (requested by Norman2!)\n|\n|t:|1712880610\n|switch|p2a: Flareon|Flareon, L90, F|263/263\n|move|p1a: Crabominable|Ice Hammer|p2a: Flareon\n|-resisted|p2a: Flareon\n|-damage|p2a: Flareon|95/263\n|-unboost|p1a: Crabominable|spe|1\n|\n|-status|p2a: Flareon|tox|[from] item: Toxic Orb\n|upkeep\n|turn|2\n|inactive|Norman2! has 120 seconds left.\n|\n|t:|1712880645\n|switch|p1a: Donphan|Donphan, L84, F|288/288\n|move|p2a: Flareon|Will-O-Wisp|p1a: Donphan|[miss]\n|-miss|p2a: Flareon|p1a: Donphan\n|\n|-damage|p2a: Flareon|79/263 tox|[from] psn\n|upkeep\n|turn|3\n|\n|t:|1712880656\n|switch|p2a: Virizion|Virizion, L82|283/283\n|move|p1a: Donphan|Stealth Rock|p2a: Virizion\n|-sidestart|p2: CherylBush|move: Stealth Rock\n|\n|upkeep\n|turn|4\n|inactive|Norman2! has 120 seconds left.\n|\n|t:|1712880679\n|switch|p1a: Corviknight|Corviknight, L80, F|288/288\n|move|p2a: Virizion|Swords Dance|p2a: Virizion\n|-boost|p2a: Virizion|atk|2\n|\n|upkeep\n|turn|5\n|\n|t:|1712880687\n|-terastallize|p2a: Virizion|Rock\n|move|p2a: Virizion|Swords Dance|p2a: Virizion\n|-boost|p2a: Virizion|atk|2\n|move|p1a: Corviknight|Brave Bird|p2a: Virizion\n|-resisted|p2a: Virizion\n|-damage|p2a: Virizion|217/283\n|-damage|p1a: Corviknight|266/288|[from] Recoil\n|\n|-heal|p1a: Corviknight|284/288|[from] item: Leftovers\n|upkeep\n|turn|6\n|\n|t:|1712880700\n|move|p2a: Virizion|Close Combat|p1a: Corviknight\n|-damage|p1a: Corviknight|0 fnt\n|-unboost|p2a: Virizion|def|1\n|-unboost|p2a: Virizion|spd|1\n|faint|p1a: Corviknight\n|-damage|p2a: Virizion|189/283|[from] item: Life Orb\n|\n|upkeep\n|\n|t:|1712880705\n|switch|p1a: Donphan|Donphan, L84, F|288/288\n|turn|7\n|\n|t:|1712880708\n|move|p2a: Virizion|Leaf Blade|p1a: Donphan\n|-supereffective|p1a: Donphan\n|-crit|p1a: Donphan\n|-ability|p1a: Donphan|Sturdy\n|-damage|p1a: Donphan|1/288\n|-damage|p2a: Virizion|161/283|[from] item: Life Orb\n|move|p1a: Donphan|Earthquake|p2a: Virizion\n|-supereffective|p2a: Virizion\n|-damage|p2a: Virizion|0 fnt\n|faint|p2a: Virizion\n|\n|-heal|p1a: Donphan|19/288|[from] item: Leftovers\n|upkeep\n|\n|t:|1712880712\n|switch|p2a: Kommo-o|Kommo-o, L78, M|245/245\n|-damage|p2a: Kommo-o|230/245|[from] Stealth Rock\n|turn|8\n|\n|t:|1712880719\n|move|p1a: Donphan|Ice Shard|p2a: Kommo-o\n|-supereffective|p2a: Kommo-o\n|-damage|p2a: Kommo-o|170/245\n|move|p2a: Kommo-o|Scale Shot|p1a: Donphan\n|-damage|p1a: Donphan|0 fnt\n|faint|p1a: Donphan\n|-hitcount|p1: Donphan|1\n|-unboost|p2a: Kommo-o|def|1\n|-boost|p2a: Kommo-o|spe|1\n|\n|upkeep\n|\n|t:|1712880729\n|switch|p1a: Toucannon|Toucannon, L88, M|284/284\n|turn|9\n|\n|t:|1712880735\n|switch|p2a: Flareon|Flareon, L90, F|79/263 tox\n|-damage|p2a: Flareon|14/263 tox|[from] Stealth Rock\n|-singleturn|p1a: Toucannon|move: Beak Blast\n|move|p1a: Toucannon|Beak Blast|p2a: Flareon\n|-damage|p2a: Flareon|0 fnt\n|faint|p2a: Flareon\n|\n|upkeep\n|\n|t:|1712880743\n|switch|p2a: Basculegion|Basculegion-F, L83, F|335/335\n|-damage|p2a: Basculegion|294/335|[from] Stealth Rock\n|turn|10\n|\n|t:|1712880759\n|move|p2a: Basculegion|Hydro Pump|p1a: Toucannon\n|-damage|p1a: Toucannon|22/284\n|move|p1a: Toucannon|Knock Off|p2a: Basculegion\n|-supereffective|p2a: Basculegion\n|-damage|p2a: Basculegion|64/335\n|-enditem|p2a: Basculegion|Choice Specs|[from] move: Knock Off|[of] p1a: Toucannon\n|\n|upkeep\n|turn|11\n|\n|t:|1712880779\n|-singleturn|p1a: Toucannon|move: Beak Blast\n|move|p2a: Basculegion|Ice Beam|p1a: Toucannon\n|-supereffective|p1a: Toucannon\n|-damage|p1a: Toucannon|0 fnt\n|faint|p1a: Toucannon\n|\n|upkeep\n|inactive|Norman2! has 120 seconds left.\n|\n|t:|1712880800\n|switch|p1a: Crabominable|Crabominable, L90, M|321/321\n|turn|12\n|\n|t:|1712880804\n|move|p2a: Basculegion|Hydro Pump|p1a: Crabominable\n|-crit|p1a: Crabominable\n|-damage|p1a: Crabominable|41/321\n|move|p1a: Crabominable|Ice Hammer|p2a: Basculegion\n|-resisted|p2a: Basculegion\n|-damage|p2a: Basculegion|0 fnt\n|-unboost|p1a: Crabominable|spe|1\n|faint|p2a: Basculegion\n|\n|upkeep\n|\n|t:|1712880808\n|switch|p2a: Kommo-o|Kommo-o, L78, M|170/245\n|-damage|p2a: Kommo-o|155/245|[from] Stealth Rock\n|turn|13\n|\n|t:|1712880812\n|move|p2a: Kommo-o|Scale Shot|p1a: Crabominable\n|-damage|p1a: Crabominable|16/321\n|-damage|p1a: Crabominable|0 fnt\n|faint|p1a: Crabominable\n|-hitcount|p1: Crabominable|2\n|-unboost|p2a: Kommo-o|def|1\n|-boost|p2a: Kommo-o|spe|1\n|\n|upkeep\n|\n|t:|1712880820\n|switch|p1a: Orthworm|Orthworm, L88, F|266/266\n|turn|14\n|\n|t:|1712880824\n|-terastallize|p1a: Orthworm|Fighting\n|move|p2a: Kommo-o|Swords Dance|p2a: Kommo-o\n|-boost|p2a: Kommo-o|atk|2\n|move|p1a: Orthworm|Coil|p1a: Orthworm\n|-boost|p1a: Orthworm|atk|1\n|-boost|p1a: Orthworm|def|1\n|-boost|p1a: Orthworm|accuracy|1\n|\n|upkeep\n|turn|15\n|\n|t:|1712880835\n|move|p2a: Kommo-o|Close Combat|p1a: Orthworm\n|-damage|p1a: Orthworm|164/266\n|-unboost|p2a: Kommo-o|def|1\n|-unboost|p2a: Kommo-o|spd|1\n|move|p1a: Orthworm|Body Press|p2a: Kommo-o\n|-damage|p2a: Kommo-o|0 fnt\n|faint|p2a: Kommo-o\n|\n|upkeep\n|\n|t:|1712880837\n|switch|p2a: Indeedee|Indeedee-F, L90, F|272/272\n|-damage|p2a: Indeedee|238/272|[from] Stealth Rock\n|-fieldstart|move: Psychic Terrain|[from] ability: Psychic Surge|[of] p2a: Indeedee\n|turn|16\n|\n|t:|1712880847\n|move|p2a: Indeedee|Psychic|p1a: Orthworm\n|-supereffective|p1a: Orthworm\n|-damage|p1a: Orthworm|0 fnt\n|faint|p1a: Orthworm\n|-damage|p2a: Indeedee|211/272|[from] item: Life Orb\n|\n|upkeep\n|\n|t:|1712880849\n|switch|p1a: Cloyster|Cloyster, L79, F|209/209\n|turn|17\n|\n|t:|1712880851\n|move|p2a: Indeedee|Psychic|p1a: Cloyster\n|-damage|p1a: Cloyster|0 fnt\n|faint|p1a: Cloyster\n|-damage|p2a: Indeedee|184/272|[from] item: Life Orb\n|\n|win|CherylBush\n|raw|Norman2!'s rating: 2388 &rarr; <strong>2367</strong><br />(-21 for losing)\n|raw|CherylBush's rating: 2371 &rarr; <strong>2392</strong><br />(+21 for winning)\n|l|\u203dNorman2!\n|player|p1|\n|l| Mike42069\n", "inputlog": ">version 3a5338d38dc0bb363dd203110c27f40e04e176a8\n>start {\"formatid\":\"gen9randombattle\",\"seed\":[28717,55445,2480,42850],\"rated\":\"Rated battle\"}\n>player p1 {\"name\":\"Norman2!\",\"avatar\":\"170\",\"rating\":2388,\"seed\":[5632,19327,60690,56266]}\n>player p2 {\"name\":\"CherylBush\",\"avatar\":\"mallow-masters\",\"rating\":2371,\"seed\":[36666,50095,366,7551]}\n>p1 move icehammer\n>p2 switch 3\n>p1 switch 6\n>p2 move willowisp\n>p1 move stealthrock\n>p2 switch 4\n>p1 switch 2\n>p2 move swordsdance\n>p1 move bravebird\n>p2 move swordsdance terastallize\n>p1 move bodypress\n>p2 move closecombat\n>p1 switch 2\n>p1 move earthquake\n>p2 move leafblade\n>p2 switch 3\n>p1 move iceshard\n>p2 move scaleshot\n>p1 switch 5\n>p1 move beakblast\n>p2 switch 4\n>p2 switch 5\n>p1 move knockoff\n>p2 move hydropump\n>p1 move beakblast\n>p2 move icebeam\n>p1 switch 6\n>p1 move icehammer\n>p2 move hydropump\n>p2 switch 4\n>p1 move icehammer\n>p2 move scaleshot\n>p1 switch 4\n>p1 move coil terastallize\n>p2 move swordsdance\n>p1 move bodypress\n>p2 move closecombat\n>p2 switch 6\n>p1 move bodypress\n>p2 move psychic\n>p1 switch 3\n>p1 move shellsmash\n>p2 move psychic", "uploadtime": 1712880874, "views": 251, "formatid": "gen9randombattle", "rating": 2367, "private": 0, "password": null}