{"id": "gen9randombattle-2260040045", "format": "[Gen 9] Random Battle", "players": ["Professor Seef", "Anewderpydude"], "log": "|j|\u2606Professor Seef\n|j|\u2606Anewderpydude\n|inactive|Battle timer is ON: inactive players will automatically lose when time's up.\n|t:|1733794464\n|gametype|singles\n|j|*Lady Monita \u2600\n|player|p1|Professor Seef|sabrina-gen1|\n|player|p2|Anewderpydude|2|\n|teamsize|p1|16\n|teamsize|p2|16\n|gen|9\n|tier|[Gen 9] Random Battle\n|rated|Tournament battle\n|rule|Species Clause: Limit one of each Pok\u00e9mon\n|rule|HP Percentage Mod: HP is shown in percentages\n|rule|Sleep Clause Mod: Limit one foe put to sleep\n|rule|Illusion Level Mod: Illusion disguises the Pok\u00e9mon's true level\n|clearpoke\n|poke|p1|Chi-Yu, L77|\n|poke|p1|Rotom-Fan, L86|\n|poke|p1|Arceus-Grass, L72|\n|poke|p1|Electrode-Hisui, L87|\n|poke|p1|Gliscor, L76, M|\n|poke|p1|Latios, L78, M|\n|poke|p1|Toxicroak, L84, F|\n|poke|p1|Hypno, L95, F|\n|poke|p1|Armarouge, L80, F|\n|poke|p1|Mismagius, L86, M|\n|poke|p1|Palafin, L77, F|\n|poke|p1|Iron Valiant, L78|\n|poke|p1|Houndoom, L87, F|\n|poke|p1|Breloom, L82, M|\n|poke|p1|Gothitelle, L90, M|\n|poke|p1|Mightyena, L95, F|\n|poke|p2|Garchomp, L74, M|\n|poke|p2|Arcanine, L84, F|\n|poke|p2|Camerupt, L91, M|\n|poke|p2|Mimikyu, L79, F|\n|poke|p2|Mabosstiff, L86, F|\n|poke|p2|Ariados, L95, F|\n|poke|p2|Kilowattrel, L83, F|\n|poke|p2|Dodrio, L86, M|\n|poke|p2|Azumarill, L82, M|\n|poke|p2|Drifblim, L86, F|\n|poke|p2|Dedenne, L88, M|\n|poke|p2|Mew, L82|\n|poke|p2|Indeedee-F, L90, F|\n|poke|p2|Volbeat, L90, M|\n|poke|p2|Umbreon, L84, M|\n|poke|p2|Spidops, L96, M|\n|teampreview|8\n|inactive|Anewderpydude also wants the timer to be on.\n|j| Litterature\n|l| Litterature\n|inactive|Professor Seef has 120 seconds left.\n|inactive|Anewderpydude has 120 seconds left.\n|inactive|Professor Seef has 90 seconds left.\n|\n|t:|1733794540\n|start\n|switch|p1a: Gliscor|Gliscor, L76, M|239/239\n|switch|p2a: Mimikyu|Mimikyu, L79, F|216/216\n|turn|1\n|\n|t:|1733794552\n|move|p2a: Mimikyu|Swords Dance|p2a: Mimikyu\n|-boost|p2a: Mimikyu|atk|2\n|move|p1a: Gliscor|Substitute|p1a: Gliscor\n|-start|p1a: Gliscor|Substitute\n|-damage|p1a: Gliscor|180/239\n|\n|-status|p1a: Gliscor|tox|[from] item: Toxic Orb\n|upkeep\n|turn|2\n|\n|t:|1733794561\n|move|p2a: Mimikyu|Shadow Claw|p1a: Gliscor\n|-end|p1a: Gliscor|Substitute\n|-damage|p2a: Mimikyu|195/216|[from] item: Life Orb\n|move|p1a: Gliscor|Toxic|p2a: Mimikyu\n|-status|p2a: Mimikyu|tox\n|\n|-damage|p2a: Mimikyu|182/216 tox|[from] psn\n|-heal|p1a: Gliscor|209/239 tox|[from] ability: Poison Heal\n|upkeep\n|turn|3\n|\n|t:|1733794572\n|move|p1a: Gliscor|Protect|p1a: Gliscor\n|-singleturn|p1a: Gliscor|Protect\n|move|p2a: Mimikyu|Play Rough|p1a: Gliscor\n|-activate|p1a: Gliscor|move: Protect\n|\n|-damage|p2a: Mimikyu|156/216 tox|[from] psn\n|-heal|p1a: Gliscor|238/239 tox|[from] ability: Poison Heal\n|upkeep\n|turn|4\n|\n|t:|1733794577\n|move|p2a: Mimikyu|Play Rough|p1a: Gliscor\n|-damage|p1a: Gliscor|65/239 tox\n|-damage|p2a: Mimikyu|135/216 tox|[from] item: Life Orb\n|move|p1a: Gliscor|Substitute|p1a: Gliscor\n|-start|p1a: Gliscor|Substitute\n|-damage|p1a: Gliscor|6/239 tox\n|\n|-damage|p2a: Mimikyu|96/216 tox|[from] psn\n|-heal|p1a: Gliscor|35/239 tox|[from] ability: Poison Heal\n|upkeep\n|turn|5\n|\n|t:|1733794585\n|move|p1a: Gliscor|Protect|p1a: Gliscor\n|-singleturn|p1a: Gliscor|Protect\n|move|p2a: Mimikyu|Shadow Claw|p1a: Gliscor\n|-activate|p1a: Gliscor|move: Protect\n|\n|-damage|p2a: Mimikyu|44/216 tox|[from] psn\n|-heal|p1a: Gliscor|64/239 tox|[from] ability: Poison Heal\n|upkeep\n|turn|6\n|\n|t:|1733794600\n|move|p2a: Mimikyu|Shadow Claw|p1a: Gliscor\n|-end|p1a: Gliscor|Substitute\n|-damage|p2a: Mimikyu|23/216 tox|[from] item: Life Orb\n|move|p1a: Gliscor|Substitute|p1a: Gliscor\n|-start|p1a: Gliscor|Substitute\n|-damage|p1a: Gliscor|5/239 tox\n|\n|-damage|p2a: Mimikyu|0 fnt|[from] psn\n|faint|p2a: Mimikyu\n|-heal|p1a: Gliscor|34/239 tox|[from] ability: Poison Heal\n|upkeep\n|\n|t:|1733794622\n|switch|p2a: Azumarill|Azumarill, L82, M|298/298\n|turn|7\n|\n|t:|1733794651\n|move|p1a: Gliscor|Toxic|p2a: Azumarill\n|-status|p2a: Azumarill|tox\n|move|p2a: Azumarill|Liquidation|p1a: Gliscor\n|-supereffective|p1a: Gliscor\n|-end|p1a: Gliscor|Substitute\n|\n|-heal|p1a: Gliscor|63/239 tox|[from] ability: Poison Heal\n|-damage|p2a: Azumarill|280/298 tox|[from] psn\n|upkeep\n|turn|8\n|\n|t:|1733794666\n|move|p1a: Gliscor|Protect|p1a: Gliscor\n|-singleturn|p1a: Gliscor|Protect\n|move|p2a: Azumarill|Liquidation|p1a: Gliscor\n|-activate|p1a: Gliscor|move: Protect\n|\n|-heal|p1a: Gliscor|92/239 tox|[from] ability: Poison Heal\n|-damage|p2a: Azumarill|244/298 tox|[from] psn\n|upkeep\n|turn|9\n|j| MrDrainPunch\n|\n|t:|1733794674\n|move|p1a: Gliscor|Substitute|p1a: Gliscor\n|-start|p1a: Gliscor|Substitute\n|-damage|p1a: Gliscor|33/239 tox\n|move|p2a: Azumarill|Liquidation|p1a: Gliscor\n|-supereffective|p1a: Gliscor\n|-end|p1a: Gliscor|Substitute\n|\n|-heal|p1a: Gliscor|62/239 tox|[from] ability: Poison Heal\n|-damage|p2a: Azumarill|190/298 tox|[from] psn\n|upkeep\n|turn|10\n|\n|t:|1733794684\n|move|p1a: Gliscor|Protect|p1a: Gliscor\n|-singleturn|p1a: Gliscor|Protect\n|move|p2a: Azumarill|Liquidation|p1a: Gliscor\n|-activate|p1a: Gliscor|move: Protect\n|\n|-heal|p1a: Gliscor|91/239 tox|[from] ability: Poison Heal\n|-damage|p2a: Azumarill|118/298 tox|[from] psn\n|upkeep\n|turn|11\n|\n|t:|1733794690\n|move|p1a: Gliscor|Substitute|p1a: Gliscor\n|-start|p1a: Gliscor|Substitute\n|-damage|p1a: Gliscor|32/239 tox\n|move|p2a: Azumarill|Liquidation|p1a: Gliscor\n|-supereffective|p1a: Gliscor\n|-end|p1a: Gliscor|Substitute\n|\n|-heal|p1a: Gliscor|61/239 tox|[from] ability: Poison Heal\n|-damage|p2a: Azumarill|28/298 tox|[from] psn\n|upkeep\n|turn|12\n|c|\u2606Anewderpydude|oh my god\n|c|\u2606Anewderpydude|this is so annoying\n|\n|t:|1733794703\n|move|p1a: Gliscor|Protect|p1a: Gliscor\n|-singleturn|p1a: Gliscor|Protect\n|move|p2a: Azumarill|Liquidation|p1a: Gliscor\n|-activate|p1a: Gliscor|move: Protect\n|\n|-heal|p1a: Gliscor|90/239 tox|[from] ability: Poison Heal\n|-damage|p2a: Azumarill|0 fnt|[from] psn\n|faint|p2a: Azumarill\n|upkeep\n|\n|t:|1733794709\n|switch|p2a: Garchomp|Garchomp, L74, M|282/282\n|turn|13\n|\n|t:|1733794718\n|move|p2a: Garchomp|Scale Shot|p1a: Gliscor|[miss]\n|-miss|p2a: Garchomp|p1a: Gliscor\n|move|p1a: Gliscor|Toxic|p2a: Garchomp\n|-status|p2a: Garchomp|tox\n|\n|-damage|p2a: Garchomp|265/282 tox|[from] psn\n|-heal|p1a: Gliscor|119/239 tox|[from] ability: Poison Heal\n|upkeep\n|turn|14\n|\n|t:|1733794724\n|move|p1a: Gliscor|Protect|p1a: Gliscor\n|-singleturn|p1a: Gliscor|Protect\n|move|p2a: Garchomp|Scale Shot|p1a: Gliscor\n|-activate|p1a: Gliscor|move: Protect\n|\n|-damage|p2a: Garchomp|231/282 tox|[from] psn\n|-heal|p1a: Gliscor|148/239 tox|[from] ability: Poison Heal\n|upkeep\n|turn|15\n|\n|t:|1733794729\n|move|p2a: Garchomp|Scale Shot|p1a: Gliscor\n|-damage|p1a: Gliscor|124/239 tox\n|-damage|p1a: Gliscor|100/239 tox\n|-crit|p1a: Gliscor\n|-damage|p1a: Gliscor|67/239 tox\n|-damage|p1a: Gliscor|43/239 tox\n|-damage|p1a: Gliscor|22/239 tox\n|-hitcount|p1a: Gliscor|5\n|-unboost|p2a: Garchomp|def|1\n|-boost|p2a: Garchomp|spe|1\n|move|p1a: Gliscor|Substitute|p1a: Gliscor\n|-fail|p1a: Gliscor|move: Substitute|[weak]\n|\n|-damage|p2a: Garchomp|180/282 tox|[from] psn\n|-heal|p1a: Gliscor|51/239 tox|[from] ability: Poison Heal\n|upkeep\n|turn|16\n|c|\u2606Anewderpydude|bro if only scale shot didnt miss at first\n|\n|t:|1733794743\n|move|p1a: Gliscor|Protect|p1a: Gliscor\n|-singleturn|p1a: Gliscor|Protect\n|move|p2a: Garchomp|Swords Dance|p2a: Garchomp\n|-boost|p2a: Garchomp|atk|2\n|\n|-damage|p2a: Garchomp|112/282 tox|[from] psn\n|-heal|p1a: Gliscor|80/239 tox|[from] ability: Poison Heal\n|upkeep\n|turn|17\n|\n|t:|1733794762\n|switch|p1a: Iron Valiant|Iron Valiant, L78|244/244\n|move|p2a: Garchomp|Scale Shot|p1a: Iron Valiant\n|-immune|p1a: Iron Valiant\n|\n|-damage|p2a: Garchomp|27/282 tox|[from] psn\n|upkeep\n|turn|18\n|\n|t:|1733794776\n|-end|p1a: Iron Valiant|Quark Drive|[silent]\n|switch|p1a: Gliscor|Gliscor, L76, M|80/239 tox\n|move|p2a: Garchomp|Earthquake|p1a: Gliscor\n|-immune|p1a: Gliscor\n|\n|-damage|p2a: Garchomp|0 fnt|[from] psn\n|faint|p2a: Garchomp\n|-heal|p1a: Gliscor|109/239 tox|[from] ability: Poison Heal\n|upkeep\n|inactive|Anewderpydude has 120 seconds left.\n|\n|t:|1733794802\n|switch|p2a: Spidops|Spidops, L96, M|271/271\n|turn|19\n|\n|t:|1733794810\n|move|p1a: Gliscor|Toxic|p2a: Spidops|[miss]\n|-miss|p1a: Gliscor|p2a: Spidops\n|move|p2a: Spidops|Spikes|p1a: Gliscor\n|-sidestart|p1: Professor Seef|Spikes\n|\n|-heal|p1a: Gliscor|138/239 tox|[from] ability: Poison Heal\n|upkeep\n|turn|20\n|\n|t:|1733794818\n|move|p1a: Gliscor|Substitute|p1a: Gliscor\n|-start|p1a: Gliscor|Substitute\n|-damage|p1a: Gliscor|79/239 tox\n|move|p2a: Spidops|Spikes|p1a: Gliscor\n|-sidestart|p1: Professor Seef|Spikes\n|\n|-heal|p1a: Gliscor|108/239 tox|[from] ability: Poison Heal\n|upkeep\n|turn|21\n|\n|t:|1733794827\n|move|p1a: Gliscor|Toxic|p2a: Spidops|[miss]\n|-miss|p1a: Gliscor|p2a: Spidops\n|move|p2a: Spidops|Spikes|p1a: Gliscor\n|-sidestart|p1: Professor Seef|Spikes\n|\n|-heal|p1a: Gliscor|137/239 tox|[from] ability: Poison Heal\n|upkeep\n|turn|22\n|\n|t:|1733794835\n|move|p1a: Gliscor|Toxic|p2a: Spidops\n|-status|p2a: Spidops|tox\n|move|p2a: Spidops|Knock Off|p1a: Gliscor\n|-end|p1a: Gliscor|Substitute\n|\n|-heal|p1a: Gliscor|166/239 tox|[from] ability: Poison Heal\n|-damage|p2a: Spidops|255/271 tox|[from] psn\n|upkeep\n|turn|23\n|\n|t:|1733794844\n|move|p1a: Gliscor|Earthquake|p2a: Spidops\n|-resisted|p2a: Spidops\n|-damage|p2a: Spidops|221/271 tox\n|move|p2a: Spidops|U-turn|p1a: Gliscor\n|-resisted|p1a: Gliscor\n|-damage|p1a: Gliscor|130/239 tox\n|\n|t:|1733794850\n|switch|p2a: Arcanine|Arcanine, L84, F|288/288|[from] U-turn\n|-ability|p2a: Arcanine|Intimidate|boost\n|-unboost|p1a: Gliscor|atk|1\n|\n|-heal|p1a: Gliscor|159/239 tox|[from] ability: Poison Heal\n|upkeep\n|turn|24\n|\n|t:|1733794873\n|move|p2a: Arcanine|Extreme Speed|p1a: Gliscor\n|-damage|p1a: Gliscor|108/239 tox\n|move|p1a: Gliscor|Toxic|p2a: Arcanine\n|-status|p2a: Arcanine|tox\n|\n|-damage|p2a: Arcanine|270/288 tox|[from] psn\n|-heal|p1a: Gliscor|137/239 tox|[from] ability: Poison Heal\n|upkeep\n|turn|25\n|\n|t:|1733794882\n|move|p1a: Gliscor|Protect|p1a: Gliscor\n|-singleturn|p1a: Gliscor|Protect\n|move|p2a: Arcanine|Flare Blitz|p1a: Gliscor\n|-activate|p1a: Gliscor|move: Protect\n|\n|-damage|p2a: Arcanine|234/288 tox|[from] psn\n|-heal|p1a: Gliscor|166/239 tox|[from] ability: Poison Heal\n|upkeep\n|turn|26\n|\n|t:|1733794897\n|move|p2a: Arcanine|Flare Blitz|p1a: Gliscor\n|-damage|p1a: Gliscor|55/239 tox\n|-damage|p2a: Arcanine|197/288 tox|[from] Recoil\n|move|p1a: Gliscor|Earthquake|p2a: Arcanine\n|-supereffective|p2a: Arcanine\n|-damage|p2a: Arcanine|77/288 tox\n|\n|-damage|p2a: Arcanine|23/288 tox|[from] psn\n|-heal|p1a: Gliscor|84/239 tox|[from] ability: Poison Heal\n|upkeep\n|turn|27\n|c|\u2606Professor Seef|click x man\n|inactive|Anewderpydude has 120 seconds left.\n|\n|t:|1733794931\n|move|p1a: Gliscor|Protect|p1a: Gliscor\n|-singleturn|p1a: Gliscor|Protect\n|move|p2a: Arcanine|Flare Blitz|p1a: Gliscor\n|-activate|p1a: Gliscor|move: Protect\n|\n|-damage|p2a: Arcanine|0 fnt|[from] psn\n|faint|p2a: Arcanine\n|-heal|p1a: Gliscor|113/239 tox|[from] ability: Poison Heal\n|upkeep\n|inactive|Anewderpydude has 120 seconds left.\n|\n|t:|1733794939\n|switch|p2a: Mabosstiff|Mabosstiff, L86, F|278/278\n|turn|28\n|inactive|Anewderpydude has 120 seconds left.\n|\n|t:|1733794949\n|move|p2a: Mabosstiff|Psychic Fangs|p1a: Gliscor\n|-damage|p1a: Gliscor|46/239 tox\n|move|p1a: Gliscor|Toxic|p2a: Mabosstiff\n|-status|p2a: Mabosstiff|tox\n|\n|-damage|p2a: Mabosstiff|261/278 tox|[from] psn\n|-heal|p1a: Gliscor|75/239 tox|[from] ability: Poison Heal\n|upkeep\n|turn|29\n|\n|t:|1733794954\n|move|p1a: Gliscor|Protect|p1a: Gliscor\n|-singleturn|p1a: Gliscor|Protect\n|move|p2a: Mabosstiff|Psychic Fangs|p1a: Gliscor\n|-activate|p1a: Gliscor|move: Protect\n|\n|-damage|p2a: Mabosstiff|227/278 tox|[from] psn\n|-heal|p1a: Gliscor|104/239 tox|[from] ability: Poison Heal\n|upkeep\n|turn|30\n|\n|t:|1733794957\n|move|p2a: Mabosstiff|Psychic Fangs|p1a: Gliscor\n|-damage|p1a: Gliscor|37/239 tox\n|move|p1a: Gliscor|Earthquake|p2a: Mabosstiff\n|-damage|p2a: Mabosstiff|173/278 tox\n|\n|-damage|p2a: Mabosstiff|122/278 tox|[from] psn\n|-heal|p1a: Gliscor|66/239 tox|[from] ability: Poison Heal\n|upkeep\n|turn|31\n|\n|t:|1733794967\n|move|p1a: Gliscor|Protect|p1a: Gliscor\n|-singleturn|p1a: Gliscor|Protect\n|move|p2a: Mabosstiff|Psychic Fangs|p1a: Gliscor\n|-activate|p1a: Gliscor|move: Protect\n|\n|-damage|p2a: Mabosstiff|54/278 tox|[from] psn\n|-heal|p1a: Gliscor|95/239 tox|[from] ability: Poison Heal\n|upkeep\n|turn|32\n|\n|t:|1733794975\n|move|p1a: Gliscor|Protect||[still]\n|-fail|p1a: Gliscor\n|move|p2a: Mabosstiff|Psychic Fangs|p1a: Gliscor\n|-crit|p1a: Gliscor\n|-damage|p1a: Gliscor|0 fnt\n|faint|p1a: Gliscor\n|\n|-damage|p2a: Mabosstiff|0 fnt|[from] psn\n|faint|p2a: Mabosstiff\n|upkeep\n|inactive|Anewderpydude has 120 seconds left.\n|\n|t:|1733795015\n|switch|p2a: Dedenne|Dedenne, L88, M|261/261\n|switch|p1a: Rotom|Rotom-Fan, L86|226/226\n|turn|33\n|\n|t:|1733795029\n|move|p2a: Dedenne|Thunderbolt|p1a: Rotom\n|-damage|p1a: Rotom|145/226\n|move|p1a: Rotom|Volt Switch|p2a: Dedenne\n|-resisted|p2a: Dedenne\n|-damage|p2a: Dedenne|215/261\n|\n|t:|1733795036\n|switch|p1a: Arceus|Arceus-Grass, L72|292/292|[from] Volt Switch\n|-damage|p1a: Arceus|219/292|[from] Spikes\n|\n|upkeep\n|turn|34\n|inactive|Anewderpydude has 120 seconds left.\n|\n|t:|1733795046\n|-terastallize|p2a: Dedenne|Flying\n|move|p2a: Dedenne|Dazzling Gleam|p1a: Arceus\n|-damage|p1a: Arceus|141/292\n|move|p1a: Arceus|Calm Mind|p1a: Arceus\n|-boost|p1a: Arceus|spa|1\n|-boost|p1a: Arceus|spd|1\n|\n|upkeep\n|turn|35\n|\n|t:|1733795052\n|move|p2a: Dedenne|Nuzzle|p1a: Arceus\n|-resisted|p1a: Arceus\n|-damage|p1a: Arceus|133/292\n|-status|p1a: Arceus|par\n|cant|p1a: Arceus|par\n|\n|upkeep\n|turn|36\n|inactive|Anewderpydude has 120 seconds left.\n|\n|t:|1733795076\n|move|p2a: Dedenne|Thunderbolt|p1a: Arceus\n|-resisted|p1a: Arceus\n|-damage|p1a: Arceus|107/292 par\n|cant|p1a: Arceus|par\n|\n|upkeep\n|turn|37\n|inactive|Anewderpydude has 120 seconds left.\n|\n|t:|1733795082\n|-terastallize|p1a: Arceus|Ground\n|move|p2a: Dedenne|Dazzling Gleam|p1a: Arceus\n|-damage|p1a: Arceus|53/292 par\n|cant|p1a: Arceus|par\n|\n|upkeep\n|turn|38\n|\n|t:|1733795089\n|move|p2a: Dedenne|Dazzling Gleam|p1a: Arceus\n|-damage|p1a: Arceus|2/292 par\n|move|p1a: Arceus|Ice Beam|p2a: Dedenne\n|-supereffective|p2a: Dedenne\n|-damage|p2a: Dedenne|11/261\n|-enditem|p2a: Dedenne|Sitrus Berry|[eat]\n|-heal|p2a: Dedenne|76/261|[from] item: Sitrus Berry\n|-heal|p2a: Dedenne|163/261|[from] ability: Cheek Pouch\n|\n|upkeep\n|turn|39\n|\n|t:|1733795094\n|move|p2a: Dedenne|Dazzling Gleam|p1a: Arceus\n|-damage|p1a: Arceus|0 fnt\n|faint|p1a: Arceus\n|\n|upkeep\n|\n|t:|1733795101\n|switch|p1a: Rotom|Rotom-Fan, L86|145/226\n|turn|40\n|j| Quilavaaa\n|\n|t:|1733795120\n|move|p2a: Dedenne|Dazzling Gleam|p1a: Rotom\n|-damage|p1a: Rotom|76/226\n|move|p1a: Rotom|Thunderbolt|p2a: Dedenne\n|-supereffective|p2a: Dedenne\n|-damage|p2a: Dedenne|0 fnt\n|faint|p2a: Dedenne\n|\n|upkeep\n|\n|t:|1733795125\n|switch|p2a: Drifblim|Drifblim, L86, F|396/396\n|turn|41\n|\n|t:|1733795134\n|move|p1a: Rotom|Thunderbolt|p2a: Drifblim\n|-supereffective|p2a: Drifblim\n|-damage|p2a: Drifblim|84/396\n|-status|p2a: Drifblim|par\n|-enditem|p2a: Drifblim|Sitrus Berry|[eat]\n|-heal|p2a: Drifblim|183/396 par|[from] item: Sitrus Berry\n|move|p2a: Drifblim|Shadow Ball|p1a: Rotom\n|-damage|p1a: Rotom|1/226\n|\n|upkeep\n|turn|42\n|c|\u2606Professor Seef|sorry this guys taking 5 years per turn lol\n|\n|t:|1733795146\n|move|p1a: Rotom|Thunderbolt|p2a: Drifblim\n|-supereffective|p2a: Drifblim\n|-damage|p2a: Drifblim|0 fnt\n|faint|p2a: Drifblim\n|\n|upkeep\n|\n|t:|1733795149\n|switch|p2a: Spidops|Spidops, L96, M|221/271 tox\n|turn|43\n|\n|t:|1733795153\n|move|p1a: Rotom|Air Slash|p2a: Spidops\n|-supereffective|p2a: Spidops\n|-damage|p2a: Spidops|71/271 tox\n|move|p2a: Spidops|Circle Throw|p1a: Rotom\n|-resisted|p1a: Rotom\n|-damage|p1a: Rotom|0 fnt\n|faint|p1a: Rotom\n|\n|-damage|p2a: Spidops|55/271 tox|[from] psn\n|upkeep\n|\n|t:|1733795159\n|switch|p1a: Armarouge|Armarouge, L80, F|267/267\n|-damage|p1a: Armarouge|201/267|[from] Spikes\n|turn|44\n|\n|t:|1733795166\n|move|p1a: Armarouge|Armor Cannon|p2a: Spidops\n|-supereffective|p2a: Spidops\n|-damage|p2a: Spidops|0 fnt\n|-unboost|p1a: Armarouge|def|1\n|-unboost|p1a: Armarouge|spd|1\n|faint|p2a: Spidops\n|\n|win|Professor Seef\n|n|\u2606Professor Seef|professorseef\n|n|\u2606Anewderpydude|anewderpydude\n|n|*Lady Monita \u2600|ladymonita\n|n| MrDrainPunch|mrdrainpunch\n|n| Quilavaaa|quilavaaa\n|l|*Lady Monita \u2600\n|l|\u2606Professor Seef\n|player|p1|\n|c|\u2606Anewderpydude|gg\n|l| MrDrainPunch\n|l|\u2606Anewderpydude\n|player|p2|\n|j|\u2606Professor Seef\n|player|p1|Professor Seef|sabrina-gen1|\n", "inputlog": ">version bfd83cad13791eb5a5a409923076391caf6fb4d4\n>start {\"formatid\":\"gen9randombattle@@@Team Preview,pickedteamsize=8,maxteamsize=16\",\"seed\":[42515,17099,37152,54504],\"rated\":\"Tournament battle\"}\n>player p1 {\"name\":\"Professor Seef\",\"avatar\":\"sabrina-gen1\",\"rating\":0,\"seed\":[12989,49876,46934,11834]}\n>player p2 {\"name\":\"Anewderpydude\",\"avatar\":\"2\",\"rating\":0,\"seed\":[30382,28870,41256,25825]}\n>p1 team 5, 12, 6, 1, 14, 9, 2, 3\n>p2 team 4, 2, 1, 5, 11, 9, 16, 10\n>p1 move substitute\n>p2 move swordsdance\n>p1 move toxic\n>p2 move shadowclaw\n>p1 move protect\n>p2 move playrough\n>p1 move substitute\n>p2 move playrough\n>p1 move protect\n>p2 move shadowclaw\n>p1 move substitute\n>p2 move shadowclaw\n>p2 switch 6\n>p1 move toxic\n>p2 move liquidation\n>p1 move protect\n>p2 move liquidation\n>p1 move substitute\n>p2 move liquidation\n>p1 move protect\n>p2 move liquidation\n>p1 move substitute\n>p2 move liquidation\n>chat \u2606Anewderpydude|oh my god\n>chat \u2606Anewderpydude|this is so annoying\n>p1 move protect\n>p2 move liquidation\n>p2 switch 3\n>p1 move toxic\n>p2 move scaleshot\n>p1 move protect\n>p2 move scaleshot\n>p1 move substitute\n>p2 move scaleshot\n>chat \u2606Anewderpydude|bro if only scale shot didnt miss at first\n>p1 move protect\n>p2 move swordsdance\n>p1 switch 2\n>p2 move scaleshot\n>p1 switch 2\n>p2 move earthquake\n>p2 switch 7\n>p1 move toxic\n>p2 move spikes\n>p1 move substitute\n>p2 move spikes\n>p1 move toxic\n>p2 move spikes\n>p1 move toxic\n>p2 move knockoff\n>p1 move earthquake\n>p2 move uturn\n>p2 switch 2\n>p1 move toxic\n>p2 move extremespeed\n>p1 move protect\n>p2 move flareblitz\n>p1 move earthquake\n>p2 move flareblitz\n>chat \u2606Professor Seef|click x man\n>p1 move protect\n>p2 move flareblitz\n>p2 switch 4\n>p1 move toxic\n>p2 move psychicfangs\n>p1 move protect\n>p2 move psychicfangs\n>p1 move earthquake\n>p2 move psychicfangs\n>p1 move protect\n>p2 move psychicfangs\n>p1 move protect\n>p2 move psychicfangs\n>p1 switch 7\n>p2 switch 5\n>p1 move voltswitch\n>p2 move thunderbolt\n>p1 switch 8\n>p1 move calmmind\n>p2 move dazzlinggleam terastallize\n>p1 move calmmind\n>p2 move nuzzle\n>p1 move earthpower\n>p2 move thunderbolt\n>p1 move earthpower terastallize\n>p2 move dazzlinggleam\n>p1 move icebeam\n>p2 move dazzlinggleam\n>p1 move icebeam\n>p2 move dazzlinggleam\n>p1 switch 8\n>p1 move thunderbolt\n>p2 move dazzlinggleam\n>p2 switch 8\n>p1 move thunderbolt\n>p2 move shadowball\n>chat \u2606Professor Seef|sorry this guys taking 5 years per turn lol\n>p1 move thunderbolt\n>p2 move shadowball\n>p2 switch 2\n>p1 move airslash\n>p2 move circlethrow\n>p1 switch 6\n>p1 move armorcannon\n>p2 move knockoff", "uploadtime": 1733795179, "views": 4, "formatid": "gen9randombattle", "rating": null, "private": 0, "password": null}