{"id": "gen9randombattle-2260558322", "format": "[Gen 9] Random Battle", "players": ["doubleson", "splatoonwhoomy"], "log": "|j|\u2606doubleson\n|j|\u2606splatoonwhoomy\n|t:|1733863419\n|gametype|singles\n|player|p1|doubleson|caitlin|1168\n|player|p2|splatoonwhoomy|wallace|1153\n|teamsize|p1|6\n|teamsize|p2|6\n|gen|9\n|tier|[Gen 9] Random Battle\n|rated|\n|rule|Species Clause: Limit one of each Pok\u00e9mon\n|rule|HP Percentage Mod: HP is shown in percentages\n|rule|Sleep Clause Mod: Limit one foe put to sleep\n|rule|Illusion Level Mod: Illusion disguises the Pok\u00e9mon's true level\n|\n|t:|1733863419\n|start\n|switch|p1a: Heatran|Heatran, L79, M|273/273\n|switch|p2a: Deoxys|Deoxys-Speed, L82|216/216\n|-ability|p2a: Deoxys|Pressure\n|-item|p1a: Heatran|Air Balloon\n|turn|1\n|inactive|Battle timer is ON: inactive players will automatically lose when time's up. (requested by doubleson)\n|\n|t:|1733863435\n|move|p2a: Deoxys|Stealth Rock|p1a: Heatran\n|-sidestart|p1: doubleson|move: Stealth Rock\n|move|p1a: Heatran|Stealth Rock|p2a: Deoxys\n|-sidestart|p2: splatoonwhoomy|move: Stealth Rock\n|\n|upkeep\n|turn|2\n|\n|t:|1733863454\n|switch|p1a: Dedenne|Dedenne, L88, F|261/261\n|-damage|p1a: Dedenne|229/261|[from] Stealth Rock\n|move|p2a: Deoxys|Knock Off|p1a: Dedenne\n|-resisted|p1a: Dedenne\n|-damage|p1a: Dedenne|187/261\n|-enditem|p1a: Dedenne|Sitrus Berry|[from] move: Knock Off|[of] p2a: Deoxys\n|\n|upkeep\n|turn|3\n|\n|t:|1733863466\n|switch|p2a: Brambleghast|Brambleghast, L88, F|240/240\n|move|p1a: Dedenne|Nuzzle|p2a: Brambleghast\n|-resisted|p2a: Brambleghast\n|-damage|p2a: Brambleghast|230/240\n|-status|p2a: Brambleghast|par\n|\n|upkeep\n|turn|4\n|\n|t:|1733863479\n|move|p1a: Dedenne|Dazzling Gleam|p2a: Brambleghast\n|-damage|p2a: Brambleghast|136/240 par\n|move|p2a: Brambleghast|Rapid Spin|p1a: Dedenne\n|-damage|p1a: Dedenne|126/261\n|-boost|p2a: Brambleghast|spe|1\n|-sideend|p2: splatoonwhoomy|Stealth Rock|[from] move: Rapid Spin|[of] p2a: Brambleghast\n|\n|upkeep\n|turn|5\n|\n|t:|1733863488\n|move|p1a: Dedenne|Dazzling Gleam|p2a: Brambleghast\n|-damage|p2a: Brambleghast|48/240 par\n|move|p2a: Brambleghast|Poltergeist||[still]\n|-fail|p2a: Brambleghast\n|\n|upkeep\n|turn|6\n|\n|t:|1733863494\n|move|p1a: Dedenne|Dazzling Gleam|p2a: Brambleghast\n|-damage|p2a: Brambleghast|0 fnt\n|faint|p2a: Brambleghast\n|\n|upkeep\n|\n|t:|1733863501\n|switch|p2a: Cloyster|Cloyster, L80, M|211/211\n|turn|7\n|\n|t:|1733863507\n|-terastallize|p2a: Cloyster|Ground\n|move|p1a: Dedenne|Nuzzle|p2a: Cloyster\n|-immune|p2a: Cloyster\n|move|p2a: Cloyster|Shell Smash|p2a: Cloyster\n|-unboost|p2a: Cloyster|def|1\n|-unboost|p2a: Cloyster|spd|1\n|-boost|p2a: Cloyster|atk|2\n|-boost|p2a: Cloyster|spa|2\n|-boost|p2a: Cloyster|spe|2\n|-enditem|p2a: Cloyster|White Herb\n|-clearnegativeboost|p2a: Cloyster|[silent]\n|\n|upkeep\n|turn|8\n|\n|t:|1733863526\n|move|p2a: Cloyster|Rock Blast|p1a: Dedenne\n|-damage|p1a: Dedenne|84/261\n|-damage|p1a: Dedenne|42/261\n|-damage|p1a: Dedenne|2/261\n|-damage|p1a: Dedenne|0 fnt\n|faint|p1a: Dedenne\n|-hitcount|p1: Dedenne|4\n|\n|upkeep\n|\n|t:|1733863545\n|switch|p1a: Masquerain|Masquerain, L87, M|264/264\n|-ability|p1a: Masquerain|Intimidate|boost\n|-unboost|p2a: Cloyster|atk|1\n|turn|9\n|\n|t:|1733863553\n|move|p2a: Cloyster|Rock Blast|p1a: Masquerain\n|-supereffective|p1a: Masquerain\n|-damage|p1a: Masquerain|140/264\n|-supereffective|p1a: Masquerain\n|-crit|p1a: Masquerain\n|-damage|p1a: Masquerain|0 fnt\n|faint|p1a: Masquerain\n|-hitcount|p1: Masquerain|2\n|\n|upkeep\n|\n|t:|1733863563\n|switch|p1a: Toxapex|Toxapex, L82, F|216/216\n|-damage|p1a: Toxapex|189/216|[from] Stealth Rock\n|turn|10\n|inactive|doubleson has 120 seconds left.\n|\n|t:|1733863579\n|move|p2a: Cloyster|Drill Run|p1a: Toxapex\n|-supereffective|p1a: Toxapex\n|-damage|p1a: Toxapex|39/216\n|move|p1a: Toxapex|Liquidation|p2a: Cloyster\n|-supereffective|p2a: Cloyster\n|-damage|p2a: Cloyster|143/211\n|\n|-heal|p1a: Toxapex|52/216|[from] item: Leftovers\n|upkeep\n|turn|11\n|\n|t:|1733863593\n|move|p2a: Cloyster|Drill Run|p1a: Toxapex\n|-supereffective|p1a: Toxapex\n|-crit|p1a: Toxapex\n|-damage|p1a: Toxapex|0 fnt\n|faint|p1a: Toxapex\n|\n|upkeep\n|inactive|doubleson has 120 seconds left.\n|\n|t:|1733863612\n|switch|p1a: Polteageist|Polteageist-Antique, L79|224/224\n|-damage|p1a: Polteageist|196/224|[from] Stealth Rock\n|turn|12\n|inactive|doubleson has 120 seconds left.\n|\n|t:|1733863634\n|move|p2a: Cloyster|Rock Blast|p1a: Polteageist\n|-damage|p1a: Polteageist|162/224\n|-start|p2a: Cloyster|Disable|Rock Blast|[from] ability: Cursed Body|[of] p1a: Polteageist\n|-damage|p1a: Polteageist|129/224\n|-damage|p1a: Polteageist|99/224\n|-damage|p1a: Polteageist|69/224\n|-damage|p1a: Polteageist|36/224\n|-hitcount|p1a: Polteageist|5\n|move|p1a: Polteageist|Shadow Ball|p2a: Cloyster\n|-crit|p2a: Cloyster\n|-damage|p2a: Cloyster|0 fnt\n|faint|p2a: Cloyster\n|\n|upkeep\n|\n|t:|1733863646\n|switch|p2a: Deoxys|Deoxys-Speed, L82|216/216\n|-ability|p2a: Deoxys|Pressure\n|turn|13\n|\n|t:|1733863654\n|move|p2a: Deoxys|Knock Off|p1a: Polteageist\n|-supereffective|p1a: Polteageist\n|-damage|p1a: Polteageist|0 fnt\n|-enditem|p1a: Polteageist|White Herb|[from] move: Knock Off|[of] p2a: Deoxys\n|faint|p1a: Polteageist\n|\n|upkeep\n|\n|t:|1733863669\n|switch|p1a: Heatran|Heatran, L79, M|273/273\n|-damage|p1a: Heatran|239/273|[from] Stealth Rock\n|-item|p1a: Heatran|Air Balloon\n|turn|14\n|\n|t:|1733863677\n|move|p2a: Deoxys|Knock Off|p1a: Heatran\n|-damage|p1a: Heatran|181/273\n|-enditem|p1a: Heatran|Air Balloon\n|move|p1a: Heatran|Stealth Rock|p2a: Deoxys\n|-sidestart|p2: splatoonwhoomy|move: Stealth Rock\n|\n|upkeep\n|turn|15\n|\n|t:|1733863693\n|move|p2a: Deoxys|Psycho Boost|p1a: Heatran\n|-resisted|p1a: Heatran\n|-damage|p1a: Heatran|113/273\n|-unboost|p2a: Deoxys|spa|2\n|move|p1a: Heatran|Magma Storm|p2a: Deoxys|[miss]\n|-miss|p1a: Heatran|p2a: Deoxys\n|\n|upkeep\n|turn|16\n|\n|t:|1733863712\n|switch|p2a: Staraptor|Staraptor, L79, M|263/263\n|-damage|p2a: Staraptor|198/263|[from] Stealth Rock\n|move|p1a: Heatran|Earth Power|p2a: Staraptor\n|-immune|p2a: Staraptor\n|\n|upkeep\n|turn|17\n|\n|t:|1733863743\n|move|p2a: Staraptor|Close Combat|p1a: Heatran\n|-supereffective|p1a: Heatran\n|-damage|p1a: Heatran|0 fnt\n|-unboost|p2a: Staraptor|def|1\n|-unboost|p2a: Staraptor|spd|1\n|faint|p1a: Heatran\n|\n|upkeep\n|\n|t:|1733863749\n|switch|p1a: Regigigas|Regigigas, L84|322/322\n|-damage|p1a: Regigigas|282/322|[from] Stealth Rock\n|-start|p1a: Regigigas|ability: Slow Start\n|turn|18\n|\n|t:|1733863764\n|-terastallize|p1a: Regigigas|Ghost\n|move|p2a: Staraptor|Close Combat|p1a: Regigigas\n|-immune|p1a: Regigigas\n|move|p1a: Regigigas|Knock Off|p2a: Staraptor\n|-damage|p2a: Staraptor|102/263\n|-enditem|p2a: Staraptor|Choice Band|[from] move: Knock Off|[of] p1a: Regigigas\n|\n|-heal|p1a: Regigigas|302/322|[from] item: Leftovers\n|upkeep\n|turn|19\n|\n|t:|1733863777\n|move|p2a: Staraptor|Brave Bird|p1a: Regigigas\n|-damage|p1a: Regigigas|164/322\n|-damage|p2a: Staraptor|56/263|[from] Recoil\n|move|p1a: Regigigas|Substitute|p1a: Regigigas\n|-start|p1a: Regigigas|Substitute\n|-damage|p1a: Regigigas|84/322\n|\n|-heal|p1a: Regigigas|104/322|[from] item: Leftovers\n|upkeep\n|turn|20\n|\n|t:|1733863786\n|move|p1a: Regigigas|Protect|p1a: Regigigas\n|-singleturn|p1a: Regigigas|Protect\n|move|p2a: Staraptor|Brave Bird|p1a: Regigigas\n|-activate|p1a: Regigigas|move: Protect\n|\n|-heal|p1a: Regigigas|124/322|[from] item: Leftovers\n|upkeep\n|turn|21\n|\n|t:|1733863793\n|move|p2a: Staraptor|Brave Bird|p1a: Regigigas\n|-end|p1a: Regigigas|Substitute\n|-damage|p2a: Staraptor|30/263|[from] Recoil|[of] p1a: Regigigas\n|move|p1a: Regigigas|Knock Off|p2a: Staraptor\n|-damage|p2a: Staraptor|0 fnt\n|faint|p2a: Staraptor\n|\n|-heal|p1a: Regigigas|144/322|[from] item: Leftovers\n|upkeep\n|\n|t:|1733863799\n|switch|p2a: Deoxys|Deoxys-Speed, L82|216/216\n|-damage|p2a: Deoxys|189/216|[from] Stealth Rock\n|-ability|p2a: Deoxys|Pressure\n|turn|22\n|inactive|doubleson has 120 seconds left.\n|\n|t:|1733863806\n|move|p1a: Regigigas|Protect|p1a: Regigigas\n|-singleturn|p1a: Regigigas|Protect\n|move|p2a: Deoxys|Knock Off|p1a: Regigigas\n|-activate|p1a: Regigigas|move: Protect\n|\n|-heal|p1a: Regigigas|164/322|[from] item: Leftovers\n|-end|p1a: Regigigas|Slow Start\n|upkeep\n|turn|23\n|\n|t:|1733863814\n|move|p2a: Deoxys|Knock Off|p1a: Regigigas\n|-supereffective|p1a: Regigigas\n|-damage|p1a: Regigigas|60/322\n|-enditem|p1a: Regigigas|Leftovers|[from] move: Knock Off|[of] p2a: Deoxys\n|move|p1a: Regigigas|Knock Off|p2a: Deoxys\n|-supereffective|p2a: Deoxys\n|-damage|p2a: Deoxys|0 fnt\n|-enditem|p2a: Deoxys|Focus Sash|[from] move: Knock Off|[of] p1a: Regigigas\n|faint|p2a: Deoxys\n|\n|upkeep\n|\n|t:|1733863829\n|switch|p2a: Cresselia|Cresselia, L80, F|323/323\n|-damage|p2a: Cresselia|283/323|[from] Stealth Rock\n|turn|24\n|\n|t:|1733863834\n|move|p1a: Regigigas|Knock Off|p2a: Cresselia\n|-supereffective|p2a: Cresselia\n|-damage|p2a: Cresselia|103/323\n|-enditem|p2a: Cresselia|Leftovers|[from] move: Knock Off|[of] p1a: Regigigas\n|move|p2a: Cresselia|Thunderbolt|p1a: Regigigas\n|-damage|p1a: Regigigas|16/322\n|\n|upkeep\n|turn|25\n|\n|t:|1733863842\n|move|p1a: Regigigas|Knock Off|p2a: Cresselia\n|-supereffective|p2a: Cresselia\n|-damage|p2a: Cresselia|0 fnt\n|faint|p2a: Cresselia\n|\n|upkeep\n|\n|t:|1733863846\n|switch|p2a: Volcarona|Volcarona, L77, F|257/257\n|turn|26\n|\n|t:|1733863852\n|move|p1a: Regigigas|Knock Off|p2a: Volcarona\n|-damage|p2a: Volcarona|128/257\n|-enditem|p2a: Volcarona|Heavy-Duty Boots|[from] move: Knock Off|[of] p1a: Regigigas\n|move|p2a: Volcarona|Bug Buzz|p1a: Regigigas\n|-resisted|p1a: Regigigas\n|-damage|p1a: Regigigas|0 fnt\n|faint|p1a: Regigigas\n|-end|p1a: Regigigas|Slow Start|[silent]\n|\n|win|splatoonwhoomy\n|raw|doubleson's rating: 1168 &rarr; <strong>1142</strong><br />(-26 for losing)\n|raw|splatoonwhoomy's rating: 1153 &rarr; <strong>1179</strong><br />(+26 for winning)\n", "inputlog": ">version bfd83cad13791eb5a5a409923076391caf6fb4d4\n>start {\"formatid\":\"gen9randombattle\",\"seed\":[26219,1189,9161,11441],\"rated\":\"Rated battle\"}\n>player p1 {\"name\":\"doubleson\",\"avatar\":\"caitlin\",\"rating\":1168,\"seed\":[43027,38747,50673,36070]}\n>player p2 {\"name\":\"splatoonwhoomy\",\"avatar\":\"wallace\",\"rating\":1153,\"seed\":[32883,62012,24779,44277]}\n>p1 move stealthrock\n>p2 move stealthrock\n>p1 switch 2\n>p2 move knockoff\n>p1 move nuzzle\n>p2 switch 4\n>p1 move dazzlinggleam\n>p2 move rapidspin\n>p1 move dazzlinggleam\n>p2 move poltergeist\n>p1 move dazzlinggleam\n>p2 move rapidspin\n>p2 switch 3\n>p1 move nuzzle\n>p2 move shellsmash terastallize\n>p1 move superfang\n>p2 move rockblast\n>p1 switch 4\n>p1 move hydropump\n>p2 move rockblast\n>p1 switch 3\n>p1 move liquidation\n>p2 move drillrun\n>p1 move recover\n>p2 move drillrun\n>p1 switch 6\n>p1 move shadowball\n>p2 move rockblast\n>p2 switch 4\n>p1 move shadowball\n>p2 move knockoff\n>p1 switch 2\n>p1 move stealthrock\n>p2 move knockoff\n>p1 move magmastorm\n>p2 move psychoboost\n>p1 move earthpower\n>p2 switch 5\n>p1 move magmastorm\n>p2 move closecombat\n>p1 switch 5\n>p1 move knockoff terastallize\n>p2 move closecombat\n>p1 move substitute\n>p2 move bravebird\n>p1 move protect\n>p2 move bravebird\n>p1 move knockoff\n>p2 move bravebird\n>p2 switch 5\n>p1 move protect\n>p2 move knockoff\n>p1 move knockoff\n>p2 move knockoff\n>p2 switch 6\n>p1 move knockoff\n>p2 move thunderbolt\n>p1 move knockoff\n>p2 move thunderbolt\n>p2 switch 2\n>p1 move knockoff\n>p2 move bugbuzz", "uploadtime": 1733863863, "views": 2, "formatid": "gen9randombattle", "rating": 1142, "private": 0, "password": null}