{"id": "gen9randombattle-2260707482", "format": "[Gen 9] Random Battle", "players": ["Nedyarb7941", "LegMan490"], "log": "|j|\u2606Nedyarb7941\n|j|\u2606LegMan490\n|t:|1733881063\n|gametype|singles\n|player|p1|Nedyarb7941|101|\n|player|p2|LegMan490|lucas|\n|teamsize|p1|6\n|teamsize|p2|6\n|gen|9\n|tier|[Gen 9] Random Battle\n|rule|Species Clause: Limit one of each Pok\u00e9mon\n|rule|HP Percentage Mod: HP is shown in percentages\n|rule|Sleep Clause Mod: Limit one foe put to sleep\n|rule|Illusion Level Mod: Illusion disguises the Pok\u00e9mon's true level\n|\n|t:|1733881063\n|start\n|switch|p1a: Lunala|Lunala, L70|308/308\n|switch|p2a: Shaymin|Shaymin, L82|298/298\n|turn|1\n|inactive|Battle timer is ON: inactive players will automatically lose when time's up. (requested by Nedyarb7941)\n|\n|t:|1733881106\n|move|p2a: Shaymin|Seed Flare|p1a: Lunala\n|-damage|p1a: Lunala|248/308\n|move|p1a: Lunala|Calm Mind|p1a: Lunala\n|-boost|p1a: Lunala|spa|1\n|-boost|p1a: Lunala|spd|1\n|\n|-heal|p1a: Lunala|267/308|[from] item: Leftovers\n|upkeep\n|turn|2\n|\n|t:|1733881123\n|switch|p2a: Gliscor|Gliscor, L76, M|239/239\n|move|p1a: Lunala|Calm Mind|p1a: Lunala\n|-boost|p1a: Lunala|spa|1\n|-boost|p1a: Lunala|spd|1\n|\n|-heal|p1a: Lunala|286/308|[from] item: Leftovers\n|-status|p2a: Gliscor|tox|[from] item: Toxic Orb\n|upkeep\n|turn|3\n|\n|t:|1733881140\n|move|p2a: Gliscor|Knock Off|p1a: Lunala\n|-supereffective|p1a: Lunala\n|-damage|p1a: Lunala|26/308\n|-enditem|p1a: Lunala|Leftovers|[from] move: Knock Off|[of] p2a: Gliscor\n|move|p1a: Lunala|Moongeist Beam|p2a: Gliscor\n|-damage|p2a: Gliscor|0 fnt\n|faint|p2a: Gliscor\n|\n|upkeep\n|c|\u2606Nedyarb7941|Yeesh\n|c|\u2606Nedyarb7941|That was close\n|\n|t:|1733881155\n|switch|p2a: Inteleon|Inteleon, L81, F|246/246\n|turn|4\n|\n|t:|1733881158\n|move|p2a: Inteleon|U-turn|p1a: Lunala\n|-damage|p1a: Lunala|0 fnt\n|faint|p1a: Lunala\n|\n|t:|1733881162\n|switch|p2a: Shaymin|Shaymin, L82|298/298|[from] U-turn\n|\n|upkeep\n|\n|t:|1733881172\n|switch|p1a: Arceus|Arceus-Ice, L72|291/291\n|turn|5\n|\n|t:|1733881180\n|switch|p2a: Blaziken|Blaziken, L76, M|247/247\n|move|p1a: Arceus|Judgment|p2a: Blaziken\n|-resisted|p2a: Blaziken\n|-damage|p2a: Blaziken|176/247\n|\n|upkeep\n|turn|6\n|\n|t:|1733881189\n|-terastallize|p1a: Arceus|Ground\n|move|p1a: Arceus|Earth Power|p2a: Blaziken\n|-supereffective|p2a: Blaziken\n|-damage|p2a: Blaziken|0 fnt\n|faint|p2a: Blaziken\n|\n|upkeep\n|\n|t:|1733881206\n|switch|p2a: Inteleon|Inteleon, L81, F|246/246\n|turn|7\n|\n|t:|1733881218\n|switch|p1a: Wugtrio|Wugtrio, L91, M|212/212\n|move|p2a: Inteleon|Ice Beam|p1a: Wugtrio\n|-resisted|p1a: Wugtrio\n|-damage|p1a: Wugtrio|154/212\n|\n|upkeep\n|turn|8\n|\n|t:|1733881233\n|move|p1a: Wugtrio|Stomping Tantrum|p2a: Inteleon\n|-crit|p2a: Inteleon\n|-damage|p2a: Inteleon|59/246\n|move|p2a: Inteleon|Ice Beam|p1a: Wugtrio\n|-resisted|p1a: Wugtrio\n|-damage|p1a: Wugtrio|96/212\n|\n|upkeep\n|turn|9\n|\n|t:|1733881242\n|move|p1a: Wugtrio|Stomping Tantrum|p2a: Inteleon\n|-damage|p2a: Inteleon|0 fnt\n|faint|p2a: Inteleon\n|\n|upkeep\n|\n|t:|1733881246\n|switch|p2a: Shaymin|Shaymin, L82|298/298\n|turn|10\n|\n|t:|1733881252\n|move|p1a: Wugtrio|Stomping Tantrum|p2a: Shaymin\n|-resisted|p2a: Shaymin\n|-damage|p2a: Shaymin|254/298\n|move|p2a: Shaymin|Seed Flare|p1a: Wugtrio\n|-supereffective|p1a: Wugtrio\n|-damage|p1a: Wugtrio|0 fnt\n|faint|p1a: Wugtrio\n|\n|-heal|p2a: Shaymin|272/298|[from] item: Leftovers\n|upkeep\n|\n|t:|1733881256\n|switch|p1a: Arceus|Arceus-Ice, L72, tera:Ground|291/291\n|turn|11\n|c|\u2606Nedyarb7941|WAIT\n|c|\u2606Nedyarb7941|I FORGOT\n|c|\u2606Nedyarb7941|IT'S STILL GROUND\n|c|\u2606Nedyarb7941|Wait no\n|c|\u2606Nedyarb7941|Nvm\n|c|\u2606Nedyarb7941|Lol\n|c|\u2606Nedyarb7941|No\n|inactive|LegMan490 has 270 seconds left.\n|c|\u2606Nedyarb7941|It's still ice\n|inactiveoff|Battle timer is now OFF.\n|\n|t:|1733881305\n|move|p1a: Arceus|Judgment|p2a: Shaymin\n|-supereffective|p2a: Shaymin\n|-damage|p2a: Shaymin|56/298\n|move|p2a: Shaymin|Seed Flare|p1a: Arceus\n|-supereffective|p1a: Arceus\n|-damage|p1a: Arceus|61/291\n|\n|-heal|p2a: Shaymin|74/298|[from] item: Leftovers\n|upkeep\n|turn|12\n|\n|t:|1733881338\n|switch|p2a: Donphan|Donphan, L84, F|288/288\n|move|p1a: Arceus|Judgment|p2a: Donphan\n|-supereffective|p2a: Donphan\n|-damage|p2a: Donphan|94/288\n|\n|upkeep\n|turn|13\n|\n|t:|1733881355\n|-terastallize|p2a: Donphan|Water\n|move|p2a: Donphan|Ice Shard|p1a: Arceus\n|-supereffective|p1a: Arceus\n|-damage|p1a: Arceus|3/291\n|move|p1a: Arceus|Recover|p1a: Arceus\n|-heal|p1a: Arceus|149/291\n|\n|upkeep\n|turn|14\n|\n|t:|1733881372\n|switch|p1a: Feraligatr|Feraligatr, L79, M|264/264\n|move|p2a: Donphan|Knock Off|p1a: Feraligatr\n|-damage|p1a: Feraligatr|185/264\n|-enditem|p1a: Feraligatr|Life Orb|[from] move: Knock Off|[of] p2a: Donphan\n|\n|upkeep\n|turn|15\n|\n|t:|1733881383\n|switch|p2a: Shaymin|Shaymin, L82|74/298\n|move|p1a: Feraligatr|Trailblaze|p2a: Shaymin\n|-resisted|p2a: Shaymin\n|-damage|p2a: Shaymin|53/298\n|\n|-heal|p2a: Shaymin|71/298|[from] item: Leftovers\n|upkeep\n|turn|16\n|\n|t:|1733881391\n|move|p2a: Shaymin|Synthesis|p2a: Shaymin\n|-heal|p2a: Shaymin|220/298\n|move|p1a: Feraligatr|Ice Punch|p2a: Shaymin\n|-supereffective|p2a: Shaymin\n|-damage|p2a: Shaymin|96/298\n|\n|-heal|p2a: Shaymin|114/298|[from] item: Leftovers\n|upkeep\n|turn|17\n|\n|t:|1733881398\n|move|p2a: Shaymin|Synthesis|p2a: Shaymin\n|-heal|p2a: Shaymin|263/298\n|move|p1a: Feraligatr|Dragon Dance|p1a: Feraligatr\n|-boost|p1a: Feraligatr|atk|1\n|-boost|p1a: Feraligatr|spe|1\n|\n|-heal|p2a: Shaymin|281/298|[from] item: Leftovers\n|upkeep\n|turn|18\n|\n|t:|1733881405\n|move|p1a: Feraligatr|Ice Punch|p2a: Shaymin\n|-supereffective|p2a: Shaymin\n|-damage|p2a: Shaymin|111/298\n|move|p2a: Shaymin|Seed Flare|p1a: Feraligatr\n|-supereffective|p1a: Feraligatr\n|-crit|p1a: Feraligatr\n|-damage|p1a: Feraligatr|0 fnt\n|faint|p1a: Feraligatr\n|\n|-heal|p2a: Shaymin|129/298|[from] item: Leftovers\n|upkeep\n|c|\u2606Nedyarb7941|WHAT\n|c|\u2606Nedyarb7941|Oh\n|\n|t:|1733881421\n|switch|p1a: Latios|Latios, L78, M|253/253\n|turn|19\n|\n|t:|1733881436\n|move|p1a: Latios|Draco Meteor|p2a: Shaymin|[miss]\n|-miss|p1a: Latios|p2a: Shaymin\n|move|p2a: Shaymin|Air Slash|p1a: Latios\n|-damage|p1a: Latios|208/253\n|\n|-heal|p2a: Shaymin|147/298|[from] item: Leftovers\n|upkeep\n|turn|20\n|c|\u2606Nedyarb7941|Um\n|c|\u2606Nedyarb7941|Help\n|\n|t:|1733881443\n|move|p1a: Latios|Draco Meteor|p2a: Shaymin\n|-damage|p2a: Shaymin|0 fnt\n|-unboost|p1a: Latios|spa|2\n|faint|p2a: Shaymin\n|\n|upkeep\n|c|\u2606Nedyarb7941|Oh there it goes\n|\n|t:|1733881449\n|switch|p2a: Donphan|Donphan, L84, F, tera:Water|94/288\n|turn|21\n|c|\u2606Nedyarb7941|RNG help me\n|\n|t:|1733881469\n|move|p1a: Latios|Draco Meteor|p2a: Donphan\n|-damage|p2a: Donphan|15/288\n|-unboost|p1a: Latios|spa|2\n|move|p2a: Donphan|Earthquake|p1a: Latios\n|-immune|p1a: Latios|[from] ability: Levitate\n|\n|upkeep\n|turn|22\n|\n|t:|1733881486\n|move|p2a: Donphan|Ice Shard|p1a: Latios\n|-supereffective|p1a: Latios\n|-damage|p1a: Latios|132/253\n|move|p1a: Latios|Psyshock|p2a: Donphan\n|-damage|p2a: Donphan|0 fnt\n|faint|p2a: Donphan\n|\n|upkeep\n|\n|t:|1733881492\n|switch|p2a: Metagross|Metagross, L79|256/256\n|turn|23\n|c|\u2606Nedyarb7941|???\n|c|\u2606Nedyarb7941|No\n|\n|t:|1733881504\n|move|p1a: Latios|Calm Mind|p1a: Latios\n|-boost|p1a: Latios|spa|1\n|-boost|p1a: Latios|spd|1\n|move|p2a: Metagross|Heavy Slam|p1a: Latios\n|-damage|p1a: Latios|0 fnt\n|faint|p1a: Latios\n|\n|upkeep\n|c|\u2606Nedyarb7941|Um\n|\n|t:|1733881513\n|switch|p1a: Polteageist|Polteageist, L79, shiny|224/224\n|turn|24\n|c|\u2606Nedyarb7941|WAIT\n|c|\u2606Nedyarb7941|SHINY\n|c|\u2606Nedyarb7941|IT'S SHINY\n|c|\u2606Nedyarb7941|LOL\n|c|\u2606Nedyarb7941|LOOK\n|\n|t:|1733881535\n|move|p1a: Polteageist|Shadow Ball|p2a: Metagross\n|-supereffective|p2a: Metagross\n|-damage|p2a: Metagross|68/256\n|move|p2a: Metagross|Heavy Slam|p1a: Polteageist\n|-damage|p1a: Polteageist|40/224\n|\n|-heal|p2a: Metagross|84/256|[from] item: Leftovers\n|upkeep\n|turn|25\n|c|\u2606Nedyarb7941|GG\n|\n|t:|1733881561\n|move|p2a: Metagross|Heavy Slam|p1a: Polteageist\n|-damage|p1a: Polteageist|0 fnt\n|faint|p1a: Polteageist\n|\n|-heal|p2a: Metagross|100/256|[from] item: Leftovers\n|upkeep\n|c|\u2606Nedyarb7941|Wait what\n|\n|t:|1733881566\n|switch|p1a: Arceus|Arceus-Ice, L72, tera:Ground|149/291\n|turn|26\n|c|\u2606Nedyarb7941|Yeah\n|\n|t:|1733881583\n|move|p1a: Arceus|Earth Power|p2a: Metagross\n|-supereffective|p2a: Metagross\n|-damage|p2a: Metagross|0 fnt\n|faint|p2a: Metagross\n|\n|win|Nedyarb7941\n|l|\u2606LegMan490\n|player|p2|\n", "inputlog": ">version bfd83cad13791eb5a5a409923076391caf6fb4d4\n>start {\"formatid\":\"gen9randombattle\",\"seed\":[11158,21949,44122,18910]}\n>player p1 {\"name\":\"Nedyarb7941\",\"avatar\":\"101\",\"rating\":0,\"seed\":[25531,51820,22955,13026]}\n>player p2 {\"name\":\"LegMan490\",\"avatar\":\"lucas\",\"rating\":0,\"seed\":[47525,46692,33495,41115]}\n>p1 move calmmind\n>p2 move seedflare\n>p1 move calmmind\n>p2 switch 4\n>p1 move moongeistbeam\n>p2 move knockoff\n>chat \u2606Nedyarb7941|Yeesh\n>chat \u2606Nedyarb7941|That was close\n>p2 switch 6\n>p1 move moonlight\n>p2 move uturn\n>p2 switch 4\n>p1 switch 5\n>p1 move judgment\n>p2 switch 5\n>p1 move earthpower terastallize\n>p2 move swordsdance\n>p2 switch 4\n>p1 switch 2\n>p2 move icebeam\n>p1 move stompingtantrum\n>p2 move icebeam\n>p1 move stompingtantrum\n>p2 move icebeam\n>p2 switch 5\n>p1 move stompingtantrum\n>p2 move seedflare\n>p1 switch 2\n>chat \u2606Nedyarb7941|WAIT\n>chat \u2606Nedyarb7941|I FORGOT\n>chat \u2606Nedyarb7941|IT'S STILL GROUND\n>chat \u2606Nedyarb7941|Wait no\n>chat \u2606Nedyarb7941|Nvm\n>chat \u2606Nedyarb7941|Lol\n>chat \u2606Nedyarb7941|No\n>chat \u2606Nedyarb7941|It's still ice\n>p1 move judgment\n>p2 move seedflare\n>p1 move judgment\n>p2 switch 2\n>p1 move recover\n>p2 move iceshard terastallize\n>p1 switch 3\n>p2 move knockoff\n>p1 move trailblaze\n>p2 switch 2\n>p1 move icepunch\n>p2 move synthesis\n>p1 move dragondance\n>p2 move synthesis\n>p1 move icepunch\n>p2 move seedflare\n>chat \u2606Nedyarb7941|WHAT\n>chat \u2606Nedyarb7941|Oh\n>p1 switch 4\n>p1 move dracometeor\n>p2 move airslash\n>chat \u2606Nedyarb7941|Um\n>chat \u2606Nedyarb7941|Help\n>p1 move dracometeor\n>p2 move synthesis\n>chat \u2606Nedyarb7941|Oh there it goes\n>p2 switch 2\n>chat \u2606Nedyarb7941|RNG help me\n>p1 move dracometeor\n>p2 move earthquake\n>p1 move psyshock\n>p2 move iceshard\n>p2 switch 3\n>chat \u2606Nedyarb7941|???\n>chat \u2606Nedyarb7941|No\n>p1 move calmmind\n>p2 move heavyslam\n>chat \u2606Nedyarb7941|Um\n>p1 switch 6\n>chat \u2606Nedyarb7941|WAIT\n>chat \u2606Nedyarb7941|SHINY\n>chat \u2606Nedyarb7941|IT'S SHINY\n>chat \u2606Nedyarb7941|LOL\n>chat \u2606Nedyarb7941|LOOK\n>p1 move shadowball\n>p2 move heavyslam\n>chat \u2606Nedyarb7941|GG\n>p1 move shadowball\n>p2 move heavyslam\n>chat \u2606Nedyarb7941|Wait what\n>p1 switch 3\n>chat \u2606Nedyarb7941|Yeah\n>p1 move earthpower\n>p2 move heavyslam", "uploadtime": 1733881590, "views": 2, "formatid": "gen9randombattle", "rating": null, "private": 0, "password": null}