{"id": "gen9randombattle-2260108082", "format": "[Gen 9] Random Battle", "players": ["Jaycsoccerbeast", "coolbluekid"], "log": "|j|\u2606Jaycsoccerbeast\n|j|\u2606coolbluekid\n|t:|1733803579\n|gametype|singles\n|player|p1|Jaycsoccerbeast|102|1621\n|player|p2|coolbluekid|rancher|1605\n|teamsize|p1|6\n|teamsize|p2|6\n|gen|9\n|tier|[Gen 9] Random Battle\n|rated|\n|rule|Species Clause: Limit one of each Pok\u00e9mon\n|rule|HP Percentage Mod: HP is shown in percentages\n|rule|Sleep Clause Mod: Limit one foe put to sleep\n|rule|Illusion Level Mod: Illusion disguises the Pok\u00e9mon's true level\n|\n|t:|1733803579\n|start\n|switch|p1a: Clefable|Clefable, L83, M|293/293\n|switch|p2a: Hitmonlee|Hitmonlee, L85, M|224/224\n|turn|1\n|inactive|Battle timer is ON: inactive players will automatically lose when time's up. (requested by coolbluekid)\n|\n|t:|1733803598\n|move|p2a: Hitmonlee|Poison Jab|p1a: Clefable\n|-supereffective|p1a: Clefable\n|-damage|p1a: Clefable|137/293\n|-status|p1a: Clefable|psn\n|move|p1a: Clefable|Thunder Wave|p2a: Hitmonlee\n|-status|p2a: Hitmonlee|par\n|\n|upkeep\n|turn|2\n|\n|t:|1733803605\n|move|p1a: Clefable|Stealth Rock|p2a: Hitmonlee\n|-sidestart|p2: coolbluekid|move: Stealth Rock\n|move|p2a: Hitmonlee|Poison Jab|p1a: Clefable\n|-supereffective|p1a: Clefable\n|-damage|p1a: Clefable|0 fnt\n|faint|p1a: Clefable\n|\n|upkeep\n|\n|t:|1733803614\n|switch|p1a: Delibird|Delibird, M|252/252\n|turn|3\n|\n|t:|1733803620\n|move|p1a: Delibird|Brave Bird|p2a: Hitmonlee\n|-supereffective|p2a: Hitmonlee\n|-damage|p2a: Hitmonlee|0 fnt\n|faint|p2a: Hitmonlee\n|-damage|p1a: Delibird|178/252|[from] Recoil\n|\n|upkeep\n|\n|t:|1733803624\n|switch|p2a: Bellibolt|Bellibolt, L84, F|320/320\n|-damage|p2a: Bellibolt|280/320|[from] Stealth Rock\n|turn|4\n|\n|t:|1733803627\n|move|p1a: Delibird|Spikes|p2a: Bellibolt\n|-sidestart|p2: coolbluekid|Spikes\n|move|p2a: Bellibolt|Thunderbolt|p1a: Delibird\n|-supereffective|p1a: Delibird\n|-damage|p1a: Delibird|0 fnt\n|faint|p1a: Delibird\n|\n|-heal|p2a: Bellibolt|300/320|[from] item: Leftovers\n|upkeep\n|\n|t:|1733803628\n|switch|p1a: Great Tusk|Great Tusk, L77|304/304\n|turn|5\n|\n|t:|1733803652\n|switch|p2a: Oricorio|Oricorio-Sensu, L85, F|266/266\n|move|p1a: Great Tusk|Bulk Up|p1a: Great Tusk\n|-boost|p1a: Great Tusk|atk|1\n|-boost|p1a: Great Tusk|def|1\n|\n|upkeep\n|turn|6\n|\n|t:|1733803662\n|move|p2a: Oricorio|Hurricane|p1a: Great Tusk\n|-supereffective|p1a: Great Tusk\n|-damage|p1a: Great Tusk|0 fnt\n|faint|p1a: Great Tusk\n|-end|p1a: Great Tusk|Protosynthesis|[silent]\n|\n|upkeep\n|\n|t:|1733803667\n|switch|p1a: Politoed|Politoed, L88, M|302/302\n|-weather|RainDance|[from] ability: Drizzle|[of] p1a: Politoed\n|turn|7\n|\n|t:|1733803671\n|move|p2a: Oricorio|Quiver Dance|p2a: Oricorio\n|-boost|p2a: Oricorio|spa|1\n|-boost|p2a: Oricorio|spd|1\n|-boost|p2a: Oricorio|spe|1\n|move|p1a: Politoed|Hypnosis|p2a: Oricorio\n|-status|p2a: Oricorio|slp|[from] move: Hypnosis\n|\n|-weather|RainDance|[upkeep]\n|upkeep\n|turn|8\n|\n|t:|1733803676\n|switch|p1a: Haxorus|Haxorus, L77, M|244/244\n|-ability|p1a: Haxorus|Mold Breaker\n|cant|p2a: Oricorio|slp\n|\n|-weather|RainDance|[upkeep]\n|upkeep\n|turn|9\n|\n|t:|1733803687\n|cant|p2a: Oricorio|slp\n|move|p1a: Haxorus|Dragon Dance|p1a: Haxorus\n|-boost|p1a: Haxorus|atk|1\n|-boost|p1a: Haxorus|spe|1\n|-activate|p2a: Oricorio|ability: Dancer\n|-curestatus|p2a: Oricorio|slp|[msg]\n|move|p2a: Oricorio|Dragon Dance|p2a: Oricorio|[from]ability: Dancer\n|-boost|p2a: Oricorio|atk|1\n|-boost|p2a: Oricorio|spe|1\n|\n|-weather|RainDance|[upkeep]\n|upkeep\n|turn|10\n|\n|t:|1733803702\n|-terastallize|p1a: Haxorus|Steel\n|move|p2a: Oricorio|Hurricane|p1a: Haxorus\n|-resisted|p1a: Haxorus\n|-damage|p1a: Haxorus|132/244\n|-start|p1a: Haxorus|confusion\n|-enditem|p1a: Haxorus|Lum Berry|[eat]\n|-end|p1a: Haxorus|confusion\n|move|p1a: Haxorus|Outrage|p2a: Oricorio\n|-damage|p2a: Oricorio|29/266\n|\n|-weather|RainDance|[upkeep]\n|upkeep\n|turn|11\n|\n|t:|1733803717\n|move|p2a: Oricorio|Revelation Dance|p1a: Haxorus\n|-damage|p1a: Haxorus|0 fnt\n|faint|p1a: Haxorus\n|\n|-weather|none\n|upkeep\n|-message|Jaycsoccerbeast forfeited.\n|\n|win|coolbluekid\n|raw|Jaycsoccerbeast's rating: 1621 &rarr; <strong>1600</strong><br />(-21 for losing)\n|raw|coolbluekid's rating: 1605 &rarr; <strong>1626</strong><br />(+21 for winning)\n|c|\u2606coolbluekid|i didnt know thats how dancer worked\n|c|\u2606coolbluekid|thats crazy\n", "inputlog": ">version bfd83cad13791eb5a5a409923076391caf6fb4d4\n>start {\"formatid\":\"gen9randombattle\",\"seed\":[51037,19316,64519,41134],\"rated\":\"Rated battle\"}\n>player p1 {\"name\":\"Jaycsoccerbeast\",\"avatar\":\"102\",\"rating\":1621,\"seed\":[14652,17948,65179,22739]}\n>player p2 {\"name\":\"coolbluekid\",\"avatar\":\"rancher\",\"rating\":1605,\"seed\":[25360,43683,28178,39917]}\n>p1 move thunderwave\n>p2 move poisonjab\n>p1 move stealthrock\n>p2 move poisonjab\n>p1 switch 6\n>p1 move bravebird\n>p2 move closecombat\n>p2 switch 4\n>p1 move spikes\n>p2 move thunderbolt\n>p1 switch 5\n>p1 move bulkup\n>p2 switch 3\n>p1 move stoneedge\n>p2 move hurricane\n>p1 switch 3\n>p1 move hypnosis\n>p2 move quiverdance\n>p1 switch 4\n>p2 move quiverdance\n>p1 move dragondance\n>p2 move revelationdance\n>p1 move outrage terastallize\n>p2 move hurricane\n>p1 move outrage\n>p2 move revelationdance\n>forcelose p1", "uploadtime": 1733803773, "views": 26, "formatid": "gen9randombattle", "rating": 1600, "private": 0, "password": null}