{"id": "gen9randombattle-2260345453", "format": "[Gen 9] Random Battle", "players": ["Acts22", "Divineisnotcool"], "log": "|j|\u2606Acts22\n|j|\u2606Divineisnotcool\n|t:|1733842325\n|gametype|singles\n|player|p1|Acts22|170|\n|player|p2|Divineisnotcool|265|\n|teamsize|p1|6\n|teamsize|p2|6\n|gen|9\n|tier|[Gen 9] Random Battle\n|rule|Species Clause: Limit one of each Pok\u00e9mon\n|rule|HP Percentage Mod: HP is shown in percentages\n|rule|Sleep Clause Mod: Limit one foe put to sleep\n|rule|Illusion Level Mod: Illusion disguises the Pok\u00e9mon's true level\n|\n|t:|1733842325\n|start\n|switch|p1a: Iron Jugulis|Iron Jugulis, L78|275/275\n|switch|p2a: Dudunsparce|Dudunsparce-Three-Segment, L83, F|343/343\n|turn|1\n|\n|t:|1733842345\n|-end|p1a: Iron Jugulis|Quark Drive|[silent]\n|switch|p1a: Virizion|Virizion, L82|283/283\n|move|p2a: Dudunsparce|Glare|p1a: Virizion\n|-status|p1a: Virizion|par\n|\n|upkeep\n|turn|2\n|\n|t:|1733842359\n|switch|p2a: Zamazenta|Zamazenta, L71|248/248\n|-ability|p2a: Zamazenta|Dauntless Shield|boost\n|-boost|p2a: Zamazenta|def|1\n|move|p1a: Virizion|Close Combat|p2a: Zamazenta\n|-damage|p2a: Zamazenta|154/248\n|-unboost|p1a: Virizion|def|1\n|-unboost|p1a: Virizion|spd|1\n|-damage|p1a: Virizion|255/283 par|[from] item: Life Orb\n|\n|upkeep\n|turn|3\n|\n|t:|1733842371\n|switch|p1a: Pecharunt|Pecharunt, L77|262/262\n|move|p2a: Zamazenta|Psychic Fangs|p1a: Pecharunt\n|-supereffective|p1a: Pecharunt\n|-damage|p1a: Pecharunt|158/262\n|\n|-heal|p1a: Pecharunt|174/262|[from] item: Leftovers\n|upkeep\n|turn|4\n|\n|t:|1733842393\n|switch|p2a: Mew|Mew, L82|298/298\n|move|p1a: Pecharunt|Malignant Chain|p2a: Mew\n|-damage|p2a: Mew|214/298\n|-status|p2a: Mew|tox\n|-activate|p2a: Mew|ability: Synchronize\n|-immune|p1a: Pecharunt\n|-start|p2a: Mew|confusion|[from] ability: Poison Puppeteer|[of] p1a: Pecharunt\n|\n|-heal|p1a: Pecharunt|190/262|[from] item: Leftovers\n|-damage|p2a: Mew|196/298 tox|[from] psn\n|upkeep\n|turn|5\n|\n|t:|1733842410\n|-activate|p2a: Mew|confusion\n|-damage|p2a: Mew|176/298 tox|[from] confusion\n|move|p1a: Pecharunt|Shadow Ball|p2a: Mew\n|-supereffective|p2a: Mew\n|-damage|p2a: Mew|56/298 tox\n|\n|-heal|p1a: Pecharunt|206/262|[from] item: Leftovers\n|-damage|p2a: Mew|20/298 tox|[from] psn\n|upkeep\n|turn|6\n|\n|t:|1733842419\n|-activate|p2a: Mew|confusion\n|move|p2a: Mew|Psychic|p1a: Pecharunt\n|-supereffective|p1a: Pecharunt\n|-damage|p1a: Pecharunt|0 fnt\n|faint|p1a: Pecharunt\n|-damage|p2a: Mew|0 fnt|[from] item: Life Orb\n|faint|p2a: Mew\n|\n|upkeep\n|\n|t:|1733842432\n|switch|p2a: Dudunsparce|Dudunsparce-Three-Segment, L83, F|343/343\n|switch|p1a: Delibird|Delibird, F|252/252\n|turn|7\n|\n|t:|1733842438\n|move|p1a: Delibird|Brave Bird|p2a: Dudunsparce\n|-damage|p2a: Dudunsparce|208/343\n|-damage|p1a: Delibird|207/252|[from] Recoil\n|move|p2a: Dudunsparce|Glare|p1a: Delibird\n|-status|p1a: Delibird|par\n|\n|-heal|p2a: Dudunsparce|229/343|[from] item: Leftovers\n|upkeep\n|turn|8\n|\n|t:|1733842478\n|switch|p2a: Cinderace|Cinderace, L77, F|249/249\n|move|p1a: Delibird|Spikes|p2a: Cinderace\n|-sidestart|p2: Divineisnotcool|Spikes\n|\n|upkeep\n|turn|9\n|\n|t:|1733842483\n|switch|p1a: Primarina|Primarina, L83, F|268/268\n|move|p2a: Cinderace|Pyro Ball|p1a: Primarina\n|-resisted|p1a: Primarina\n|-damage|p1a: Primarina|192/268\n|\n|upkeep\n|turn|10\n|\n|t:|1733842504\n|switch|p1a: Delibird|Delibird, F|207/252 par\n|move|p2a: Cinderace|Gunk Shot|p1a: Delibird\n|-start|p2a: Cinderace|typechange|Poison|[from] ability: Libero\n|-crit|p1a: Delibird\n|-damage|p1a: Delibird|0 fnt\n|faint|p1a: Delibird\n|\n|upkeep\n|\n|t:|1733842508\n|switch|p1a: Primarina|Primarina, L83, F|192/268\n|turn|11\n|\n|t:|1733842512\n|move|p2a: Cinderace|Gunk Shot|p1a: Primarina\n|-supereffective|p1a: Primarina\n|-damage|p1a: Primarina|0 fnt\n|faint|p1a: Primarina\n|\n|upkeep\n|\n|t:|1733842527\n|switch|p1a: Iron Jugulis|Iron Jugulis, L78|275/275\n|turn|12\n|\n|t:|1733842606\n|switch|p2a: Dudunsparce|Dudunsparce-Three-Segment, L83, F|229/343\n|-damage|p2a: Dudunsparce|187/343|[from] Spikes\n|move|p1a: Iron Jugulis|Dark Pulse|p2a: Dudunsparce\n|-damage|p2a: Dudunsparce|87/343\n|\n|-heal|p2a: Dudunsparce|108/343|[from] item: Leftovers\n|upkeep\n|turn|13\n|\n|t:|1733842617\n|move|p1a: Iron Jugulis|Meteor Beam||[still]\n|-prepare|p1a: Iron Jugulis|Meteor Beam\n|-boost|p1a: Iron Jugulis|spa|1\n|-enditem|p1a: Iron Jugulis|Power Herb\n|-anim|p1a: Iron Jugulis|Meteor Beam|p2a: Dudunsparce\n|-damage|p2a: Dudunsparce|0 fnt\n|faint|p2a: Dudunsparce\n|\n|upkeep\n|\n|t:|1733842635\n|switch|p2a: Clawitzer|Clawitzer, L87, M|265/265\n|-damage|p2a: Clawitzer|232/265|[from] Spikes\n|turn|14\n|\n|t:|1733842662\n|move|p1a: Iron Jugulis|Dark Pulse|p2a: Clawitzer\n|-damage|p2a: Clawitzer|103/265\n|move|p2a: Clawitzer|Water Pulse|p1a: Iron Jugulis\n|-damage|p1a: Iron Jugulis|68/275\n|\n|upkeep\n|turn|15\n|\n|t:|1733842667\n|move|p1a: Iron Jugulis|Dark Pulse|p2a: Clawitzer\n|-damage|p2a: Clawitzer|0 fnt\n|faint|p2a: Clawitzer\n|\n|upkeep\n|\n|t:|1733842681\n|switch|p2a: Cinderace|Cinderace, L77, F|249/249\n|turn|16\n|\n|t:|1733842702\n|move|p2a: Cinderace|Pyro Ball|p1a: Iron Jugulis\n|-damage|p1a: Iron Jugulis|0 fnt\n|faint|p1a: Iron Jugulis\n|-end|p1a: Iron Jugulis|Quark Drive|[silent]\n|\n|upkeep\n|\n|t:|1733842707\n|switch|p1a: Regigigas|Regigigas, L84|322/322\n|-start|p1a: Regigigas|ability: Slow Start\n|turn|17\n|\n|t:|1733842719\n|-terastallize|p2a: Cinderace|Fighting\n|-terastallize|p1a: Regigigas|Ghost\n|move|p2a: Cinderace|High Jump Kick|p1a: Regigigas\n|-immune|p1a: Regigigas\n|-damage|p2a: Cinderace|125/249|[from] highjumpkick\n|move|p1a: Regigigas|Body Slam|p2a: Cinderace\n|-damage|p2a: Cinderace|40/249\n|\n|upkeep\n|turn|18\n|\n|t:|1733842733\n|switch|p2a: Zamazenta|Zamazenta, L71|154/248\n|-damage|p2a: Zamazenta|123/248|[from] Spikes\n|move|p1a: Regigigas|Body Slam|p2a: Zamazenta\n|-damage|p2a: Zamazenta|59/248\n|\n|upkeep\n|turn|19\n|\n|t:|1733842738\n|move|p2a: Zamazenta|Psychic Fangs|p1a: Regigigas\n|-damage|p1a: Regigigas|256/322\n|move|p1a: Regigigas|Body Slam|p2a: Zamazenta\n|-damage|p2a: Zamazenta|1/248\n|-status|p2a: Zamazenta|par\n|\n|-heal|p1a: Regigigas|276/322|[from] item: Leftovers\n|upkeep\n|turn|20\n|\n|t:|1733842746\n|move|p1a: Regigigas|Protect|p1a: Regigigas\n|-singleturn|p1a: Regigigas|Protect\n|cant|p2a: Zamazenta|par\n|\n|-heal|p1a: Regigigas|296/322|[from] item: Leftovers\n|upkeep\n|turn|21\n|\n|t:|1733842755\n|move|p2a: Zamazenta|Psychic Fangs|p1a: Regigigas\n|-damage|p1a: Regigigas|233/322\n|move|p1a: Regigigas|Body Slam|p2a: Zamazenta\n|-damage|p2a: Zamazenta|0 fnt\n|faint|p2a: Zamazenta\n|\n|-heal|p1a: Regigigas|253/322|[from] item: Leftovers\n|-end|p1a: Regigigas|Slow Start\n|upkeep\n|\n|t:|1733842763\n|switch|p2a: Cinderace|Cinderace, L77, F, tera:Fighting|40/249\n|turn|22\n|\n|t:|1733842770\n|move|p2a: Cinderace|Pyro Ball|p1a: Regigigas\n|-crit|p1a: Regigigas\n|-damage|p1a: Regigigas|109/322\n|move|p1a: Regigigas|Body Slam|p2a: Cinderace\n|-damage|p2a: Cinderace|0 fnt\n|faint|p2a: Cinderace\n|\n|-heal|p1a: Regigigas|129/322|[from] item: Leftovers\n|upkeep\n|\n|t:|1733842772\n|switch|p2a: Hitmonlee|Hitmonlee, L85, M|223/223\n|-damage|p2a: Hitmonlee|196/223|[from] Spikes\n|turn|23\n|\n|t:|1733842782\n|move|p1a: Regigigas|Body Slam|p2a: Hitmonlee\n|-damage|p2a: Hitmonlee|0 fnt\n|faint|p2a: Hitmonlee\n|\n|win|Acts22\n|l|\u2606Divineisnotcool\n|player|p2|\n", "inputlog": ">version bfd83cad13791eb5a5a409923076391caf6fb4d4\n>start {\"formatid\":\"gen9randombattle\",\"seed\":[63315,49585,17932,55281]}\n>player p1 {\"name\":\"Acts22\",\"avatar\":\"170\",\"rating\":0,\"seed\":[57890,35016,16445,55653]}\n>player p2 {\"name\":\"Divineisnotcool\",\"avatar\":\"265\",\"rating\":0,\"seed\":[19910,27249,6573,39325]}\n>p1 switch 4\n>p2 move glare\n>p1 move closecombat\n>p2 switch 2\n>p1 switch 5\n>p2 move psychicfangs\n>p1 move malignantchain\n>p2 switch 5\n>p1 move shadowball\n>p2 move nastyplot\n>p1 move partingshot\n>p2 move psychic\n>p1 switch 3\n>p2 switch 2\n>p1 move bravebird\n>p2 move glare\n>p1 move spikes\n>p2 switch 4\n>p1 switch 2\n>p2 move pyroball\n>p1 switch 2\n>p2 move gunkshot\n>p1 switch 2\n>p1 move hydropump\n>p2 move gunkshot\n>p1 switch 4\n>p1 move darkpulse\n>p2 switch 4\n>p1 move meteorbeam\n>p2 move glare\n>p2 switch 6\n>p1 move darkpulse\n>p2 move waterpulse\n>p1 move darkpulse\n>p2 move waterpulse\n>p2 switch 4\n>p1 move meteorbeam\n>p2 move pyroball\n>p1 switch 6\n>p1 move bodyslam terastallize\n>p2 move highjumpkick terastallize\n>p1 move bodyslam\n>p2 switch 5\n>p1 move bodyslam\n>p2 move psychicfangs\n>p1 move protect\n>p2 move psychicfangs\n>p1 move bodyslam\n>p2 move psychicfangs\n>p2 switch 5\n>p1 move bodyslam\n>p2 move pyroball\n>p2 switch 3\n>p1 move bodyslam\n>p2 move knockoff", "uploadtime": 1733842804, "views": 1, "formatid": "gen9randombattle", "rating": null, "private": 0, "password": null}