{"id": "gen9randombattle-2260044689", "format": "[Gen 9] Random Battle", "players": ["BigManFisherMan", "Drew for"], "log": "|j|\u203dBigManFisherMan\n|j|\u2606Drew for\n|t:|1733795039\n|gametype|singles\n|player|p1|BigManFisherMan|101|1454\n|player|p2|Drew for|169|1425\n|teamsize|p1|6\n|teamsize|p2|6\n|gen|9\n|tier|[Gen 9] Random Battle\n|rated|\n|rule|Species Clause: Limit one of each Pok\u00e9mon\n|rule|HP Percentage Mod: HP is shown in percentages\n|rule|Sleep Clause Mod: Limit one foe put to sleep\n|rule|Illusion Level Mod: Illusion disguises the Pok\u00e9mon's true level\n|\n|t:|1733795039\n|start\n|switch|p1a: Manaphy|Manaphy, L78|284/284\n|switch|p2a: Smeargle|Smeargle, L95, M|258/258\n|turn|1\n|inactive|Battle timer is ON: inactive players will automatically lose when time's up. (requested by Drew for)\n|inactive|BigManFisherMan has 120 seconds left.\n|\n|t:|1733795079\n|move|p1a: Manaphy|Ice Beam|p2a: Smeargle\n|-damage|p2a: Smeargle|174/258\n|-status|p2a: Smeargle|frz\n|-curestatus|p2a: Smeargle|frz|[msg]\n|move|p2a: Smeargle|Spore|p1a: Manaphy\n|-status|p1a: Manaphy|slp|[from] move: Spore\n|\n|upkeep\n|turn|2\n|\n|t:|1733795089\n|cant|p1a: Manaphy|slp\n|move|p2a: Smeargle|Sticky Web|p1a: Manaphy\n|-sidestart|p1: BigManFisherMan|move: Sticky Web\n|\n|upkeep\n|turn|3\n|\n|t:|1733795095\n|cant|p1a: Manaphy|slp\n|move|p2a: Smeargle|Ceaseless Edge|p1a: Manaphy\n|-damage|p1a: Manaphy|261/284 slp\n|-sidestart|p1: BigManFisherMan|Spikes\n|\n|-heal|p1a: Manaphy|278/284 slp|[from] item: Leftovers\n|upkeep\n|turn|4\n|\n|t:|1733795109\n|cant|p1a: Manaphy|slp\n|move|p2a: Smeargle|Stealth Rock|p1a: Manaphy\n|-sidestart|p1: BigManFisherMan|move: Stealth Rock\n|\n|-heal|p1a: Manaphy|284/284 slp|[from] item: Leftovers\n|upkeep\n|turn|5\n|\n|t:|1733795115\n|-curestatus|p1a: Manaphy|slp|[msg]\n|move|p1a: Manaphy|Tail Glow|p1a: Manaphy\n|-boost|p1a: Manaphy|spa|3\n|move|p2a: Smeargle|Ceaseless Edge|p1a: Manaphy\n|-damage|p1a: Manaphy|260/284\n|-sidestart|p1: BigManFisherMan|Spikes\n|\n|-heal|p1a: Manaphy|277/284|[from] item: Leftovers\n|upkeep\n|turn|6\n|\n|t:|1733795124\n|move|p1a: Manaphy|Hydro Pump|p2a: Smeargle\n|-damage|p2a: Smeargle|0 fnt\n|faint|p2a: Smeargle\n|\n|-heal|p1a: Manaphy|284/284|[from] item: Leftovers\n|upkeep\n|\n|t:|1733795136\n|switch|p2a: Flutter Mane|Flutter Mane, L74|203/203\n|turn|7\n|\n|t:|1733795141\n|move|p2a: Flutter Mane|Thunderbolt|p1a: Manaphy\n|-supereffective|p1a: Manaphy\n|-damage|p1a: Manaphy|108/284\n|move|p1a: Manaphy|Hydro Pump|p2a: Flutter Mane\n|-damage|p2a: Flutter Mane|1/203\n|\n|-heal|p1a: Manaphy|125/284|[from] item: Leftovers\n|upkeep\n|turn|8\n|\n|t:|1733795159\n|move|p2a: Flutter Mane|Thunderbolt|p1a: Manaphy\n|-supereffective|p1a: Manaphy\n|-damage|p1a: Manaphy|0 fnt\n|faint|p1a: Manaphy\n|\n|upkeep\n|\n|t:|1733795178\n|switch|p1a: Tinkaton|Tinkaton, L82, F|274/274\n|-activate|p1a: Tinkaton|move: Sticky Web\n|-unboost|p1a: Tinkaton|spe|1\n|-damage|p1a: Tinkaton|229/274|[from] Spikes\n|-damage|p1a: Tinkaton|212/274|[from] Stealth Rock\n|-ability|p1a: Tinkaton|Mold Breaker\n|turn|9\n|inactive|BigManFisherMan has 120 seconds left.\n|\n|t:|1733795204\n|move|p2a: Flutter Mane|Thunderbolt|p1a: Tinkaton\n|-damage|p1a: Tinkaton|128/274\n|-status|p1a: Tinkaton|par\n|cant|p1a: Tinkaton|par\n|\n|upkeep\n|turn|10\n|inactive|BigManFisherMan has 120 seconds left.\n|\n|t:|1733795213\n|move|p2a: Flutter Mane|Thunderbolt|p1a: Tinkaton\n|-damage|p1a: Tinkaton|45/274 par\n|cant|p1a: Tinkaton|par\n|\n|upkeep\n|turn|11\n|inactive|BigManFisherMan has 120 seconds left.\n|\n|t:|1733795227\n|move|p2a: Flutter Mane|Thunderbolt|p1a: Tinkaton\n|-damage|p1a: Tinkaton|0 fnt\n|faint|p1a: Tinkaton\n|\n|upkeep\n|inactive|BigManFisherMan has 120 seconds left.\n|\n|t:|1733795238\n|switch|p1a: Chandelure|Chandelure, L83, F|235/235\n|-activate|p1a: Chandelure|move: Sticky Web\n|-unboost|p1a: Chandelure|spe|1\n|-damage|p1a: Chandelure|196/235|[from] Spikes\n|-damage|p1a: Chandelure|138/235|[from] Stealth Rock\n|turn|12\n|inactive|BigManFisherMan has 120 seconds left.\n|\n|t:|1733795249\n|move|p2a: Flutter Mane|Thunderbolt|p1a: Chandelure\n|-damage|p1a: Chandelure|45/235\n|move|p1a: Chandelure|Fire Blast|p2a: Flutter Mane|[miss]\n|-miss|p1a: Chandelure|p2a: Flutter Mane\n|\n|upkeep\n|turn|13\n|inactive|BigManFisherMan has 120 seconds left.\n|c|\u2606Drew for|Unlucky big time\n|\n|t:|1733795271\n|move|p2a: Flutter Mane|Thunderbolt|p1a: Chandelure\n|-damage|p1a: Chandelure|0 fnt\n|faint|p1a: Chandelure\n|\n|upkeep\n|\n|t:|1733795280\n|switch|p1a: Zapdos|Zapdos, L78|268/268\n|turn|14\n|inactive|Drew for has 120 seconds left.\n|\n|t:|1733795329\n|move|p2a: Flutter Mane|Thunderbolt|p1a: Zapdos\n|-damage|p1a: Zapdos|166/268\n|move|p1a: Zapdos|Heat Wave|p2a: Flutter Mane\n|-crit|p2a: Flutter Mane\n|-damage|p2a: Flutter Mane|0 fnt\n|faint|p2a: Flutter Mane\n|-end|p2a: Flutter Mane|Protosynthesis|[silent]\n|\n|upkeep\n|\n|t:|1733795340\n|switch|p2a: Garganacl|Garganacl, L80, F|291/291\n|turn|15\n|inactive|BigManFisherMan has 90 seconds left.\n|\n|t:|1733795366\n|move|p1a: Zapdos|Discharge|p2a: Garganacl\n|-damage|p2a: Garganacl|206/291\n|move|p2a: Garganacl|Salt Cure|p1a: Zapdos\n|-supereffective|p1a: Zapdos\n|-damage|p1a: Zapdos|68/268\n|-start|p1a: Zapdos|Salt Cure\n|\n|-heal|p2a: Garganacl|224/291|[from] item: Leftovers\n|-damage|p1a: Zapdos|35/268|[from] Salt Cure\n|upkeep\n|turn|16\n|\n|t:|1733795374\n|move|p1a: Zapdos|Discharge|p2a: Garganacl\n|-damage|p2a: Garganacl|130/291\n|move|p2a: Garganacl|Recover|p2a: Garganacl\n|-heal|p2a: Garganacl|276/291\n|\n|-heal|p2a: Garganacl|291/291|[from] item: Leftovers\n|-damage|p1a: Zapdos|2/268|[from] Salt Cure\n|upkeep\n|turn|17\n|\n|t:|1733795392\n|move|p2a: Garganacl|Protect|p2a: Garganacl\n|-singleturn|p2a: Garganacl|Protect\n|move|p1a: Zapdos|Discharge|p2a: Garganacl\n|-activate|p2a: Garganacl|move: Protect\n|\n|-damage|p1a: Zapdos|0 fnt|[from] Salt Cure\n|faint|p1a: Zapdos\n|upkeep\n|\n|t:|1733795402\n|switch|p1a: Hawlucha|Hawlucha, L80, M|256/256\n|-damage|p1a: Hawlucha|224/256|[from] Stealth Rock\n|turn|18\n|\n|t:|1733795410\n|move|p1a: Hawlucha|Swords Dance|p1a: Hawlucha\n|-boost|p1a: Hawlucha|atk|2\n|move|p2a: Garganacl|Salt Cure|p1a: Hawlucha\n|-damage|p1a: Hawlucha|179/256\n|-start|p1a: Hawlucha|Salt Cure\n|\n|-damage|p1a: Hawlucha|147/256|[from] Salt Cure\n|upkeep\n|turn|19\n|inactive|Drew for has 120 seconds left.\n|inactive|BigManFisherMan has 90 seconds left.\n|inactive|Drew for has 90 seconds left.\n|\n|t:|1733795448\n|move|p2a: Garganacl|Protect|p2a: Garganacl\n|-singleturn|p2a: Garganacl|Protect\n|move|p1a: Hawlucha|Swords Dance|p1a: Hawlucha\n|-boost|p1a: Hawlucha|atk|2\n|\n|-damage|p1a: Hawlucha|115/256|[from] Salt Cure\n|upkeep\n|turn|20\n|\n|t:|1733795455\n|move|p1a: Hawlucha|Close Combat|p2a: Garganacl\n|-supereffective|p2a: Garganacl\n|-damage|p2a: Garganacl|0 fnt\n|-unboost|p1a: Hawlucha|def|1\n|-unboost|p1a: Hawlucha|spd|1\n|-enditem|p1a: Hawlucha|White Herb\n|-clearnegativeboost|p1a: Hawlucha|[silent]\n|faint|p2a: Garganacl\n|\n|-damage|p1a: Hawlucha|83/256|[from] Salt Cure\n|upkeep\n|\n|t:|1733795461\n|switch|p2a: Malamar|Malamar, L82, F|275/275\n|turn|21\n|\n|t:|1733795466\n|move|p1a: Hawlucha|Acrobatics|p2a: Malamar\n|-damage|p2a: Malamar|0 fnt\n|faint|p2a: Malamar\n|\n|-damage|p1a: Hawlucha|51/256|[from] Salt Cure\n|upkeep\n|\n|t:|1733795475\n|switch|p2a: Zapdos|Zapdos, L78|268/268\n|turn|22\n|\n|t:|1733795497\n|-terastallize|p1a: Hawlucha|Flying\n|move|p1a: Hawlucha|Acrobatics|p2a: Zapdos\n|-resisted|p2a: Zapdos\n|-damage|p2a: Zapdos|41/268\n|move|p2a: Zapdos|Roost|p2a: Zapdos\n|-heal|p2a: Zapdos|175/268\n|-singleturn|p2a: Zapdos|move: Roost\n|\n|-damage|p1a: Hawlucha|19/256|[from] Salt Cure\n|upkeep\n|turn|23\n|inactive|BigManFisherMan has 120 seconds left.\n|inactive|Drew for has 90 seconds left.\n|\n|t:|1733795516\n|move|p1a: Hawlucha|Acrobatics|p2a: Zapdos\n|-resisted|p2a: Zapdos\n|-damage|p2a: Zapdos|0 fnt\n|faint|p2a: Zapdos\n|\n|-damage|p1a: Hawlucha|0 fnt|[from] Salt Cure\n|faint|p1a: Hawlucha\n|upkeep\n|inactive|BigManFisherMan has 120 seconds left.\n|\n|t:|1733795523\n|switch|p1a: Espathra|Espathra, L80, F|283/283\n|switch|p2a: Greninja|Greninja, L80, M|246/246\n|-activate|p1a: Espathra|move: Sticky Web\n|-unboost|p1a: Espathra|spe|1\n|-damage|p1a: Espathra|236/283|[from] Spikes\n|-damage|p1a: Espathra|201/283|[from] Stealth Rock\n|turn|24\n|\n|t:|1733795533\n|-terastallize|p2a: Greninja|Water\n|move|p1a: Espathra|Protect|p1a: Espathra\n|-singleturn|p1a: Espathra|Protect\n|move|p2a: Greninja|Dark Pulse|p1a: Espathra\n|-activate|p1a: Espathra|move: Protect\n|\n|-heal|p1a: Espathra|218/283|[from] item: Leftovers\n|-ability|p1a: Espathra|Speed Boost|boost\n|-boost|p1a: Espathra|spe|1\n|upkeep\n|turn|25\n|inactive|BigManFisherMan has 120 seconds left.\n|\n|t:|1733795551\n|move|p2a: Greninja|Dark Pulse|p1a: Espathra\n|-supereffective|p1a: Espathra\n|-damage|p1a: Espathra|0 fnt\n|faint|p1a: Espathra\n|-damage|p2a: Greninja|222/246|[from] item: Life Orb\n|\n|win|Drew for\n|raw|BigManFisherMan's rating: 1454 &rarr; <strong>1432</strong><br />(-22 for losing)\n|raw|Drew for's rating: 1425 &rarr; <strong>1447</strong><br />(+22 for winning)\n", "inputlog": ">version bfd83cad13791eb5a5a409923076391caf6fb4d4\n>start {\"formatid\":\"gen9randombattle\",\"seed\":[60919,24957,21172,47481],\"rated\":\"Rated battle\"}\n>player p1 {\"name\":\"BigManFisherMan\",\"avatar\":\"101\",\"rating\":1454,\"seed\":[7698,23424,31767,43217]}\n>player p2 {\"name\":\"Drew for\",\"avatar\":\"169\",\"rating\":1425,\"seed\":[20565,51333,45834,11003]}\n>p1 move icebeam\n>p2 move spore\n>p1 move tailglow\n>p2 move stickyweb\n>p1 move tailglow\n>p2 move ceaselessedge\n>p1 move tailglow\n>p2 move stealthrock\n>p1 move tailglow\n>p2 move ceaselessedge\n>p1 move hydropump\n>p2 move spore\n>p2 switch 4\n>p1 move hydropump\n>p2 move thunderbolt\n>p1 move icebeam\n>p2 move thunderbolt\n>p1 switch 3\n>p1 move swordsdance\n>p2 move thunderbolt\n>p1 move knockoff\n>p2 move thunderbolt\n>p1 move knockoff\n>p2 move thunderbolt\n>p1 switch 4\n>p1 move fireblast\n>p2 move thunderbolt\n>chat \u2606Drew for|Unlucky big time\n>p1 move fireblast\n>p2 move thunderbolt\n>p1 switch 5\n>p1 move heatwave\n>p2 move thunderbolt\n>p2 switch 2\n>p1 move discharge\n>p2 move saltcure\n>p1 move discharge\n>p2 move recover\n>p1 move discharge\n>p2 move protect\n>p1 switch 2\n>p1 move swordsdance\n>p2 move saltcure\n>p1 move swordsdance\n>p2 move protect\n>p1 move closecombat\n>p2 move saltcure\n>p2 switch 5\n>p1 move acrobatics\n>p2 move superpower\n>p2 switch 3\n>p1 move acrobatics terastallize\n>p2 move roost\n>p1 move acrobatics\n>p2 move discharge\n>p1 switch 6\n>p2 switch 6\n>p1 move protect\n>p2 move darkpulse terastallize\n>p1 move calmmind\n>p2 move darkpulse", "uploadtime": 1733795558, "views": 5, "formatid": "gen9randombattle", "rating": 1432, "private": 0, "password": null}