{"id": "gen9randombattle-2260598938", "format": "[Gen 9] Random Battle", "players": ["Killer showman", "tvhejuynmkgolipoa"], "log": "|j|\u2606Killer showman\n|j|\u2606tvhejuynmkgolipoa\n|t:|1733867715\n|gametype|singles\n|player|p1|Killer showman|169|1000\n|player|p2|tvhejuynmkgolipoa|artist-gen4|1000\n|teamsize|p1|6\n|teamsize|p2|6\n|gen|9\n|tier|[Gen 9] Random Battle\n|rated|\n|rule|Species Clause: Limit one of each Pok\u00e9mon\n|rule|HP Percentage Mod: HP is shown in percentages\n|rule|Sleep Clause Mod: Limit one foe put to sleep\n|rule|Illusion Level Mod: Illusion disguises the Pok\u00e9mon's true level\n|\n|t:|1733867715\n|start\n|switch|p1a: Gogoat|Gogoat, L88, F|360/360\n|switch|p2a: Galvantula|Galvantula, L82, F|249/249\n|turn|1\n|inactive|Battle timer is ON: inactive players will automatically lose when time's up. (requested by tvhejuynmkgolipoa)\n|\n|t:|1733867731\n|move|p2a: Galvantula|Sticky Web|p1a: Gogoat\n|-sidestart|p1: Killer showman|move: Sticky Web\n|move|p1a: Gogoat|Rock Slide|p2a: Galvantula\n|-supereffective|p2a: Galvantula\n|-damage|p2a: Galvantula|83/249\n|\n|upkeep\n|turn|2\n|\n|t:|1733867737\n|move|p2a: Galvantula|Volt Switch|p1a: Gogoat\n|-resisted|p1a: Gogoat\n|-damage|p1a: Gogoat|327/360\n|\n|t:|1733867765\n|switch|p2a: Overqwil|Overqwil, L82, M|274/274|[from] Volt Switch\n|-ability|p2a: Overqwil|Intimidate|boost\n|-unboost|p1a: Gogoat|atk|1\n|move|p1a: Gogoat|Rock Slide|p2a: Overqwil\n|-damage|p2a: Overqwil|238/274\n|\n|-heal|p1a: Gogoat|349/360|[from] item: Leftovers\n|upkeep\n|turn|3\n|\n|t:|1733867789\n|move|p2a: Overqwil|Swords Dance|p2a: Overqwil\n|-boost|p2a: Overqwil|atk|2\n|move|p1a: Gogoat|Horn Leech|p2a: Overqwil\n|-resisted|p2a: Overqwil\n|-damage|p2a: Overqwil|208/274\n|-heal|p1a: Gogoat|360/360|[from] drain|[of] p2a: Overqwil\n|\n|upkeep\n|turn|4\n|inactive|Killer showman has 120 seconds left.\n|\n|t:|1733867813\n|move|p2a: Overqwil|Gunk Shot|p1a: Gogoat|[miss]\n|-miss|p2a: Overqwil|p1a: Gogoat\n|move|p1a: Gogoat|Horn Leech|p2a: Overqwil\n|-resisted|p2a: Overqwil\n|-damage|p2a: Overqwil|180/274\n|\n|upkeep\n|turn|5\n|inactive|Killer showman has 120 seconds left.\n|\n|t:|1733867824\n|switch|p1a: Gliscor|Gliscor, L76, F|239/239\n|move|p2a: Overqwil|Gunk Shot|p1a: Gliscor\n|-resisted|p1a: Gliscor\n|-damage|p1a: Gliscor|120/239\n|-status|p1a: Gliscor|psn\n|\n|-heal|p1a: Gliscor|149/239 psn|[from] ability: Poison Heal\n|upkeep\n|turn|6\n|inactive|Killer showman has 120 seconds left.\n|\n|t:|1733867840\n|switch|p2a: Quagsire|Quagsire, L84, M|297/297\n|move|p1a: Gliscor|Protect||[still]\n|-fail|p1a: Gliscor\n|\n|-heal|p1a: Gliscor|178/239 psn|[from] ability: Poison Heal\n|upkeep\n|turn|7\n|inactive|Killer showman has 120 seconds left.\n|\n|t:|1733867850\n|move|p1a: Gliscor|U-turn|p2a: Quagsire\n|-damage|p2a: Quagsire|254/297\n|\n|t:|1733867853\n|switch|p1a: Gogoat|Gogoat, L88, F|360/360|[from] U-turn\n|-activate|p1a: Gogoat|move: Sticky Web\n|-unboost|p1a: Gogoat|spe|1\n|move|p2a: Quagsire|Ice Beam|p1a: Gogoat\n|-supereffective|p1a: Gogoat\n|-damage|p1a: Gogoat|256/360\n|\n|-heal|p1a: Gogoat|278/360|[from] item: Leftovers\n|-heal|p2a: Quagsire|272/297|[from] item: Leftovers\n|upkeep\n|turn|8\n|\n|t:|1733867868\n|switch|p2a: Arbok|Arbok, L87, F|246/246\n|-ability|p2a: Arbok|Intimidate|boost\n|-unboost|p1a: Gogoat|atk|1\n|move|p1a: Gogoat|Bulk Up|p1a: Gogoat\n|-boost|p1a: Gogoat|atk|1\n|-boost|p1a: Gogoat|def|1\n|\n|-heal|p1a: Gogoat|300/360|[from] item: Leftovers\n|upkeep\n|turn|9\n|inactive|Killer showman has 120 seconds left.\n|\n|t:|1733867884\n|-terastallize|p1a: Gogoat|Water\n|move|p2a: Arbok|Coil|p2a: Arbok\n|-boost|p2a: Arbok|atk|1\n|-boost|p2a: Arbok|def|1\n|-boost|p2a: Arbok|accuracy|1\n|move|p1a: Gogoat|Rock Slide|p2a: Arbok\n|-damage|p2a: Arbok|200/246\n|\n|-heal|p1a: Gogoat|322/360|[from] item: Leftovers\n|upkeep\n|turn|10\n|inactive|Killer showman has 120 seconds left.\n|\n|t:|1733867899\n|move|p2a: Arbok|Coil|p2a: Arbok\n|-boost|p2a: Arbok|atk|1\n|-boost|p2a: Arbok|def|1\n|-boost|p2a: Arbok|accuracy|1\n|move|p1a: Gogoat|Bulk Up|p1a: Gogoat\n|-boost|p1a: Gogoat|atk|1\n|-boost|p1a: Gogoat|def|1\n|\n|-heal|p1a: Gogoat|344/360|[from] item: Leftovers\n|upkeep\n|turn|11\n|\n|t:|1733867908\n|move|p2a: Arbok|Coil|p2a: Arbok\n|-boost|p2a: Arbok|atk|1\n|-boost|p2a: Arbok|def|1\n|-boost|p2a: Arbok|accuracy|1\n|move|p1a: Gogoat|Bulk Up|p1a: Gogoat\n|-boost|p1a: Gogoat|atk|1\n|-boost|p1a: Gogoat|def|1\n|\n|-heal|p1a: Gogoat|360/360|[from] item: Leftovers\n|upkeep\n|turn|12\n|\n|t:|1733867919\n|move|p2a: Arbok|Coil|p2a: Arbok\n|-boost|p2a: Arbok|atk|1\n|-boost|p2a: Arbok|def|1\n|-boost|p2a: Arbok|accuracy|1\n|move|p1a: Gogoat|Bulk Up|p1a: Gogoat\n|-boost|p1a: Gogoat|atk|1\n|-boost|p1a: Gogoat|def|1\n|\n|upkeep\n|turn|13\n|\n|t:|1733867928\n|move|p2a: Arbok|Coil|p2a: Arbok\n|-boost|p2a: Arbok|atk|1\n|-boost|p2a: Arbok|def|1\n|-boost|p2a: Arbok|accuracy|1\n|move|p1a: Gogoat|Bulk Up|p1a: Gogoat\n|-boost|p1a: Gogoat|atk|1\n|-boost|p1a: Gogoat|def|1\n|\n|upkeep\n|turn|14\n|\n|t:|1733867940\n|move|p2a: Arbok|Coil|p2a: Arbok\n|-boost|p2a: Arbok|atk|1\n|-boost|p2a: Arbok|def|1\n|-boost|p2a: Arbok|accuracy|1\n|move|p1a: Gogoat|Bulk Up|p1a: Gogoat\n|-boost|p1a: Gogoat|atk|1\n|-boost|p1a: Gogoat|def|1\n|\n|upkeep\n|turn|15\n|\n|t:|1733867949\n|move|p2a: Arbok|Gunk Shot|p1a: Gogoat\n|-damage|p1a: Gogoat|149/360\n|-damage|p2a: Arbok|176/246|[from] item: Life Orb\n|move|p1a: Gogoat|Horn Leech|p2a: Arbok\n|-resisted|p2a: Arbok\n|-damage|p2a: Arbok|128/246\n|-heal|p1a: Gogoat|173/360|[from] drain|[of] p2a: Arbok\n|\n|-heal|p1a: Gogoat|195/360|[from] item: Leftovers\n|upkeep\n|turn|16\n|\n|t:|1733867960\n|move|p2a: Arbok|Gunk Shot|p1a: Gogoat\n|-damage|p1a: Gogoat|0 fnt\n|faint|p1a: Gogoat\n|-damage|p2a: Arbok|104/246|[from] item: Life Orb\n|\n|upkeep\n|\n|t:|1733867967\n|switch|p1a: Gliscor|Gliscor, L76, F|178/239 psn\n|turn|17\n|\n|t:|1733867974\n|move|p2a: Arbok|Gunk Shot|p1a: Gliscor\n|-resisted|p1a: Gliscor\n|-damage|p1a: Gliscor|0 fnt\n|faint|p1a: Gliscor\n|-damage|p2a: Arbok|80/246|[from] item: Life Orb\n|\n|upkeep\n|\n|t:|1733867984\n|switch|p1a: Spectrier|Spectrier, L75|274/274\n|-activate|p1a: Spectrier|move: Sticky Web\n|-unboost|p1a: Spectrier|spe|1\n|turn|18\n|\n|t:|1733867991\n|move|p2a: Arbok|Sucker Punch|p1a: Spectrier\n|-supereffective|p1a: Spectrier\n|-damage|p1a: Spectrier|0 fnt\n|faint|p1a: Spectrier\n|-damage|p2a: Arbok|56/246|[from] item: Life Orb\n|\n|upkeep\n|\n|t:|1733867997\n|switch|p1a: Milotic|Milotic, L83, M|293/293\n|-activate|p1a: Milotic|move: Sticky Web\n|-unboost|p1a: Milotic|spe|1\n|-ability|p1a: Milotic|Competitive|boost\n|-boost|p1a: Milotic|spa|2\n|turn|19\n|\n|t:|1733868006\n|move|p2a: Arbok|Gunk Shot|p1a: Milotic\n|-damage|p1a: Milotic|0 fnt\n|faint|p1a: Milotic\n|-damage|p2a: Arbok|32/246|[from] item: Life Orb\n|\n|upkeep\n|\n|t:|1733868013\n|switch|p1a: Tatsugiri|Tatsugiri-Stretchy, L87, F|260/260\n|turn|20\n|\n|t:|1733868019\n|move|p2a: Arbok|Sucker Punch|p1a: Tatsugiri\n|-damage|p1a: Tatsugiri|0 fnt\n|faint|p1a: Tatsugiri\n|-damage|p2a: Arbok|8/246|[from] item: Life Orb\n|\n|upkeep\n|\n|t:|1733868025\n|switch|p1a: Terapagos|Terapagos, L76, M|262/262\n|-activate|p1a: Terapagos|ability: Tera Shift\n|detailschange|p1a: Terapagos|Terapagos-Terastal, L76, M\n|-heal|p1a: Terapagos|269/269|[silent]\n|-activate|p1a: Terapagos|move: Sticky Web\n|-unboost|p1a: Terapagos|spe|1\n|turn|21\n|\n|t:|1733868036\n|move|p2a: Arbok|Gunk Shot|p1a: Terapagos\n|-activate|p1a: Terapagos|ability: Tera Shell\n|-resisted|p1a: Terapagos\n|-damage|p1a: Terapagos|0 fnt\n|faint|p1a: Terapagos\n|-damage|p2a: Arbok|0 fnt|[from] item: Life Orb\n|faint|p2a: Arbok\n|\n|win|tvhejuynmkgolipoa\n|raw|Killer showman's rating: 1000 &rarr; <strong>1000</strong><br />(+0 for losing)\n|raw|tvhejuynmkgolipoa's rating: 1000 &rarr; <strong>1040</strong><br />(+40 for winning)\n|l|\u2606Killer showman\n|player|p1|\n", "inputlog": ">version bfd83cad13791eb5a5a409923076391caf6fb4d4\n>start {\"formatid\":\"gen9randombattle\",\"seed\":[51295,32306,19761,29684],\"rated\":\"Rated battle\"}\n>player p1 {\"name\":\"Killer showman\",\"avatar\":\"169\",\"rating\":1000,\"seed\":[11593,37962,33671,49136]}\n>player p2 {\"name\":\"tvhejuynmkgolipoa\",\"avatar\":\"artist-gen4\",\"rating\":1000,\"seed\":[5992,4402,48656,41247]}\n>p1 move rockslide\n>p2 move stickyweb\n>p1 move rockslide\n>p2 move voltswitch\n>p2 switch 5\n>p1 move hornleech\n>p2 move swordsdance\n>p1 move hornleech\n>p2 move gunkshot\n>p1 switch 5\n>p2 move gunkshot\n>p1 move protect\n>p2 switch 6\n>p1 move uturn\n>p2 move icebeam\n>p1 switch 5\n>p1 move bulkup\n>p2 switch 4\n>p1 move rockslide terastallize\n>p2 move coil\n>p1 move bulkup\n>p2 move coil\n>p1 move bulkup\n>p2 move coil\n>p1 move bulkup\n>p2 move coil\n>p1 move bulkup\n>p2 move coil\n>p1 move bulkup\n>p2 move coil\n>p1 move hornleech\n>p2 move gunkshot\n>p1 move milkdrink\n>p2 move gunkshot\n>p1 switch 5\n>p1 move earthquake\n>p2 move gunkshot\n>p1 switch 3\n>p1 move darkpulse\n>p2 move suckerpunch\n>p1 switch 4\n>p1 move scald\n>p2 move gunkshot\n>p1 switch 6\n>p1 move hydropump\n>p2 move suckerpunch\n>p1 switch 2\n>p1 move calmmind\n>p2 move gunkshot", "uploadtime": 1733868050, "views": 1, "formatid": "gen9randombattle", "rating": 1000, "private": 0, "password": null}