{"id": "gen9randombattle-2071351511", "format": "[Gen 9] Random Battle", "players": ["samuelayers", "Iceman8911"], "log": "|j|\u2606samuelayers\n|j|\u2606Iceman8911\n|t:|1709328061\n|gametype|singles\n|player|p1|samuelayers|gentleman-gen4dp|2254\n|player|p2|Iceman8911|lysandre-masters|2351\n|teamsize|p1|6\n|teamsize|p2|6\n|gen|9\n|tier|[Gen 9] Random Battle\n|rated|\n|rule|Species Clause: Limit one of each Pok\u00e9mon\n|rule|HP Percentage Mod: HP is shown in percentages\n|rule|Sleep Clause Mod: Limit one foe put to sleep\n|rule|Illusion Level Mod: Illusion disguises the Pok\u00e9mon's true level\n|\n|t:|1709328061\n|start\n|switch|p1a: Swanna|Swanna, L88, M|275/275\n|switch|p2a: Azelf|Azelf, L82|257/257\n|turn|1\n|inactive|Battle timer is ON: inactive players will automatically lose when time's up. (requested by samuelayers)\n|inactive|Iceman8911 also wants the timer to be on.\n|inactive|Iceman8911 has 120 seconds left.\n|inactive|Iceman8911 has 90 seconds left.\n|\n|t:|1709328137\n|switch|p1a: Brambleghast|Brambleghast, L88, F|240/240\n|move|p2a: Azelf|Thunderbolt|p1a: Brambleghast\n|-resisted|p1a: Brambleghast\n|-damage|p1a: Brambleghast|174/240\n|\n|-heal|p1a: Brambleghast|189/240|[from] item: Leftovers\n|upkeep\n|turn|2\n|\n|t:|1709328153\n|switch|p2a: Gyarados|Gyarados, L79, M|280/280\n|-ability|p2a: Gyarados|Intimidate|boost\n|-unboost|p1a: Brambleghast|atk|1\n|move|p1a: Brambleghast|Poltergeist|p2a: Gyarados\n|-activate|p2a: Gyarados|move: Poltergeist|Heavy-Duty Boots\n|-damage|p2a: Gyarados|166/280\n|\n|-heal|p1a: Brambleghast|204/240|[from] item: Leftovers\n|upkeep\n|turn|3\n|inactive|Iceman8911 has 120 seconds left.\n|\n|t:|1709328184\n|move|p1a: Brambleghast|Power Whip|p2a: Gyarados\n|-damage|p2a: Gyarados|33/280\n|move|p2a: Gyarados|Dragon Dance|p2a: Gyarados\n|-boost|p2a: Gyarados|atk|1\n|-boost|p2a: Gyarados|spe|1\n|\n|-heal|p1a: Brambleghast|219/240|[from] item: Leftovers\n|upkeep\n|turn|4\n|inactive|Iceman8911 has 120 seconds left.\n|\n|t:|1709328190\n|move|p2a: Gyarados|Temper Flare|p1a: Brambleghast\n|-supereffective|p1a: Brambleghast\n|-damage|p1a: Brambleghast|15/240\n|move|p1a: Brambleghast|Strength Sap|p2a: Gyarados\n|-unboost|p2a: Gyarados|atk|1\n|-heal|p1a: Brambleghast|240/240\n|\n|upkeep\n|turn|5\n|\n|t:|1709328196\n|move|p2a: Gyarados|Dragon Dance|p2a: Gyarados\n|-boost|p2a: Gyarados|atk|1\n|-boost|p2a: Gyarados|spe|1\n|move|p1a: Brambleghast|Strength Sap|p2a: Gyarados\n|-unboost|p2a: Gyarados|atk|1\n|\n|upkeep\n|turn|6\n|\n|t:|1709328202\n|switch|p1a: Crawdaunt|Crawdaunt, L84, M|243/243\n|move|p2a: Gyarados|Temper Flare|p1a: Crawdaunt\n|-resisted|p1a: Crawdaunt\n|-damage|p1a: Crawdaunt|214/243\n|\n|upkeep\n|turn|7\n|\n|t:|1709328208\n|move|p2a: Gyarados|Earthquake|p1a: Crawdaunt\n|-damage|p1a: Crawdaunt|138/243\n|move|p1a: Crawdaunt|Knock Off|p2a: Gyarados\n|-damage|p2a: Gyarados|0 fnt\n|-enditem|p2a: Gyarados|Heavy-Duty Boots|[from] move: Knock Off|[of] p1a: Crawdaunt\n|faint|p2a: Gyarados\n|\n|upkeep\n|j| leosilveira1\n|inactive|Iceman8911 has 120 seconds left.\n|\n|t:|1709328233\n|switch|p2a: Azelf|Azelf, L82|257/257\n|turn|8\n|\n|t:|1709328237\n|switch|p1a: Ursaluna|Ursaluna-Bloodmoon, L79, M|308/308\n|move|p2a: Azelf|U-turn|p1a: Ursaluna\n|-damage|p1a: Ursaluna|259/308\n|inactive|Iceman8911 has 120 seconds left.\n|\n|t:|1709328253\n|switch|p2a: Toedscruel|Toedscruel, L87, M|281/281|[from] U-turn\n|\n|-heal|p1a: Ursaluna|278/308|[from] item: Leftovers\n|upkeep\n|turn|9\n|inactive|Iceman8911 has 120 seconds left.\n|\n|t:|1709328266\n|switch|p1a: Revavroom|Revavroom, L79, F|256/256\n|move|p2a: Toedscruel|Knock Off|p1a: Revavroom\n|-damage|p1a: Revavroom|197/256\n|-enditem|p1a: Revavroom|Life Orb|[from] move: Knock Off|[of] p2a: Toedscruel\n|\n|upkeep\n|turn|10\n|\n|t:|1709328276\n|-terastallize|p1a: Revavroom|Ground\n|move|p2a: Toedscruel|Earth Power|p1a: Revavroom\n|-damage|p1a: Revavroom|80/256\n|move|p1a: Revavroom|Shift Gear|p1a: Revavroom\n|-boost|p1a: Revavroom|spe|2\n|-boost|p1a: Revavroom|atk|1\n|\n|upkeep\n|turn|11\n|\n|t:|1709328283\n|switch|p2a: Houndstone|Houndstone, L86, F|264/264\n|move|p1a: Revavroom|Gunk Shot|p2a: Houndstone\n|-resisted|p2a: Houndstone\n|-damage|p2a: Houndstone|174/264\n|-status|p2a: Houndstone|psn\n|\n|-heal|p2a: Houndstone|190/264 psn|[from] item: Leftovers\n|-damage|p2a: Houndstone|157/264 psn|[from] psn\n|upkeep\n|turn|12\n|\n|t:|1709328295\n|move|p2a: Houndstone|Shadow Sneak|p1a: Revavroom\n|-damage|p1a: Revavroom|35/256\n|move|p1a: Revavroom|Iron Head|p2a: Houndstone\n|-damage|p2a: Houndstone|103/264 psn\n|\n|-heal|p2a: Houndstone|119/264 psn|[from] item: Leftovers\n|-damage|p2a: Houndstone|86/264 psn|[from] psn\n|upkeep\n|turn|13\n|\n|t:|1709328304\n|switch|p1a: Ursaluna|Ursaluna-Bloodmoon, L79, M|278/308\n|move|p2a: Houndstone|Shadow Sneak|p1a: Ursaluna\n|-immune|p1a: Ursaluna\n|\n|-heal|p2a: Houndstone|102/264 psn|[from] item: Leftovers\n|-heal|p1a: Ursaluna|297/308|[from] item: Leftovers\n|-damage|p2a: Houndstone|69/264 psn|[from] psn\n|upkeep\n|turn|14\n|\n|t:|1709328314\n|move|p2a: Houndstone|Body Press|p1a: Ursaluna\n|-supereffective|p1a: Ursaluna\n|-damage|p1a: Ursaluna|195/308\n|move|p1a: Ursaluna|Calm Mind|p1a: Ursaluna\n|-boost|p1a: Ursaluna|spa|1\n|-boost|p1a: Ursaluna|spd|1\n|\n|-heal|p2a: Houndstone|85/264 psn|[from] item: Leftovers\n|-heal|p1a: Ursaluna|214/308|[from] item: Leftovers\n|-damage|p2a: Houndstone|52/264 psn|[from] psn\n|upkeep\n|turn|15\n|\n|t:|1709328326\n|move|p2a: Houndstone|Body Press|p1a: Ursaluna\n|-supereffective|p1a: Ursaluna\n|-damage|p1a: Ursaluna|110/308\n|move|p1a: Ursaluna|Moonlight|p1a: Ursaluna\n|-heal|p1a: Ursaluna|264/308\n|\n|-heal|p2a: Houndstone|68/264 psn|[from] item: Leftovers\n|-heal|p1a: Ursaluna|283/308|[from] item: Leftovers\n|-damage|p2a: Houndstone|35/264 psn|[from] psn\n|upkeep\n|turn|16\n|\n|t:|1709328331\n|move|p2a: Houndstone|Body Press|p1a: Ursaluna\n|-supereffective|p1a: Ursaluna\n|-damage|p1a: Ursaluna|185/308\n|move|p1a: Ursaluna|Calm Mind|p1a: Ursaluna\n|-boost|p1a: Ursaluna|spa|1\n|-boost|p1a: Ursaluna|spd|1\n|\n|-heal|p2a: Houndstone|51/264 psn|[from] item: Leftovers\n|-heal|p1a: Ursaluna|204/308|[from] item: Leftovers\n|-damage|p2a: Houndstone|18/264 psn|[from] psn\n|upkeep\n|turn|17\n|\n|t:|1709328337\n|switch|p2a: Ogerpon|Ogerpon, L80, F|259/259\n|move|p1a: Ursaluna|Moonlight|p1a: Ursaluna\n|-heal|p1a: Ursaluna|308/308\n|\n|upkeep\n|turn|18\n|\n|t:|1709328346\n|switch|p2a: Houndstone|Houndstone, L86, F|18/264 psn\n|switch|p1a: Brambleghast|Brambleghast, L88, F|240/240\n|\n|-heal|p2a: Houndstone|34/264 psn|[from] item: Leftovers\n|-damage|p2a: Houndstone|1/264 psn|[from] psn\n|upkeep\n|turn|19\n|\n|t:|1709328355\n|switch|p1a: Crawdaunt|Crawdaunt, L84, M|138/243\n|move|p2a: Houndstone|Shadow Sneak|p1a: Crawdaunt\n|-resisted|p1a: Crawdaunt\n|-damage|p1a: Crawdaunt|113/243\n|\n|-heal|p2a: Houndstone|17/264 psn|[from] item: Leftovers\n|-damage|p2a: Houndstone|0 fnt|[from] psn\n|faint|p2a: Houndstone\n|upkeep\n|\n|t:|1709328364\n|switch|p2a: Toedscruel|Toedscruel, L87, M|281/281\n|turn|20\n|\n|t:|1709328371\n|move|p1a: Crawdaunt|Aqua Jet|p2a: Toedscruel\n|-damage|p2a: Toedscruel|169/281\n|move|p2a: Toedscruel|Giga Drain|p1a: Crawdaunt\n|-supereffective|p1a: Crawdaunt\n|-damage|p1a: Crawdaunt|0 fnt\n|-heal|p2a: Toedscruel|226/281|[from] drain|[of] p1a: Crawdaunt\n|faint|p1a: Crawdaunt\n|\n|upkeep\n|\n|t:|1709328383\n|switch|p1a: Swanna|Swanna, L88, M|275/275\n|turn|21\n|\n|t:|1709328399\n|move|p2a: Toedscruel|Giga Drain|p1a: Swanna\n|-damage|p1a: Swanna|190/275\n|-heal|p2a: Toedscruel|269/281|[from] drain|[of] p1a: Swanna\n|move|p1a: Swanna|Brave Bird|p2a: Toedscruel\n|-supereffective|p2a: Toedscruel\n|-damage|p2a: Toedscruel|0 fnt\n|faint|p2a: Toedscruel\n|-damage|p1a: Swanna|101/275|[from] Recoil\n|\n|upkeep\n|\n|t:|1709328408\n|switch|p2a: Azelf|Azelf, L82|257/257\n|turn|22\n|\n|t:|1709328412\n|switch|p1a: Revavroom|Revavroom, L79, F, tera:Ground|35/256\n|move|p2a: Azelf|Psychic|p1a: Revavroom\n|-damage|p1a: Revavroom|0 fnt\n|faint|p1a: Revavroom\n|\n|upkeep\n|\n|t:|1709328418\n|switch|p1a: Deoxys|Deoxys, L74|196/196\n|-ability|p1a: Deoxys|Pressure\n|turn|23\n|\n|t:|1709328434\n|move|p1a: Deoxys|Knock Off|p2a: Azelf\n|-supereffective|p2a: Azelf\n|-damage|p2a: Azelf|28/257\n|-enditem|p2a: Azelf|Choice Specs|[from] move: Knock Off|[of] p1a: Deoxys\n|-damage|p1a: Deoxys|177/196|[from] item: Life Orb\n|move|p2a: Azelf|Psychic|p1a: Deoxys\n|-resisted|p1a: Deoxys\n|-damage|p1a: Deoxys|93/196\n|\n|upkeep\n|turn|24\n|\n|t:|1709328442\n|move|p1a: Deoxys|Knock Off|p2a: Azelf\n|-supereffective|p2a: Azelf\n|-damage|p2a: Azelf|0 fnt\n|faint|p2a: Azelf\n|-damage|p1a: Deoxys|74/196|[from] item: Life Orb\n|\n|upkeep\n|\n|t:|1709328446\n|switch|p2a: Volcarona|Volcarona, L77, M|257/257\n|turn|25\n|\n|t:|1709328458\n|move|p1a: Deoxys|Knock Off|p2a: Volcarona\n|-crit|p2a: Volcarona\n|-damage|p2a: Volcarona|66/257\n|-status|p1a: Deoxys|brn|[from] ability: Flame Body|[of] p2a: Volcarona\n|-enditem|p2a: Volcarona|Heavy-Duty Boots|[from] move: Knock Off|[of] p1a: Deoxys\n|-damage|p1a: Deoxys|55/196 brn|[from] item: Life Orb\n|move|p2a: Volcarona|Quiver Dance|p2a: Volcarona\n|-boost|p2a: Volcarona|spa|1\n|-boost|p2a: Volcarona|spd|1\n|-boost|p2a: Volcarona|spe|1\n|\n|-damage|p1a: Deoxys|43/196 brn|[from] brn\n|upkeep\n|turn|26\n|\n|t:|1709328463\n|move|p2a: Volcarona|Morning Sun|p2a: Volcarona\n|-heal|p2a: Volcarona|194/257\n|move|p1a: Deoxys|Psycho Boost|p2a: Volcarona\n|-damage|p2a: Volcarona|60/257\n|-unboost|p1a: Deoxys|spa|2\n|-damage|p1a: Deoxys|24/196 brn|[from] item: Life Orb\n|\n|-damage|p1a: Deoxys|12/196 brn|[from] brn\n|upkeep\n|turn|27\n|\n|t:|1709328467\n|switch|p1a: Swanna|Swanna, L88, M|101/275\n|move|p2a: Volcarona|Morning Sun|p2a: Volcarona\n|-heal|p2a: Volcarona|188/257\n|\n|upkeep\n|turn|28\n|\n|t:|1709328475\n|-terastallize|p2a: Volcarona|Fire\n|move|p2a: Volcarona|Fire Blast|p1a: Swanna\n|-resisted|p1a: Swanna\n|-damage|p1a: Swanna|0 fnt\n|faint|p1a: Swanna\n|\n|upkeep\n|\n|t:|1709328479\n|switch|p1a: Ursaluna|Ursaluna-Bloodmoon, L79, M|308/308\n|turn|29\n|\n|t:|1709328485\n|move|p2a: Volcarona|Fire Blast|p1a: Ursaluna\n|-damage|p1a: Ursaluna|2/308\n|move|p1a: Ursaluna|Calm Mind|p1a: Ursaluna\n|-boost|p1a: Ursaluna|spa|1\n|-boost|p1a: Ursaluna|spd|1\n|\n|-heal|p1a: Ursaluna|21/308|[from] item: Leftovers\n|upkeep\n|turn|30\n|-message|samuelayers forfeited.\n|\n|win|Iceman8911\n|raw|samuelayers's rating: 2254 &rarr; <strong>2239</strong><br />(-15 for losing)\n|raw|Iceman8911's rating: 2351 &rarr; <strong>2366</strong><br />(+15 for winning)\n|l|\u2606samuelayers\n|player|p1|\n|l| leosilveira1\n", "inputlog": ">version c4ae0cf9f41f905e887269426d9f7fc3e478d0c6\n>start {\"formatid\":\"gen9randombattle\",\"seed\":[16500,38173,62444,21858],\"rated\":\"Rated battle\"}\n>player p1 {\"name\":\"samuelayers\",\"avatar\":\"gentleman-gen4dp\",\"rating\":2254,\"seed\":[14662,57763,39020,54497]}\n>player p2 {\"name\":\"Iceman8911\",\"avatar\":\"lysandre-masters\",\"rating\":2351,\"seed\":[885,26636,5698,45865]}\n>p1 switch 3\n>p2 move thunderbolt\n>p1 move poltergeist\n>p2 switch 2\n>p1 move powerwhip\n>p2 move dragondance\n>p1 move strengthsap\n>p2 move temperflare\n>p1 move strengthsap\n>p2 move dragondance\n>p1 switch 4\n>p2 move temperflare\n>p1 move knockoff\n>p2 move earthquake\n>p2 switch 2\n>p1 switch 5\n>p2 move uturn\n>p2 switch 4\n>p1 switch 6\n>p2 move knockoff\n>p1 move shiftgear terastallize\n>p2 move earthpower\n>p1 move gunkshot\n>p2 switch 6\n>p1 move ironhead\n>p2 move shadowsneak\n>p1 switch 6\n>p2 move shadowsneak\n>p1 move calmmind\n>p2 move bodypress\n>p1 move moonlight\n>p2 move bodypress\n>p1 move calmmind\n>p2 move bodypress\n>p1 move moonlight\n>p2 switch 3\n>p1 switch 4\n>p2 switch 3\n>p1 switch 5\n>p2 move shadowsneak\n>p2 switch 6\n>p1 move aquajet\n>p2 move gigadrain\n>p1 switch 3\n>p1 move bravebird\n>p2 move gigadrain\n>p2 switch 4\n>p1 switch 6\n>p2 move psychic\n>p1 switch 2\n>p1 move knockoff\n>p2 move psychic\n>p1 move knockoff\n>p2 move psychic\n>p2 switch 5\n>p1 move knockoff\n>p2 move quiverdance\n>p1 move psychoboost\n>p2 move morningsun\n>p1 switch 6\n>p2 move morningsun\n>p1 move bravebird\n>p2 move fireblast terastallize\n>p1 switch 4\n>p1 move calmmind\n>p2 move fireblast\n>forcelose p1", "uploadtime": 1709328720, "views": 250, "formatid": "gen9randombattle", "rating": 2239, "private": 0, "password": null}