{"id": "gen9randombattle-2260557693", "format": "[Gen 9] Random Battle", "players": ["undercocoawork", "bMaz01"], "log": "|j|\u2606undercocoawork\n|j|\u2606bMaz01\n|t:|1733863354\n|gametype|singles\n|player|p1|undercocoawork|1|\n|player|p2|bMaz01|red|\n|teamsize|p1|6\n|teamsize|p2|6\n|gen|9\n|tier|[Gen 9] Random Battle\n|rule|Species Clause: Limit one of each Pok\u00e9mon\n|rule|HP Percentage Mod: HP is shown in percentages\n|rule|Sleep Clause Mod: Limit one foe put to sleep\n|rule|Illusion Level Mod: Illusion disguises the Pok\u00e9mon's true level\n|\n|t:|1733863354\n|start\n|switch|p1a: Appletun|Appletun, L92, M|352/352\n|switch|p2a: Volcarona|Volcarona, L77, F|257/257\n|turn|1\n|\n|t:|1733863384\n|move|p2a: Volcarona|Quiver Dance|p2a: Volcarona\n|-boost|p2a: Volcarona|spa|1\n|-boost|p2a: Volcarona|spd|1\n|-boost|p2a: Volcarona|spe|1\n|move|p1a: Appletun|Leech Seed|p2a: Volcarona\n|-start|p2a: Volcarona|move: Leech Seed\n|\n|-damage|p2a: Volcarona|225/257|[from] Leech Seed|[of] p1a: Appletun\n|upkeep\n|turn|2\n|\n|t:|1733863756\n|-terastallize|p1a: Appletun|Steel\n|move|p2a: Volcarona|Quiver Dance|p2a: Volcarona\n|-boost|p2a: Volcarona|spa|1\n|-boost|p2a: Volcarona|spd|1\n|-boost|p2a: Volcarona|spe|1\n|move|p1a: Appletun|Dragon Pulse|p2a: Volcarona\n|-damage|p2a: Volcarona|173/257\n|\n|-damage|p2a: Volcarona|141/257|[from] Leech Seed|[of] p1a: Appletun\n|upkeep\n|turn|3\n|\n|t:|1733863769\n|move|p2a: Volcarona|Fiery Dance|p1a: Appletun\n|-supereffective|p1a: Appletun\n|-damage|p1a: Appletun|164/352\n|move|p1a: Appletun|Apple Acid|p2a: Volcarona\n|-resisted|p2a: Volcarona\n|-damage|p2a: Volcarona|129/257\n|-unboost|p2a: Volcarona|spd|1\n|\n|-heal|p1a: Appletun|186/352|[from] item: Leftovers\n|-damage|p2a: Volcarona|97/257|[from] Leech Seed|[of] p1a: Appletun\n|-heal|p1a: Appletun|218/352|[silent]\n|upkeep\n|turn|4\n|\n|t:|1733863775\n|move|p2a: Volcarona|Fiery Dance|p1a: Appletun\n|-supereffective|p1a: Appletun\n|-damage|p1a: Appletun|32/352\n|move|p1a: Appletun|Recover|p1a: Appletun\n|-heal|p1a: Appletun|208/352\n|\n|-heal|p1a: Appletun|230/352|[from] item: Leftovers\n|-damage|p2a: Volcarona|65/257|[from] Leech Seed|[of] p1a: Appletun\n|-heal|p1a: Appletun|262/352|[silent]\n|upkeep\n|turn|5\n|\n|t:|1733863783\n|move|p2a: Volcarona|Fiery Dance|p1a: Appletun\n|-supereffective|p1a: Appletun\n|-damage|p1a: Appletun|76/352\n|move|p1a: Appletun|Recover|p1a: Appletun\n|-heal|p1a: Appletun|252/352\n|\n|-heal|p1a: Appletun|274/352|[from] item: Leftovers\n|-damage|p2a: Volcarona|33/257|[from] Leech Seed|[of] p1a: Appletun\n|-heal|p1a: Appletun|306/352|[silent]\n|upkeep\n|turn|6\n|\n|t:|1733863789\n|move|p2a: Volcarona|Fiery Dance|p1a: Appletun\n|-supereffective|p1a: Appletun\n|-damage|p1a: Appletun|126/352\n|move|p1a: Appletun|Recover|p1a: Appletun\n|-heal|p1a: Appletun|302/352\n|\n|-heal|p1a: Appletun|324/352|[from] item: Leftovers\n|-damage|p2a: Volcarona|1/257|[from] Leech Seed|[of] p1a: Appletun\n|-heal|p1a: Appletun|352/352|[silent]\n|upkeep\n|turn|7\n|\n|t:|1733863793\n|move|p2a: Volcarona|Fiery Dance|p1a: Appletun\n|-supereffective|p1a: Appletun\n|-damage|p1a: Appletun|166/352\n|move|p1a: Appletun|Recover|p1a: Appletun\n|-heal|p1a: Appletun|342/352\n|\n|-heal|p1a: Appletun|352/352|[from] item: Leftovers\n|-damage|p2a: Volcarona|0 fnt|[from] Leech Seed|[of] p1a: Appletun\n|faint|p2a: Volcarona\n|upkeep\n|\n|t:|1733863806\n|switch|p2a: Passimian|Passimian, L83, M|302/302\n|turn|8\n|\n|t:|1733863821\n|move|p2a: Passimian|Bulk Up|p2a: Passimian\n|-boost|p2a: Passimian|atk|1\n|-boost|p2a: Passimian|def|1\n|move|p1a: Appletun|Leech Seed|p2a: Passimian\n|-start|p2a: Passimian|move: Leech Seed\n|\n|-damage|p2a: Passimian|265/302|[from] Leech Seed|[of] p1a: Appletun\n|upkeep\n|turn|9\n|\n|t:|1733863845\n|move|p2a: Passimian|Knock Off|p1a: Appletun\n|-damage|p1a: Appletun|232/352\n|-enditem|p1a: Appletun|Leftovers|[from] move: Knock Off|[of] p2a: Passimian\n|move|p1a: Appletun|Dragon Pulse|p2a: Passimian\n|-damage|p2a: Passimian|132/302\n|\n|-heal|p2a: Passimian|150/302|[from] item: Leftovers\n|-damage|p2a: Passimian|113/302|[from] Leech Seed|[of] p1a: Appletun\n|-heal|p1a: Appletun|269/352|[silent]\n|upkeep\n|turn|10\n|\n|t:|1733863851\n|move|p2a: Passimian|Drain Punch|p1a: Appletun\n|-supereffective|p1a: Appletun\n|-damage|p1a: Appletun|0 fnt\n|-heal|p2a: Passimian|248/302|[from] drain|[of] p1a: Appletun\n|faint|p1a: Appletun\n|\n|-heal|p2a: Passimian|266/302|[from] item: Leftovers\n|upkeep\n|\n|t:|1733863897\n|switch|p1a: Regidrago|Regidrago, L77|435/435\n|turn|11\n|\n|t:|1733863942\n|move|p2a: Passimian|Gunk Shot|p1a: Regidrago\n|-damage|p1a: Regidrago|197/435\n|-status|p1a: Regidrago|psn\n|-enditem|p1a: Regidrago|Lum Berry|[eat]\n|-curestatus|p1a: Regidrago|psn|[msg]\n|move|p1a: Regidrago|Draco Meteor|p2a: Passimian\n|-damage|p2a: Passimian|50/302\n|-unboost|p1a: Regidrago|spa|2\n|\n|-heal|p2a: Passimian|68/302|[from] item: Leftovers\n|-damage|p2a: Passimian|31/302|[from] Leech Seed|[of] p1a: Regidrago\n|-heal|p1a: Regidrago|234/435|[silent]\n|upkeep\n|turn|12\n|\n|t:|1733863966\n|move|p2a: Passimian|Drain Punch|p1a: Regidrago\n|-damage|p1a: Regidrago|3/435\n|-heal|p2a: Passimian|147/302|[from] drain|[of] p1a: Regidrago\n|move|p1a: Regidrago|Earthquake|p2a: Passimian\n|-damage|p2a: Passimian|106/302\n|\n|-heal|p2a: Passimian|124/302|[from] item: Leftovers\n|-damage|p2a: Passimian|87/302|[from] Leech Seed|[of] p1a: Regidrago\n|-heal|p1a: Regidrago|40/435|[silent]\n|upkeep\n|turn|13\n|\n|t:|1733863980\n|move|p2a: Passimian|Drain Punch|p1a: Regidrago\n|-damage|p1a: Regidrago|0 fnt\n|-heal|p2a: Passimian|107/302|[from] drain|[of] p1a: Regidrago\n|faint|p1a: Regidrago\n|\n|-heal|p2a: Passimian|125/302|[from] item: Leftovers\n|upkeep\n|\n|t:|1733863997\n|switch|p1a: Ogerpon|Ogerpon, L80, F|259/259\n|turn|14\n|\n|t:|1733864001\n|move|p1a: Ogerpon|Ivy Cudgel|p2a: Passimian\n|-damage|p2a: Passimian|24/302\n|-damage|p1a: Ogerpon|234/259|[from] item: Life Orb\n|move|p2a: Passimian|Gunk Shot|p1a: Ogerpon\n|-supereffective|p1a: Ogerpon\n|-crit|p1a: Ogerpon\n|-damage|p1a: Ogerpon|0 fnt\n|faint|p1a: Ogerpon\n|\n|-heal|p2a: Passimian|42/302|[from] item: Leftovers\n|upkeep\n|\n|t:|1733864008\n|switch|p1a: Cinderace|Cinderace, L77, F|249/249\n|turn|15\n|\n|t:|1733864017\n|move|p1a: Cinderace|Pyro Ball|p2a: Passimian\n|-damage|p2a: Passimian|0 fnt\n|faint|p2a: Passimian\n|\n|upkeep\n|\n|t:|1733864034\n|switch|p2a: Urshifu|Urshifu-Rapid-Strike, L75, M|274/274\n|turn|16\n|\n|t:|1733864054\n|move|p1a: Cinderace|High Jump Kick|p2a: Urshifu\n|-start|p1a: Cinderace|typechange|Fighting|[from] ability: Libero\n|-damage|p2a: Urshifu|132/274\n|move|p2a: Urshifu|Swords Dance|p2a: Urshifu\n|-boost|p2a: Urshifu|atk|2\n|\n|upkeep\n|turn|17\n|\n|t:|1733864071\n|move|p1a: Cinderace|High Jump Kick|p2a: Urshifu\n|-damage|p2a: Urshifu|0 fnt\n|faint|p2a: Urshifu\n|\n|upkeep\n|c|\u2606undercocoawork|u an interesting guy\n|\n|t:|1733864078\n|switch|p2a: Cinderace|Cinderace, L77, M|249/249\n|turn|18\n|\n|t:|1733864092\n|switch|p2a: Spiritomb|Spiritomb, L89, F|234/234\n|move|p1a: Cinderace|High Jump Kick|p2a: Spiritomb\n|-immune|p2a: Spiritomb\n|-damage|p1a: Cinderace|125/249|[from] highjumpkick\n|\n|upkeep\n|turn|19\n|\n|t:|1733864116\n|move|p1a: Cinderace|Pyro Ball|p2a: Spiritomb\n|-damage|p2a: Spiritomb|163/234\n|move|p2a: Spiritomb|Toxic|p1a: Cinderace\n|-status|p1a: Cinderace|tox\n|\n|-heal|p2a: Spiritomb|177/234|[from] item: Leftovers\n|-damage|p1a: Cinderace|110/249 tox|[from] psn\n|upkeep\n|turn|20\n|\n|t:|1733864121\n|move|p2a: Spiritomb|Shadow Sneak|p1a: Cinderace\n|-damage|p1a: Cinderace|56/249 tox\n|move|p1a: Cinderace|Pyro Ball|p2a: Spiritomb\n|-crit|p2a: Spiritomb\n|-damage|p2a: Spiritomb|79/234\n|\n|-heal|p2a: Spiritomb|93/234|[from] item: Leftovers\n|-damage|p1a: Cinderace|26/249 tox|[from] psn\n|upkeep\n|turn|21\n|\n|t:|1733864125\n|move|p2a: Spiritomb|Shadow Sneak|p1a: Cinderace\n|-damage|p1a: Cinderace|0 fnt\n|faint|p1a: Cinderace\n|\n|-heal|p2a: Spiritomb|107/234|[from] item: Leftovers\n|upkeep\n|\n|t:|1733864134\n|switch|p1a: Registeel|Registeel, L81|262/262\n|turn|22\n|\n|t:|1733864158\n|move|p2a: Spiritomb|Shadow Sneak|p1a: Registeel\n|-crit|p1a: Registeel\n|-damage|p1a: Registeel|220/262\n|move|p1a: Registeel|Iron Defense|p1a: Registeel\n|-boost|p1a: Registeel|def|2\n|\n|-heal|p2a: Spiritomb|121/234|[from] item: Leftovers\n|upkeep\n|turn|23\n|\n|t:|1733864164\n|switch|p2a: Cinderace|Cinderace, L77, M|249/249\n|move|p1a: Registeel|Iron Defense|p1a: Registeel\n|-boost|p1a: Registeel|def|2\n|\n|upkeep\n|turn|24\n|\n|t:|1733864170\n|-terastallize|p2a: Cinderace|Fire\n|move|p2a: Cinderace|Pyro Ball|p1a: Registeel\n|-supereffective|p1a: Registeel\n|-damage|p1a: Registeel|108/262\n|move|p1a: Registeel|Body Press|p2a: Cinderace\n|-damage|p2a: Cinderace|0 fnt\n|faint|p2a: Cinderace\n|\n|upkeep\n|\n|t:|1733864174\n|switch|p2a: Flutter Mane|Flutter Mane, L74|203/203\n|turn|25\n|\n|t:|1733864177\n|move|p2a: Flutter Mane|Mystical Fire|p1a: Registeel\n|-supereffective|p1a: Registeel\n|-damage|p1a: Registeel|0 fnt\n|faint|p1a: Registeel\n|\n|upkeep\n|\n|t:|1733864181\n|switch|p1a: Zacian|Zacian-Crowned, L64|225/225\n|-ability|p1a: Zacian|Intrepid Sword|boost\n|-boost|p1a: Zacian|atk|1\n|turn|26\n|\n|t:|1733864184\n|move|p2a: Flutter Mane|Mystical Fire|p1a: Zacian\n|-supereffective|p1a: Zacian\n|-damage|p1a: Zacian|55/225\n|-unboost|p1a: Zacian|spa|1\n|move|p1a: Zacian|Behemoth Blade|p2a: Flutter Mane\n|-supereffective|p2a: Flutter Mane\n|-damage|p2a: Flutter Mane|0 fnt\n|faint|p2a: Flutter Mane\n|-end|p2a: Flutter Mane|Protosynthesis|[silent]\n|\n|upkeep\n|\n|t:|1733864187\n|switch|p2a: Spiritomb|Spiritomb, L89, F|121/234\n|turn|27\n|c|\u2606undercocoawork|10% chance to lose\n|\n|t:|1733864213\n|move|p2a: Spiritomb|Shadow Sneak|p1a: Zacian\n|-damage|p1a: Zacian|10/225\n|move|p1a: Zacian|Play Rough|p2a: Spiritomb\n|-supereffective|p2a: Spiritomb\n|-damage|p2a: Spiritomb|0 fnt\n|faint|p2a: Spiritomb\n|\n|win|undercocoawork\n|c|\u2606bMaz01|gg\n|l|\u2606undercocoawork\n|player|p1|\n|l|\u2606bMaz01\n|player|p2|\n|j|\u2606bMaz01\n|player|p2|bMaz01|red|\n", "inputlog": ">version bfd83cad13791eb5a5a409923076391caf6fb4d4\n>start {\"formatid\":\"gen9randombattle\",\"seed\":[61740,9832,64345,28044]}\n>player p1 {\"name\":\"undercocoawork\",\"avatar\":\"1\",\"rating\":0,\"seed\":[53198,36844,41601,7335]}\n>player p2 {\"name\":\"bMaz01\",\"avatar\":\"red\",\"rating\":0,\"seed\":[10143,54669,43268,20906]}\n>p1 move leechseed\n>p2 move quiverdance\n>p1 move dragonpulse terastallize\n>p2 move quiverdance\n>p1 move appleacid\n>p2 move fierydance\n>p1 move recover\n>p2 move fierydance\n>p1 move recover\n>p2 move fierydance\n>p1 move recover\n>p2 move fierydance\n>p1 move recover\n>p2 move fierydance\n>p2 switch 5\n>p1 move leechseed\n>p2 move bulkup\n>p1 move dragonpulse\n>p2 move knockoff\n>p1 move recover\n>p2 move drainpunch\n>p1 switch 5\n>p1 move dracometeor\n>p2 move gunkshot\n>p1 move earthquake\n>p2 move drainpunch\n>p1 move outrage\n>p2 move drainpunch\n>p1 switch 3\n>p1 move ivycudgel\n>p2 move gunkshot\n>p1 switch 6\n>p1 move pyroball\n>p2 move knockoff\n>p2 switch 2\n>p1 move highjumpkick\n>p2 move swordsdance\n>p1 move highjumpkick\n>p2 move surgingstrikes\n>chat \u2606undercocoawork|u an interesting guy\n>p2 switch 6\n>p1 move highjumpkick\n>p2 switch 3\n>p1 move pyroball\n>p2 move toxic\n>p1 move pyroball\n>p2 move shadowsneak\n>p1 move pyroball\n>p2 move shadowsneak\n>p1 switch 4\n>p1 move irondefense\n>p2 move shadowsneak\n>p1 move irondefense\n>p2 switch 3\n>p1 move bodypress\n>p2 move pyroball terastallize\n>p2 switch 4\n>p1 move ironhead\n>p2 move mysticalfire\n>p1 switch 2\n>p1 move behemothblade\n>p2 move mysticalfire\n>p2 switch 3\n>chat \u2606undercocoawork|10% chance to lose\n>p1 move playrough\n>p2 move shadowsneak", "uploadtime": 1733864814, "views": 9, "formatid": "gen9randombattle", "rating": null, "private": 0, "password": null}