{"id": "gen9randombattle-2260818450", "format": "[Gen 9] Random Battle", "players": ["nigghtss", "fifachu"], "log": "|j|\u2606nigghtss\n|j|\u2606fifachu\n|t:|1733897633\n|gametype|singles\n|player|p1|nigghtss|102|1456\n|player|p2|fifachu|170|1469\n|teamsize|p1|6\n|teamsize|p2|6\n|gen|9\n|tier|[Gen 9] Random Battle\n|rated|\n|rule|Species Clause: Limit one of each Pok\u00e9mon\n|rule|HP Percentage Mod: HP is shown in percentages\n|rule|Sleep Clause Mod: Limit one foe put to sleep\n|rule|Illusion Level Mod: Illusion disguises the Pok\u00e9mon's true level\n|\n|t:|1733897633\n|start\n|switch|p1a: Rabsca|Rabsca, L91, M|284/284\n|switch|p2a: Chien-Pao|Chien-Pao, L72|234/234\n|-ability|p2a: Chien-Pao|Sword of Ruin\n|turn|1\n|\n|t:|1733897663\n|switch|p1a: Wigglytuff|Wigglytuff, L96, F|424/424\n|move|p2a: Chien-Pao|Throat Chop|p1a: Wigglytuff\n|-resisted|p1a: Wigglytuff\n|-damage|p1a: Wigglytuff|325/424\n|-start|p1a: Wigglytuff|Throat Chop|[silent]\n|\n|-heal|p1a: Wigglytuff|351/424|[from] item: Leftovers\n|upkeep\n|turn|2\n|\n|t:|1733897678\n|switch|p2a: Snorlax|Snorlax, L82, M|397/397\n|move|p1a: Wigglytuff|Knock Off|p2a: Snorlax\n|-damage|p2a: Snorlax|302/397\n|-enditem|p2a: Snorlax|Chesto Berry|[from] move: Knock Off|[of] p1a: Wigglytuff\n|\n|-heal|p1a: Wigglytuff|377/424|[from] item: Leftovers\n|-end|p1a: Wigglytuff|Throat Chop|[silent]\n|upkeep\n|turn|3\n|\n|t:|1733897686\n|move|p1a: Wigglytuff|Alluring Voice|p2a: Snorlax\n|-damage|p2a: Snorlax|221/397\n|move|p2a: Snorlax|Body Slam|p1a: Wigglytuff\n|-damage|p1a: Wigglytuff|241/424\n|\n|-heal|p1a: Wigglytuff|267/424|[from] item: Leftovers\n|upkeep\n|turn|4\n|\n|t:|1733897696\n|switch|p1a: Bastiodon|Bastiodon, L89, F|252/252\n|move|p2a: Snorlax|Body Slam|p1a: Bastiodon\n|-resisted|p1a: Bastiodon\n|-damage|p1a: Bastiodon|240/252\n|\n|upkeep\n|turn|5\n|\n|t:|1733897708\n|switch|p2a: Whimsicott|Whimsicott, L85, F|241/241\n|move|p1a: Bastiodon|Iron Defense|p1a: Bastiodon\n|-boost|p1a: Bastiodon|def|2\n|\n|upkeep\n|turn|6\n|\n|t:|1733897719\n|move|p2a: Whimsicott|Encore|p1a: Bastiodon\n|-start|p1a: Bastiodon|Encore\n|move|p1a: Bastiodon|Iron Defense|p1a: Bastiodon\n|-boost|p1a: Bastiodon|def|2\n|\n|upkeep\n|turn|7\n|\n|t:|1733897723\n|switch|p1a: Wigglytuff|Wigglytuff, L96, F|267/424\n|move|p2a: Whimsicott|Leech Seed|p1a: Wigglytuff\n|-start|p1a: Wigglytuff|move: Leech Seed\n|\n|-heal|p1a: Wigglytuff|293/424|[from] item: Leftovers\n|-damage|p1a: Wigglytuff|240/424|[from] Leech Seed|[of] p2a: Whimsicott\n|upkeep\n|turn|8\n|\n|t:|1733897729\n|switch|p2a: Snorlax|Snorlax, L82, M|221/397\n|move|p1a: Wigglytuff|Knock Off|p2a: Snorlax\n|-damage|p2a: Snorlax|160/397\n|\n|-heal|p1a: Wigglytuff|266/424|[from] item: Leftovers\n|-damage|p1a: Wigglytuff|213/424|[from] Leech Seed|[of] p2a: Snorlax\n|-heal|p2a: Snorlax|213/397|[silent]\n|upkeep\n|turn|9\n|\n|t:|1733897737\n|switch|p1a: Bastiodon|Bastiodon, L89, F|240/252\n|move|p2a: Snorlax|Body Slam|p1a: Bastiodon\n|-resisted|p1a: Bastiodon\n|-damage|p1a: Bastiodon|227/252\n|\n|upkeep\n|turn|10\n|inactive|Battle timer is ON: inactive players will automatically lose when time's up. (requested by nigghtss)\n|\n|t:|1733897755\n|move|p1a: Bastiodon|Body Press|p2a: Snorlax\n|-supereffective|p2a: Snorlax\n|-damage|p2a: Snorlax|0 fnt\n|faint|p2a: Snorlax\n|\n|upkeep\n|\n|t:|1733897763\n|switch|p2a: Mienshao|Mienshao, L83, F|244/244\n|turn|11\n|\n|t:|1733897778\n|switch|p1a: Wigglytuff|Wigglytuff, L96, F|213/424\n|move|p2a: Mienshao|Swords Dance|p2a: Mienshao\n|-boost|p2a: Mienshao|atk|2\n|\n|-heal|p1a: Wigglytuff|239/424|[from] item: Leftovers\n|upkeep\n|turn|12\n|\n|t:|1733897785\n|move|p2a: Mienshao|Poison Jab|p1a: Wigglytuff\n|-supereffective|p1a: Wigglytuff\n|-damage|p1a: Wigglytuff|0 fnt\n|faint|p1a: Wigglytuff\n|-damage|p2a: Mienshao|220/244|[from] item: Life Orb\n|\n|upkeep\n|\n|t:|1733897790\n|switch|p1a: Zacian|Zacian, L69|241/241\n|-ability|p1a: Zacian|Intrepid Sword|boost\n|-boost|p1a: Zacian|atk|1\n|turn|13\n|\n|t:|1733897802\n|-terastallize|p2a: Mienshao|Poison\n|move|p1a: Zacian|Play Rough|p2a: Mienshao\n|-resisted|p2a: Mienshao\n|-damage|p2a: Mienshao|111/244\n|move|p2a: Mienshao|Poison Jab|p1a: Zacian\n|-supereffective|p1a: Zacian\n|-damage|p1a: Zacian|0 fnt\n|faint|p1a: Zacian\n|-damage|p2a: Mienshao|87/244|[from] item: Life Orb\n|\n|upkeep\n|\n|t:|1733897815\n|switch|p1a: Ursaluna|Ursaluna-Bloodmoon, L79, M|308/308\n|turn|14\n|\n|t:|1733897820\n|move|p2a: Mienshao|Close Combat|p1a: Ursaluna\n|-supereffective|p1a: Ursaluna\n|-damage|p1a: Ursaluna|0 fnt\n|-unboost|p2a: Mienshao|def|1\n|-unboost|p2a: Mienshao|spd|1\n|faint|p1a: Ursaluna\n|-damage|p2a: Mienshao|63/244|[from] item: Life Orb\n|\n|upkeep\n|\n|t:|1733897824\n|switch|p1a: Rabsca|Rabsca, L91, M|284/284\n|turn|15\n|\n|t:|1733897827\n|move|p2a: Mienshao|Knock Off|p1a: Rabsca\n|-supereffective|p1a: Rabsca\n|-damage|p1a: Rabsca|0 fnt\n|-enditem|p1a: Rabsca|Heavy-Duty Boots|[from] move: Knock Off|[of] p2a: Mienshao\n|faint|p1a: Rabsca\n|-damage|p2a: Mienshao|39/244|[from] item: Life Orb\n|\n|upkeep\n|-message|nigghtss forfeited.\n|\n|win|fifachu\n|raw|nigghtss's rating: 1456 &rarr; <strong>1438</strong><br />(-18 for losing)\n|raw|fifachu's rating: 1491 &rarr; <strong>1509</strong><br />(+18 for winning)\n|l|\u2606nigghtss\n|player|p1|\n", "inputlog": ">version bfd83cad13791eb5a5a409923076391caf6fb4d4\n>start {\"formatid\":\"gen9randombattle\",\"seed\":[53733,20945,10596,38613],\"rated\":\"Rated battle\"}\n>player p1 {\"name\":\"nigghtss\",\"avatar\":\"102\",\"rating\":1456,\"seed\":[21203,53225,17349,39812]}\n>player p2 {\"name\":\"fifachu\",\"avatar\":\"170\",\"rating\":1469,\"seed\":[27487,19181,56214,6501]}\n>p1 switch 4\n>p2 move throatchop\n>p1 move knockoff\n>p2 switch 2\n>p1 move alluringvoice\n>p2 move bodyslam\n>p1 switch 6\n>p2 move bodyslam\n>p1 move irondefense\n>p2 switch 3\n>p1 move bodypress\n>p2 move encore\n>p1 switch 6\n>p2 move leechseed\n>p1 move knockoff\n>p2 switch 3\n>p1 switch 6\n>p2 move bodyslam\n>p1 move bodypress\n>p2 move earthquake\n>p2 switch 6\n>p1 switch 6\n>p2 move swordsdance\n>p1 move alluringvoice\n>p2 move poisonjab\n>p1 switch 2\n>p1 move playrough\n>p2 move poisonjab terastallize\n>p1 switch 3\n>p1 move bloodmoon\n>p2 move closecombat\n>p1 switch 4\n>p1 move trickroom\n>p2 move knockoff\n>forcelose p1", "uploadtime": 1733897834, "views": 2, "formatid": "gen9randombattle", "rating": 1438, "private": 0, "password": null}