{"id": "gen9randombattle-2260660270", "format": "[Gen 9] Random Battle", "players": ["LORDzCS", "Vatusay"], "log": "|j|\u2606LORDzCS\n|j|\u2606Vatusay\n|t:|1733875069\n|gametype|singles\n|player|p1|LORDzCS|ethan|1426\n|player|p2|Vatusay|riley|1400\n|teamsize|p1|6\n|teamsize|p2|6\n|gen|9\n|tier|[Gen 9] Random Battle\n|rated|\n|rule|Species Clause: Limit one of each Pok\u00e9mon\n|rule|HP Percentage Mod: HP is shown in percentages\n|rule|Sleep Clause Mod: Limit one foe put to sleep\n|rule|Illusion Level Mod: Illusion disguises the Pok\u00e9mon's true level\n|\n|t:|1733875069\n|start\n|switch|p1a: Kyurem|Kyurem, L77|319/319\n|switch|p2a: Drifblim|Drifblim, L86, F|398/398\n|-ability|p1a: Kyurem|Pressure\n|turn|1\n|inactive|Battle timer is ON: inactive players will automatically lose when time's up. (requested by LORDzCS)\n|\n|t:|1733875096\n|switch|p2a: Pachirisu|Pachirisu, L96, F|271/271\n|move|p1a: Kyurem|Freeze-Dry|p2a: Pachirisu\n|-damage|p2a: Pachirisu|169/271\n|\n|upkeep\n|turn|2\n|\n|t:|1733875109\n|move|p2a: Pachirisu|Super Fang|p1a: Kyurem\n|-damage|p1a: Kyurem|160/319\n|move|p1a: Kyurem|Freeze-Dry|p2a: Pachirisu\n|-damage|p2a: Pachirisu|75/271\n|\n|upkeep\n|turn|3\n|\n|t:|1733875115\n|move|p2a: Pachirisu|Discharge|p1a: Kyurem\n|-resisted|p1a: Kyurem\n|-damage|p1a: Kyurem|125/319\n|move|p1a: Kyurem|Freeze-Dry|p2a: Pachirisu\n|-damage|p2a: Pachirisu|0 fnt\n|faint|p2a: Pachirisu\n|\n|upkeep\n|\n|t:|1733875142\n|switch|p2a: Zangoose|Zangoose, L85, M|263/263\n|turn|4\n|\n|t:|1733875144\n|move|p2a: Zangoose|Knock Off|p1a: Kyurem\n|-damage|p1a: Kyurem|30/319\n|-enditem|p1a: Kyurem|Choice Specs|[from] move: Knock Off|[of] p2a: Zangoose\n|move|p1a: Kyurem|Freeze-Dry|p2a: Zangoose\n|-damage|p2a: Zangoose|161/263\n|\n|-status|p2a: Zangoose|tox|[from] item: Toxic Orb\n|upkeep\n|turn|5\n|\n|t:|1733875149\n|move|p2a: Zangoose|Quick Attack|p1a: Kyurem\n|-damage|p1a: Kyurem|0 fnt\n|faint|p1a: Kyurem\n|\n|-damage|p2a: Zangoose|145/263 tox|[from] psn\n|upkeep\n|\n|t:|1733875158\n|switch|p1a: Lurantis|Lurantis, L87, F|264/264\n|turn|6\n|\n|t:|1733875161\n|move|p2a: Zangoose|Facade|p1a: Lurantis\n|-damage|p1a: Lurantis|0 fnt\n|faint|p1a: Lurantis\n|\n|-damage|p2a: Zangoose|113/263 tox|[from] psn\n|upkeep\n|\n|t:|1733875168\n|switch|p1a: Zebstrika|Zebstrika, L87, F|272/272\n|turn|7\n|\n|t:|1733875189\n|move|p2a: Zangoose|Quick Attack|p1a: Zebstrika\n|-damage|p1a: Zebstrika|170/272\n|move|p1a: Zebstrika|High Horsepower|p2a: Zangoose\n|-damage|p2a: Zangoose|0 fnt\n|faint|p2a: Zangoose\n|-damage|p1a: Zebstrika|143/272|[from] item: Life Orb\n|\n|upkeep\n|\n|t:|1733875193\n|switch|p2a: Wugtrio|Wugtrio, L91, M|212/212\n|turn|8\n|\n|t:|1733875196\n|move|p2a: Wugtrio|Stomping Tantrum|p1a: Zebstrika\n|-supereffective|p1a: Zebstrika\n|-damage|p1a: Zebstrika|0 fnt\n|faint|p1a: Zebstrika\n|\n|upkeep\n|\n|t:|1733875199\n|switch|p1a: Dipplin|Dipplin, L88, M|284/284\n|turn|9\n|\n|t:|1733875203\n|switch|p2a: Masquerain|Masquerain, L87, M|264/264\n|-ability|p2a: Masquerain|Intimidate|boost\n|-unboost|p1a: Dipplin|atk|1\n|move|p1a: Dipplin|Giga Drain|p2a: Masquerain\n|-resisted|p2a: Masquerain\n|-damage|p2a: Masquerain|241/264\n|\n|upkeep\n|turn|10\n|\n|t:|1733875212\n|move|p2a: Masquerain|Sticky Web|p1a: Dipplin\n|-sidestart|p1: LORDzCS|move: Sticky Web\n|move|p1a: Dipplin|Dragon Pulse|p2a: Masquerain\n|-damage|p2a: Masquerain|147/264\n|\n|upkeep\n|turn|11\n|\n|t:|1733875220\n|move|p2a: Masquerain|Hurricane|p1a: Dipplin\n|-supereffective|p1a: Dipplin\n|-damage|p1a: Dipplin|116/284\n|-start|p1a: Dipplin|confusion\n|-activate|p1a: Dipplin|confusion\n|-damage|p1a: Dipplin|100/284|[from] confusion\n|\n|upkeep\n|turn|12\n|\n|t:|1733875226\n|move|p2a: Masquerain|Hurricane|p1a: Dipplin|[miss]\n|-miss|p2a: Masquerain|p1a: Dipplin\n|-end|p1a: Dipplin|confusion\n|move|p1a: Dipplin|Giga Drain|p2a: Masquerain\n|-resisted|p2a: Masquerain\n|-damage|p2a: Masquerain|127/264\n|-heal|p1a: Dipplin|110/284|[from] drain|[of] p2a: Masquerain\n|\n|upkeep\n|turn|13\n|\n|t:|1733875229\n|move|p2a: Masquerain|Hurricane|p1a: Dipplin\n|-supereffective|p1a: Dipplin\n|-damage|p1a: Dipplin|0 fnt\n|faint|p1a: Dipplin\n|\n|upkeep\n|\n|t:|1733875239\n|switch|p1a: Orthworm|Orthworm, L88, M|266/266\n|-activate|p1a: Orthworm|move: Sticky Web\n|-unboost|p1a: Orthworm|spe|1\n|turn|14\n|\n|t:|1733875243\n|move|p2a: Masquerain|Hurricane|p1a: Orthworm|[miss]\n|-miss|p2a: Masquerain|p1a: Orthworm\n|move|p1a: Orthworm|Coil|p1a: Orthworm\n|-boost|p1a: Orthworm|atk|1\n|-boost|p1a: Orthworm|def|1\n|-boost|p1a: Orthworm|accuracy|1\n|\n|upkeep\n|turn|15\n|\n|t:|1733875247\n|move|p2a: Masquerain|Hurricane|p1a: Orthworm\n|-resisted|p1a: Orthworm\n|-damage|p1a: Orthworm|185/266\n|move|p1a: Orthworm|Coil|p1a: Orthworm\n|-boost|p1a: Orthworm|atk|1\n|-boost|p1a: Orthworm|def|1\n|-boost|p1a: Orthworm|accuracy|1\n|\n|upkeep\n|turn|16\n|\n|t:|1733875250\n|move|p2a: Masquerain|Hurricane|p1a: Orthworm\n|-resisted|p1a: Orthworm\n|-damage|p1a: Orthworm|101/266\n|move|p1a: Orthworm|Coil|p1a: Orthworm\n|-boost|p1a: Orthworm|atk|1\n|-boost|p1a: Orthworm|def|1\n|-boost|p1a: Orthworm|accuracy|1\n|\n|upkeep\n|turn|17\n|\n|t:|1733875253\n|move|p2a: Masquerain|Hurricane|p1a: Orthworm\n|-resisted|p1a: Orthworm\n|-damage|p1a: Orthworm|17/266\n|move|p1a: Orthworm|Coil|p1a: Orthworm\n|-boost|p1a: Orthworm|atk|1\n|-boost|p1a: Orthworm|def|1\n|-boost|p1a: Orthworm|accuracy|1\n|\n|upkeep\n|turn|18\n|\n|t:|1733875256\n|move|p2a: Masquerain|Bug Buzz|p1a: Orthworm\n|-resisted|p1a: Orthworm\n|-damage|p1a: Orthworm|0 fnt\n|faint|p1a: Orthworm\n|\n|upkeep\n|\n|t:|1733875259\n|switch|p1a: Zamazenta|Zamazenta-Crowned, L68|238/238\n|-activate|p1a: Zamazenta|move: Sticky Web\n|-unboost|p1a: Zamazenta|spe|1\n|-ability|p1a: Zamazenta|Dauntless Shield|boost\n|-boost|p1a: Zamazenta|def|1\n|turn|19\n|\n|t:|1733875272\n|move|p2a: Masquerain|Hurricane|p1a: Zamazenta|[miss]\n|-miss|p2a: Masquerain|p1a: Zamazenta\n|move|p1a: Zamazenta|Iron Defense|p1a: Zamazenta\n|-boost|p1a: Zamazenta|def|2\n|\n|upkeep\n|turn|20\n|\n|t:|1733875276\n|move|p2a: Masquerain|Hurricane|p1a: Zamazenta\n|-damage|p1a: Zamazenta|130/238\n|move|p1a: Zamazenta|Stone Edge|p2a: Masquerain\n|-supereffective|p2a: Masquerain\n|-damage|p2a: Masquerain|0 fnt\n|faint|p2a: Masquerain\n|\n|upkeep\n|\n|t:|1733875281\n|switch|p2a: Drifblim|Drifblim, L86, F|398/398\n|turn|21\n|\n|t:|1733875287\n|-terastallize|p2a: Drifblim|Ghost\n|move|p2a: Drifblim|Air Slash|p1a: Zamazenta\n|-damage|p1a: Zamazenta|58/238\n|cant|p1a: Zamazenta|flinch\n|\n|upkeep\n|turn|22\n|\n|t:|1733875291\n|move|p2a: Drifblim|Air Slash|p1a: Zamazenta\n|-damage|p1a: Zamazenta|0 fnt\n|faint|p1a: Zamazenta\n|\n|win|Vatusay\n|raw|LORDzCS's rating: 1426 &rarr; <strong>1405</strong><br />(-21 for losing)\n|raw|Vatusay's rating: 1400 &rarr; <strong>1421</strong><br />(+21 for winning)\n|l|\u2606LORDzCS\n|player|p1|\n", "inputlog": ">version bfd83cad13791eb5a5a409923076391caf6fb4d4\n>start {\"formatid\":\"gen9randombattle\",\"seed\":[57114,38026,40788,2282],\"rated\":\"Rated battle\"}\n>player p1 {\"name\":\"LORDzCS\",\"avatar\":\"ethan\",\"rating\":1426,\"seed\":[30320,51429,62554,62361]}\n>player p2 {\"name\":\"Vatusay\",\"avatar\":\"riley\",\"rating\":1400,\"seed\":[50887,47729,41431,4609]}\n>p1 move freezedry\n>p2 switch 5\n>p1 move freezedry\n>p2 move superfang\n>p1 move freezedry\n>p2 move discharge\n>p2 switch 2\n>p1 move freezedry\n>p2 move knockoff\n>p1 move dracometeor\n>p2 move quickattack\n>p1 switch 6\n>p1 move superpower\n>p2 move facade\n>p1 switch 3\n>p1 move highhorsepower\n>p2 move quickattack\n>p2 switch 6\n>p1 move supercellslam\n>p2 move stompingtantrum\n>p1 switch 5\n>p1 move gigadrain\n>p2 switch 3\n>p1 move dragonpulse\n>p2 move stickyweb\n>p1 move dragonpulse\n>p2 move hurricane\n>p1 move gigadrain\n>p2 move hurricane\n>p1 move dragonpulse\n>p2 move hurricane\n>p1 switch 2\n>p1 move coil\n>p2 move hurricane\n>p1 move coil\n>p2 move hurricane\n>p1 move coil\n>p2 move hurricane\n>p1 move coil\n>p2 move hurricane\n>p1 move rest\n>p2 move bugbuzz\n>p1 switch 4\n>p1 move irondefense\n>p2 move hurricane\n>p1 move stoneedge\n>p2 move hurricane\n>p2 switch 5\n>p1 move heavyslam\n>p2 move airslash terastallize\n>p1 move heavyslam\n>p2 move airslash", "uploadtime": 1733875295, "views": 2, "formatid": "gen9randombattle", "rating": 1405, "private": 0, "password": null}