{"id": "gen9randombattle-2163964042", "format": "[Gen 9] Random Battle", "players": ["FaZe Alec Baldwin", "megustatusangre"], "log": "|j|\u203dFaZe Alec Baldwin\n|j|\u2606megustatusangre\n|t:|1721428039\n|gametype|singles\n|player|p1|FaZe Alec Baldwin|drayden|2226\n|player|p2|megustatusangre|dragontamer|2264\n|teamsize|p1|6\n|teamsize|p2|6\n|gen|9\n|tier|[Gen 9] Random Battle\n|rated|\n|rule|Species Clause: Limit one of each Pok\u00e9mon\n|rule|HP Percentage Mod: HP is shown in percentages\n|rule|Sleep Clause Mod: Limit one foe put to sleep\n|rule|Illusion Level Mod: Illusion disguises the Pok\u00e9mon's true level\n|\n|t:|1721428039\n|start\n|switch|p1a: Dondozo|Dondozo, L78, M|362/362\n|switch|p2a: Deoxys|Deoxys-Speed, L82|216/216\n|-ability|p2a: Deoxys|Pressure\n|turn|1\n|j| TaintedLady\n|\n|t:|1721428076\n|move|p2a: Deoxys|Spikes|p1a: Dondozo\n|-sidestart|p1: FaZe Alec Baldwin|Spikes\n|move|p1a: Dondozo|Wave Crash|p2a: Deoxys\n|-damage|p2a: Deoxys|108/216\n|-damage|p1a: Dondozo|326/362|[from] Recoil\n|\n|-heal|p1a: Dondozo|348/362|[from] item: Leftovers\n|upkeep\n|turn|2\n|l| TaintedLady\n|j| TaintedLady\n|\n|t:|1721428086\n|move|p2a: Deoxys|Psycho Boost|p1a: Dondozo\n|-damage|p1a: Dondozo|170/362\n|-unboost|p2a: Deoxys|spa|2\n|move|p1a: Dondozo|Wave Crash|p2a: Deoxys\n|-damage|p2a: Deoxys|0 fnt\n|faint|p2a: Deoxys\n|-damage|p1a: Dondozo|134/362|[from] Recoil\n|\n|-heal|p1a: Dondozo|156/362|[from] item: Leftovers\n|upkeep\n|\n|t:|1721428102\n|switch|p2a: Dialga|Dialga, L73|266/266\n|-ability|p2a: Dialga|Pressure\n|turn|3\n|\n|t:|1721428114\n|switch|p1a: Hitmontop|Hitmontop, L88, M|231/231\n|-damage|p1a: Hitmontop|203/231|[from] Spikes\n|move|p2a: Dialga|Draco Meteor|p1a: Hitmontop\n|-damage|p1a: Hitmontop|92/231\n|-unboost|p2a: Dialga|spa|2\n|\n|-heal|p1a: Hitmontop|106/231|[from] item: Leftovers\n|upkeep\n|turn|4\n|\n|t:|1721428124\n|move|p2a: Dialga|Heavy Slam|p1a: Hitmontop\n|-damage|p1a: Hitmontop|0 fnt\n|faint|p1a: Hitmontop\n|\n|upkeep\n|\n|t:|1721428130\n|switch|p1a: Sandaconda|Sandaconda, L84, F|258/258\n|-damage|p1a: Sandaconda|226/258|[from] Spikes\n|turn|5\n|\n|t:|1721428135\n|switch|p2a: Slowking|Slowking, L88, M|310/310\n|move|p1a: Sandaconda|Earthquake|p2a: Slowking\n|-damage|p2a: Slowking|186/310\n|\n|upkeep\n|turn|6\n|j| TiltAccount2\n|\n|t:|1721428144\n|move|p1a: Sandaconda|Coil|p1a: Sandaconda\n|-boost|p1a: Sandaconda|atk|1\n|-boost|p1a: Sandaconda|def|1\n|-boost|p1a: Sandaconda|accuracy|1\n|move|p2a: Slowking|Hydro Pump|p1a: Sandaconda|[miss]\n|-miss|p2a: Slowking|p1a: Sandaconda\n|\n|upkeep\n|turn|7\n|\n|t:|1721428153\n|move|p1a: Sandaconda|Earthquake|p2a: Slowking\n|-damage|p2a: Slowking|5/310\n|move|p2a: Slowking|Hydro Pump|p1a: Sandaconda|[miss]\n|-miss|p2a: Slowking|p1a: Sandaconda\n|\n|upkeep\n|turn|8\n|\n|t:|1721428162\n|move|p1a: Sandaconda|Scale Shot|p2a: Slowking\n|-damage|p2a: Slowking|0 fnt\n|faint|p2a: Slowking\n|-hitcount|p2: Slowking|1\n|-unboost|p1a: Sandaconda|def|1\n|-boost|p1a: Sandaconda|spe|1\n|\n|upkeep\n|\n|t:|1721428169\n|switch|p2a: Beartic|Beartic, L90, M|317/317\n|turn|9\n|\n|t:|1721428173\n|move|p1a: Sandaconda|Coil|p1a: Sandaconda\n|-boost|p1a: Sandaconda|atk|1\n|-boost|p1a: Sandaconda|def|1\n|-boost|p1a: Sandaconda|accuracy|1\n|move|p2a: Beartic|Icicle Crash|p1a: Sandaconda\n|-supereffective|p1a: Sandaconda\n|-damage|p1a: Sandaconda|34/258\n|\n|upkeep\n|turn|10\n|\n|t:|1721428181\n|move|p1a: Sandaconda|Rock Blast|p2a: Beartic\n|-supereffective|p2a: Beartic\n|-damage|p2a: Beartic|235/317\n|-supereffective|p2a: Beartic\n|-damage|p2a: Beartic|157/317\n|-supereffective|p2a: Beartic\n|-damage|p2a: Beartic|83/317\n|-supereffective|p2a: Beartic\n|-damage|p2a: Beartic|1/317\n|-supereffective|p2a: Beartic\n|-damage|p2a: Beartic|0 fnt\n|faint|p2a: Beartic\n|-hitcount|p2: Beartic|5\n|\n|upkeep\n|\n|t:|1721428203\n|switch|p2a: Hawlucha|Hawlucha, L80, F|256/256\n|turn|11\n|\n|t:|1721428216\n|-terastallize|p1a: Sandaconda|Dragon\n|move|p1a: Sandaconda|Scale Shot|p2a: Hawlucha\n|-damage|p2a: Hawlucha|184/256\n|-damage|p2a: Hawlucha|114/256\n|-damage|p2a: Hawlucha|44/256\n|-damage|p2a: Hawlucha|0 fnt\n|faint|p2a: Hawlucha\n|-hitcount|p2: Hawlucha|4\n|-unboost|p1a: Sandaconda|def|1\n|-boost|p1a: Sandaconda|spe|1\n|\n|upkeep\n|-message|megustatusangre forfeited.\n|\n|win|FaZe Alec Baldwin\n|raw|FaZe Alec Baldwin's rating: 2213 &rarr; <strong>2236</strong><br />(+23 for winning)\n|raw|megustatusangre's rating: 2264 &rarr; <strong>2241</strong><br />(-23 for losing)\n|l|\u2606megustatusangre\n|player|p2|\n", "inputlog": ">version b92a1fd3e3b98f2011b0160b7399266ebee5d224\n>start {\"formatid\":\"gen9randombattle\",\"seed\":[42365,24307,25416,30654],\"rated\":\"Rated battle\"}\n>player p1 {\"name\":\"FaZe Alec Baldwin\",\"avatar\":\"drayden\",\"rating\":2226,\"seed\":[26263,11133,50923,10621]}\n>player p2 {\"name\":\"megustatusangre\",\"avatar\":\"dragontamer\",\"rating\":2264,\"seed\":[64595,3654,2577,13883]}\n>p1 move wavecrash\n>p2 move spikes\n>p1 move wavecrash\n>p2 move psychoboost\n>p2 switch 5\n>p1 switch 3\n>p2 move dracometeor\n>p1 move rapidspin\n>p2 move heavyslam\n>p1 switch 5\n>p1 move earthquake\n>p2 switch 3\n>p1 move coil\n>p2 move hydropump\n>p1 move earthquake\n>p2 move hydropump\n>p1 move scaleshot\n>p2 move hydropump\n>p2 switch 6\n>p1 move coil\n>p2 move iciclecrash\n>p1 move rockblast\n>p2 move iciclecrash\n>p2 switch 2\n>p1 move scaleshot terastallize\n>p2 move closecombat\n>forcelose p2", "uploadtime": 1721428232, "views": 182, "formatid": "gen9randombattle", "rating": 2236, "private": 0, "password": null}