{"id": "gen9randombattle-2260827517", "format": "[Gen 9] Random Battle", "players": ["Xadiym", "nbajnova"], "log": "|j|\u2606Xadiym\n|j|\u2606nbajnova\n|t:|1733899396\n|gametype|singles\n|player|p1|Xadiym|pokemaniac|\n|player|p2|nbajnova|2|\n|teamsize|p1|6\n|teamsize|p2|6\n|gen|9\n|tier|[Gen 9] Random Battle\n|rule|Species Clause: Limit one of each Pok\u00e9mon\n|rule|HP Percentage Mod: HP is shown in percentages\n|rule|Sleep Clause Mod: Limit one foe put to sleep\n|rule|Illusion Level Mod: Illusion disguises the Pok\u00e9mon's true level\n|\n|t:|1733899396\n|start\n|switch|p1a: Ampharos|Ampharos, L88, M|302/302\n|switch|p2a: Archaludon|Archaludon, L78, M|268/268\n|turn|1\n|\n|t:|1733899435\n|move|p2a: Archaludon|Flash Cannon|p1a: Ampharos\n|-resisted|p1a: Ampharos\n|-damage|p1a: Ampharos|275/302\n|move|p1a: Ampharos|Volt Switch|p2a: Archaludon\n|-resisted|p2a: Archaludon\n|-damage|p2a: Archaludon|226/268\n|-ability|p2a: Archaludon|Stamina|boost\n|-boost|p2a: Archaludon|def|1\n|\n|t:|1733899443\n|switch|p1a: Vivillon|Vivillon-Polar, L84, F|272/272|[from] Volt Switch\n|\n|upkeep\n|turn|2\n|\n|t:|1733899470\n|move|p1a: Vivillon|Sleep Powder|p2a: Archaludon\n|-status|p2a: Archaludon|slp|[from] move: Sleep Powder\n|cant|p2a: Archaludon|slp\n|\n|upkeep\n|turn|3\n|\n|t:|1733899488\n|move|p1a: Vivillon|Quiver Dance|p1a: Vivillon\n|-boost|p1a: Vivillon|spa|1\n|-boost|p1a: Vivillon|spd|1\n|-boost|p1a: Vivillon|spe|1\n|cant|p2a: Archaludon|slp\n|\n|upkeep\n|turn|4\n|\n|t:|1733899495\n|move|p1a: Vivillon|Quiver Dance|p1a: Vivillon\n|-boost|p1a: Vivillon|spa|1\n|-boost|p1a: Vivillon|spd|1\n|-boost|p1a: Vivillon|spe|1\n|-curestatus|p2a: Archaludon|slp|[msg]\n|move|p2a: Archaludon|Thunderbolt|p1a: Vivillon\n|-supereffective|p1a: Vivillon\n|-damage|p1a: Vivillon|164/272\n|\n|upkeep\n|turn|5\n|\n|t:|1733899520\n|move|p1a: Vivillon|Hurricane|p2a: Archaludon\n|-resisted|p2a: Archaludon\n|-crit|p2a: Archaludon\n|-damage|p2a: Archaludon|92/268\n|-ability|p2a: Archaludon|Stamina|boost\n|-boost|p2a: Archaludon|def|1\n|move|p2a: Archaludon|Thunderbolt|p1a: Vivillon\n|-supereffective|p1a: Vivillon\n|-damage|p1a: Vivillon|66/272\n|-status|p1a: Vivillon|par\n|\n|upkeep\n|turn|6\n|\n|t:|1733899531\n|move|p1a: Vivillon|Hurricane|p2a: Archaludon\n|-resisted|p2a: Archaludon\n|-damage|p2a: Archaludon|0 fnt\n|faint|p2a: Archaludon\n|\n|upkeep\n|\n|t:|1733899546\n|switch|p2a: Jumpluff|Jumpluff, L87, M|271/271\n|turn|7\n|\n|t:|1733899553\n|move|p2a: Jumpluff|Acrobatics|p1a: Vivillon\n|-supereffective|p1a: Vivillon\n|-damage|p1a: Vivillon|0 fnt\n|faint|p1a: Vivillon\n|\n|upkeep\n|\n|t:|1733899567\n|switch|p1a: Cramorant|Cramorant, L86, F|261/261\n|turn|8\n|\n|t:|1733899587\n|move|p2a: Jumpluff|Leech Seed|p1a: Cramorant\n|-start|p1a: Cramorant|move: Leech Seed\n|move|p1a: Cramorant|Brave Bird|p2a: Jumpluff\n|-supereffective|p2a: Jumpluff\n|-damage|p2a: Jumpluff|0 fnt\n|faint|p2a: Jumpluff\n|-damage|p1a: Cramorant|172/261|[from] Recoil\n|\n|upkeep\n|\n|t:|1733899603\n|switch|p2a: Duraludon|Duraludon, L82, F|249/249\n|turn|9\n|\n|t:|1733899613\n|move|p1a: Cramorant|Brave Bird|p2a: Duraludon\n|-resisted|p2a: Duraludon\n|-damage|p2a: Duraludon|218/249\n|-damage|p1a: Cramorant|162/261|[from] Recoil\n|move|p2a: Duraludon|Thunder Wave|p1a: Cramorant\n|-status|p1a: Cramorant|par\n|\n|-damage|p1a: Cramorant|130/261 par|[from] Leech Seed|[of] p2a: Duraludon\n|-heal|p2a: Duraludon|249/249|[silent]\n|upkeep\n|turn|10\n|\n|t:|1733899637\n|move|p2a: Duraludon|Flash Cannon|p1a: Cramorant\n|-resisted|p1a: Cramorant\n|-damage|p1a: Cramorant|85/261 par\n|move|p1a: Cramorant|Surf|p2a: Duraludon\n|-formechange|p1a: Cramorant|Cramorant-Gorging|\n|-resisted|p2a: Duraludon\n|-damage|p2a: Duraludon|203/249\n|\n|-damage|p1a: Cramorant|53/261 par|[from] Leech Seed|[of] p2a: Duraludon\n|-heal|p2a: Duraludon|235/249|[silent]\n|upkeep\n|turn|11\n|\n|t:|1733899650\n|move|p2a: Duraludon|Body Press|p1a: Cramorant\n|-resisted|p1a: Cramorant\n|-damage|p1a: Cramorant|15/261 par\n|-damage|p2a: Duraludon|173/249|[from] ability: Gulp Missile|[of] p1a: Cramorant\n|-status|p2a: Duraludon|par\n|-formechange|p1a: Cramorant|Cramorant|\n|move|p1a: Cramorant|Roost|p1a: Cramorant\n|-heal|p1a: Cramorant|146/261 par\n|-singleturn|p1a: Cramorant|move: Roost\n|\n|-damage|p1a: Cramorant|114/261 par|[from] Leech Seed|[of] p2a: Duraludon\n|-heal|p2a: Duraludon|205/249 par|[silent]\n|upkeep\n|turn|12\n|\n|t:|1733899668\n|move|p1a: Cramorant|Roost|p1a: Cramorant\n|-heal|p1a: Cramorant|245/261 par\n|-singleturn|p1a: Cramorant|move: Roost\n|cant|p2a: Duraludon|par\n|\n|-damage|p1a: Cramorant|213/261 par|[from] Leech Seed|[of] p2a: Duraludon\n|-heal|p2a: Duraludon|237/249 par|[silent]\n|upkeep\n|turn|13\n|\n|t:|1733899702\n|cant|p1a: Cramorant|par\n|move|p2a: Duraludon|Thunder Wave|p1a: Cramorant|[miss]\n|-miss|p2a: Duraludon|p1a: Cramorant\n|\n|-damage|p1a: Cramorant|181/261 par|[from] Leech Seed|[of] p2a: Duraludon\n|-heal|p2a: Duraludon|249/249 par|[silent]\n|upkeep\n|turn|14\n|\n|t:|1733899715\n|cant|p1a: Cramorant|par\n|cant|p2a: Duraludon|par\n|\n|-damage|p1a: Cramorant|149/261 par|[from] Leech Seed|[of] p2a: Duraludon\n|upkeep\n|turn|15\n|\n|t:|1733899726\n|move|p1a: Cramorant|Surf|p2a: Duraludon\n|-formechange|p1a: Cramorant|Cramorant-Gulping|\n|-resisted|p2a: Duraludon\n|-crit|p2a: Duraludon\n|-damage|p2a: Duraludon|174/249 par\n|move|p2a: Duraludon|Draco Meteor|p1a: Cramorant\n|-damage|p1a: Cramorant|17/261 par\n|-unboost|p2a: Duraludon|spa|2\n|-damage|p2a: Duraludon|112/249 par|[from] ability: Gulp Missile|[of] p1a: Cramorant\n|-unboost|p2a: Duraludon|def|1\n|-formechange|p1a: Cramorant|Cramorant|\n|\n|-damage|p1a: Cramorant|0 fnt|[from] Leech Seed|[of] p2a: Duraludon\n|-heal|p2a: Duraludon|129/249 par|[silent]\n|faint|p1a: Cramorant\n|upkeep\n|\n|t:|1733899746\n|switch|p1a: Ceruledge|Ceruledge, L78, F|245/245\n|turn|16\n|\n|t:|1733899797\n|move|p1a: Ceruledge|Swords Dance|p1a: Ceruledge\n|-boost|p1a: Ceruledge|atk|2\n|move|p2a: Duraludon|Thunder Wave|p1a: Ceruledge\n|-status|p1a: Ceruledge|par\n|\n|upkeep\n|turn|17\n|\n|t:|1733899814\n|move|p2a: Duraludon|Draco Meteor|p1a: Ceruledge\n|-crit|p1a: Ceruledge\n|-damage|p1a: Ceruledge|16/245 par\n|-unboost|p2a: Duraludon|spa|2\n|move|p1a: Ceruledge|Close Combat|p2a: Duraludon\n|-supereffective|p2a: Duraludon\n|-damage|p2a: Duraludon|0 fnt\n|-unboost|p1a: Ceruledge|def|1\n|-unboost|p1a: Ceruledge|spd|1\n|faint|p2a: Duraludon\n|\n|upkeep\n|\n|t:|1733899835\n|switch|p2a: Necrozma|Necrozma-Dawn-Wings, L76|272/272\n|turn|18\n|\n|t:|1733899884\n|move|p2a: Necrozma|Calm Mind|p2a: Necrozma\n|-boost|p2a: Necrozma|spa|1\n|-boost|p2a: Necrozma|spd|1\n|cant|p1a: Ceruledge|par\n|\n|upkeep\n|turn|19\n|\n|t:|1733899895\n|move|p2a: Necrozma|Moongeist Beam|p1a: Ceruledge\n|-supereffective|p1a: Ceruledge\n|-damage|p1a: Ceruledge|0 fnt\n|faint|p1a: Ceruledge\n|\n|upkeep\n|\n|t:|1733899908\n|switch|p1a: Persian|Persian, L92, M|269/269\n|turn|20\n|\n|t:|1733899921\n|switch|p2a: Mienshao|Mienshao, L83, F|244/244\n|move|p1a: Persian|Knock Off|p2a: Mienshao\n|-resisted|p2a: Mienshao\n|-damage|p2a: Mienshao|203/244\n|-enditem|p2a: Mienshao|Assault Vest|[from] move: Knock Off|[of] p1a: Persian\n|\n|upkeep\n|turn|21\n|\n|t:|1733899938\n|move|p1a: Persian|Double-Edge|p2a: Mienshao\n|-damage|p2a: Mienshao|19/244\n|-damage|p1a: Persian|208/269|[from] Recoil\n|move|p2a: Mienshao|Close Combat|p1a: Persian\n|-supereffective|p1a: Persian\n|-damage|p1a: Persian|0 fnt\n|-unboost|p2a: Mienshao|def|1\n|-unboost|p2a: Mienshao|spd|1\n|faint|p1a: Persian\n|\n|upkeep\n|\n|t:|1733899949\n|switch|p1a: Ampharos|Ampharos, L88, M|275/302\n|turn|22\n|\n|t:|1733899971\n|move|p2a: Mienshao|Fake Out||[still]\n|-hint|Fake Out only works on your first turn out.\n|-fail|p2a: Mienshao\n|move|p1a: Ampharos|Volt Switch|p2a: Mienshao\n|-damage|p2a: Mienshao|0 fnt\n|faint|p2a: Mienshao\n|\n|t:|1733899979\n|switch|p1a: Exeggutor|Exeggutor-Alola, L89, M|314/314|[from] Volt Switch\n|\n|upkeep\n|\n|t:|1733900001\n|switch|p2a: Palafin|Palafin, L77, F|281/281\n|turn|23\n|\n|t:|1733900014\n|detailschange|p2a: Palafin|Palafin-Hero, L77, F\n|switch|p2a: Necrozma|Necrozma-Dawn-Wings, L76|272/272\n|move|p1a: Exeggutor|Calm Mind|p1a: Exeggutor\n|-boost|p1a: Exeggutor|spa|1\n|-boost|p1a: Exeggutor|spd|1\n|\n|upkeep\n|turn|24\n|\n|t:|1733900034\n|move|p2a: Necrozma|Moongeist Beam|p1a: Exeggutor\n|-damage|p1a: Exeggutor|230/314\n|move|p1a: Exeggutor|Dragon Pulse|p2a: Necrozma\n|-damage|p2a: Necrozma|124/272\n|\n|-heal|p2a: Necrozma|141/272|[from] item: Leftovers\n|upkeep\n|turn|25\n|\n|t:|1733900073\n|move|p2a: Necrozma|Photon Geyser|p1a: Exeggutor\n|-damage|p1a: Exeggutor|139/314\n|-enditem|p1a: Exeggutor|Sitrus Berry|[eat]\n|-heal|p1a: Exeggutor|217/314|[from] item: Sitrus Berry\n|move|p1a: Exeggutor|Dragon Pulse|p2a: Necrozma\n|-damage|p2a: Necrozma|0 fnt\n|faint|p2a: Necrozma\n|\n|upkeep\n|\n|t:|1733900084\n|switch|p2a: Palafin|Palafin-Hero, L77, F|281/281\n|-activate|p2a: Palafin|ability: Zero to Hero\n|turn|26\n|\n|t:|1733900114\n|move|p2a: Palafin|Jet Punch|p1a: Exeggutor\n|-resisted|p1a: Exeggutor\n|-damage|p1a: Exeggutor|187/314\n|move|p1a: Exeggutor|Giga Drain|p2a: Palafin\n|-supereffective|p2a: Palafin\n|-damage|p2a: Palafin|0 fnt\n|-heal|p1a: Exeggutor|314/314|[from] drain|[of] p2a: Palafin\n|faint|p2a: Palafin\n|\n|win|Xadiym\n", "inputlog": ">version bfd83cad13791eb5a5a409923076391caf6fb4d4\n>start {\"formatid\":\"gen9randombattle\",\"seed\":[38719,42865,9027,37525]}\n>player p1 {\"name\":\"Xadiym\",\"avatar\":\"pokemaniac\",\"rating\":0,\"seed\":[53366,35705,51658,41678]}\n>player p2 {\"name\":\"nbajnova\",\"avatar\":\"2\",\"rating\":0,\"seed\":[16523,40556,59949,42456]}\n>p1 move voltswitch\n>p2 move flashcannon\n>p1 switch 5\n>p1 move sleeppowder\n>p2 move thunderbolt\n>p1 move quiverdance\n>p2 move thunderbolt\n>p1 move quiverdance\n>p2 move thunderbolt\n>p1 move hurricane\n>p2 move thunderbolt\n>p1 move hurricane\n>p2 move thunderbolt\n>p2 switch 5\n>p1 move hurricane\n>p2 move acrobatics\n>p1 switch 4\n>p1 move bravebird\n>p2 move leechseed\n>p2 switch 4\n>p1 move bravebird\n>p2 move thunderwave\n>p1 move surf\n>p2 move flashcannon\n>p1 move roost\n>p2 move bodypress\n>p1 move roost\n>p2 move flashcannon\n>p1 move surf\n>p2 move thunderwave\n>p1 move surf\n>p2 move dracometeor\n>p1 move surf\n>p2 move dracometeor\n>p1 switch 6\n>p1 move swordsdance\n>p2 move thunderwave\n>p1 move closecombat\n>p2 move dracometeor\n>p2 switch 6\n>p1 move poltergeist\n>p2 move calmmind\n>p1 move poltergeist\n>p2 move moongeistbeam\n>p1 switch 3\n>p1 move knockoff\n>p2 switch 3\n>p1 move doubleedge\n>p2 move closecombat\n>p1 switch 5\n>p1 move voltswitch\n>p2 move fakeout\n>p1 switch 2\n>p2 switch 2\n>p1 move calmmind\n>p2 switch 3\n>p1 move dragonpulse\n>p2 move moongeistbeam\n>p1 move dragonpulse\n>p2 move photongeyser\n>p2 switch 3\n>p1 move gigadrain\n>p2 move jetpunch", "uploadtime": 1733900132, "views": 2, "formatid": "gen9randombattle", "rating": null, "private": 0, "password": null}