{"id": "gen9randombattle-2260914295", "format": "[Gen 9] Random Battle", "players": ["hiroakiruby", "Team Aqua Brainy"], "log": "|j|\u2606hiroakiruby\n|j|\u2606Team Aqua Brainy\n|t:|1733915896\n|gametype|singles\n|player|p1|hiroakiruby|265|1706\n|player|p2|Team Aqua Brainy|steven|1728\n|teamsize|p1|6\n|teamsize|p2|6\n|gen|9\n|tier|[Gen 9] Random Battle\n|rated|\n|rule|Species Clause: Limit one of each Pok\u00e9mon\n|rule|HP Percentage Mod: HP is shown in percentages\n|rule|Sleep Clause Mod: Limit one foe put to sleep\n|rule|Illusion Level Mod: Illusion disguises the Pok\u00e9mon's true level\n|\n|t:|1733915896\n|start\n|switch|p1a: Toxtricity|Toxtricity, L82, M|257/257\n|switch|p2a: Brute Bonnet|Brute Bonnet, L81|312/312\n|turn|1\n|inactive|Battle timer is ON: inactive players will automatically lose when time's up. (requested by hiroakiruby)\n|inactive|Team Aqua Brainy has 120 seconds left.\n|\n|t:|1733915942\n|move|p1a: Toxtricity|Shift Gear|p1a: Toxtricity\n|-boost|p1a: Toxtricity|spe|2\n|-boost|p1a: Toxtricity|atk|1\n|move|p2a: Brute Bonnet|Crunch|p1a: Toxtricity\n|-damage|p1a: Toxtricity|89/257\n|-unboost|p1a: Toxtricity|def|1\n|\n|upkeep\n|turn|2\n|\n|t:|1733915957\n|switch|p1a: Gurdurr|Gurdurr, L85, M|283/283\n|move|p2a: Brute Bonnet|Crunch|p1a: Gurdurr\n|-resisted|p1a: Gurdurr\n|-damage|p1a: Gurdurr|237/283\n|\n|upkeep\n|turn|3\n|\n|t:|1733915969\n|-end|p2a: Brute Bonnet|Protosynthesis|[silent]\n|switch|p2a: Swalot|Swalot, L90, M|326/326\n|move|p1a: Gurdurr|Bulk Up|p1a: Gurdurr\n|-boost|p1a: Gurdurr|atk|1\n|-boost|p1a: Gurdurr|def|1\n|\n|upkeep\n|turn|4\n|\n|t:|1733915976\n|-terastallize|p1a: Gurdurr|Steel\n|move|p2a: Swalot|Sludge Bomb|p1a: Gurdurr\n|-immune|p1a: Gurdurr\n|move|p1a: Gurdurr|Knock Off|p2a: Swalot\n|-damage|p2a: Swalot|216/326\n|-enditem|p2a: Swalot|Leftovers|[from] move: Knock Off|[of] p1a: Gurdurr\n|\n|upkeep\n|turn|5\n|\n|t:|1733915985\n|move|p2a: Swalot|Earthquake|p1a: Gurdurr\n|-supereffective|p1a: Gurdurr\n|-damage|p1a: Gurdurr|177/283\n|move|p1a: Gurdurr|Bulk Up|p1a: Gurdurr\n|-boost|p1a: Gurdurr|atk|1\n|-boost|p1a: Gurdurr|def|1\n|\n|upkeep\n|turn|6\n|\n|t:|1733915996\n|move|p2a: Swalot|Earthquake|p1a: Gurdurr\n|-supereffective|p1a: Gurdurr\n|-damage|p1a: Gurdurr|127/283\n|move|p1a: Gurdurr|Knock Off|p2a: Swalot\n|-damage|p2a: Swalot|122/326\n|\n|upkeep\n|turn|7\n|\n|t:|1733916002\n|move|p2a: Swalot|Earthquake|p1a: Gurdurr\n|-supereffective|p1a: Gurdurr\n|-damage|p1a: Gurdurr|81/283\n|move|p1a: Gurdurr|Knock Off|p2a: Swalot\n|-damage|p2a: Swalot|21/326\n|\n|upkeep\n|turn|8\n|\n|t:|1733916007\n|move|p1a: Gurdurr|Mach Punch|p2a: Swalot\n|-resisted|p2a: Swalot\n|-damage|p2a: Swalot|0 fnt\n|faint|p2a: Swalot\n|\n|upkeep\n|\n|t:|1733916014\n|switch|p2a: Spectrier|Spectrier, L75|274/274\n|turn|9\n|\n|t:|1733916019\n|switch|p1a: Ambipom|Ambipom, L84, M|263/263\n|move|p2a: Spectrier|Shadow Ball|p1a: Ambipom\n|-immune|p1a: Ambipom\n|\n|upkeep\n|turn|10\n|\n|t:|1733916035\n|switch|p2a: Brute Bonnet|Brute Bonnet, L81|312/312\n|move|p1a: Ambipom|Knock Off|p2a: Brute Bonnet\n|-resisted|p2a: Brute Bonnet\n|-damage|p2a: Brute Bonnet|279/312\n|-enditem|p2a: Brute Bonnet|Choice Band|[from] move: Knock Off|[of] p1a: Ambipom\n|\n|upkeep\n|turn|11\n|\n|t:|1733916056\n|move|p1a: Ambipom|Low Kick|p2a: Brute Bonnet\n|-supereffective|p2a: Brute Bonnet\n|-damage|p2a: Brute Bonnet|193/312\n|move|p2a: Brute Bonnet|Seed Bomb|p1a: Ambipom\n|-damage|p1a: Ambipom|131/263\n|\n|upkeep\n|turn|12\n|\n|t:|1733916064\n|switch|p1a: Toxtricity|Toxtricity, L82, M|89/257\n|move|p2a: Brute Bonnet|Crunch|p1a: Toxtricity\n|-damage|p1a: Toxtricity|0 fnt\n|faint|p1a: Toxtricity\n|\n|upkeep\n|\n|t:|1733916073\n|switch|p1a: Dugtrio|Dugtrio-Alola, L84, M|196/196\n|turn|13\n|\n|t:|1733916083\n|move|p1a: Dugtrio|Swords Dance|p1a: Dugtrio\n|-boost|p1a: Dugtrio|atk|2\n|move|p2a: Brute Bonnet|Seed Bomb|p1a: Dugtrio\n|-damage|p1a: Dugtrio|64/196\n|\n|upkeep\n|turn|14\n|\n|t:|1733916092\n|move|p2a: Brute Bonnet|Sucker Punch|p1a: Dugtrio\n|-damage|p1a: Dugtrio|0 fnt\n|-ability|p1a: Dugtrio|Tangling Hair\n|-unboost|p2a: Brute Bonnet|spe|1\n|faint|p1a: Dugtrio\n|\n|upkeep\n|\n|t:|1733916100\n|switch|p1a: Gurdurr|Gurdurr, L85, M, tera:Steel|81/283\n|turn|15\n|\n|t:|1733916118\n|-end|p2a: Brute Bonnet|Protosynthesis|[silent]\n|switch|p2a: Ceruledge|Ceruledge, L78, M|245/245\n|move|p1a: Gurdurr|Knock Off|p2a: Ceruledge\n|-supereffective|p2a: Ceruledge\n|-damage|p2a: Ceruledge|67/245\n|-ability|p2a: Ceruledge|Weak Armor|boost\n|-unboost|p2a: Ceruledge|def|1\n|-boost|p2a: Ceruledge|spe|2\n|-enditem|p2a: Ceruledge|Heavy-Duty Boots|[from] move: Knock Off|[of] p1a: Gurdurr\n|\n|upkeep\n|turn|16\n|\n|t:|1733916133\n|switch|p1a: Lanturn|Lanturn, L89, F|367/367\n|move|p2a: Ceruledge|Bitter Blade|p1a: Lanturn\n|-resisted|p1a: Lanturn\n|-damage|p1a: Lanturn|297/367\n|-heal|p2a: Ceruledge|102/245|[from] drain|[of] p1a: Lanturn\n|\n|upkeep\n|turn|17\n|\n|t:|1733916163\n|switch|p2a: Snorlax|Snorlax, L82, M|397/397\n|move|p1a: Lanturn|Scald|p2a: Snorlax\n|-damage|p2a: Snorlax|325/397\n|-status|p2a: Snorlax|brn\n|\n|-heal|p2a: Snorlax|349/397 brn|[from] item: Leftovers\n|-damage|p2a: Snorlax|325/397 brn|[from] brn\n|upkeep\n|turn|18\n|\n|t:|1733916173\n|move|p1a: Lanturn|Volt Switch|p2a: Snorlax\n|-damage|p2a: Snorlax|265/397 brn\n|\n|t:|1733916178\n|switch|p1a: Gurdurr|Gurdurr, L85, M, tera:Steel|81/283|[from] Volt Switch\n|move|p2a: Snorlax|Curse|p2a: Snorlax\n|-unboost|p2a: Snorlax|spe|1\n|-boost|p2a: Snorlax|atk|1\n|-boost|p2a: Snorlax|def|1\n|\n|-heal|p2a: Snorlax|289/397 brn|[from] item: Leftovers\n|-damage|p2a: Snorlax|265/397 brn|[from] brn\n|upkeep\n|turn|19\n|\n|t:|1733916182\n|switch|p2a: Ceruledge|Ceruledge, L78, M|102/245\n|move|p1a: Gurdurr|Drain Punch|p2a: Ceruledge\n|-immune|p2a: Ceruledge\n|\n|upkeep\n|turn|20\n|\n|t:|1733916193\n|switch|p1a: Lanturn|Lanturn, L89, F|297/367\n|move|p2a: Ceruledge|Swords Dance|p2a: Ceruledge\n|-boost|p2a: Ceruledge|atk|2\n|\n|upkeep\n|turn|21\n|\n|t:|1733916200\n|move|p2a: Ceruledge|Poltergeist|p1a: Lanturn|[miss]\n|-miss|p2a: Ceruledge|p1a: Lanturn\n|move|p1a: Lanturn|Scald|p2a: Ceruledge\n|-supereffective|p2a: Ceruledge\n|-damage|p2a: Ceruledge|0 fnt\n|faint|p2a: Ceruledge\n|\n|upkeep\n|\n|t:|1733916207\n|switch|p2a: Brute Bonnet|Brute Bonnet, L81|193/312\n|turn|22\n|\n|t:|1733916214\n|move|p1a: Lanturn|Thunder Wave|p2a: Brute Bonnet\n|-status|p2a: Brute Bonnet|par\n|move|p2a: Brute Bonnet|Seed Bomb|p1a: Lanturn\n|-supereffective|p1a: Lanturn\n|-damage|p1a: Lanturn|61/367\n|\n|upkeep\n|turn|23\n|\n|t:|1733916221\n|move|p2a: Brute Bonnet|Sucker Punch|p1a: Lanturn\n|-damage|p1a: Lanturn|0 fnt\n|faint|p1a: Lanturn\n|\n|upkeep\n|\n|t:|1733916233\n|switch|p1a: Gurdurr|Gurdurr, L85, M, tera:Steel|81/283\n|turn|24\n|\n|t:|1733916235\n|move|p1a: Gurdurr|Drain Punch|p2a: Brute Bonnet\n|-supereffective|p2a: Brute Bonnet\n|-damage|p2a: Brute Bonnet|17/312 par\n|-heal|p1a: Gurdurr|169/283|[from] drain|[of] p2a: Brute Bonnet\n|move|p2a: Brute Bonnet|Close Combat|p1a: Gurdurr\n|-supereffective|p1a: Gurdurr\n|-damage|p1a: Gurdurr|23/283\n|-unboost|p2a: Brute Bonnet|def|1\n|-unboost|p2a: Brute Bonnet|spd|1\n|\n|upkeep\n|turn|25\n|\n|t:|1733916245\n|move|p1a: Gurdurr|Mach Punch|p2a: Brute Bonnet\n|-supereffective|p2a: Brute Bonnet\n|-damage|p2a: Brute Bonnet|0 fnt\n|faint|p2a: Brute Bonnet\n|-end|p2a: Brute Bonnet|Protosynthesis|[silent]\n|\n|upkeep\n|\n|t:|1733916251\n|switch|p2a: Spectrier|Spectrier, L75|274/274\n|turn|26\n|\n|t:|1733916263\n|switch|p1a: Chansey|Chansey, L85, F|564/564\n|move|p2a: Spectrier|Tera Blast|p1a: Chansey\n|-damage|p1a: Chansey|520/564\n|-damage|p2a: Spectrier|247/274|[from] item: Life Orb\n|\n|upkeep\n|turn|27\n|\n|t:|1733916272\n|switch|p2a: Smeargle|Smeargle, L95, M|258/258\n|move|p1a: Chansey|Stealth Rock|p2a: Smeargle\n|-sidestart|p2: Team Aqua Brainy|move: Stealth Rock\n|\n|upkeep\n|turn|28\n|\n|t:|1733916278\n|move|p2a: Smeargle|Spore|p1a: Chansey\n|-status|p1a: Chansey|slp|[from] move: Spore\n|cant|p1a: Chansey|slp\n|\n|upkeep\n|turn|29\n|\n|t:|1733916289\n|-curestatus|p1a: Chansey|slp|[from] ability: Natural Cure\n|switch|p1a: Ambipom|Ambipom, L84, M|131/263\n|move|p2a: Smeargle|Ceaseless Edge|p1a: Ambipom\n|-damage|p1a: Ambipom|100/263\n|-sidestart|p1: hiroakiruby|Spikes\n|\n|upkeep\n|turn|30\n|\n|t:|1733916305\n|move|p1a: Ambipom|Fake Out|p2a: Smeargle\n|-damage|p2a: Smeargle|122/258\n|cant|p2a: Smeargle|flinch\n|\n|upkeep\n|turn|31\n|\n|t:|1733916316\n|-terastallize|p2a: Smeargle|Ghost\n|move|p1a: Ambipom|Knock Off|p2a: Smeargle\n|-supereffective|p2a: Smeargle\n|-damage|p2a: Smeargle|0 fnt\n|-enditem|p2a: Smeargle|Focus Sash|[from] move: Knock Off|[of] p1a: Ambipom\n|faint|p2a: Smeargle\n|\n|upkeep\n|\n|t:|1733916326\n|switch|p2a: Snorlax|Snorlax, L82, M|265/397 brn\n|-damage|p2a: Snorlax|216/397 brn|[from] Stealth Rock\n|turn|32\n|\n|t:|1733916333\n|move|p1a: Ambipom|Low Kick|p2a: Snorlax\n|-supereffective|p2a: Snorlax\n|-damage|p2a: Snorlax|0 fnt\n|faint|p2a: Snorlax\n|\n|upkeep\n|\n|t:|1733916338\n|switch|p2a: Spectrier|Spectrier, L75|247/274\n|-damage|p2a: Spectrier|213/274|[from] Stealth Rock\n|turn|33\n|-message|Team Aqua Brainy forfeited.\n|\n|win|hiroakiruby\n|raw|hiroakiruby's rating: 1706 &rarr; <strong>1727</strong><br />(+21 for winning)\n|raw|Team Aqua Brainy's rating: 1728 &rarr; <strong>1707</strong><br />(-21 for losing)\n|l|\u2606Team Aqua Brainy\n|player|p2|\n", "inputlog": ">version bfd83cad13791eb5a5a409923076391caf6fb4d4\n>start {\"formatid\":\"gen9randombattle\",\"seed\":[50587,18960,4881,55792],\"rated\":\"Rated battle\"}\n>player p1 {\"name\":\"hiroakiruby\",\"avatar\":\"265\",\"rating\":1706,\"seed\":[57493,27747,38009,33012]}\n>player p2 {\"name\":\"Team Aqua Brainy\",\"avatar\":\"steven\",\"rating\":1728,\"seed\":[56318,33392,6867,65070]}\n>p1 move shiftgear\n>p2 move crunch\n>p1 switch 6\n>p2 move crunch\n>p1 move bulkup\n>p2 switch 3\n>p1 move knockoff terastallize\n>p2 move sludgebomb\n>p1 move bulkup\n>p2 move earthquake\n>p1 move knockoff\n>p2 move earthquake\n>p1 move knockoff\n>p2 move earthquake\n>p1 move machpunch\n>p2 move earthquake\n>p2 switch 4\n>p1 switch 3\n>p2 move shadowball\n>p1 move knockoff\n>p2 switch 3\n>p1 move lowkick\n>p2 move seedbomb\n>p1 switch 6\n>p2 move crunch\n>p1 switch 5\n>p1 move swordsdance\n>p2 move seedbomb\n>p1 move ironhead\n>p2 move suckerpunch\n>p1 switch 3\n>p1 move knockoff\n>p2 switch 5\n>p1 switch 2\n>p2 move bitterblade\n>p1 move scald\n>p2 switch 6\n>p1 move voltswitch\n>p2 move curse\n>p1 switch 2\n>p1 move drainpunch\n>p2 switch 6\n>p1 switch 2\n>p2 move swordsdance\n>p1 move scald\n>p2 move poltergeist\n>p2 switch 5\n>p1 move thunderwave\n>p2 move seedbomb\n>p1 move voltswitch\n>p2 move suckerpunch\n>p1 switch 2\n>p1 move drainpunch\n>p2 move closecombat\n>p1 move machpunch\n>p2 move closecombat\n>p2 switch 3\n>p1 switch 4\n>p2 move terablast\n>p1 move stealthrock\n>p2 switch 2\n>p1 move thunderwave\n>p2 move spore\n>p1 switch 6\n>p2 move ceaselessedge\n>p1 move fakeout\n>p2 move spore\n>p1 move knockoff\n>p2 move spore terastallize\n>p2 switch 6\n>p1 move lowkick\n>p2 move bodyslam\n>p2 switch 2\n>forcelose p2", "uploadtime": 1733916343, "views": 2, "formatid": "gen9randombattle", "rating": 1707, "private": 0, "password": null}