{"id": "gen9randombattle-2260472203", "format": "[Gen 9] Random Battle", "players": ["tonygaruga", "The Mighty Chief"], "log": "|j|\u2606tonygaruga\n|j|\u2606The Mighty Chief\n|t:|1733854922\n|gametype|singles\n|player|p1|tonygaruga|170|1722\n|player|p2|The Mighty Chief|marshal|1752\n|teamsize|p1|6\n|teamsize|p2|6\n|gen|9\n|tier|[Gen 9] Random Battle\n|rated|\n|rule|Species Clause: Limit one of each Pok\u00e9mon\n|rule|HP Percentage Mod: HP is shown in percentages\n|rule|Sleep Clause Mod: Limit one foe put to sleep\n|rule|Illusion Level Mod: Illusion disguises the Pok\u00e9mon's true level\n|\n|t:|1733854922\n|start\n|switch|p1a: Florges|Florges, L85, F|271/271\n|switch|p2a: Reshiram|Reshiram, L76|277/277\n|-ability|p2a: Reshiram|Turboblaze\n|turn|1\n|inactive|Battle timer is ON: inactive players will automatically lose when time's up. (requested by The Mighty Chief)\n|\n|t:|1733854952\n|move|p2a: Reshiram|Dragon Dance|p2a: Reshiram\n|-boost|p2a: Reshiram|atk|1\n|-boost|p2a: Reshiram|spe|1\n|move|p1a: Florges|Calm Mind|p1a: Florges\n|-boost|p1a: Florges|spa|1\n|-boost|p1a: Florges|spd|1\n|\n|upkeep\n|turn|2\n|inactive|The Mighty Chief has 120 seconds left.\n|inactive|The Mighty Chief has 90 seconds left.\n|\n|t:|1733855018\n|move|p2a: Reshiram|Dragon Dance|p2a: Reshiram\n|-boost|p2a: Reshiram|atk|1\n|-boost|p2a: Reshiram|spe|1\n|move|p1a: Florges|Moonblast|p2a: Reshiram\n|-damage|p2a: Reshiram|118/277\n|\n|upkeep\n|turn|3\n|inactive|The Mighty Chief has 90 seconds left.\n|\n|t:|1733855026\n|move|p2a: Reshiram|Flare Blitz|p1a: Florges\n|-damage|p1a: Florges|0 fnt\n|faint|p1a: Florges\n|-damage|p2a: Reshiram|29/277|[from] Recoil\n|\n|upkeep\n|\n|t:|1733855044\n|switch|p1a: Smeargle|Smeargle, L95, F|258/258\n|turn|4\n|inactive|The Mighty Chief has 90 seconds left.\n|\n|t:|1733855084\n|move|p2a: Reshiram|Flare Blitz|p1a: Smeargle\n|-enditem|p1a: Smeargle|Focus Sash\n|-damage|p1a: Smeargle|1/258\n|-damage|p2a: Reshiram|0 fnt|[from] Recoil\n|faint|p2a: Reshiram\n|move|p1a: Smeargle|Spore|p2: Reshiram|[notarget]\n|-fail|p1a: Smeargle\n|\n|upkeep\n|\n|t:|1733855094\n|switch|p2a: Pikachu|Pikachu-Kalos, L93, M|216/216\n|turn|5\n|\n|t:|1733855098\n|switch|p1a: Serperior|Serperior, L79, F|248/248\n|move|p2a: Pikachu|Fake Out|p1a: Serperior\n|-damage|p1a: Serperior|204/248\n|\n|upkeep\n|turn|6\n|inactive|The Mighty Chief has 60 seconds left.\n|\n|t:|1733855135\n|switch|p2a: Tornadus|Tornadus, L82, M|264/264\n|move|p1a: Serperior|Leaf Storm|p2a: Tornadus\n|-resisted|p2a: Tornadus\n|-damage|p2a: Tornadus|190/264\n|-boost|p1a: Serperior|spa|2\n|-damage|p1a: Serperior|180/248|[from] item: Life Orb\n|\n|upkeep\n|turn|7\n|\n|t:|1733855147\n|move|p2a: Tornadus|Bleakwind Storm|p1a: Serperior\n|-supereffective|p1a: Serperior\n|-damage|p1a: Serperior|0 fnt\n|faint|p1a: Serperior\n|\n|upkeep\n|\n|t:|1733855153\n|switch|p1a: Persian|Persian, L92, M|269/269\n|turn|8\n|inactive|The Mighty Chief has 60 seconds left.\n|\n|t:|1733855166\n|move|p1a: Persian|Double-Edge|p2a: Tornadus\n|-damage|p2a: Tornadus|0 fnt\n|faint|p2a: Tornadus\n|-damage|p1a: Persian|206/269|[from] Recoil\n|\n|upkeep\n|\n|t:|1733855170\n|switch|p2a: Pikachu|Pikachu-Kalos, L93, M|216/216\n|turn|9\n|\n|t:|1733855175\n|move|p2a: Pikachu|Fake Out|p1a: Persian\n|-damage|p1a: Persian|147/269\n|cant|p1a: Persian|flinch\n|\n|upkeep\n|turn|10\n|\n|t:|1733855185\n|move|p1a: Persian|Double-Edge|p2a: Pikachu\n|-damage|p2a: Pikachu|0 fnt\n|faint|p2a: Pikachu\n|-damage|p1a: Persian|76/269|[from] Recoil\n|\n|upkeep\n|\n|t:|1733855192\n|switch|p2a: Brambleghast|Brambleghast, L88, M|240/240\n|turn|11\n|\n|t:|1733855198\n|switch|p1a: Heracross|Heracross, L80, M|259/259\n|move|p2a: Brambleghast|Power Whip|p1a: Heracross|[miss]\n|-miss|p2a: Brambleghast|p1a: Heracross\n|\n|upkeep\n|turn|12\n|inactive|The Mighty Chief has 90 seconds left.\n|\n|t:|1733855229\n|switch|p2a: Ribombee|Ribombee, L82, F|233/233\n|move|p1a: Heracross|Knock Off|p2a: Ribombee\n|-resisted|p2a: Ribombee\n|-damage|p2a: Ribombee|160/233\n|-enditem|p2a: Ribombee|Heavy-Duty Boots|[from] move: Knock Off|[of] p1a: Heracross\n|\n|upkeep\n|turn|13\n|\n|t:|1733855256\n|switch|p1a: Persian|Persian, L92, M|76/269\n|move|p2a: Ribombee|Quiver Dance|p2a: Ribombee\n|-boost|p2a: Ribombee|spa|1\n|-boost|p2a: Ribombee|spd|1\n|-boost|p2a: Ribombee|spe|1\n|\n|upkeep\n|turn|14\n|\n|t:|1733855262\n|move|p2a: Ribombee|Moonblast|p1a: Persian\n|-damage|p1a: Persian|0 fnt\n|faint|p1a: Persian\n|\n|upkeep\n|\n|t:|1733855274\n|switch|p1a: Dragonite|Dragonite, L74, M|257/257\n|turn|15\n|inactive|The Mighty Chief has 90 seconds left.\n|\n|t:|1733855306\n|-terastallize|p2a: Ribombee|Ground\n|-terastallize|p1a: Dragonite|Ground\n|move|p2a: Ribombee|Moonblast|p1a: Dragonite\n|-damage|p1a: Dragonite|183/257\n|-unboost|p1a: Dragonite|spa|1\n|move|p1a: Dragonite|Dragon Dance|p1a: Dragonite\n|-boost|p1a: Dragonite|atk|1\n|-boost|p1a: Dragonite|spe|1\n|\n|upkeep\n|turn|16\n|\n|t:|1733855318\n|move|p2a: Ribombee|Moonblast|p1a: Dragonite\n|-damage|p1a: Dragonite|35/257\n|move|p1a: Dragonite|Outrage|p2a: Ribombee\n|-damage|p2a: Ribombee|0 fnt\n|faint|p2a: Ribombee\n|\n|upkeep\n|\n|t:|1733855327\n|switch|p2a: Brambleghast|Brambleghast, L88, M|240/240\n|turn|17\n|\n|t:|1733855331\n|move|p1a: Dragonite|Outrage|p2a: Brambleghast|[from]lockedmove\n|-damage|p2a: Brambleghast|17/240\n|move|p2a: Brambleghast|Rapid Spin|p1a: Dragonite\n|-damage|p1a: Dragonite|0 fnt\n|-boost|p2a: Brambleghast|spe|1\n|faint|p1a: Dragonite\n|\n|upkeep\n|\n|t:|1733855336\n|switch|p1a: Heracross|Heracross, L80, M|259/259\n|turn|18\n|\n|t:|1733855341\n|move|p2a: Brambleghast|Poltergeist|p1a: Heracross\n|-activate|p1a: Heracross|move: Poltergeist|Choice Band\n|-damage|p1a: Heracross|76/259\n|move|p1a: Heracross|Knock Off|p2a: Brambleghast\n|-supereffective|p2a: Brambleghast\n|-damage|p2a: Brambleghast|0 fnt\n|-enditem|p2a: Brambleghast|Heavy-Duty Boots|[from] move: Knock Off|[of] p1a: Heracross\n|faint|p2a: Brambleghast\n|-ability|p1a: Heracross|Moxie|boost\n|-boost|p1a: Heracross|atk|1\n|\n|upkeep\n|inactive|The Mighty Chief has 90 seconds left.\n|\n|t:|1733855350\n|switch|p2a: Flygon|Flygon, L82, M|265/265\n|turn|19\n|\n|t:|1733855357\n|move|p2a: Flygon|Outrage|p1a: Heracross\n|-damage|p1a: Heracross|0 fnt\n|faint|p1a: Heracross\n|\n|upkeep\n|c|\u2606The Mighty Chief|gg\n|c|\u2606The Mighty Chief|great game bro\n|-message|tonygaruga forfeited.\n|\n|win|The Mighty Chief\n|raw|tonygaruga's rating: 1722 &rarr; <strong>1704</strong><br />(-18 for losing)\n|raw|The Mighty Chief's rating: 1752 &rarr; <strong>1770</strong><br />(+18 for winning)\n|l|\u2606tonygaruga\n|player|p1|\n", "inputlog": ">version bfd83cad13791eb5a5a409923076391caf6fb4d4\n>start {\"formatid\":\"gen9randombattle\",\"seed\":[54808,40713,22474,33670],\"rated\":\"Rated battle\"}\n>player p1 {\"name\":\"tonygaruga\",\"avatar\":\"170\",\"rating\":1722,\"seed\":[32823,62865,37852,47287]}\n>player p2 {\"name\":\"The Mighty Chief\",\"avatar\":\"marshal\",\"rating\":1752,\"seed\":[50063,43277,58026,27074]}\n>p1 move calmmind\n>p2 move dragondance\n>p1 move moonblast\n>p2 move dragondance\n>p1 move moonblast\n>p2 move flareblitz\n>p1 switch 4\n>p1 move spore\n>p2 move flareblitz\n>p2 switch 3\n>p1 switch 5\n>p2 move fakeout\n>p1 move leafstorm\n>p2 switch 2\n>p1 move glare\n>p2 move bleakwindstorm\n>p1 switch 2\n>p1 move doubleedge\n>p2 move focusblast\n>p2 switch 2\n>p1 move doubleedge\n>p2 move fakeout\n>p1 move doubleedge\n>p2 move volttackle\n>p2 switch 6\n>p1 switch 3\n>p2 move powerwhip\n>p1 move knockoff\n>p2 switch 4\n>p1 switch 3\n>p2 move quiverdance\n>p1 move doubleedge\n>p2 move moonblast\n>p1 switch 6\n>p1 move dragondance terastallize\n>p2 move moonblast terastallize\n>p1 move outrage\n>p2 move moonblast\n>p2 switch 4\n>p1 move outrage\n>p2 move rapidspin\n>p1 switch 3\n>p1 move knockoff\n>p2 move poltergeist\n>p2 switch 5\n>p1 move knockoff\n>p2 move outrage\n>chat \u2606The Mighty Chief|gg\n>chat \u2606The Mighty Chief|great game bro\n>forcelose p1", "uploadtime": 1733855539, "views": 1, "formatid": "gen9randombattle", "rating": 1704, "private": 0, "password": null}