{"id": "gen9randombattle-2260735183", "format": "[Gen 9] Random Battle", "players": ["ToxicTorchic", "ghuhugyjnht"], "log": "|j|\u2606ToxicTorchic\n|j|\u2606ghuhugyjnht\n|t:|1733884655\n|gametype|singles\n|player|p1|ToxicTorchic|jasmine|1040\n|player|p2|ghuhugyjnht|102|1000\n|teamsize|p1|6\n|teamsize|p2|6\n|gen|9\n|tier|[Gen 9] Random Battle\n|rated|\n|rule|Species Clause: Limit one of each Pok\u00e9mon\n|rule|HP Percentage Mod: HP is shown in percentages\n|rule|Sleep Clause Mod: Limit one foe put to sleep\n|rule|Illusion Level Mod: Illusion disguises the Pok\u00e9mon's true level\n|\n|t:|1733884655\n|start\n|switch|p1a: Toxapex|Toxapex, L82, F|216/216\n|switch|p2a: Flareon|Flareon, L90, F|263/263\n|turn|1\n|\n|t:|1733884671\n|move|p2a: Flareon|Will-O-Wisp|p1a: Toxapex\n|-status|p1a: Toxapex|brn\n|move|p1a: Toxapex|Toxic Spikes|p2a: Flareon\n|-sidestart|p2: ghuhugyjnht|move: Toxic Spikes\n|\n|-damage|p1a: Toxapex|203/216 brn|[from] brn\n|-status|p2a: Flareon|tox|[from] item: Toxic Orb\n|upkeep\n|turn|2\n|\n|t:|1733884682\n|move|p2a: Flareon|Facade|p1a: Toxapex\n|-damage|p1a: Toxapex|61/216 brn\n|-damage|p2a: Flareon|220/263 tox|[from] item: Rocky Helmet|[of] p1a: Toxapex\n|move|p1a: Toxapex|Toxic Spikes|p2a: Flareon\n|-sidestart|p2: ghuhugyjnht|move: Toxic Spikes\n|\n|-damage|p2a: Flareon|204/263 tox|[from] psn\n|-damage|p1a: Toxapex|48/216 brn|[from] brn\n|upkeep\n|turn|3\n|\n|t:|1733884693\n|switch|p1a: Bronzong|Bronzong, L88|261/261\n|move|p2a: Flareon|Facade|p1a: Bronzong\n|-resisted|p1a: Bronzong\n|-damage|p1a: Bronzong|181/261\n|\n|-heal|p1a: Bronzong|197/261|[from] item: Leftovers\n|-damage|p2a: Flareon|172/263 tox|[from] psn\n|upkeep\n|turn|4\n|\n|t:|1733884703\n|move|p2a: Flareon|Flare Blitz|p1a: Bronzong\n|-supereffective|p1a: Bronzong\n|-damage|p1a: Bronzong|0 fnt\n|faint|p1a: Bronzong\n|-damage|p2a: Flareon|107/263 tox|[from] Recoil\n|\n|-damage|p2a: Flareon|59/263 tox|[from] psn\n|upkeep\n|\n|t:|1733884708\n|switch|p1a: Toxapex|Toxapex, L82, F|120/216 brn\n|turn|5\n|\n|t:|1733884713\n|move|p2a: Flareon|Facade|p1a: Toxapex\n|-damage|p1a: Toxapex|0 fnt\n|-damage|p2a: Flareon|16/263 tox|[from] item: Rocky Helmet|[of] p1a: Toxapex\n|faint|p1a: Toxapex\n|\n|-damage|p2a: Flareon|0 fnt|[from] psn\n|faint|p2a: Flareon\n|upkeep\n|\n|t:|1733884723\n|switch|p2a: Toxapex|Toxapex, L82, M|216/216\n|switch|p1a: Deoxys|Deoxys-Defense, L84|221/221\n|-ability|p1a: Deoxys|Pressure\n|-sideend|p2: ghuhugyjnht|move: Toxic Spikes|[of] p2a: Toxapex\n|turn|6\n|\n|t:|1733884733\n|-terastallize|p1a: Deoxys|Steel\n|move|p1a: Deoxys|Cosmic Power|p1a: Deoxys\n|-boost|p1a: Deoxys|def|1\n|-boost|p1a: Deoxys|spd|1\n|move|p2a: Toxapex|Toxic Spikes|p1a: Deoxys\n|-sidestart|p1: ToxicTorchic|move: Toxic Spikes\n|\n|upkeep\n|turn|7\n|\n|t:|1733884742\n|move|p1a: Deoxys|Cosmic Power|p1a: Deoxys\n|-boost|p1a: Deoxys|def|1\n|-boost|p1a: Deoxys|spd|1\n|move|p2a: Toxapex|Toxic Spikes|p1a: Deoxys\n|-sidestart|p1: ToxicTorchic|move: Toxic Spikes\n|\n|upkeep\n|turn|8\n|\n|t:|1733884752\n|move|p1a: Deoxys|Stored Power|p2a: Toxapex\n|-supereffective|p2a: Toxapex\n|-damage|p2a: Toxapex|100/216\n|move|p2a: Toxapex|Haze|p2a: Toxapex\n|-clearallboost\n|\n|-heal|p2a: Toxapex|113/216|[from] item: Leftovers\n|upkeep\n|turn|9\n|\n|t:|1733884773\n|switch|p2a: Slaking|Slaking, L84, F|389/389\n|move|p1a: Deoxys|Cosmic Power|p1a: Deoxys\n|-boost|p1a: Deoxys|def|1\n|-boost|p1a: Deoxys|spd|1\n|\n|upkeep\n|turn|10\n|\n|t:|1733884782\n|move|p2a: Slaking|Earthquake|p1a: Deoxys\n|-supereffective|p1a: Deoxys\n|-damage|p1a: Deoxys|89/221\n|move|p1a: Deoxys|Recover|p1a: Deoxys\n|-heal|p1a: Deoxys|200/221\n|\n|-heal|p1a: Deoxys|213/221|[from] item: Leftovers\n|upkeep\n|turn|11\n|\n|t:|1733884789\n|switch|p2a: Toxapex|Toxapex, L82, M|185/216\n|move|p1a: Deoxys|Cosmic Power|p1a: Deoxys\n|-boost|p1a: Deoxys|def|1\n|-boost|p1a: Deoxys|spd|1\n|\n|-heal|p1a: Deoxys|221/221|[from] item: Leftovers\n|-heal|p2a: Toxapex|198/216|[from] item: Leftovers\n|upkeep\n|turn|12\n|\n|t:|1733884794\n|move|p1a: Deoxys|Stored Power|p2a: Toxapex\n|-supereffective|p2a: Toxapex\n|-damage|p2a: Toxapex|76/216\n|move|p2a: Toxapex|Haze|p2a: Toxapex\n|-clearallboost\n|\n|-heal|p2a: Toxapex|89/216|[from] item: Leftovers\n|upkeep\n|turn|13\n|\n|t:|1733884804\n|move|p1a: Deoxys|Cosmic Power|p1a: Deoxys\n|-boost|p1a: Deoxys|def|1\n|-boost|p1a: Deoxys|spd|1\n|move|p2a: Toxapex|Recover|p2a: Toxapex\n|-heal|p2a: Toxapex|197/216\n|\n|-heal|p2a: Toxapex|210/216|[from] item: Leftovers\n|upkeep\n|turn|14\n|\n|t:|1733884813\n|move|p1a: Deoxys|Cosmic Power|p1a: Deoxys\n|-boost|p1a: Deoxys|def|1\n|-boost|p1a: Deoxys|spd|1\n|move|p2a: Toxapex|Haze|p2a: Toxapex\n|-clearallboost\n|\n|-heal|p2a: Toxapex|216/216|[from] item: Leftovers\n|upkeep\n|turn|15\n|\n|t:|1733884823\n|move|p1a: Deoxys|Night Shade|p2a: Toxapex\n|-damage|p2a: Toxapex|132/216\n|move|p2a: Toxapex|Haze|p2a: Toxapex\n|-clearallboost\n|\n|-heal|p2a: Toxapex|145/216|[from] item: Leftovers\n|upkeep\n|turn|16\n|\n|t:|1733884828\n|move|p1a: Deoxys|Night Shade|p2a: Toxapex\n|-damage|p2a: Toxapex|61/216\n|move|p2a: Toxapex|Recover|p2a: Toxapex\n|-heal|p2a: Toxapex|169/216\n|\n|-heal|p2a: Toxapex|182/216|[from] item: Leftovers\n|upkeep\n|turn|17\n|\n|t:|1733884841\n|move|p1a: Deoxys|Cosmic Power|p1a: Deoxys\n|-boost|p1a: Deoxys|def|1\n|-boost|p1a: Deoxys|spd|1\n|move|p2a: Toxapex|Liquidation|p1a: Deoxys\n|-damage|p1a: Deoxys|194/221\n|\n|-heal|p1a: Deoxys|207/221|[from] item: Leftovers\n|-heal|p2a: Toxapex|195/216|[from] item: Leftovers\n|upkeep\n|turn|18\n|\n|t:|1733884849\n|move|p1a: Deoxys|Stored Power|p2a: Toxapex\n|-supereffective|p2a: Toxapex\n|-damage|p2a: Toxapex|129/216\n|move|p2a: Toxapex|Haze|p2a: Toxapex\n|-clearallboost\n|\n|-heal|p1a: Deoxys|220/221|[from] item: Leftovers\n|-heal|p2a: Toxapex|142/216|[from] item: Leftovers\n|upkeep\n|turn|19\n|\n|t:|1733884855\n|move|p1a: Deoxys|Night Shade|p2a: Toxapex\n|-damage|p2a: Toxapex|58/216\n|move|p2a: Toxapex|Liquidation|p1a: Deoxys\n|-damage|p1a: Deoxys|177/221\n|\n|-heal|p1a: Deoxys|190/221|[from] item: Leftovers\n|-heal|p2a: Toxapex|71/216|[from] item: Leftovers\n|upkeep\n|turn|20\n|\n|t:|1733884864\n|switch|p2a: Slaking|Slaking, L84, F|389/389\n|move|p1a: Deoxys|Cosmic Power|p1a: Deoxys\n|-boost|p1a: Deoxys|def|1\n|-boost|p1a: Deoxys|spd|1\n|\n|-heal|p1a: Deoxys|203/221|[from] item: Leftovers\n|upkeep\n|turn|21\n|\n|t:|1733884873\n|move|p2a: Slaking|Knock Off|p1a: Deoxys\n|-damage|p1a: Deoxys|140/221\n|-enditem|p1a: Deoxys|Leftovers|[from] move: Knock Off|[of] p2a: Slaking\n|move|p1a: Deoxys|Recover|p1a: Deoxys\n|-heal|p1a: Deoxys|221/221\n|\n|upkeep\n|turn|22\n|\n|t:|1733884879\n|switch|p2a: Toxapex|Toxapex, L82, M|143/216\n|move|p1a: Deoxys|Night Shade|p2a: Toxapex\n|-damage|p2a: Toxapex|59/216\n|\n|-heal|p2a: Toxapex|72/216|[from] item: Leftovers\n|upkeep\n|turn|23\n|\n|t:|1733884889\n|switch|p2a: Slaking|Slaking, L84, F|389/389\n|move|p1a: Deoxys|Night Shade|p2a: Slaking\n|-immune|p2a: Slaking\n|\n|upkeep\n|turn|24\n|\n|t:|1733884897\n|move|p2a: Slaking|Earthquake|p1a: Deoxys\n|-supereffective|p1a: Deoxys\n|-damage|p1a: Deoxys|97/221\n|move|p1a: Deoxys|Cosmic Power|p1a: Deoxys\n|-boost|p1a: Deoxys|def|1\n|-boost|p1a: Deoxys|spd|1\n|\n|upkeep\n|turn|25\n|\n|t:|1733884902\n|switch|p2a: Toxapex|Toxapex, L82, M|144/216\n|move|p1a: Deoxys|Recover|p1a: Deoxys\n|-heal|p1a: Deoxys|208/221\n|\n|-heal|p2a: Toxapex|157/216|[from] item: Leftovers\n|upkeep\n|turn|26\n|\n|t:|1733884908\n|move|p1a: Deoxys|Night Shade|p2a: Toxapex\n|-damage|p2a: Toxapex|73/216\n|move|p2a: Toxapex|Haze|p2a: Toxapex\n|-clearallboost\n|\n|-heal|p2a: Toxapex|86/216|[from] item: Leftovers\n|upkeep\n|turn|27\n|\n|t:|1733884915\n|switch|p2a: Slaking|Slaking, L84, F|389/389\n|move|p1a: Deoxys|Cosmic Power|p1a: Deoxys\n|-boost|p1a: Deoxys|def|1\n|-boost|p1a: Deoxys|spd|1\n|\n|upkeep\n|turn|28\n|\n|t:|1733884925\n|move|p2a: Slaking|Earthquake|p1a: Deoxys\n|-supereffective|p1a: Deoxys\n|-damage|p1a: Deoxys|86/221\n|move|p1a: Deoxys|Stored Power|p2a: Slaking\n|-damage|p2a: Slaking|331/389\n|\n|upkeep\n|turn|29\n|\n|t:|1733884932\n|switch|p2a: Toxapex|Toxapex, L82, M|158/216\n|move|p1a: Deoxys|Recover|p1a: Deoxys\n|-heal|p1a: Deoxys|197/221\n|\n|-heal|p2a: Toxapex|171/216|[from] item: Leftovers\n|upkeep\n|turn|30\n|\n|t:|1733884937\n|move|p1a: Deoxys|Night Shade|p2a: Toxapex\n|-damage|p2a: Toxapex|87/216\n|move|p2a: Toxapex|Haze|p2a: Toxapex\n|-clearallboost\n|\n|-heal|p2a: Toxapex|100/216|[from] item: Leftovers\n|upkeep\n|turn|31\n|\n|t:|1733884951\n|switch|p2a: Slaking|Slaking, L84, F|331/389\n|move|p1a: Deoxys|Cosmic Power|p1a: Deoxys\n|-boost|p1a: Deoxys|def|1\n|-boost|p1a: Deoxys|spd|1\n|\n|upkeep\n|turn|32\n|\n|t:|1733884956\n|move|p2a: Slaking|Earthquake|p1a: Deoxys\n|-supereffective|p1a: Deoxys\n|-damage|p1a: Deoxys|75/221\n|move|p1a: Deoxys|Cosmic Power|p1a: Deoxys\n|-boost|p1a: Deoxys|def|1\n|-boost|p1a: Deoxys|spd|1\n|\n|upkeep\n|turn|33\n|\n|t:|1733884962\n|switch|p2a: Toxapex|Toxapex, L82, M|172/216\n|move|p1a: Deoxys|Recover|p1a: Deoxys\n|-heal|p1a: Deoxys|186/221\n|\n|-heal|p2a: Toxapex|185/216|[from] item: Leftovers\n|upkeep\n|turn|34\n|\n|t:|1733884970\n|move|p1a: Deoxys|Night Shade|p2a: Toxapex\n|-damage|p2a: Toxapex|101/216\n|move|p2a: Toxapex|Haze|p2a: Toxapex\n|-clearallboost\n|\n|-heal|p2a: Toxapex|114/216|[from] item: Leftovers\n|upkeep\n|turn|35\n|inactive|Battle timer is ON: inactive players will automatically lose when time's up. (requested by ghuhugyjnht)\n|\n|t:|1733884988\n|switch|p2a: Slaking|Slaking, L84, F|331/389\n|move|p1a: Deoxys|Cosmic Power|p1a: Deoxys\n|-boost|p1a: Deoxys|def|1\n|-boost|p1a: Deoxys|spd|1\n|\n|upkeep\n|turn|36\n|\n|t:|1733884994\n|move|p2a: Slaking|Earthquake|p1a: Deoxys\n|-supereffective|p1a: Deoxys\n|-damage|p1a: Deoxys|46/221\n|move|p1a: Deoxys|Cosmic Power|p1a: Deoxys\n|-boost|p1a: Deoxys|def|1\n|-boost|p1a: Deoxys|spd|1\n|\n|upkeep\n|turn|37\n|\n|t:|1733885000\n|switch|p2a: Toxapex|Toxapex, L82, M|186/216\n|move|p1a: Deoxys|Recover|p1a: Deoxys\n|-heal|p1a: Deoxys|157/221\n|\n|-heal|p2a: Toxapex|199/216|[from] item: Leftovers\n|upkeep\n|turn|38\n|\n|t:|1733885009\n|move|p1a: Deoxys|Stored Power|p2a: Toxapex\n|-supereffective|p2a: Toxapex\n|-damage|p2a: Toxapex|85/216\n|move|p2a: Toxapex|Haze|p2a: Toxapex\n|-clearallboost\n|\n|-heal|p2a: Toxapex|98/216|[from] item: Leftovers\n|upkeep\n|turn|39\n|\n|t:|1733885015\n|switch|p2a: Slaking|Slaking, L84, F|331/389\n|move|p1a: Deoxys|Night Shade|p2a: Slaking\n|-immune|p2a: Slaking\n|\n|upkeep\n|turn|40\n|\n|t:|1733885020\n|switch|p1a: Pelipper|Pelipper, L86, F|243/243\n|-weather|RainDance|[from] ability: Drizzle|[of] p1a: Pelipper\n|move|p2a: Slaking|Earthquake|p1a: Pelipper\n|-immune|p1a: Pelipper\n|\n|-weather|RainDance|[upkeep]\n|upkeep\n|turn|41\n|\n|t:|1733885028\n|switch|p2a: Toxapex|Toxapex, L82, M|170/216\n|move|p1a: Pelipper|Hurricane|p2a: Toxapex\n|-damage|p2a: Toxapex|49/216\n|\n|-weather|RainDance|[upkeep]\n|-heal|p2a: Toxapex|62/216|[from] item: Leftovers\n|upkeep\n|turn|42\n|\n|t:|1733885041\n|switch|p2a: Clefable|Clefable, L83, F|293/293\n|move|p1a: Pelipper|Hurricane|p2a: Clefable\n|-damage|p2a: Clefable|110/293\n|-start|p2a: Clefable|confusion\n|\n|-weather|RainDance|[upkeep]\n|-heal|p2a: Clefable|128/293|[from] item: Leftovers\n|upkeep\n|turn|43\n|\n|t:|1733885055\n|move|p1a: Pelipper|Hurricane|p2a: Clefable\n|-damage|p2a: Clefable|0 fnt\n|faint|p2a: Clefable\n|\n|-weather|RainDance|[upkeep]\n|upkeep\n|\n|t:|1733885060\n|switch|p2a: Slaking|Slaking, L84, F|331/389\n|turn|44\n|\n|t:|1733885069\n|move|p2a: Slaking|Giga Impact|p1a: Pelipper\n|-damage|p1a: Pelipper|0 fnt\n|-mustrecharge|p2a: Slaking\n|faint|p1a: Pelipper\n|\n|-weather|none\n|upkeep\n|\n|t:|1733885073\n|switch|p1a: Deoxys|Deoxys-Defense, L84, tera:Steel|157/221\n|-ability|p1a: Deoxys|Pressure\n|turn|45\n|\n|t:|1733885080\n|cant|p2a: Slaking|recharge\n|move|p1a: Deoxys|Cosmic Power|p1a: Deoxys\n|-boost|p1a: Deoxys|def|1\n|-boost|p1a: Deoxys|spd|1\n|\n|upkeep\n|turn|46\n|\n|t:|1733885087\n|move|p2a: Slaking|Giga Impact|p1a: Deoxys\n|-resisted|p1a: Deoxys\n|-damage|p1a: Deoxys|82/221\n|-mustrecharge|p2a: Slaking\n|move|p1a: Deoxys|Night Shade|p2a: Slaking\n|-immune|p2a: Slaking\n|\n|upkeep\n|turn|47\n|\n|t:|1733885093\n|cant|p2a: Slaking|recharge\n|move|p1a: Deoxys|Cosmic Power|p1a: Deoxys\n|-boost|p1a: Deoxys|def|1\n|-boost|p1a: Deoxys|spd|1\n|\n|upkeep\n|turn|48\n|\n|t:|1733885097\n|switch|p2a: Toxapex|Toxapex, L82, M|134/216\n|move|p1a: Deoxys|Recover|p1a: Deoxys\n|-heal|p1a: Deoxys|193/221\n|\n|-heal|p2a: Toxapex|147/216|[from] item: Leftovers\n|upkeep\n|turn|49\n|\n|t:|1733885102\n|move|p1a: Deoxys|Night Shade|p2a: Toxapex\n|-damage|p2a: Toxapex|63/216\n|move|p2a: Toxapex|Haze|p2a: Toxapex\n|-clearallboost\n|\n|-heal|p2a: Toxapex|76/216|[from] item: Leftovers\n|upkeep\n|turn|50\n|\n|t:|1733885112\n|switch|p2a: Slaking|Slaking, L84, F|331/389\n|move|p1a: Deoxys|Night Shade|p2a: Slaking\n|-immune|p2a: Slaking\n|\n|upkeep\n|turn|51\n|-message|ToxicTorchic forfeited.\n|\n|win|ghuhugyjnht\n|raw|ToxicTorchic's rating: 1040 &rarr; <strong>1022</strong><br />(-18 for losing)\n|raw|ghuhugyjnht's rating: 1000 &rarr; <strong>1045</strong><br />(+45 for winning)\n|l|\u2606ToxicTorchic\n|player|p1|\n", "inputlog": ">version bfd83cad13791eb5a5a409923076391caf6fb4d4\n>start {\"formatid\":\"gen9randombattle\",\"seed\":[11123,25221,25902,20431],\"rated\":\"Rated battle\"}\n>player p1 {\"name\":\"ToxicTorchic\",\"avatar\":\"jasmine\",\"rating\":1040,\"seed\":[14082,30347,23439,20881]}\n>player p2 {\"name\":\"ghuhugyjnht\",\"avatar\":\"102\",\"rating\":1000,\"seed\":[3560,45067,16111,51537]}\n>p1 move toxicspikes\n>p2 move willowisp\n>p1 move toxicspikes\n>p2 move facade\n>p1 switch 2\n>p2 move facade\n>p1 move stealthrock\n>p2 move flareblitz\n>p1 switch 2\n>p1 move recover\n>p2 move facade\n>p1 switch 6\n>p2 switch 5\n>p1 move cosmicpower terastallize\n>p2 move toxicspikes\n>p1 move cosmicpower\n>p2 move toxicspikes\n>p1 move storedpower\n>p2 move haze\n>p1 move cosmicpower\n>p2 switch 3\n>p1 move recover\n>p2 move earthquake\n>p1 move cosmicpower\n>p2 switch 3\n>p1 move storedpower\n>p2 move haze\n>p1 move cosmicpower\n>p2 move recover\n>p1 move cosmicpower\n>p2 move haze\n>p1 move nightshade\n>p2 move haze\n>p1 move nightshade\n>p2 move recover\n>p1 move cosmicpower\n>p2 move liquidation\n>p1 move storedpower\n>p2 move haze\n>p1 move nightshade\n>p2 move liquidation\n>p1 move cosmicpower\n>p2 switch 3\n>p1 move recover\n>p2 move knockoff\n>p1 move nightshade\n>p2 switch 3\n>p1 move nightshade\n>p2 switch 3\n>p1 move cosmicpower\n>p2 move earthquake\n>p1 move recover\n>p2 switch 3\n>p1 move nightshade\n>p2 move haze\n>p1 move cosmicpower\n>p2 switch 3\n>p1 move storedpower\n>p2 move earthquake\n>p1 move recover\n>p2 switch 3\n>p1 move nightshade\n>p2 move haze\n>p1 move cosmicpower\n>p2 switch 3\n>p1 move cosmicpower\n>p2 move earthquake\n>p1 move recover\n>p2 switch 3\n>p1 move nightshade\n>p2 move haze\n>p1 move cosmicpower\n>p2 switch 3\n>p1 move cosmicpower\n>p2 move earthquake\n>p1 move recover\n>p2 switch 3\n>p1 move storedpower\n>p2 move haze\n>p1 move nightshade\n>p2 switch 3\n>p1 switch 4\n>p2 move earthquake\n>p1 move hurricane\n>p2 switch 3\n>p1 move hurricane\n>p2 switch 4\n>p1 move hurricane\n>p2 move stealthrock\n>p2 switch 3\n>p1 move hurricane\n>p2 move gigaimpact\n>p1 switch 4\n>p1 move cosmicpower\n>p2 move recharge\n>p1 move nightshade\n>p2 move gigaimpact\n>p1 move cosmicpower\n>p2 move recharge\n>p1 move recover\n>p2 switch 4\n>p1 move nightshade\n>p2 move haze\n>p1 move nightshade\n>p2 switch 4\n>forcelose p1", "uploadtime": 1733885134, "views": 8, "formatid": "gen9randombattle", "rating": 1022, "private": 0, "password": null}