{"id": "gen9randombattle-2260598022", "format": "[Gen 9] Random Battle", "players": ["Supbrobro", "Preditorial"], "log": "|j|\u2606Supbrobro\n|j|\u2606Preditorial\n|t:|1733867613\n|gametype|singles\n|player|p1|Supbrobro|170|1056\n|player|p2|Preditorial|ingo|1062\n|teamsize|p1|6\n|teamsize|p2|6\n|gen|9\n|tier|[Gen 9] Random Battle\n|rated|\n|rule|Species Clause: Limit one of each Pok\u00e9mon\n|rule|HP Percentage Mod: HP is shown in percentages\n|rule|Sleep Clause Mod: Limit one foe put to sleep\n|rule|Illusion Level Mod: Illusion disguises the Pok\u00e9mon's true level\n|\n|t:|1733867613\n|start\n|switch|p1a: Comfey|Comfey, L85, M|225/225\n|switch|p2a: Hitmontop|Hitmontop, L88, M|231/231\n|-ability|p2a: Hitmontop|Intimidate|boost\n|-unboost|p1a: Comfey|atk|1\n|turn|1\n|\n|t:|1733867650\n|switch|p2a: Arceus|Arceus-Fire, L72|291/291\n|move|p1a: Comfey|Draining Kiss|p2a: Arceus\n|-resisted|p2a: Arceus\n|-damage|p2a: Arceus|269/291\n|\n|upkeep\n|turn|2\n|\n|t:|1733867662\n|-terastallize|p1a: Comfey|Ground\n|move|p1a: Comfey|Tera Blast|p2a: Arceus|[anim] Tera Blast Ground\n|-supereffective|p2a: Arceus\n|-damage|p2a: Arceus|123/291\n|move|p2a: Arceus|Dragon Dance|p2a: Arceus\n|-boost|p2a: Arceus|atk|1\n|-boost|p2a: Arceus|spe|1\n|\n|upkeep\n|turn|3\n|\n|t:|1733867677\n|-terastallize|p2a: Arceus|Ground\n|move|p2a: Arceus|Recover|p2a: Arceus\n|-heal|p2a: Arceus|269/291\n|move|p1a: Comfey|Tera Blast|p2a: Arceus|[anim] Tera Blast Ground\n|-damage|p2a: Arceus|200/291\n|\n|upkeep\n|turn|4\n|\n|t:|1733867692\n|switch|p1a: Gyarados|Gyarados, L79, F|280/280\n|-ability|p1a: Gyarados|Intimidate|boost\n|-unboost|p2a: Arceus|atk|1\n|move|p2a: Arceus|Flare Blitz|p1a: Gyarados\n|-resisted|p1a: Gyarados\n|-damage|p1a: Gyarados|209/280\n|-damage|p2a: Arceus|177/291|[from] Recoil\n|\n|upkeep\n|turn|5\n|inactive|Battle timer is ON: inactive players will automatically lose when time's up. (requested by Supbrobro)\n|inactiveoff|Battle timer is now OFF.\n|\n|t:|1733867722\n|switch|p2a: Jolteon|Jolteon, L84, M|246/246\n|move|p1a: Gyarados|Temper Flare|p2a: Jolteon\n|-damage|p2a: Jolteon|176/246\n|\n|upkeep\n|turn|6\n|\n|t:|1733867764\n|switch|p1a: Incineroar|Incineroar, L82, F|290/290\n|-ability|p1a: Incineroar|Intimidate|boost\n|-unboost|p2a: Jolteon|atk|1\n|move|p2a: Jolteon|Calm Mind|p2a: Jolteon\n|-boost|p2a: Jolteon|spa|1\n|-boost|p2a: Jolteon|spd|1\n|\n|upkeep\n|turn|7\n|\n|t:|1733867781\n|move|p2a: Jolteon|Thunderbolt|p1a: Incineroar\n|-damage|p1a: Incineroar|83/290\n|-damage|p2a: Jolteon|152/246|[from] item: Life Orb\n|move|p1a: Incineroar|Swords Dance|p1a: Incineroar\n|-boost|p1a: Incineroar|atk|2\n|\n|upkeep\n|turn|8\n|\n|t:|1733867802\n|switch|p1a: Electivire|Electivire, L84, M|263/263\n|move|p2a: Jolteon|Thunderbolt|p1a: Electivire\n|-ability|p1a: Electivire|Motor Drive|boost\n|-boost|p1a: Electivire|spe|1\n|\n|upkeep\n|turn|9\n|\n|t:|1733867816\n|switch|p2a: Gengar|Gengar, L81, M|230/230\n|move|p1a: Electivire|Flamethrower|p2a: Gengar\n|-damage|p2a: Gengar|131/230\n|-start|p1a: Electivire|Disable|Flamethrower|[from] ability: Cursed Body|[of] p2a: Gengar\n|-damage|p1a: Electivire|237/263|[from] item: Life Orb\n|\n|upkeep\n|turn|10\n|\n|t:|1733867835\n|switch|p2a: Jolteon|Jolteon, L84, M|152/246\n|move|p1a: Electivire|Supercell Slam|p2a: Jolteon\n|-heal|p2a: Jolteon|213/246|[from] ability: Volt Absorb|[of] p1a: Electivire\n|-damage|p1a: Electivire|106/263|[from] supercellslam\n|\n|upkeep\n|turn|11\n|\n|t:|1733867858\n|switch|p1a: Kommo-o|Kommo-o, L78, F|245/245\n|move|p2a: Jolteon|Calm Mind|p2a: Jolteon\n|-boost|p2a: Jolteon|spa|1\n|-boost|p2a: Jolteon|spd|1\n|\n|upkeep\n|turn|12\n|\n|t:|1733867867\n|move|p2a: Jolteon|Alluring Voice|p1a: Kommo-o\n|-immune|p1a: Kommo-o|[from] ability: Soundproof\n|move|p1a: Kommo-o|Close Combat|p2a: Jolteon\n|-damage|p2a: Jolteon|50/246\n|-unboost|p1a: Kommo-o|def|1\n|-unboost|p1a: Kommo-o|spd|1\n|\n|upkeep\n|turn|13\n|\n|t:|1733867883\n|switch|p2a: Brambleghast|Brambleghast, L88, F|240/240\n|move|p1a: Kommo-o|Scale Shot|p2a: Brambleghast|[miss]\n|-miss|p1a: Kommo-o|p2a: Brambleghast\n|\n|upkeep\n|turn|14\n|\n|t:|1733867896\n|move|p2a: Brambleghast|Poltergeist|p1a: Kommo-o\n|-activate|p1a: Kommo-o|move: Poltergeist|Loaded Dice\n|-damage|p1a: Kommo-o|53/245\n|move|p1a: Kommo-o|Close Combat|p2a: Brambleghast\n|-immune|p2a: Brambleghast\n|\n|upkeep\n|turn|15\n|\n|t:|1733867907\n|switch|p1a: Incineroar|Incineroar, L82, F|83/290\n|-ability|p1a: Incineroar|Intimidate|boost\n|-unboost|p2a: Brambleghast|atk|1\n|move|p2a: Brambleghast|Poltergeist|p1a: Incineroar\n|-activate|p1a: Incineroar|move: Poltergeist|Heavy-Duty Boots\n|-resisted|p1a: Incineroar\n|-damage|p1a: Incineroar|32/290\n|\n|upkeep\n|turn|16\n|\n|t:|1733867922\n|move|p2a: Brambleghast|Poltergeist|p1a: Incineroar\n|-activate|p1a: Incineroar|move: Poltergeist|Heavy-Duty Boots\n|-resisted|p1a: Incineroar\n|-damage|p1a: Incineroar|0 fnt\n|faint|p1a: Incineroar\n|\n|upkeep\n|\n|t:|1733867938\n|switch|p1a: Gyarados|Gyarados, L79, F|209/280\n|-ability|p1a: Gyarados|Intimidate|boost\n|-unboost|p2a: Brambleghast|atk|1\n|turn|17\n|\n|t:|1733867946\n|move|p2a: Brambleghast|Power Whip|p1a: Gyarados\n|-damage|p1a: Gyarados|124/280\n|move|p1a: Gyarados|Temper Flare|p2a: Brambleghast\n|-supereffective|p2a: Brambleghast\n|-damage|p2a: Brambleghast|118/240\n|\n|-heal|p2a: Brambleghast|133/240|[from] item: Leftovers\n|upkeep\n|turn|18\n|\n|t:|1733867957\n|move|p2a: Brambleghast|Power Whip|p1a: Gyarados\n|-damage|p1a: Gyarados|37/280\n|move|p1a: Gyarados|Temper Flare|p2a: Brambleghast\n|-supereffective|p2a: Brambleghast\n|-damage|p2a: Brambleghast|5/240\n|\n|-heal|p2a: Brambleghast|20/240|[from] item: Leftovers\n|upkeep\n|turn|19\n|\n|t:|1733867968\n|move|p2a: Brambleghast|Power Whip|p1a: Gyarados\n|-damage|p1a: Gyarados|0 fnt\n|faint|p1a: Gyarados\n|\n|-heal|p2a: Brambleghast|35/240|[from] item: Leftovers\n|upkeep\n|-message|Supbrobro forfeited.\n|\n|win|Preditorial\n|raw|Supbrobro's rating: 1056 &rarr; <strong>1040</strong><br />(-16 for losing)\n|raw|Preditorial's rating: 1094 &rarr; <strong>1117</strong><br />(+23 for winning)\n|l|\u2606Supbrobro\n|player|p1|\n", "inputlog": ">version bfd83cad13791eb5a5a409923076391caf6fb4d4\n>start {\"formatid\":\"gen9randombattle\",\"seed\":[49638,17291,63642,48465],\"rated\":\"Rated battle\"}\n>player p1 {\"name\":\"Supbrobro\",\"avatar\":\"170\",\"rating\":1056,\"seed\":[8662,52025,22179,29497]}\n>player p2 {\"name\":\"Preditorial\",\"avatar\":\"ingo\",\"rating\":1062,\"seed\":[58277,30872,21603,64321]}\n>p1 move drainingkiss\n>p2 switch 3\n>p1 move terablast terastallize\n>p2 move dragondance\n>p1 move terablast\n>p2 move recover terastallize\n>p1 switch 4\n>p2 move flareblitz\n>p1 move temperflare\n>p2 switch 2\n>p1 switch 2\n>p2 move calmmind\n>p1 move swordsdance\n>p2 move thunderbolt\n>p1 switch 6\n>p2 move thunderbolt\n>p1 move flamethrower\n>p2 switch 4\n>p1 move supercellslam\n>p2 switch 4\n>p1 switch 5\n>p2 move calmmind\n>p1 move closecombat\n>p2 move alluringvoice\n>p1 move scaleshot\n>p2 switch 6\n>p1 move closecombat\n>p2 move poltergeist\n>p1 switch 6\n>p2 move poltergeist\n>p1 move flareblitz\n>p2 move poltergeist\n>p1 switch 2\n>p1 move temperflare\n>p2 move powerwhip\n>p1 move temperflare\n>p2 move powerwhip\n>p1 move temperflare\n>p2 move powerwhip\n>forcelose p1", "uploadtime": 1733867981, "views": 2, "formatid": "gen9randombattle", "rating": 1040, "private": 0, "password": null}