{"id": "gen9randombattle-2199587022", "format": "[Gen 9] Random Battle", "players": ["RBLT bdl", "impeetee"], "log": "|badge|p2|bronze|gen9randombattle|100-2\n|uhtml|medal-msg|<div class=\"broadcast-blue\">Curious what those medals under the avatar are? PS now has Ladder Seasons! For more information, check out the <a href=\"https://www.smogon.com/forums/threads/3740067/\">thread on Smogon.</a></div>\n|j|\u2606RBLT bdl\n|j|\u203dimpeetee\n|t:|1726088809\n|gametype|singles\n|player|p1|RBLT bdl|#mplxmeloettas|2300\n|player|p2|impeetee|1|2361\n|teamsize|p1|6\n|teamsize|p2|6\n|gen|9\n|tier|[Gen 9] Random Battle\n|rated|\n|rule|Species Clause: Limit one of each Pok\u00e9mon\n|rule|HP Percentage Mod: HP is shown in percentages\n|rule|Sleep Clause Mod: Limit one foe put to sleep\n|rule|Illusion Level Mod: Illusion disguises the Pok\u00e9mon's true level\n|\n|t:|1726088809\n|start\n|switch|p1a: Pyroar|Pyroar, L88, M|295/295\n|switch|p2a: Bombirdier|Bombirdier, L85, F|258/258\n|-ability|p1a: Pyroar|Unnerve\n|turn|1\n|inactive|Battle timer is ON: inactive players will automatically lose when time's up. (requested by RBLT bdl)\n|\n|t:|1726088835\n|move|p1a: Pyroar|Fire Blast|p2a: Bombirdier\n|-damage|p2a: Bombirdier|116/258\n|move|p2a: Bombirdier|Stone Edge|p1a: Pyroar|[miss]\n|-miss|p2a: Bombirdier|p1a: Pyroar\n|\n|upkeep\n|turn|2\n|\n|t:|1726088844\n|move|p1a: Pyroar|Fire Blast|p2a: Bombirdier\n|-damage|p2a: Bombirdier|0 fnt\n|faint|p2a: Bombirdier\n|\n|upkeep\n|\n|t:|1726088848\n|switch|p2a: Camerupt|Camerupt, L91, M|275/275\n|turn|3\n|\n|t:|1726088853\n|move|p1a: Pyroar|Hyper Voice|p2a: Camerupt\n|-damage|p2a: Camerupt|163/275\n|move|p2a: Camerupt|Stealth Rock|p1a: Pyroar\n|-sidestart|p1: RBLT bdl|move: Stealth Rock\n|\n|-heal|p2a: Camerupt|180/275|[from] item: Leftovers\n|upkeep\n|turn|4\n|\n|t:|1726088861\n|move|p1a: Pyroar|Hyper Voice|p2a: Camerupt\n|-damage|p2a: Camerupt|71/275\n|move|p2a: Camerupt|Earthquake|p1a: Pyroar\n|-supereffective|p1a: Pyroar\n|-damage|p1a: Pyroar|17/295\n|\n|-heal|p2a: Camerupt|88/275|[from] item: Leftovers\n|upkeep\n|turn|5\n|\n|t:|1726088870\n|move|p1a: Pyroar|Hyper Voice|p2a: Camerupt\n|-damage|p2a: Camerupt|0 fnt\n|faint|p2a: Camerupt\n|\n|upkeep\n|\n|t:|1726088875\n|switch|p2a: Electrode|Electrode, L92|260/260\n|turn|6\n|\n|t:|1726088884\n|switch|p1a: Scream Tail|Scream Tail, L84|330/330\n|-damage|p1a: Scream Tail|289/330|[from] Stealth Rock\n|move|p2a: Electrode|Thunderbolt|p1a: Scream Tail\n|-damage|p1a: Scream Tail|194/330\n|-damage|p2a: Electrode|234/260|[from] item: Life Orb\n|\n|-heal|p1a: Scream Tail|214/330|[from] item: Leftovers\n|upkeep\n|turn|7\n|\n|t:|1726088890\n|move|p1a: Scream Tail|Protect|p1a: Scream Tail\n|-singleturn|p1a: Scream Tail|Protect\n|move|p2a: Electrode|Taunt|p1a: Scream Tail\n|-activate|p1a: Scream Tail|move: Protect\n|\n|-heal|p1a: Scream Tail|234/330|[from] item: Leftovers\n|upkeep\n|turn|8\n|\n|t:|1726088894\n|move|p2a: Electrode|Taunt|p1a: Scream Tail\n|-start|p1a: Scream Tail|move: Taunt\n|move|p1a: Scream Tail|Dazzling Gleam|p2a: Electrode\n|-damage|p2a: Electrode|176/260\n|\n|-heal|p1a: Scream Tail|254/330|[from] item: Leftovers\n|upkeep\n|turn|9\n|\n|t:|1726088901\n|-end|p1a: Scream Tail|Protosynthesis|[silent]\n|switch|p1a: Reshiram|Reshiram, L76|277/277\n|-ability|p1a: Reshiram|Turboblaze\n|move|p2a: Electrode|Thunderbolt|p1a: Reshiram\n|-resisted|p1a: Reshiram\n|-damage|p1a: Reshiram|221/277\n|-damage|p2a: Electrode|150/260|[from] item: Life Orb\n|\n|upkeep\n|turn|10\n|\n|t:|1726088909\n|switch|p2a: Zamazenta|Zamazenta, L71|248/248\n|-ability|p2a: Zamazenta|Dauntless Shield|boost\n|-boost|p2a: Zamazenta|def|1\n|move|p1a: Reshiram|Flare Blitz|p2a: Zamazenta\n|-damage|p2a: Zamazenta|172/248\n|-damage|p1a: Reshiram|196/277|[from] Recoil\n|\n|upkeep\n|turn|11\n|\n|t:|1726088925\n|switch|p1a: Houndstone|Houndstone, L86, M|264/264\n|-damage|p1a: Houndstone|231/264|[from] Stealth Rock\n|move|p2a: Zamazenta|Stone Edge|p1a: Houndstone\n|-damage|p1a: Houndstone|153/264\n|\n|-heal|p1a: Houndstone|169/264|[from] item: Leftovers\n|upkeep\n|turn|12\n|\n|t:|1726088933\n|switch|p2a: Ursaluna|Ursaluna-Bloodmoon, L79, M|308/308\n|move|p1a: Houndstone|Poltergeist|p2a: Ursaluna\n|-immune|p2a: Ursaluna\n|\n|-heal|p1a: Houndstone|185/264|[from] item: Leftovers\n|upkeep\n|turn|13\n|\n|t:|1726088944\n|move|p1a: Houndstone|Body Press|p2a: Ursaluna\n|-supereffective|p2a: Ursaluna\n|-damage|p2a: Ursaluna|202/308\n|move|p2a: Ursaluna|Blood Moon|p1a: Houndstone\n|-damage|p1a: Houndstone|37/264\n|\n|-heal|p1a: Houndstone|53/264|[from] item: Leftovers\n|-heal|p2a: Ursaluna|221/308|[from] item: Leftovers\n|upkeep\n|turn|14\n|\n|t:|1726088952\n|move|p1a: Houndstone|Body Press|p2a: Ursaluna\n|-supereffective|p2a: Ursaluna\n|-damage|p2a: Ursaluna|123/308\n|move|p2a: Ursaluna|Moonlight|p2a: Ursaluna\n|-heal|p2a: Ursaluna|277/308\n|\n|-heal|p1a: Houndstone|69/264|[from] item: Leftovers\n|-heal|p2a: Ursaluna|296/308|[from] item: Leftovers\n|upkeep\n|turn|15\n|\n|t:|1726088957\n|move|p1a: Houndstone|Rest|p1a: Houndstone\n|-status|p1a: Houndstone|slp|[from] move: Rest\n|-heal|p1a: Houndstone|264/264 slp|[silent]\n|move|p2a: Ursaluna|Calm Mind|p2a: Ursaluna\n|-boost|p2a: Ursaluna|spa|1\n|-boost|p2a: Ursaluna|spd|1\n|\n|-heal|p2a: Ursaluna|308/308|[from] item: Leftovers\n|upkeep\n|turn|16\n|\n|t:|1726088975\n|cant|p1a: Houndstone|slp\n|move|p1a: Houndstone|Sleep Talk|p1a: Houndstone\n|move|p1a: Houndstone|Rest||[from]move: Sleep Talk|[still]\n|-fail|p1a: Houndstone\n|move|p2a: Ursaluna|Blood Moon|p1a: Houndstone\n|-damage|p1a: Houndstone|17/264 slp\n|\n|-heal|p1a: Houndstone|33/264 slp|[from] item: Leftovers\n|upkeep\n|turn|17\n|\n|t:|1726088980\n|switch|p1a: Maushold|Maushold-Four, L76|238/238\n|-damage|p1a: Maushold|209/238|[from] Stealth Rock\n|move|p2a: Ursaluna|Calm Mind|p2a: Ursaluna\n|-boost|p2a: Ursaluna|spa|1\n|-boost|p2a: Ursaluna|spd|1\n|\n|upkeep\n|turn|18\n|\n|t:|1726088984\n|move|p2a: Ursaluna|Vacuum Wave|p1a: Maushold\n|-supereffective|p1a: Maushold\n|-damage|p1a: Maushold|43/238\n|move|p1a: Maushold|Encore|p2a: Ursaluna\n|-start|p2a: Ursaluna|Encore\n|\n|upkeep\n|turn|19\n|\n|t:|1726088992\n|switch|p1a: Houndstone|Houndstone, L86, M|33/264 slp\n|-damage|p1a: Houndstone|0 fnt|[from] Stealth Rock\n|faint|p1a: Houndstone\n|move|p2a: Ursaluna|Vacuum Wave|p1: Houndstone|[notarget]\n|-fail|p2a: Ursaluna\n|\n|upkeep\n|\n|t:|1726088995\n|switch|p1a: Reshiram|Reshiram, L76|196/277\n|-ability|p1a: Reshiram|Turboblaze\n|turn|20\n|\n|t:|1726088999\n|move|p2a: Ursaluna|Vacuum Wave|p1a: Reshiram\n|-damage|p1a: Reshiram|139/277\n|move|p1a: Reshiram|Dragon Dance|p1a: Reshiram\n|-boost|p1a: Reshiram|atk|1\n|-boost|p1a: Reshiram|spe|1\n|\n|upkeep\n|turn|21\n|\n|t:|1726089010\n|-terastallize|p1a: Reshiram|Fire\n|move|p2a: Ursaluna|Vacuum Wave|p1a: Reshiram\n|-damage|p1a: Reshiram|79/277\n|move|p1a: Reshiram|Flare Blitz|p2a: Ursaluna\n|-damage|p2a: Ursaluna|102/308\n|-damage|p1a: Reshiram|11/277|[from] Recoil\n|\n|-heal|p2a: Ursaluna|121/308|[from] item: Leftovers\n|-end|p2a: Ursaluna|Encore\n|upkeep\n|turn|22\n|\n|t:|1726089016\n|move|p2a: Ursaluna|Vacuum Wave|p1a: Reshiram\n|-damage|p1a: Reshiram|0 fnt\n|faint|p1a: Reshiram\n|\n|-heal|p2a: Ursaluna|140/308|[from] item: Leftovers\n|upkeep\n|\n|t:|1726089019\n|switch|p1a: Copperajah|Copperajah, L86, M|350/350\n|-damage|p1a: Copperajah|329/350|[from] Stealth Rock\n|turn|23\n|\n|t:|1726089048\n|move|p2a: Ursaluna|Blood Moon|p1a: Copperajah\n|-resisted|p1a: Copperajah\n|-damage|p1a: Copperajah|139/350\n|move|p1a: Copperajah|Iron Head|p2a: Ursaluna\n|-damage|p2a: Ursaluna|0 fnt\n|faint|p2a: Ursaluna\n|\n|upkeep\n|inactive|impeetee has 120 seconds left.\n|\n|t:|1726089061\n|switch|p2a: Electrode|Electrode, L92|150/260\n|turn|24\n|\n|t:|1726089070\n|move|p2a: Electrode|Thunderbolt|p1a: Copperajah\n|-damage|p1a: Copperajah|0 fnt\n|faint|p1a: Copperajah\n|-damage|p2a: Electrode|124/260|[from] item: Life Orb\n|\n|upkeep\n|\n|t:|1726089075\n|switch|p1a: Scream Tail|Scream Tail, L84|254/330\n|-damage|p1a: Scream Tail|213/330|[from] Stealth Rock\n|turn|25\n|\n|t:|1726089081\n|move|p2a: Electrode|Taunt|p1a: Scream Tail\n|-start|p1a: Scream Tail|move: Taunt\n|move|p1a: Scream Tail|Dazzling Gleam|p2a: Electrode\n|-damage|p2a: Electrode|57/260\n|\n|-heal|p1a: Scream Tail|233/330|[from] item: Leftovers\n|upkeep\n|turn|26\n|\n|t:|1726089088\n|move|p2a: Electrode|Thunderbolt|p1a: Scream Tail\n|-damage|p1a: Scream Tail|123/330\n|-damage|p2a: Electrode|31/260|[from] item: Life Orb\n|move|p1a: Scream Tail|Dazzling Gleam|p2a: Electrode\n|-damage|p2a: Electrode|0 fnt\n|faint|p2a: Electrode\n|\n|-heal|p1a: Scream Tail|143/330|[from] item: Leftovers\n|upkeep\n|\n|t:|1726089091\n|switch|p2a: Arboliva|Arboliva, L91, M|288/288\n|turn|27\n|\n|t:|1726089102\n|-end|p1a: Scream Tail|Protosynthesis|[silent]\n|switch|p1a: Maushold|Maushold-Four, L76|43/238\n|-damage|p1a: Maushold|14/238|[from] Stealth Rock\n|move|p2a: Arboliva|Hyper Voice|p1a: Maushold\n|-damage|p1a: Maushold|0 fnt\n|faint|p1a: Maushold\n|\n|upkeep\n|\n|t:|1726089107\n|switch|p1a: Pyroar|Pyroar, L88, M|17/295\n|-ability|p1a: Pyroar|Unnerve\n|turn|28\n|\n|t:|1726089111\n|-terastallize|p2a: Arboliva|Water\n|move|p1a: Pyroar|Fire Blast|p2a: Arboliva|[miss]\n|-miss|p1a: Pyroar|p2a: Arboliva\n|move|p2a: Arboliva|Hyper Voice|p1a: Pyroar\n|-damage|p1a: Pyroar|0 fnt\n|faint|p1a: Pyroar\n|\n|upkeep\n|\n|t:|1726089115\n|switch|p1a: Scream Tail|Scream Tail, L84|143/330\n|-damage|p1a: Scream Tail|102/330|[from] Stealth Rock\n|turn|29\n|\n|t:|1726089119\n|move|p1a: Scream Tail|Protect|p1a: Scream Tail\n|-singleturn|p1a: Scream Tail|Protect\n|move|p2a: Arboliva|Leech Seed|p1a: Scream Tail\n|-activate|p1a: Scream Tail|move: Protect\n|\n|-heal|p1a: Scream Tail|122/330|[from] item: Leftovers\n|upkeep\n|turn|30\n|\n|t:|1726089124\n|move|p1a: Scream Tail|Wish|p1a: Scream Tail\n|move|p2a: Arboliva|Hyper Voice|p1a: Scream Tail\n|-damage|p1a: Scream Tail|1/330\n|\n|-heal|p1a: Scream Tail|21/330|[from] item: Leftovers\n|upkeep\n|turn|31\n|\n|t:|1726089131\n|move|p1a: Scream Tail|Thunder Wave|p2a: Arboliva\n|-status|p2a: Arboliva|par\n|move|p2a: Arboliva|Leech Seed|p1a: Scream Tail\n|-start|p1a: Scream Tail|move: Leech Seed\n|\n|-heal|p1a: Scream Tail|186/330|[from] move: Wish|[wisher] Scream Tail\n|-heal|p1a: Scream Tail|206/330|[from] item: Leftovers\n|-damage|p1a: Scream Tail|165/330|[from] Leech Seed|[of] p2a: Arboliva\n|upkeep\n|turn|32\n|\n|t:|1726089138\n|switch|p2a: Zamazenta|Zamazenta, L71|172/248\n|move|p1a: Scream Tail|Protect||[still]\n|-fail|p1a: Scream Tail\n|\n|-heal|p1a: Scream Tail|185/330|[from] item: Leftovers\n|-damage|p1a: Scream Tail|144/330|[from] Leech Seed|[of] p2a: Zamazenta\n|-heal|p2a: Zamazenta|213/248|[silent]\n|upkeep\n|turn|33\n|\n|t:|1726089142\n|move|p2a: Zamazenta|Iron Head|p1a: Scream Tail\n|-supereffective|p1a: Scream Tail\n|-damage|p1a: Scream Tail|0 fnt\n|faint|p1a: Scream Tail\n|-end|p1a: Scream Tail|Protosynthesis|[silent]\n|\n|win|impeetee\n|raw|RBLT bdl's rating: 2300 &rarr; <strong>2283</strong><br />(-17 for losing)\n|raw|impeetee's rating: 2361 &rarr; <strong>2378</strong><br />(+17 for winning)\n|l|\u2606RBLT bdl\n|player|p1|\n", "inputlog": ">version 4aaeaf600b1c44f5d740f3e60432e126c6a1bdf3\n>start {\"formatid\":\"gen9randombattle\",\"seed\":[10346,5427,1364,3576],\"rated\":\"Rated battle\"}\n>player p1 {\"name\":\"RBLT bdl\",\"avatar\":\"#mplxmeloettas\",\"rating\":2300,\"seed\":[65236,44577,15122,5675]}\n>player p2 {\"name\":\"impeetee\",\"avatar\":\"1\",\"rating\":2361,\"seed\":[38314,19311,34059,33620]}\n>p1 move fireblast\n>p2 move stoneedge\n>p1 move fireblast\n>p2 move roost\n>p2 switch 6\n>p1 move hypervoice\n>p2 move stealthrock\n>p1 move hypervoice\n>p2 move earthquake\n>p1 move hypervoice\n>p2 move earthquake\n>p2 switch 4\n>p1 switch 6\n>p2 move thunderbolt\n>p1 move protect\n>p2 move taunt\n>p1 move dazzlinggleam\n>p2 move taunt\n>p1 switch 4\n>p2 move thunderbolt\n>p1 move flareblitz\n>p2 switch 5\n>p1 switch 5\n>p2 move stoneedge\n>p1 move poltergeist\n>p2 switch 3\n>p1 move bodypress\n>p2 move bloodmoon\n>p1 move bodypress\n>p2 move moonlight\n>p1 move rest\n>p2 move calmmind\n>p1 move sleeptalk\n>p2 move bloodmoon\n>p1 switch 3\n>p2 move calmmind\n>p1 move encore\n>p2 move vacuumwave\n>p1 switch 3\n>p2 move vacuumwave\n>p1 switch 5\n>p1 move dragondance\n>p2 move vacuumwave\n>p1 move flareblitz terastallize\n>p2 move vacuumwave\n>p1 move flareblitz\n>p2 move vacuumwave\n>p1 switch 2\n>p1 move ironhead\n>p2 move bloodmoon\n>p2 switch 5\n>p1 move superpower\n>p2 move thunderbolt\n>p1 switch 4\n>p1 move dazzlinggleam\n>p2 move taunt\n>p1 move dazzlinggleam\n>p2 move thunderbolt\n>p2 switch 2\n>p1 switch 3\n>p2 move hypervoice\n>p1 switch 6\n>p1 move fireblast\n>p2 move hypervoice terastallize\n>p1 switch 3\n>p1 move protect\n>p2 move leechseed\n>p1 move wish\n>p2 move hypervoice\n>p1 move thunderwave\n>p2 move leechseed\n>p1 move protect\n>p2 switch 3\n>p1 move dazzlinggleam\n>p2 move ironhead", "uploadtime": 1726089151, "views": 93, "formatid": "gen9randombattle", "rating": 2283, "private": 0, "password": null}