{"id": "gen9randombattle-2260869009", "format": "[Gen 9] Random Battle", "players": ["guorongjia", "Hellbat666"], "log": "|j|\u2606guorongjia\n|j|\u2606Hellbat666\n|t:|1733907665\n|gametype|singles\n|player|p1|guorongjia|101|1552\n|player|p2|Hellbat666|bruno|1614\n|teamsize|p1|6\n|teamsize|p2|6\n|gen|9\n|tier|[Gen 9] Random Battle\n|rated|\n|rule|Species Clause: Limit one of each Pok\u00e9mon\n|rule|HP Percentage Mod: HP is shown in percentages\n|rule|Sleep Clause Mod: Limit one foe put to sleep\n|rule|Illusion Level Mod: Illusion disguises the Pok\u00e9mon's true level\n|\n|t:|1733907665\n|start\n|switch|p1a: Drednaw|Drednaw, L81, F|278/278\n|switch|p2a: Cetitan|Cetitan, L82, M|413/413\n|turn|1\n|inactive|Battle timer is ON: inactive players will automatically lose when time's up. (requested by Hellbat666)\n|\n|t:|1733907680\n|move|p1a: Drednaw|Shell Smash|p1a: Drednaw\n|-unboost|p1a: Drednaw|def|1\n|-unboost|p1a: Drednaw|spd|1\n|-boost|p1a: Drednaw|atk|2\n|-boost|p1a: Drednaw|spa|2\n|-boost|p1a: Drednaw|spe|2\n|-enditem|p1a: Drednaw|White Herb\n|-clearnegativeboost|p1a: Drednaw|[silent]\n|move|p2a: Cetitan|Superpower|p1a: Drednaw\n|-supereffective|p1a: Drednaw\n|-damage|p1a: Drednaw|39/278\n|-unboost|p2a: Cetitan|atk|1\n|-unboost|p2a: Cetitan|def|1\n|-damage|p2a: Cetitan|372/413|[from] item: Life Orb\n|\n|upkeep\n|turn|2\n|\n|t:|1733907704\n|move|p1a: Drednaw|Stone Edge|p2a: Cetitan\n|-supereffective|p2a: Cetitan\n|-damage|p2a: Cetitan|0 fnt\n|faint|p2a: Cetitan\n|\n|upkeep\n|\n|t:|1733907712\n|switch|p2a: Ambipom|Ambipom, L84, F|263/263\n|turn|3\n|inactive|guorongjia has 120 seconds left.\n|\n|t:|1733907740\n|move|p2a: Ambipom|Fake Out|p1a: Drednaw\n|-resisted|p1a: Drednaw\n|-damage|p1a: Drednaw|0 fnt\n|faint|p1a: Drednaw\n|\n|upkeep\n|inactive|guorongjia has 120 seconds left.\n|\n|t:|1733907746\n|switch|p1a: Krookodile|Krookodile, L80, F|283/283\n|-ability|p1a: Krookodile|Intimidate|boost\n|-unboost|p2a: Ambipom|atk|1\n|turn|4\n|\n|t:|1733907770\n|move|p2a: Ambipom|U-turn|p1a: Krookodile\n|-supereffective|p1a: Krookodile\n|-damage|p1a: Krookodile|205/283\n|inactive|Hellbat666 has 120 seconds left.\n|\n|t:|1733907789\n|switch|p2a: Staraptor|Staraptor, L79, F|263/263|[from] U-turn\n|move|p1a: Krookodile|Knock Off|p2a: Staraptor\n|-damage|p2a: Staraptor|53/263\n|-enditem|p2a: Staraptor|Choice Band|[from] move: Knock Off|[of] p1a: Krookodile\n|\n|upkeep\n|turn|5\n|\n|t:|1733907804\n|switch|p1a: Spidops|Spidops, L96, M|271/271\n|move|p2a: Staraptor|Close Combat|p1a: Spidops\n|-resisted|p1a: Spidops\n|-damage|p1a: Spidops|235/271\n|-unboost|p2a: Staraptor|def|1\n|-unboost|p2a: Staraptor|spd|1\n|\n|upkeep\n|turn|6\n|\n|t:|1733907817\n|move|p2a: Staraptor|Brave Bird|p1a: Spidops\n|-supereffective|p1a: Spidops\n|-damage|p1a: Spidops|0 fnt\n|faint|p1a: Spidops\n|-damage|p2a: Staraptor|0 fnt|[from] Recoil\n|faint|p2a: Staraptor\n|\n|upkeep\n|\n|t:|1733907823\n|switch|p2a: Beartic|Beartic, L91, M|321/321\n|switch|p1a: Krookodile|Krookodile, L80, F|205/283\n|-ability|p1a: Krookodile|Intimidate|boost\n|-unboost|p2a: Beartic|atk|1\n|turn|7\n|\n|t:|1733907828\n|move|p1a: Krookodile|Stone Edge|p2a: Beartic\n|-supereffective|p2a: Beartic\n|-crit|p2a: Beartic\n|-damage|p2a: Beartic|0 fnt\n|faint|p2a: Beartic\n|\n|upkeep\n|\n|t:|1733907838\n|switch|p2a: Ambipom|Ambipom, L84, F|263/263\n|turn|8\n|\n|t:|1733907847\n|switch|p1a: Scrafty|Scrafty, L84, F|246/246\n|move|p2a: Ambipom|Fake Out|p1a: Scrafty\n|-damage|p1a: Scrafty|177/246\n|\n|-heal|p1a: Scrafty|192/246|[from] item: Leftovers\n|upkeep\n|turn|9\n|\n|t:|1733907854\n|move|p2a: Ambipom|Double-Edge|p1a: Scrafty\n|-damage|p1a: Scrafty|56/246\n|-damage|p2a: Ambipom|218/263|[from] Recoil\n|move|p1a: Scrafty|Drain Punch|p2a: Ambipom\n|-supereffective|p2a: Ambipom\n|-damage|p2a: Ambipom|44/263\n|-heal|p1a: Scrafty|143/246|[from] drain|[of] p2a: Ambipom\n|\n|-heal|p1a: Scrafty|158/246|[from] item: Leftovers\n|upkeep\n|turn|10\n|\n|t:|1733907865\n|-terastallize|p2a: Ambipom|Normal\n|move|p2a: Ambipom|Double-Edge|p1a: Scrafty\n|-damage|p1a: Scrafty|0 fnt\n|faint|p1a: Scrafty\n|-damage|p2a: Ambipom|0 fnt|[from] Recoil\n|faint|p2a: Ambipom\n|\n|upkeep\n|inactive|guorongjia has 120 seconds left.\n|\n|t:|1733907918\n|switch|p2a: Exeggutor|Exeggutor-Alola, L89, M|314/314\n|switch|p1a: Krookodile|Krookodile, L80, F|205/283\n|-ability|p1a: Krookodile|Intimidate|boost\n|-unboost|p2a: Exeggutor|atk|1\n|turn|11\n|\n|t:|1733907926\n|move|p1a: Krookodile|Gunk Shot|p2a: Exeggutor\n|-supereffective|p2a: Exeggutor\n|-crit|p2a: Exeggutor\n|-damage|p2a: Exeggutor|0 fnt\n|faint|p2a: Exeggutor\n|\n|upkeep\n|c|\u2606Hellbat666|bruh\n|\n|t:|1733907938\n|switch|p2a: Mewtwo|Mewtwo, L72|272/272\n|-ability|p2a: Mewtwo|Unnerve\n|turn|12\n|\n|t:|1733907953\n|move|p2a: Mewtwo|Aura Sphere|p1a: Krookodile\n|-supereffective|p1a: Krookodile\n|-damage|p1a: Krookodile|5/283\n|-damage|p2a: Mewtwo|245/272|[from] item: Life Orb\n|move|p1a: Krookodile|Gunk Shot|p2a: Mewtwo\n|-damage|p2a: Mewtwo|99/272\n|\n|upkeep\n|turn|13\n|inactive|guorongjia has 120 seconds left.\n|\n|t:|1733907965\n|move|p2a: Mewtwo|Aura Sphere|p1a: Krookodile\n|-supereffective|p1a: Krookodile\n|-damage|p1a: Krookodile|0 fnt\n|faint|p1a: Krookodile\n|-damage|p2a: Mewtwo|72/272|[from] item: Life Orb\n|\n|upkeep\n|\n|t:|1733907972\n|switch|p1a: Hydrapple|Hydrapple, L83, M|312/312\n|turn|14\n|c|\u2606Hellbat666|fuck that krookadile\n|inactive|guorongjia has 120 seconds left.\n|\n|t:|1733907983\n|move|p2a: Mewtwo|Psystrike|p1a: Hydrapple\n|-damage|p1a: Hydrapple|179/312\n|-damage|p2a: Mewtwo|45/272|[from] item: Life Orb\n|move|p1a: Hydrapple|Fickle Beam|p2a: Mewtwo|[anim] Fickle Beam All Out\n|-activate|p1a: Hydrapple|move: Fickle Beam\n|-damage|p2a: Mewtwo|0 fnt\n|faint|p2a: Mewtwo\n|\n|win|guorongjia\n", "inputlog": ">version bfd83cad13791eb5a5a409923076391caf6fb4d4\n>start {\"formatid\":\"gen9randombattle\",\"seed\":[47163,21369,5936,55732],\"rated\":\"Rated battle\"}\n>player p1 {\"name\":\"guorongjia\",\"avatar\":\"101\",\"rating\":1552,\"seed\":[37367,28589,27580,28370]}\n>player p2 {\"name\":\"Hellbat666\",\"avatar\":\"bruno\",\"rating\":1614,\"seed\":[12135,47285,33460,56918]}\n>p1 move shellsmash\n>p2 move superpower\n>p1 move stoneedge\n>p2 move superpower\n>p2 switch 4\n>p1 move liquidation\n>p2 move fakeout\n>p1 switch 6\n>p1 move knockoff\n>p2 move uturn\n>p2 switch 5\n>p1 switch 4\n>p2 move closecombat\n>p1 move stickyweb\n>p2 move bravebird\n>p1 switch 4\n>p2 switch 3\n>p1 move stoneedge\n>p2 move snowscape\n>p2 switch 5\n>p1 switch 5\n>p2 move fakeout\n>p1 move drainpunch\n>p2 move doubleedge\n>p1 move drainpunch\n>p2 move doubleedge terastallize\n>p1 switch 5\n>p2 switch 2\n>p1 move gunkshot\n>p2 move gigadrain\n>chat \u2606Hellbat666|bruh\n>p2 switch 6\n>p1 move gunkshot\n>p2 move aurasphere\n>p1 move gunkshot\n>p2 move aurasphere\n>p1 switch 3\n>chat \u2606Hellbat666|fuck that krookadile\n>p1 move ficklebeam\n>p2 move psystrike", "uploadtime": 1733907976, "views": 1, "formatid": "gen9randombattle", "rating": null, "private": 0, "password": null}