{"id": "gen9randombattle-2260882140", "format": "[Gen 9] Random Battle", "players": ["fehryehy", "fenlier"], "log": "|j|\u2606fehryehy\n|j|\u2606fenlier\n|t:|1733910145\n|gametype|singles\n|player|p1|fehryehy|gambler|1098\n|player|p2|fenlier|266|1147\n|teamsize|p1|6\n|teamsize|p2|6\n|gen|9\n|tier|[Gen 9] Random Battle\n|rated|\n|rule|Species Clause: Limit one of each Pok\u00e9mon\n|rule|HP Percentage Mod: HP is shown in percentages\n|rule|Sleep Clause Mod: Limit one foe put to sleep\n|rule|Illusion Level Mod: Illusion disguises the Pok\u00e9mon's true level\n|\n|t:|1733910145\n|start\n|switch|p1a: Gothitelle|Gothitelle, L90, M|272/272\n|switch|p2a: Zapdos|Zapdos, L78|268/268\n|turn|1\n|inactive|Battle timer is ON: inactive players will automatically lose when time's up. (requested by fenlier)\n|\n|t:|1733910163\n|move|p1a: Gothitelle|Psychic|p2a: Zapdos\n|-damage|p2a: Zapdos|160/268\n|move|p2a: Zapdos|U-turn|p1a: Gothitelle\n|-supereffective|p1a: Gothitelle\n|-damage|p1a: Gothitelle|194/272\n|\n|t:|1733910185\n|switch|p2a: Hatterene|Hatterene, L85, F|236/236|[from] U-turn\n|\n|upkeep\n|turn|2\n|\n|t:|1733910191\n|switch|p1a: Skuntank|Skuntank, L84, F|310/310\n|move|p2a: Hatterene|Calm Mind|p2a: Hatterene\n|-boost|p2a: Hatterene|spa|1\n|-boost|p2a: Hatterene|spd|1\n|\n|upkeep\n|turn|3\n|\n|t:|1733910201\n|move|p1a: Skuntank|Knock Off|p2a: Hatterene\n|-damage|p2a: Hatterene|123/236\n|-enditem|p2a: Hatterene|Leftovers|[from] move: Knock Off|[of] p1a: Skuntank\n|-damage|p1a: Skuntank|279/310|[from] item: Life Orb\n|move|p2a: Hatterene|Mystical Fire|p1a: Skuntank\n|-damage|p1a: Skuntank|144/310\n|-unboost|p1a: Skuntank|spa|1\n|\n|upkeep\n|turn|4\n|\n|t:|1733910211\n|move|p1a: Skuntank|Gunk Shot|p2a: Hatterene\n|-supereffective|p2a: Hatterene\n|-damage|p2a: Hatterene|0 fnt\n|faint|p2a: Hatterene\n|-damage|p1a: Skuntank|113/310|[from] item: Life Orb\n|\n|upkeep\n|\n|t:|1733910219\n|switch|p2a: Falinks|Falinks, L84|246/246\n|turn|5\n|\n|t:|1733910235\n|move|p1a: Skuntank|Knock Off|p2a: Falinks\n|-resisted|p2a: Falinks\n|-damage|p2a: Falinks|188/246\n|-enditem|p2a: Falinks|Life Orb|[from] move: Knock Off|[of] p1a: Skuntank\n|-damage|p1a: Skuntank|82/310|[from] item: Life Orb\n|move|p2a: Falinks|No Retreat|p2a: Falinks\n|-boost|p2a: Falinks|atk|1\n|-boost|p2a: Falinks|def|1\n|-boost|p2a: Falinks|spa|1\n|-boost|p2a: Falinks|spd|1\n|-boost|p2a: Falinks|spe|1\n|-start|p2a: Falinks|move: No Retreat\n|\n|upkeep\n|turn|6\n|\n|t:|1733910253\n|move|p2a: Falinks|No Retreat||[still]\n|-fail|p2a: Falinks\n|move|p1a: Skuntank|Toxic Spikes|p2a: Falinks\n|-sidestart|p2: fenlier|move: Toxic Spikes\n|\n|upkeep\n|turn|7\n|\n|t:|1733910258\n|move|p2a: Falinks|Iron Head|p1a: Skuntank\n|-damage|p1a: Skuntank|0 fnt\n|-damage|p2a: Falinks|127/246|[from] ability: Aftermath|[of] p1a: Skuntank\n|faint|p1a: Skuntank\n|\n|upkeep\n|\n|t:|1733910260\n|switch|p1a: Gothitelle|Gothitelle, L90, M|194/272\n|turn|8\n|\n|t:|1733910267\n|move|p2a: Falinks|Iron Head|p1a: Gothitelle\n|-damage|p1a: Gothitelle|121/272\n|cant|p1a: Gothitelle|flinch\n|\n|upkeep\n|turn|9\n|inactive|fehryehy has 120 seconds left.\n|\n|t:|1733910311\n|move|p2a: Falinks|Knock Off|p1a: Gothitelle\n|-supereffective|p1a: Gothitelle\n|-damage|p1a: Gothitelle|0 fnt\n|-enditem|p1a: Gothitelle|Choice Scarf|[from] move: Knock Off|[of] p2a: Falinks\n|faint|p1a: Gothitelle\n|\n|upkeep\n|\n|t:|1733910317\n|switch|p1a: Malamar|Malamar, L82, F|275/275\n|turn|10\n|\n|t:|1733910329\n|-terastallize|p1a: Malamar|Poison\n|move|p2a: Falinks|Knock Off|p1a: Malamar\n|-damage|p1a: Malamar|169/275\n|-enditem|p1a: Malamar|Chesto Berry|[from] move: Knock Off|[of] p2a: Falinks\n|move|p1a: Malamar|Psycho Cut|p2a: Falinks\n|-supereffective|p2a: Falinks\n|-damage|p2a: Falinks|43/246\n|\n|upkeep\n|turn|11\n|\n|t:|1733910343\n|-terastallize|p2a: Falinks|Steel\n|move|p2a: Falinks|Iron Head|p1a: Malamar\n|-crit|p1a: Malamar\n|-damage|p1a: Malamar|0 fnt\n|faint|p1a: Malamar\n|\n|upkeep\n|inactive|fehryehy has 120 seconds left.\n|inactive|fehryehy has 90 seconds left.\n|-message|fehryehy forfeited.\n|\n|win|fenlier\n|raw|fehryehy's rating: 1098 &rarr; <strong>1077</strong><br />(-21 for losing)\n|raw|fenlier's rating: 1147 &rarr; <strong>1168</strong><br />(+21 for winning)\n|l|\u2606fehryehy\n|player|p1|\n", "inputlog": ">version bfd83cad13791eb5a5a409923076391caf6fb4d4\n>start {\"formatid\":\"gen9randombattle\",\"seed\":[23187,19687,32112,35936],\"rated\":\"Rated battle\"}\n>player p1 {\"name\":\"fehryehy\",\"avatar\":\"gambler\",\"rating\":1098,\"seed\":[65082,53439,13874,46259]}\n>player p2 {\"name\":\"fenlier\",\"avatar\":\"266\",\"rating\":1147,\"seed\":[34569,63166,20134,22201]}\n>p1 move psychic\n>p2 move uturn\n>p2 switch 4\n>p1 switch 3\n>p2 move calmmind\n>p1 move knockoff\n>p2 move mysticalfire\n>p1 move gunkshot\n>p2 move mysticalfire\n>p2 switch 6\n>p1 move knockoff\n>p2 move noretreat\n>p1 move toxicspikes\n>p2 move noretreat\n>p1 move toxicspikes\n>p2 move ironhead\n>p1 switch 3\n>p1 move psychic\n>p2 move ironhead\n>p1 move psychic\n>p2 move knockoff\n>p1 switch 4\n>p1 move psychocut terastallize\n>p2 move knockoff\n>p1 move psychocut\n>p2 move ironhead terastallize\n>forcelose p1", "uploadtime": 1733910397, "views": 1, "formatid": "gen9randombattle", "rating": 1077, "private": 0, "password": null}