{"id": "gen9randombattle-2260333999", "format": "[Gen 9] Random Battle", "players": ["DuckyBtw", "Kf guy jnvgh"], "log": "|j|\u2606DuckyBtw\n|j|\u203dKf guy jnvgh\n|t:|1733841087\n|gametype|singles\n|player|p1|DuckyBtw|101|1000\n|player|p2|Kf guy jnvgh|unknown|1000\n|teamsize|p1|6\n|teamsize|p2|6\n|gen|9\n|tier|[Gen 9] Random Battle\n|rated|\n|rule|Species Clause: Limit one of each Pok\u00e9mon\n|rule|HP Percentage Mod: HP is shown in percentages\n|rule|Sleep Clause Mod: Limit one foe put to sleep\n|rule|Illusion Level Mod: Illusion disguises the Pok\u00e9mon's true level\n|\n|t:|1733841087\n|start\n|switch|p1a: Gliscor|Gliscor, L76, F|239/239\n|switch|p2a: Salamence|Salamence, L77, M|273/273\n|turn|1\n|\n|t:|1733841101\n|switch|p2a: Keldeo|Keldeo-Resolute, L79|273/273\n|move|p1a: Gliscor|Toxic|p2a: Keldeo\n|-status|p2a: Keldeo|tox\n|\n|-damage|p2a: Keldeo|256/273 tox|[from] psn\n|-status|p1a: Gliscor|tox|[from] item: Toxic Orb\n|upkeep\n|turn|2\n|inactive|Battle timer is ON: inactive players will automatically lose when time's up. (requested by Kf guy jnvgh)\n|\n|t:|1733841120\n|move|p1a: Gliscor|Protect|p1a: Gliscor\n|-singleturn|p1a: Gliscor|Protect\n|move|p2a: Keldeo|Surf|p1a: Gliscor\n|-activate|p1a: Gliscor|move: Protect\n|\n|-heal|p2a: Keldeo|273/273 tox|[from] item: Leftovers\n|-damage|p2a: Keldeo|239/273 tox|[from] psn\n|upkeep\n|turn|3\n|\n|t:|1733841145\n|switch|p1a: Miraidon|Miraidon, L65|238/238\n|-fieldstart|move: Electric Terrain|[from] ability: Hadron Engine|[of] p1a: Miraidon\n|move|p2a: Keldeo|Surf|p1a: Miraidon\n|-resisted|p1a: Miraidon\n|-damage|p1a: Miraidon|183/238\n|\n|-heal|p2a: Keldeo|256/273 tox|[from] item: Leftovers\n|-damage|p2a: Keldeo|205/273 tox|[from] psn\n|upkeep\n|turn|4\n|inactive|DuckyBtw has 120 seconds left.\n|inactive|Kf guy jnvgh has 120 seconds left.\n|\n|t:|1733841185\n|switch|p2a: Flareon|Flareon, L90, F|263/263\n|move|p1a: Miraidon|Electro Drift|p2a: Flareon\n|-damage|p2a: Flareon|94/263\n|\n|-status|p2a: Flareon|tox|[from] item: Toxic Orb\n|upkeep\n|turn|5\n|inactive|Kf guy jnvgh has 120 seconds left.\n|inactive|DuckyBtw has 120 seconds left.\n|\n|t:|1733841197\n|move|p2a: Flareon|Quick Attack|p1a: Miraidon\n|-damage|p1a: Miraidon|109/238\n|move|p1a: Miraidon|Electro Drift|p2a: Flareon\n|-damage|p2a: Flareon|0 fnt\n|faint|p2a: Flareon\n|\n|upkeep\n|\n|t:|1733841214\n|switch|p2a: Salamence|Salamence, L77, M|273/273\n|turn|6\n|\n|t:|1733841224\n|-terastallize|p2a: Salamence|Ground\n|move|p1a: Miraidon|Electro Drift|p2a: Salamence\n|-immune|p2a: Salamence\n|move|p2a: Salamence|Dragon Dance|p2a: Salamence\n|-boost|p2a: Salamence|atk|1\n|-boost|p2a: Salamence|spe|1\n|\n|upkeep\n|turn|7\n|inactive|Kf guy jnvgh has 120 seconds left.\n|inactive|DuckyBtw has 120 seconds left.\n|\n|t:|1733841250\n|switch|p1a: Medicham|Medicham, L86, F|243/243\n|move|p2a: Salamence|Earthquake|p1a: Medicham\n|-damage|p1a: Medicham|68/243\n|\n|-fieldend|move: Electric Terrain\n|upkeep\n|turn|8\n|inactive|DuckyBtw has 120 seconds left.\n|\n|t:|1733841260\n|move|p2a: Salamence|Earthquake|p1a: Medicham\n|-damage|p1a: Medicham|0 fnt\n|faint|p1a: Medicham\n|-ability|p2a: Salamence|Moxie|boost\n|-boost|p2a: Salamence|atk|1\n|\n|upkeep\n|\n|t:|1733841277\n|switch|p1a: Misdreavus|Misdreavus, L90, M|254/254\n|turn|9\n|\n|t:|1733841288\n|move|p2a: Salamence|Earthquake|p1a: Misdreavus\n|-immune|p1a: Misdreavus|[from] ability: Levitate\n|move|p1a: Misdreavus|Shadow Ball|p2a: Salamence\n|-damage|p2a: Salamence|174/273\n|\n|upkeep\n|turn|10\n|\n|t:|1733841298\n|move|p2a: Salamence|Dragon Dance|p2a: Salamence\n|-boost|p2a: Salamence|atk|1\n|-boost|p2a: Salamence|spe|1\n|move|p1a: Misdreavus|Shadow Ball|p2a: Salamence\n|-damage|p2a: Salamence|74/273\n|-unboost|p2a: Salamence|spd|1\n|\n|upkeep\n|turn|11\n|\n|t:|1733841306\n|move|p2a: Salamence|Outrage|p1a: Misdreavus\n|-damage|p1a: Misdreavus|0 fnt\n|faint|p1a: Misdreavus\n|-ability|p2a: Salamence|Moxie|boost\n|-boost|p2a: Salamence|atk|1\n|\n|upkeep\n|\n|t:|1733841321\n|switch|p1a: Gliscor|Gliscor, L76, F|239/239 tox\n|turn|12\n|\n|t:|1733841328\n|move|p1a: Gliscor|Protect|p1a: Gliscor\n|-singleturn|p1a: Gliscor|Protect\n|move|p2a: Salamence|Outrage|p1a: Gliscor|[from]lockedmove\n|-activate|p1a: Gliscor|move: Protect\n|-start|p2a: Salamence|confusion|[fatigue]\n|\n|upkeep\n|turn|13\n|\n|t:|1733841338\n|-activate|p2a: Salamence|confusion\n|move|p2a: Salamence|Outrage|p1a: Gliscor\n|-damage|p1a: Gliscor|0 fnt\n|faint|p1a: Gliscor\n|-ability|p2a: Salamence|Moxie|boost\n|-boost|p2a: Salamence|atk|1\n|\n|upkeep\n|\n|t:|1733841344\n|switch|p1a: Miraidon|Miraidon, L65|109/238\n|-fieldstart|move: Electric Terrain|[from] ability: Hadron Engine|[of] p1a: Miraidon\n|turn|14\n|inactive|DuckyBtw has 120 seconds left.\n|\n|t:|1733841350\n|-activate|p2a: Salamence|confusion\n|move|p2a: Salamence|Outrage|p1a: Miraidon|[from]lockedmove\n|-supereffective|p1a: Miraidon\n|-crit|p1a: Miraidon\n|-damage|p1a: Miraidon|0 fnt\n|faint|p1a: Miraidon\n|-ability|p2a: Salamence|Moxie|boost\n|-boost|p2a: Salamence|atk|1\n|\n|upkeep\n|inactive|DuckyBtw has 120 seconds left.\n|\n|t:|1733841357\n|switch|p1a: Uxie|Uxie, L83|260/260\n|turn|15\n|inactive|DuckyBtw has 120 seconds left.\n|\n|t:|1733841368\n|-end|p2a: Salamence|confusion\n|move|p2a: Salamence|Outrage|p1a: Uxie\n|-damage|p1a: Uxie|0 fnt\n|faint|p1a: Uxie\n|\n|upkeep\n|inactive|DuckyBtw has 120 seconds left.\n|\n|t:|1733841374\n|switch|p1a: Spidops|Spidops, L96, M|271/271\n|turn|16\n|\n|t:|1733841382\n|move|p2a: Salamence|Outrage|p1a: Spidops|[from]lockedmove\n|-damage|p1a: Spidops|0 fnt\n|faint|p1a: Spidops\n|-start|p2a: Salamence|confusion|[fatigue]\n|\n|win|Kf guy jnvgh\n|raw|DuckyBtw's rating: 1000 &rarr; <strong>1000</strong><br />(+0 for losing)\n|raw|Kf guy jnvgh's rating: 1000 &rarr; <strong>1040</strong><br />(+40 for winning)\n", "inputlog": ">version bfd83cad13791eb5a5a409923076391caf6fb4d4\n>start {\"formatid\":\"gen9randombattle\",\"seed\":[2117,38458,37367,61946],\"rated\":\"Rated battle\"}\n>player p1 {\"name\":\"DuckyBtw\",\"avatar\":\"101\",\"rating\":1000,\"seed\":[37634,42721,48367,31794]}\n>player p2 {\"name\":\"Kf guy jnvgh\",\"avatar\":\"unknown\",\"rating\":1000,\"seed\":[28950,42505,16300,7811]}\n>p1 move toxic\n>p2 switch 3\n>p1 move protect\n>p2 move surf\n>p1 switch 6\n>p2 move surf\n>p1 move electrodrift\n>p2 switch 4\n>p1 move electrodrift\n>p2 move quickattack\n>p2 switch 3\n>p1 move electrodrift\n>p2 move dragondance terastallize\n>p1 switch 5\n>p2 move earthquake\n>p1 move icepunch\n>p2 move earthquake\n>p1 switch 3\n>p1 move shadowball\n>p2 move earthquake\n>p1 move shadowball\n>p2 move dragondance\n>p1 move shadowball\n>p2 move outrage\n>p1 switch 6\n>p1 move protect\n>p2 move outrage\n>p1 move toxic\n>p2 move outrage\n>p1 switch 5\n>p1 move dracometeor\n>p2 move outrage\n>p1 switch 4\n>p1 move psychicnoise\n>p2 move outrage\n>p1 switch 2\n>p1 move circlethrow\n>p2 move outrage", "uploadtime": 1733841394, "views": 7, "formatid": "gen9randombattle", "rating": 1000, "private": 0, "password": null}