{"id": "gen9randombattle-2216490173", "format": "[Gen 9] Random Battle", "players": ["rl4tpepitochocolat", "useemstohavefun"], "log": "|j|\u2606rl4tpepitochocolat\n|j|\u2606useemstohavefun\n|t:|1728139191\n|gametype|singles\n|player|p1|rl4tpepitochocolat|roughneck|2290\n|player|p2|useemstohavefun|thorton|2192\n|teamsize|p1|6\n|teamsize|p2|6\n|gen|9\n|tier|[Gen 9] Random Battle\n|rated|\n|rule|Species Clause: Limit one of each Pok\u00e9mon\n|rule|HP Percentage Mod: HP is shown in percentages\n|rule|Sleep Clause Mod: Limit one foe put to sleep\n|rule|Illusion Level Mod: Illusion disguises the Pok\u00e9mon's true level\n|\n|t:|1728139191\n|start\n|switch|p1a: Dragapult|Dragapult, L77, F|262/262\n|switch|p2a: Hippowdon|Hippowdon, L82, M|311/311\n|-weather|Sandstorm|[from] ability: Sand Stream|[of] p2a: Hippowdon\n|turn|1\n|inactive|Battle timer is ON: inactive players will automatically lose when time's up. (requested by rl4tpepitochocolat)\n|inactive|useemstohavefun also wants the timer to be on.\n|inactive|rl4tpepitochocolat has 120 seconds left.\n|j| RL4T IV$\n|\n|t:|1728139228\n|switch|p1a: Ursaring|Ursaring, L84, F|288/288\n|switch|p2a: Wigglytuff|Wigglytuff, L96, M|424/424\n|\n|-weather|Sandstorm|[upkeep]\n|-damage|p2a: Wigglytuff|398/424|[from] Sandstorm\n|-damage|p1a: Ursaring|270/288|[from] Sandstorm\n|-heal|p2a: Wigglytuff|424/424|[from] item: Leftovers\n|upkeep\n|turn|2\n|\n|t:|1728139237\n|switch|p2a: Hippowdon|Hippowdon, L82, M|311/311\n|move|p1a: Ursaring|Body Slam|p2a: Hippowdon\n|-damage|p2a: Hippowdon|215/311\n|-status|p2a: Hippowdon|par\n|\n|-weather|Sandstorm|[upkeep]\n|-damage|p1a: Ursaring|252/288|[from] Sandstorm\n|-heal|p2a: Hippowdon|234/311 par|[from] item: Leftovers\n|upkeep\n|turn|3\n|\n|t:|1728139245\n|switch|p1a: Suicune|Suicune, L82|298/298\n|-ability|p1a: Suicune|Pressure\n|cant|p2a: Hippowdon|par\n|\n|-weather|Sandstorm|[upkeep]\n|-damage|p1a: Suicune|280/298|[from] Sandstorm\n|-heal|p1a: Suicune|298/298|[from] item: Leftovers\n|-heal|p2a: Hippowdon|253/311 par|[from] item: Leftovers\n|upkeep\n|turn|4\n|\n|t:|1728139253\n|switch|p2a: Tentacruel|Tentacruel, L84, F|272/272\n|move|p1a: Suicune|Substitute|p1a: Suicune\n|-start|p1a: Suicune|Substitute\n|-damage|p1a: Suicune|224/298\n|\n|-weather|Sandstorm|[upkeep]\n|-damage|p2a: Tentacruel|255/272|[from] Sandstorm\n|-damage|p1a: Suicune|206/298|[from] Sandstorm\n|-heal|p1a: Suicune|224/298|[from] item: Leftovers\n|upkeep\n|turn|5\n|\n|t:|1728139259\n|move|p2a: Tentacruel|Sludge Bomb|p1a: Suicune\n|-activate|p1a: Suicune|move: Substitute|[damage]\n|move|p1a: Suicune|Calm Mind|p1a: Suicune\n|-boost|p1a: Suicune|spa|1\n|-boost|p1a: Suicune|spd|1\n|\n|-weather|none\n|-heal|p1a: Suicune|242/298|[from] item: Leftovers\n|upkeep\n|turn|6\n|\n|t:|1728139263\n|move|p2a: Tentacruel|Knock Off|p1a: Suicune\n|-end|p1a: Suicune|Substitute\n|move|p1a: Suicune|Calm Mind|p1a: Suicune\n|-boost|p1a: Suicune|spa|1\n|-boost|p1a: Suicune|spd|1\n|\n|-heal|p1a: Suicune|260/298|[from] item: Leftovers\n|upkeep\n|turn|7\n|\n|t:|1728139267\n|move|p2a: Tentacruel|Knock Off|p1a: Suicune\n|-damage|p1a: Suicune|217/298\n|-enditem|p1a: Suicune|Leftovers|[from] move: Knock Off|[of] p2a: Tentacruel\n|move|p1a: Suicune|Substitute|p1a: Suicune\n|-start|p1a: Suicune|Substitute\n|-damage|p1a: Suicune|143/298\n|\n|upkeep\n|turn|8\n|\n|t:|1728139279\n|move|p2a: Tentacruel|Knock Off|p1a: Suicune\n|-activate|p1a: Suicune|move: Substitute|[damage]\n|move|p1a: Suicune|Scald|p2a: Tentacruel\n|-resisted|p2a: Tentacruel\n|-damage|p2a: Tentacruel|216/272\n|-status|p2a: Tentacruel|brn\n|\n|-damage|p2a: Tentacruel|199/272 brn|[from] brn\n|upkeep\n|turn|9\n|\n|t:|1728139297\n|move|p2a: Tentacruel|Sludge Bomb|p1a: Suicune\n|-crit|p1a: Suicune\n|-end|p1a: Suicune|Substitute\n|move|p1a: Suicune|Scald|p2a: Tentacruel\n|-resisted|p2a: Tentacruel\n|-damage|p2a: Tentacruel|160/272 brn\n|\n|-damage|p2a: Tentacruel|143/272 brn|[from] brn\n|upkeep\n|turn|10\n|\n|t:|1728139301\n|move|p2a: Tentacruel|Sludge Bomb|p1a: Suicune\n|-damage|p1a: Suicune|107/298\n|move|p1a: Suicune|Substitute|p1a: Suicune\n|-start|p1a: Suicune|Substitute\n|-damage|p1a: Suicune|33/298\n|\n|-damage|p2a: Tentacruel|126/272 brn|[from] brn\n|upkeep\n|turn|11\n|\n|t:|1728139315\n|move|p2a: Tentacruel|Sludge Bomb|p1a: Suicune\n|-activate|p1a: Suicune|move: Substitute|[damage]\n|move|p1a: Suicune|Scald|p2a: Tentacruel\n|-resisted|p2a: Tentacruel\n|-damage|p2a: Tentacruel|84/272 brn\n|\n|-damage|p2a: Tentacruel|67/272 brn|[from] brn\n|upkeep\n|turn|12\n|\n|t:|1728139323\n|move|p2a: Tentacruel|Sludge Bomb|p1a: Suicune\n|-activate|p1a: Suicune|move: Substitute|[damage]\n|move|p1a: Suicune|Scald|p2a: Tentacruel\n|-resisted|p2a: Tentacruel\n|-damage|p2a: Tentacruel|25/272 brn\n|\n|-damage|p2a: Tentacruel|8/272 brn|[from] brn\n|upkeep\n|turn|13\n|\n|t:|1728139330\n|move|p2a: Tentacruel|Sludge Bomb|p1a: Suicune\n|-end|p1a: Suicune|Substitute\n|move|p1a: Suicune|Calm Mind|p1a: Suicune\n|-boost|p1a: Suicune|spa|1\n|-boost|p1a: Suicune|spd|1\n|\n|-damage|p2a: Tentacruel|0 fnt|[from] brn\n|faint|p2a: Tentacruel\n|upkeep\n|\n|t:|1728139342\n|switch|p2a: Shaymin|Shaymin-Sky, L73|266/266\n|turn|14\n|\n|t:|1728139355\n|switch|p1a: Dragalge|Dragalge, L88, M|258/258\n|move|p2a: Shaymin|Seed Flare|p1a: Dragalge\n|-resisted|p1a: Dragalge\n|-damage|p1a: Dragalge|236/258\n|-unboost|p1a: Dragalge|spd|2\n|\n|upkeep\n|turn|15\n|\n|t:|1728139385\n|switch|p1a: Ursaring|Ursaring, L84, F|252/288\n|move|p2a: Shaymin|Air Slash|p1a: Ursaring\n|-damage|p1a: Ursaring|195/288\n|\n|upkeep\n|turn|16\n|\n|t:|1728139395\n|switch|p2a: Hippowdon|Hippowdon, L82, M|253/311 par\n|-weather|Sandstorm|[from] ability: Sand Stream|[of] p2a: Hippowdon\n|move|p1a: Ursaring|Body Slam|p2a: Hippowdon\n|-damage|p2a: Hippowdon|157/311 par\n|\n|-weather|Sandstorm|[upkeep]\n|-damage|p1a: Ursaring|177/288|[from] Sandstorm\n|-heal|p2a: Hippowdon|176/311 par|[from] item: Leftovers\n|upkeep\n|turn|17\n|inactive|rl4tpepitochocolat has 120 seconds left.\n|\n|t:|1728139415\n|move|p1a: Ursaring|Body Slam|p2a: Hippowdon\n|-damage|p2a: Hippowdon|83/311 par\n|cant|p2a: Hippowdon|par\n|\n|-weather|Sandstorm|[upkeep]\n|-damage|p1a: Ursaring|159/288|[from] Sandstorm\n|-heal|p2a: Hippowdon|102/311 par|[from] item: Leftovers\n|upkeep\n|turn|18\n|\n|t:|1728139424\n|move|p1a: Ursaring|Rest|p1a: Ursaring\n|-status|p1a: Ursaring|slp|[from] move: Rest\n|-heal|p1a: Ursaring|288/288 slp|[silent]\n|move|p2a: Hippowdon|Slack Off|p2a: Hippowdon\n|-heal|p2a: Hippowdon|258/311 par\n|\n|-weather|Sandstorm|[upkeep]\n|-damage|p1a: Ursaring|270/288 slp|[from] Sandstorm\n|-heal|p2a: Hippowdon|277/311 par|[from] item: Leftovers\n|upkeep\n|turn|19\n|\n|t:|1728139429\n|cant|p1a: Ursaring|slp\n|move|p1a: Ursaring|Sleep Talk|p1a: Ursaring\n|move|p1a: Ursaring|Earthquake|p2a: Hippowdon|[from]move: Sleep Talk\n|-damage|p2a: Hippowdon|164/311 par\n|cant|p2a: Hippowdon|par\n|\n|-weather|Sandstorm|[upkeep]\n|-damage|p1a: Ursaring|252/288 slp|[from] Sandstorm\n|-heal|p2a: Hippowdon|183/311 par|[from] item: Leftovers\n|upkeep\n|turn|20\n|\n|t:|1728139438\n|cant|p1a: Ursaring|slp\n|move|p1a: Ursaring|Sleep Talk|p1a: Ursaring\n|move|p1a: Ursaring|Rest||[from]move: Sleep Talk|[still]\n|-fail|p1a: Ursaring\n|move|p2a: Hippowdon|Curse|p2a: Hippowdon\n|-unboost|p2a: Hippowdon|spe|1\n|-boost|p2a: Hippowdon|atk|1\n|-boost|p2a: Hippowdon|def|1\n|\n|-weather|none\n|-heal|p2a: Hippowdon|202/311 par|[from] item: Leftovers\n|upkeep\n|turn|21\n|\n|t:|1728139448\n|switch|p1a: Suicune|Suicune, L82|33/298\n|-ability|p1a: Suicune|Pressure\n|cant|p2a: Hippowdon|par\n|\n|-heal|p2a: Hippowdon|221/311 par|[from] item: Leftovers\n|upkeep\n|turn|22\n|\n|t:|1728139470\n|switch|p2a: Shaymin|Shaymin-Sky, L73|266/266\n|move|p1a: Suicune|Ice Beam|p2a: Shaymin\n|-supereffective|p2a: Shaymin\n|-damage|p2a: Shaymin|0 fnt\n|faint|p2a: Shaymin\n|\n|upkeep\n|\n|t:|1728139479\n|switch|p2a: Scovillain|Scovillain, L91, M|266/266\n|turn|23\n|\n|t:|1728139486\n|move|p2a: Scovillain|Leech Seed|p1a: Suicune\n|-start|p1a: Suicune|move: Leech Seed\n|move|p1a: Suicune|Scald|p2a: Scovillain\n|-damage|p2a: Scovillain|184/266\n|\n|-heal|p2a: Scovillain|200/266|[from] item: Leftovers\n|-damage|p1a: Suicune|0 fnt|[from] Leech Seed|[of] p2a: Scovillain\n|-heal|p2a: Scovillain|233/266|[silent]\n|faint|p1a: Suicune\n|upkeep\n|\n|t:|1728139493\n|switch|p1a: Dragalge|Dragalge, L88, M|236/258\n|turn|24\n|\n|t:|1728139497\n|switch|p2a: Dragalge|Dragalge, L88, M|258/258\n|move|p1a: Dragalge|Sludge Wave|p2a: Dragalge\n|-resisted|p2a: Dragalge\n|-damage|p2a: Dragalge|207/258\n|\n|upkeep\n|turn|25\n|\n|t:|1728139518\n|switch|p1a: Camerupt|Camerupt, L91, M|275/275\n|move|p2a: Dragalge|Draco Meteor|p1a: Camerupt\n|-crit|p1a: Camerupt\n|-damage|p1a: Camerupt|0 fnt\n|-unboost|p2a: Dragalge|spa|2\n|faint|p1a: Camerupt\n|\n|upkeep\n|\n|t:|1728139533\n|switch|p1a: Dragalge|Dragalge, L88, M|236/258\n|turn|26\n|\n|t:|1728139538\n|switch|p2a: Wigglytuff|Wigglytuff, L96, M|424/424\n|move|p1a: Dragalge|Flip Turn|p2a: Wigglytuff\n|-damage|p2a: Wigglytuff|370/424\n|\n|t:|1728139542\n|switch|p1a: Victreebel|Victreebel, L90, M|290/290|[from] Flip Turn\n|\n|-heal|p2a: Wigglytuff|396/424|[from] item: Leftovers\n|upkeep\n|turn|27\n|\n|t:|1728139548\n|switch|p2a: Scovillain|Scovillain, L91, M|233/266\n|move|p1a: Victreebel|Sunny Day|p1a: Victreebel\n|-weather|SunnyDay\n|\n|-weather|SunnyDay|[upkeep]\n|-heal|p2a: Scovillain|249/266|[from] item: Leftovers\n|upkeep\n|turn|28\n|\n|t:|1728139554\n|-terastallize|p1a: Victreebel|Fire\n|move|p2a: Scovillain|Flamethrower|p1a: Victreebel\n|-resisted|p1a: Victreebel\n|-damage|p1a: Victreebel|188/290\n|move|p1a: Victreebel|Sludge Wave|p2a: Scovillain\n|-supereffective|p2a: Scovillain\n|-damage|p2a: Scovillain|0 fnt\n|faint|p2a: Scovillain\n|-damage|p1a: Victreebel|159/290|[from] item: Life Orb\n|\n|-weather|SunnyDay|[upkeep]\n|upkeep\n|\n|t:|1728139560\n|switch|p2a: Dragalge|Dragalge, L88, M|207/258\n|turn|29\n|\n|t:|1728139566\n|switch|p1a: Ursaring|Ursaring, L84, F|252/288 slp\n|move|p2a: Dragalge|Dragon Tail|p1a: Ursaring\n|-damage|p1a: Ursaring|198/288 slp\n|drag|p1a: Victreebel|Victreebel, L90, M, tera:Fire|159/290\n|\n|-weather|SunnyDay|[upkeep]\n|upkeep\n|turn|30\n|\n|t:|1728139579\n|move|p1a: Victreebel|Weather Ball|p2a: Dragalge\n|-resisted|p2a: Dragalge\n|-damage|p2a: Dragalge|145/258\n|-damage|p1a: Victreebel|130/290|[from] item: Life Orb\n|move|p2a: Dragalge|Sludge Wave|p1a: Victreebel\n|-damage|p1a: Victreebel|0 fnt\n|faint|p1a: Victreebel\n|\n|-weather|SunnyDay|[upkeep]\n|upkeep\n|\n|t:|1728139601\n|switch|p1a: Dragapult|Dragapult, L77, F|262/262\n|turn|31\n|\n|t:|1728139605\n|switch|p2a: Wigglytuff|Wigglytuff, L96, M|396/424\n|move|p1a: Dragapult|Dragon Darts|p2a: Wigglytuff\n|-immune|p2a: Wigglytuff\n|\n|-weather|none\n|-heal|p2a: Wigglytuff|422/424|[from] item: Leftovers\n|upkeep\n|turn|32\n|\n|t:|1728139617\n|switch|p1a: Ursaring|Ursaring, L84, F|198/288 slp\n|move|p2a: Wigglytuff|Dazzling Gleam|p1a: Ursaring\n|-damage|p1a: Ursaring|117/288 slp\n|\n|-heal|p2a: Wigglytuff|424/424|[from] item: Leftovers\n|upkeep\n|turn|33\n|\n|t:|1728139626\n|-curestatus|p1a: Ursaring|slp|[msg]\n|move|p1a: Ursaring|Body Slam|p2a: Wigglytuff\n|-damage|p2a: Wigglytuff|268/424\n|-status|p2a: Wigglytuff|par\n|move|p2a: Wigglytuff|Dazzling Gleam|p1a: Ursaring\n|-crit|p1a: Ursaring\n|-damage|p1a: Ursaring|6/288\n|\n|-heal|p2a: Wigglytuff|294/424 par|[from] item: Leftovers\n|upkeep\n|turn|34\n|\n|t:|1728139634\n|switch|p2a: Hippowdon|Hippowdon, L82, M|221/311 par\n|-weather|Sandstorm|[from] ability: Sand Stream|[of] p2a: Hippowdon\n|move|p1a: Ursaring|Rest|p1a: Ursaring\n|-status|p1a: Ursaring|slp|[from] move: Rest\n|-heal|p1a: Ursaring|288/288 slp|[silent]\n|\n|-weather|Sandstorm|[upkeep]\n|-damage|p1a: Ursaring|270/288 slp|[from] Sandstorm\n|-heal|p2a: Hippowdon|240/311 par|[from] item: Leftovers\n|upkeep\n|turn|35\n|\n|t:|1728139637\n|cant|p1a: Ursaring|slp\n|move|p1a: Ursaring|Sleep Talk|p1a: Ursaring\n|move|p1a: Ursaring|Earthquake|p2a: Hippowdon|[from]move: Sleep Talk\n|-damage|p2a: Hippowdon|130/311 par\n|move|p2a: Hippowdon|Curse|p2a: Hippowdon\n|-unboost|p2a: Hippowdon|spe|1\n|-boost|p2a: Hippowdon|atk|1\n|-boost|p2a: Hippowdon|def|1\n|\n|-weather|Sandstorm|[upkeep]\n|-damage|p1a: Ursaring|252/288 slp|[from] Sandstorm\n|-heal|p2a: Hippowdon|149/311 par|[from] item: Leftovers\n|upkeep\n|turn|36\n|\n|t:|1728139646\n|cant|p1a: Ursaring|slp\n|move|p1a: Ursaring|Sleep Talk|p1a: Ursaring\n|move|p1a: Ursaring|Rest||[from]move: Sleep Talk|[still]\n|-fail|p1a: Ursaring\n|cant|p2a: Hippowdon|par\n|\n|-weather|Sandstorm|[upkeep]\n|-damage|p1a: Ursaring|234/288 slp|[from] Sandstorm\n|-heal|p2a: Hippowdon|168/311 par|[from] item: Leftovers\n|upkeep\n|turn|37\n|l| RL4T IV$\n|\n|t:|1728139667\n|switch|p1a: Dragapult|Dragapult, L77, F|262/262\n|move|p2a: Hippowdon|Slack Off|p2a: Hippowdon\n|-heal|p2a: Hippowdon|311/311 par\n|\n|-weather|Sandstorm|[upkeep]\n|-damage|p1a: Dragapult|246/262|[from] Sandstorm\n|upkeep\n|turn|38\n|\n|t:|1728139675\n|switch|p1a: Dragalge|Dragalge, L88, M|236/258\n|move|p2a: Hippowdon|Earthquake|p1a: Dragalge\n|-supereffective|p1a: Dragalge\n|-damage|p1a: Dragalge|0 fnt\n|faint|p1a: Dragalge\n|\n|-weather|none\n|upkeep\n|\n|t:|1728139681\n|switch|p1a: Dragapult|Dragapult, L77, F|246/262\n|turn|39\n|\n|t:|1728139686\n|move|p1a: Dragapult|Fire Blast|p2a: Hippowdon\n|-damage|p2a: Hippowdon|203/311 par\n|-damage|p1a: Dragapult|220/262|[from] item: Life Orb\n|cant|p2a: Hippowdon|par\n|\n|-heal|p2a: Hippowdon|222/311 par|[from] item: Leftovers\n|upkeep\n|turn|40\n|\n|t:|1728139691\n|move|p1a: Dragapult|Fire Blast|p2a: Hippowdon\n|-damage|p2a: Hippowdon|127/311 par\n|-damage|p1a: Dragapult|194/262|[from] item: Life Orb\n|move|p2a: Hippowdon|Slack Off|p2a: Hippowdon\n|-heal|p2a: Hippowdon|283/311 par\n|\n|-heal|p2a: Hippowdon|302/311 par|[from] item: Leftovers\n|upkeep\n|turn|41\n|\n|t:|1728139698\n|move|p1a: Dragapult|Dragon Dance|p1a: Dragapult\n|-boost|p1a: Dragapult|atk|1\n|-boost|p1a: Dragapult|spe|1\n|move|p2a: Hippowdon|Earthquake|p1a: Dragapult\n|-damage|p1a: Dragapult|0 fnt\n|faint|p1a: Dragapult\n|\n|-heal|p2a: Hippowdon|311/311 par|[from] item: Leftovers\n|upkeep\n|\n|t:|1728139701\n|switch|p1a: Ursaring|Ursaring, L84, F|234/288 slp\n|turn|42\n|\n|t:|1728139704\n|-curestatus|p1a: Ursaring|slp|[msg]\n|move|p1a: Ursaring|Body Slam|p2a: Hippowdon\n|-damage|p2a: Hippowdon|244/311 par\n|move|p2a: Hippowdon|Curse|p2a: Hippowdon\n|-unboost|p2a: Hippowdon|spe|1\n|-boost|p2a: Hippowdon|atk|1\n|-boost|p2a: Hippowdon|def|1\n|\n|-heal|p2a: Hippowdon|263/311 par|[from] item: Leftovers\n|upkeep\n|turn|43\n|\n|t:|1728139713\n|move|p1a: Ursaring|Body Slam|p2a: Hippowdon\n|-damage|p2a: Hippowdon|218/311 par\n|move|p2a: Hippowdon|Curse|p2a: Hippowdon\n|-unboost|p2a: Hippowdon|spe|1\n|-boost|p2a: Hippowdon|atk|1\n|-boost|p2a: Hippowdon|def|1\n|\n|-heal|p2a: Hippowdon|237/311 par|[from] item: Leftovers\n|upkeep\n|turn|44\n|\n|t:|1728139722\n|move|p1a: Ursaring|Body Slam|p2a: Hippowdon\n|-damage|p2a: Hippowdon|197/311 par\n|move|p2a: Hippowdon|Earthquake|p1a: Ursaring\n|-damage|p1a: Ursaring|12/288\n|\n|-heal|p2a: Hippowdon|216/311 par|[from] item: Leftovers\n|upkeep\n|turn|45\n|\n|t:|1728139727\n|move|p1a: Ursaring|Rest|p1a: Ursaring\n|-status|p1a: Ursaring|slp|[from] move: Rest\n|-heal|p1a: Ursaring|288/288 slp|[silent]\n|cant|p2a: Hippowdon|par\n|\n|-heal|p2a: Hippowdon|235/311 par|[from] item: Leftovers\n|upkeep\n|turn|46\n|\n|t:|1728139736\n|cant|p1a: Ursaring|slp\n|move|p1a: Ursaring|Sleep Talk|p1a: Ursaring\n|move|p1a: Ursaring|Earthquake|p2a: Hippowdon|[from]move: Sleep Talk\n|-damage|p2a: Hippowdon|188/311 par\n|cant|p2a: Hippowdon|par\n|\n|-heal|p2a: Hippowdon|207/311 par|[from] item: Leftovers\n|upkeep\n|turn|47\n|\n|t:|1728139744\n|cant|p1a: Ursaring|slp\n|move|p1a: Ursaring|Sleep Talk|p1a: Ursaring\n|move|p1a: Ursaring|Earthquake|p2a: Hippowdon|[from]move: Sleep Talk\n|-damage|p2a: Hippowdon|163/311 par\n|move|p2a: Hippowdon|Earthquake|p1a: Ursaring\n|-damage|p1a: Ursaring|71/288 slp\n|\n|-heal|p2a: Hippowdon|182/311 par|[from] item: Leftovers\n|upkeep\n|turn|48\n|\n|t:|1728139757\n|-curestatus|p1a: Ursaring|slp|[msg]\n|move|p1a: Ursaring|Body Slam|p2a: Hippowdon\n|-damage|p2a: Hippowdon|142/311 par\n|move|p2a: Hippowdon|Slack Off|p2a: Hippowdon\n|-heal|p2a: Hippowdon|298/311 par\n|\n|-heal|p2a: Hippowdon|311/311 par|[from] item: Leftovers\n|upkeep\n|turn|49\n|c|\u2606useemstohavefun|gg\n|\n|t:|1728139784\n|move|p1a: Ursaring|Rest|p1a: Ursaring\n|-status|p1a: Ursaring|slp|[from] move: Rest\n|-heal|p1a: Ursaring|288/288 slp|[silent]\n|move|p2a: Hippowdon|Earthquake|p1a: Ursaring\n|-damage|p1a: Ursaring|66/288 slp\n|\n|upkeep\n|turn|50\n|\n|t:|1728139793\n|cant|p1a: Ursaring|slp\n|move|p1a: Ursaring|Sleep Talk|p1a: Ursaring\n|move|p1a: Ursaring|Rest||[from]move: Sleep Talk|[still]\n|-fail|p1a: Ursaring\n|cant|p2a: Hippowdon|par\n|\n|upkeep\n|turn|51\n|\n|t:|1728139799\n|cant|p1a: Ursaring|slp\n|move|p1a: Ursaring|Sleep Talk|p1a: Ursaring\n|move|p1a: Ursaring|Body Slam|p2a: Hippowdon|[from]move: Sleep Talk\n|-damage|p2a: Hippowdon|253/311 par\n|move|p2a: Hippowdon|Earthquake|p1a: Ursaring\n|-damage|p1a: Ursaring|0 fnt\n|faint|p1a: Ursaring\n|\n|win|useemstohavefun\n|raw|rl4tpepitochocolat's rating: 2290 &rarr; <strong>2265</strong><br />(-25 for losing)\n|raw|useemstohavefun's rating: 2192 &rarr; <strong>2217</strong><br />(+25 for winning)\n", "inputlog": ">version 86ae7daf8e420bb3f6c82a6a988ddcc1b1aa7e58\n>start {\"formatid\":\"gen9randombattle\",\"seed\":[34225,6302,24777,45387],\"rated\":\"Rated battle\"}\n>player p1 {\"name\":\"rl4tpepitochocolat\",\"avatar\":\"roughneck\",\"rating\":2290,\"seed\":[31579,11282,48799,62666]}\n>player p2 {\"name\":\"useemstohavefun\",\"avatar\":\"thorton\",\"rating\":2192,\"seed\":[32422,35396,40656,39885]}\n>p1 switch 6\n>p2 switch 6\n>p1 move bodyslam\n>p2 switch 6\n>p1 switch 4\n>p2 move curse\n>p1 move substitute\n>p2 switch 4\n>p1 move calmmind\n>p2 move sludgebomb\n>p1 move calmmind\n>p2 move knockoff\n>p1 move substitute\n>p2 move knockoff\n>p1 move scald\n>p2 move knockoff\n>p1 move scald\n>p2 move sludgebomb\n>p1 move substitute\n>p2 move sludgebomb\n>p1 move scald\n>p2 move sludgebomb\n>p1 move scald\n>p2 move sludgebomb\n>p1 move calmmind\n>p2 move sludgebomb\n>p2 switch 2\n>p1 switch 3\n>p2 move seedflare\n>p1 switch 4\n>p2 move airslash\n>p1 move bodyslam\n>p2 switch 4\n>p1 move bodyslam\n>p2 move slackoff\n>p1 move rest\n>p2 move slackoff\n>p1 move sleeptalk\n>p2 move curse\n>p1 move sleeptalk\n>p2 move curse\n>p1 switch 3\n>p2 move earthquake\n>p1 move icebeam\n>p2 switch 4\n>p2 switch 3\n>p1 move scald\n>p2 move leechseed\n>p1 switch 4\n>p1 move sludgewave\n>p2 switch 5\n>p1 switch 5\n>p2 move dracometeor\n>p1 switch 5\n>p1 move flipturn\n>p2 switch 6\n>p1 switch 2\n>p1 move sunnyday\n>p2 switch 5\n>p1 move sludgewave terastallize\n>p2 move flamethrower\n>p2 switch 6\n>p1 switch 3\n>p2 move dragontail\n>p1 move weatherball\n>p2 move sludgewave\n>p1 switch 6\n>p1 move dragondarts\n>p2 switch 5\n>p1 switch 3\n>p2 move dazzlinggleam\n>p1 move bodyslam\n>p2 move dazzlinggleam\n>p1 move rest\n>p2 switch 4\n>p1 move sleeptalk\n>p2 move curse\n>p1 move sleeptalk\n>p2 move slackoff\n>p1 switch 3\n>p2 move slackoff\n>p1 switch 2\n>p2 move earthquake\n>p1 switch 2\n>p1 move fireblast\n>p2 move curse\n>p1 move fireblast\n>p2 move slackoff\n>p1 move dragondance\n>p2 move earthquake\n>p1 switch 3\n>p1 move bodyslam\n>p2 move curse\n>p1 move bodyslam\n>p2 move curse\n>p1 move bodyslam\n>p2 move earthquake\n>p1 move rest\n>p2 move earthquake\n>p1 move sleeptalk\n>p2 move earthquake\n>p1 move sleeptalk\n>p2 move earthquake\n>p1 move bodyslam\n>p2 move slackoff\n>chat \u2606useemstohavefun|gg\n>p1 move rest\n>p2 move earthquake\n>p1 move sleeptalk\n>p2 move earthquake\n>p1 move sleeptalk\n>p2 move earthquake", "uploadtime": 1728139817, "views": 68, "formatid": "gen9randombattle", "rating": 2217, "private": 0, "password": null}