{"id": "gen9randombattle-2260722014", "format": "[Gen 9] Random Battle", "players": ["Gacko05", "xanduffy"], "log": "|j|\u2606Gacko05\n|j|\u2606xanduffy\n|t:|1733882929\n|gametype|singles\n|player|p1|Gacko05|lucas-gen4pt|1191\n|player|p2|xanduffy|2|1187\n|teamsize|p1|6\n|teamsize|p2|6\n|gen|9\n|tier|[Gen 9] Random Battle\n|rated|\n|rule|Species Clause: Limit one of each Pok\u00e9mon\n|rule|HP Percentage Mod: HP is shown in percentages\n|rule|Sleep Clause Mod: Limit one foe put to sleep\n|rule|Illusion Level Mod: Illusion disguises the Pok\u00e9mon's true level\n|\n|t:|1733882929\n|start\n|switch|p1a: Goodra|Goodra, L85, M|292/292\n|switch|p2a: Qwilfish|Qwilfish-Hisui, L83, M|244/244\n|-ability|p2a: Qwilfish|Intimidate|boost\n|-unboost|p1a: Goodra|atk|1\n|turn|1\n|inactive|Battle timer is ON: inactive players will automatically lose when time's up. (requested by Gacko05)\n|\n|t:|1733882943\n|move|p2a: Qwilfish|Spikes|p1a: Goodra\n|-sidestart|p1: Gacko05|Spikes\n|move|p1a: Goodra|Earthquake|p2a: Qwilfish\n|-supereffective|p2a: Qwilfish\n|-damage|p2a: Qwilfish|168/244\n|\n|upkeep\n|turn|2\n|\n|t:|1733882949\n|switch|p1a: Registeel|Registeel, L81|262/262\n|-damage|p1a: Registeel|230/262|[from] Spikes\n|move|p2a: Qwilfish|Toxic Spikes|p1a: Registeel\n|-sidestart|p1: Gacko05|move: Toxic Spikes\n|\n|-heal|p1a: Registeel|246/262|[from] item: Leftovers\n|upkeep\n|turn|3\n|\n|t:|1733882959\n|move|p2a: Qwilfish|Spikes|p1a: Registeel\n|-sidestart|p1: Gacko05|Spikes\n|move|p1a: Registeel|Iron Defense|p1a: Registeel\n|-boost|p1a: Registeel|def|2\n|\n|-heal|p1a: Registeel|262/262|[from] item: Leftovers\n|upkeep\n|turn|4\n|\n|t:|1733882965\n|move|p2a: Qwilfish|Toxic Spikes|p1a: Registeel\n|-sidestart|p1: Gacko05|move: Toxic Spikes\n|move|p1a: Registeel|Iron Defense|p1a: Registeel\n|-boost|p1a: Registeel|def|2\n|\n|upkeep\n|turn|5\n|\n|t:|1733882995\n|switch|p2a: Illumise|Illumise, L91, F|266/266\n|move|p1a: Registeel|Thunder Wave|p2a: Illumise\n|-status|p2a: Illumise|par\n|\n|upkeep\n|turn|6\n|\n|t:|1733883007\n|move|p2a: Illumise|Encore|p1a: Registeel\n|-start|p1a: Registeel|Encore\n|move|p1a: Registeel|Thunder Wave|p2a: Illumise\n|-fail|p2a: Illumise|par\n|\n|upkeep\n|turn|7\n|\n|t:|1733883023\n|move|p2a: Illumise|Thunder Wave|p1a: Registeel\n|-status|p1a: Registeel|par\n|move|p1a: Registeel|Thunder Wave|p2a: Illumise\n|-fail|p2a: Illumise|par\n|\n|upkeep\n|turn|8\n|\n|t:|1733883036\n|switch|p1a: Flareon|Flareon, L90, F|263/263\n|-damage|p1a: Flareon|220/263|[from] Spikes\n|-status|p1a: Flareon|tox\n|move|p2a: Illumise|Bug Buzz|p1a: Flareon\n|-resisted|p1a: Flareon\n|-damage|p1a: Flareon|184/263 tox\n|\n|-damage|p1a: Flareon|168/263 tox|[from] psn\n|upkeep\n|turn|9\n|\n|t:|1733883051\n|switch|p2a: Qwilfish|Qwilfish-Hisui, L83, M|168/244\n|-ability|p2a: Qwilfish|Intimidate|boost\n|-unboost|p1a: Flareon|atk|1\n|move|p1a: Flareon|Facade|p2a: Qwilfish\n|-damage|p2a: Qwilfish|76/244\n|\n|-damage|p1a: Flareon|136/263 tox|[from] psn\n|upkeep\n|turn|10\n|inactive|xanduffy has 120 seconds left.\n|\n|t:|1733883073\n|move|p2a: Qwilfish|Spikes|p1a: Flareon\n|-sidestart|p1: Gacko05|Spikes\n|move|p1a: Flareon|Facade|p2a: Qwilfish\n|-damage|p2a: Qwilfish|0 fnt\n|faint|p2a: Qwilfish\n|\n|-damage|p1a: Flareon|88/263 tox|[from] psn\n|upkeep\n|inactive|xanduffy has 120 seconds left.\n|\n|t:|1733883087\n|switch|p2a: Oinkologne|Oinkologne, L92, M|352/352\n|turn|11\n|inactive|xanduffy has 120 seconds left.\n|\n|t:|1733883110\n|move|p2a: Oinkologne|Double-Edge|p1a: Flareon\n|-damage|p1a: Flareon|0 fnt\n|faint|p1a: Flareon\n|-damage|p2a: Oinkologne|323/352|[from] Recoil\n|\n|-heal|p2a: Oinkologne|345/352|[from] item: Leftovers\n|upkeep\n|\n|t:|1733883118\n|switch|p1a: Registeel|Registeel, L81|262/262 par\n|-damage|p1a: Registeel|197/262 par|[from] Spikes\n|turn|12\n|\n|t:|1733883131\n|-terastallize|p2a: Oinkologne|Ground\n|move|p2a: Oinkologne|High Horsepower|p1a: Registeel\n|-supereffective|p1a: Registeel\n|-damage|p1a: Registeel|45/262 par\n|move|p1a: Registeel|Iron Defense|p1a: Registeel\n|-boost|p1a: Registeel|def|2\n|\n|-heal|p2a: Oinkologne|352/352|[from] item: Leftovers\n|-heal|p1a: Registeel|61/262 par|[from] item: Leftovers\n|upkeep\n|turn|13\n|\n|t:|1733883160\n|move|p2a: Oinkologne|High Horsepower|p1a: Registeel\n|-supereffective|p1a: Registeel\n|-damage|p1a: Registeel|0 fnt\n|faint|p1a: Registeel\n|\n|upkeep\n|inactive|Gacko05 has 120 seconds left.\n|\n|t:|1733883188\n|switch|p1a: Oricorio|Oricorio-Pa'u, L87, M|272/272\n|turn|14\n|inactive|xanduffy has 120 seconds left.\n|\n|t:|1733883206\n|move|p1a: Oricorio|Quiver Dance|p1a: Oricorio\n|-boost|p1a: Oricorio|spa|1\n|-boost|p1a: Oricorio|spd|1\n|-boost|p1a: Oricorio|spe|1\n|move|p2a: Oinkologne|Lash Out|p1a: Oricorio\n|-supereffective|p1a: Oricorio\n|-damage|p1a: Oricorio|128/272\n|\n|upkeep\n|turn|15\n|inactive|xanduffy has 120 seconds left.\n|\n|t:|1733883219\n|move|p1a: Oricorio|Revelation Dance|p2a: Oinkologne\n|-damage|p2a: Oinkologne|201/352\n|move|p2a: Oinkologne|Double-Edge|p1a: Oricorio\n|-damage|p1a: Oricorio|0 fnt\n|faint|p1a: Oricorio\n|-damage|p2a: Oinkologne|159/352|[from] Recoil\n|\n|-heal|p2a: Oinkologne|181/352|[from] item: Leftovers\n|upkeep\n|\n|t:|1733883232\n|switch|p1a: Goodra|Goodra, L85, M|292/292\n|-damage|p1a: Goodra|219/292|[from] Spikes\n|-status|p1a: Goodra|tox\n|turn|16\n|\n|t:|1733883239\n|move|p1a: Goodra|Scald|p2a: Oinkologne\n|-supereffective|p2a: Oinkologne\n|-damage|p2a: Oinkologne|63/352\n|move|p2a: Oinkologne|Double-Edge|p1a: Goodra\n|-damage|p1a: Goodra|24/292 tox\n|-damage|p2a: Oinkologne|0 fnt|[from] Recoil\n|faint|p2a: Oinkologne\n|\n|-damage|p1a: Goodra|6/292 tox|[from] psn\n|upkeep\n|inactive|xanduffy has 120 seconds left.\n|\n|t:|1733883259\n|switch|p2a: Cloyster|Cloyster, L80, F|211/211\n|turn|17\n|inactive|Gacko05 has 120 seconds left.\n|\n|t:|1733883280\n|move|p1a: Goodra|Draco Meteor|p2a: Cloyster\n|-damage|p2a: Cloyster|0 fnt\n|-unboost|p1a: Goodra|spa|2\n|faint|p2a: Cloyster\n|\n|-damage|p1a: Goodra|0 fnt|[from] psn\n|faint|p1a: Goodra\n|upkeep\n|\n|t:|1733883291\n|switch|p1a: Conkeldurr|Conkeldurr, L80, F|299/299\n|switch|p2a: Illumise|Illumise, L91, F|266/266 par\n|-damage|p1a: Conkeldurr|225/299|[from] Spikes\n|-status|p1a: Conkeldurr|tox\n|turn|18\n|\n|t:|1733883304\n|move|p1a: Conkeldurr|Facade|p2a: Illumise\n|-damage|p2a: Illumise|84/266 par\n|cant|p2a: Illumise|par\n|\n|-damage|p1a: Conkeldurr|207/299 tox|[from] psn\n|upkeep\n|turn|19\n|\n|t:|1733883316\n|move|p2a: Illumise|Roost|p2a: Illumise\n|-heal|p2a: Illumise|217/266 par\n|-singleturn|p2a: Illumise|move: Roost\n|move|p1a: Conkeldurr|Facade|p2a: Illumise\n|-damage|p2a: Illumise|25/266 par\n|\n|-damage|p1a: Conkeldurr|171/299 tox|[from] psn\n|upkeep\n|turn|20\n|\n|t:|1733883324\n|cant|p2a: Illumise|par\n|move|p1a: Conkeldurr|Facade|p2a: Illumise\n|-damage|p2a: Illumise|0 fnt\n|faint|p2a: Illumise\n|\n|-damage|p1a: Conkeldurr|117/299 tox|[from] psn\n|upkeep\n|inactive|xanduffy has 120 seconds left.\n|\n|t:|1733883353\n|switch|p2a: Deoxys|Deoxys-Speed, L82|216/216\n|-ability|p2a: Deoxys|Pressure\n|turn|21\n|inactive|xanduffy has 120 seconds left.\n|\n|t:|1733883361\n|move|p2a: Deoxys|Psycho Boost|p1a: Conkeldurr\n|-supereffective|p1a: Conkeldurr\n|-damage|p1a: Conkeldurr|0 fnt\n|-unboost|p2a: Deoxys|spa|2\n|faint|p1a: Conkeldurr\n|-damage|p2a: Deoxys|195/216|[from] item: Life Orb\n|\n|upkeep\n|\n|t:|1733883364\n|switch|p1a: Terapagos|Terapagos, L76, M|262/262\n|-activate|p1a: Terapagos|ability: Tera Shift\n|detailschange|p1a: Terapagos|Terapagos-Terastal, L76, M\n|-heal|p1a: Terapagos|269/269|[silent]\n|turn|22\n|inactive|xanduffy has 120 seconds left.\n|\n|t:|1733883408\n|-terastallize|p1a: Terapagos|Stellar\n|detailschange|p1a: Terapagos|Terapagos-Stellar, L76, M, tera:Stellar\n|-heal|p1a: Terapagos|368/368|[silent]\n|move|p2a: Deoxys|Knock Off|p1a: Terapagos\n|-damage|p1a: Terapagos|290/368\n|-enditem|p1a: Terapagos|Heavy-Duty Boots|[from] move: Knock Off|[of] p2a: Deoxys\n|-damage|p2a: Deoxys|174/216|[from] item: Life Orb\n|move|p1a: Terapagos|Calm Mind|p1a: Terapagos\n|-boost|p1a: Terapagos|spa|1\n|-boost|p1a: Terapagos|spd|1\n|\n|upkeep\n|turn|23\n|inactive|xanduffy has 90 seconds left.\n|inactive|Gacko05 has 120 seconds left.\n|\n|t:|1733883452\n|move|p2a: Deoxys|Psycho Boost|p1a: Terapagos\n|-damage|p1a: Terapagos|238/368\n|-unboost|p2a: Deoxys|spa|2\n|-damage|p2a: Deoxys|153/216|[from] item: Life Orb\n|move|p1a: Terapagos|Calm Mind|p1a: Terapagos\n|-boost|p1a: Terapagos|spa|1\n|-boost|p1a: Terapagos|spd|1\n|\n|upkeep\n|turn|24\n|\n|t:|1733883460\n|move|p2a: Deoxys|Superpower|p1a: Terapagos\n|-supereffective|p1a: Terapagos\n|-damage|p1a: Terapagos|51/368\n|-unboost|p2a: Deoxys|atk|1\n|-unboost|p2a: Deoxys|def|1\n|-damage|p2a: Deoxys|132/216|[from] item: Life Orb\n|move|p1a: Terapagos|Calm Mind|p1a: Terapagos\n|-boost|p1a: Terapagos|spa|1\n|-boost|p1a: Terapagos|spd|1\n|\n|upkeep\n|turn|25\n|\n|t:|1733883464\n|move|p2a: Deoxys|Superpower|p1a: Terapagos\n|-supereffective|p1a: Terapagos\n|-damage|p1a: Terapagos|0 fnt\n|-unboost|p2a: Deoxys|atk|1\n|-unboost|p2a: Deoxys|def|1\n|faint|p1a: Terapagos\n|-damage|p2a: Deoxys|111/216|[from] item: Life Orb\n|\n|win|xanduffy\n|raw|Gacko05's rating: 1191 &rarr; <strong>1166</strong><br />(-25 for losing)\n|raw|xanduffy's rating: 1187 &rarr; <strong>1212</strong><br />(+25 for winning)\n|l|\u2606Gacko05\n|player|p1|\n|c|\u2606xanduffy|greedy\n", "inputlog": ">version bfd83cad13791eb5a5a409923076391caf6fb4d4\n>start {\"formatid\":\"gen9randombattle\",\"seed\":[62512,15684,35391,55098],\"rated\":\"Rated battle\"}\n>player p1 {\"name\":\"Gacko05\",\"avatar\":\"lucas-gen4pt\",\"rating\":1191,\"seed\":[30473,39836,52526,33943]}\n>player p2 {\"name\":\"xanduffy\",\"avatar\":\"2\",\"rating\":1187,\"seed\":[62762,19018,4135,35658]}\n>p1 move earthquake\n>p2 move spikes\n>p1 switch 2\n>p2 move toxicspikes\n>p1 move irondefense\n>p2 move spikes\n>p1 move irondefense\n>p2 move toxicspikes\n>p1 move thunderwave\n>p2 switch 4\n>p1 move bodypress\n>p2 move encore\n>p1 move thunderwave\n>p2 move thunderwave\n>p1 switch 4\n>p2 move bugbuzz\n>p1 move facade\n>p2 switch 4\n>p1 move facade\n>p2 move spikes\n>p2 switch 6\n>p1 move facade\n>p2 move doubleedge\n>p1 switch 4\n>p1 move irondefense\n>p2 move highhorsepower terastallize\n>p1 move bodypress\n>p2 move highhorsepower\n>p1 switch 3\n>p1 move quiverdance\n>p2 move lashout\n>p1 move revelationdance\n>p2 move doubleedge\n>p1 switch 2\n>p1 move scald\n>p2 move doubleedge\n>p2 switch 3\n>p1 move dracometeor\n>p2 move shellsmash\n>p1 switch 6\n>p2 switch 4\n>p1 move facade\n>p2 move bugbuzz\n>p1 move facade\n>p2 move roost\n>p1 move facade\n>p2 move roost\n>p2 switch 5\n>p1 move knockoff\n>p2 move psychoboost\n>p1 switch 5\n>p1 move calmmind terastallize\n>p2 move knockoff\n>p1 move calmmind\n>p2 move psychoboost\n>p1 move calmmind\n>p2 move superpower\n>p1 move terastarstorm\n>p2 move superpower", "uploadtime": 1733883492, "views": 3, "formatid": "gen9randombattle", "rating": 1166, "private": 0, "password": null}