{"id": "gen9randombattle-2260819752", "format": "[Gen 9] Random Battle", "players": ["fifachu", "BlakeyPear"], "log": "|j|\u2606fifachu\n|j|\u2606BlakeyPear\n|t:|1733897886\n|gametype|singles\n|player|p1|fifachu|170|1509\n|player|p2|BlakeyPear|burglar|1468\n|teamsize|p1|6\n|teamsize|p2|6\n|gen|9\n|tier|[Gen 9] Random Battle\n|rated|\n|rule|Species Clause: Limit one of each Pok\u00e9mon\n|rule|HP Percentage Mod: HP is shown in percentages\n|rule|Sleep Clause Mod: Limit one foe put to sleep\n|rule|Illusion Level Mod: Illusion disguises the Pok\u00e9mon's true level\n|\n|t:|1733897886\n|start\n|switch|p1a: Gengar|Gengar, L81, M|230/230\n|switch|p2a: Gengar|Gengar, L81, M|230/230\n|turn|1\n|\n|t:|1733897899\n|move|p1a: Gengar|Shadow Ball|p2a: Gengar\n|-supereffective|p2a: Gengar\n|-damage|p2a: Gengar|0 fnt\n|-start|p1a: Gengar|Disable|Shadow Ball|[from] ability: Cursed Body|[of] p2a: Gengar\n|faint|p2a: Gengar\n|-damage|p1a: Gengar|207/230|[from] item: Life Orb\n|\n|upkeep\n|\n|t:|1733897910\n|switch|p2a: Noivern|Noivern, L82, F|274/274\n|turn|2\n|\n|t:|1733897922\n|switch|p1a: Klefki|Klefki, L84, F|233/233\n|move|p2a: Noivern|Hurricane|p1a: Klefki\n|-resisted|p1a: Klefki\n|-damage|p1a: Klefki|145/233\n|-start|p1a: Klefki|confusion\n|\n|-heal|p1a: Klefki|159/233|[from] item: Leftovers\n|upkeep\n|turn|3\n|\n|t:|1733897927\n|switch|p2a: Regirock|Regirock, L83|268/268\n|-activate|p1a: Klefki|confusion\n|-damage|p1a: Klefki|133/233|[from] confusion\n|\n|-heal|p1a: Klefki|147/233|[from] item: Leftovers\n|upkeep\n|turn|4\n|inactive|Battle timer is ON: inactive players will automatically lose when time's up. (requested by BlakeyPear)\n|\n|t:|1733897948\n|-activate|p1a: Klefki|confusion\n|-damage|p1a: Klefki|122/233|[from] confusion\n|move|p2a: Regirock|Thunder Wave|p1a: Klefki\n|-status|p1a: Klefki|par\n|\n|-heal|p1a: Klefki|136/233 par|[from] item: Leftovers\n|upkeep\n|turn|5\n|\n|t:|1733897956\n|-activate|p1a: Klefki|confusion\n|move|p1a: Klefki|Spikes|p2a: Regirock\n|-sidestart|p2: BlakeyPear|Spikes\n|move|p2a: Regirock|Iron Defense|p2a: Regirock\n|-boost|p2a: Regirock|def|2\n|\n|-heal|p1a: Klefki|150/233 par|[from] item: Leftovers\n|upkeep\n|turn|6\n|\n|t:|1733897972\n|switch|p1a: Meowstic|Meowstic, L89, M|277/277\n|move|p2a: Regirock|Stone Edge|p1a: Meowstic\n|-damage|p1a: Meowstic|169/277\n|\n|upkeep\n|turn|7\n|\n|t:|1733897978\n|move|p1a: Meowstic|Reflect|p1a: Meowstic\n|-sidestart|p1: fifachu|Reflect\n|move|p2a: Regirock|Thunder Wave|p1a: Meowstic\n|-status|p1a: Meowstic|par\n|\n|upkeep\n|turn|8\n|\n|t:|1733897988\n|move|p1a: Meowstic|Yawn|p2a: Regirock\n|-start|p2a: Regirock|move: Yawn|[of] p1a: Meowstic\n|move|p2a: Regirock|Iron Defense|p2a: Regirock\n|-boost|p2a: Regirock|def|2\n|\n|upkeep\n|turn|9\n|\n|t:|1733897996\n|move|p2a: Regirock|Stone Edge|p1a: Meowstic\n|-crit|p1a: Meowstic\n|-damage|p1a: Meowstic|0 fnt\n|faint|p1a: Meowstic\n|\n|-end|p2a: Regirock|move: Yawn|[silent]\n|-status|p2a: Regirock|slp\n|upkeep\n|\n|t:|1733898002\n|switch|p1a: Gengar|Gengar, L81, M|207/230\n|turn|10\n|\n|t:|1733898017\n|move|p1a: Gengar|Toxic Spikes|p2a: Regirock\n|-sidestart|p2: BlakeyPear|move: Toxic Spikes\n|cant|p2a: Regirock|slp\n|\n|upkeep\n|turn|11\n|\n|t:|1733898027\n|move|p1a: Gengar|Focus Blast|p2a: Regirock\n|-supereffective|p2a: Regirock\n|-damage|p2a: Regirock|24/268 slp\n|-damage|p1a: Gengar|184/230|[from] item: Life Orb\n|-curestatus|p2a: Regirock|slp|[msg]\n|move|p2a: Regirock|Thunder Wave|p1a: Gengar|[miss]\n|-miss|p2a: Regirock|p1a: Gengar\n|\n|-heal|p2a: Regirock|40/268|[from] item: Leftovers\n|upkeep\n|turn|12\n|\n|t:|1733898033\n|move|p1a: Gengar|Shadow Ball|p2a: Regirock\n|-damage|p2a: Regirock|0 fnt\n|faint|p2a: Regirock\n|-damage|p1a: Gengar|161/230|[from] item: Life Orb\n|\n|upkeep\n|\n|t:|1733898044\n|switch|p2a: Noivern|Noivern, L82, F|274/274\n|turn|13\n|\n|t:|1733898051\n|switch|p1a: Klefki|Klefki, L84, F|150/233 par\n|move|p2a: Noivern|Hurricane|p1a: Klefki\n|-resisted|p1a: Klefki\n|-damage|p1a: Klefki|66/233 par\n|-start|p1a: Klefki|confusion\n|\n|-heal|p1a: Klefki|80/233 par|[from] item: Leftovers\n|upkeep\n|turn|14\n|\n|t:|1733898063\n|-activate|p1a: Klefki|confusion\n|-damage|p1a: Klefki|55/233 par|[from] confusion\n|move|p2a: Noivern|Hurricane|p1a: Klefki\n|-resisted|p1a: Klefki\n|-crit|p1a: Klefki\n|-damage|p1a: Klefki|0 fnt\n|faint|p1a: Klefki\n|\n|-sideend|p1: fifachu|Reflect\n|upkeep\n|\n|t:|1733898070\n|switch|p1a: Gengar|Gengar, L81, M|161/230\n|turn|15\n|\n|t:|1733898074\n|move|p2a: Noivern|Hurricane|p1a: Gengar\n|-damage|p1a: Gengar|0 fnt\n|-start|p2a: Noivern|Disable|Hurricane|[from] ability: Cursed Body|[of] p1a: Gengar\n|faint|p1a: Gengar\n|\n|upkeep\n|\n|t:|1733898093\n|switch|p1a: Ariados|Ariados, L95, F|287/287\n|turn|16\n|\n|t:|1733898102\n|-activate|p2a: Noivern|move: Struggle\n|move|p2a: Noivern|Struggle|p1a: Ariados\n|-crit|p1a: Ariados\n|-damage|p1a: Ariados|248/287\n|-damage|p2a: Noivern|205/274|[from] recoil\n|move|p1a: Ariados|Sticky Web|p2a: Noivern\n|-sidestart|p2: BlakeyPear|move: Sticky Web\n|\n|upkeep\n|turn|17\n|\n|t:|1733898108\n|-activate|p2a: Noivern|move: Struggle\n|move|p2a: Noivern|Struggle|p1a: Ariados\n|-damage|p1a: Ariados|217/287\n|-damage|p2a: Noivern|136/274|[from] recoil\n|move|p1a: Ariados|Poison Jab|p2a: Noivern\n|-damage|p2a: Noivern|15/274\n|\n|upkeep\n|turn|18\n|\n|t:|1733898115\n|move|p1a: Ariados|Sucker Punch|p2a: Noivern\n|-damage|p2a: Noivern|0 fnt\n|faint|p2a: Noivern\n|\n|upkeep\n|\n|t:|1733898119\n|switch|p2a: Scyther|Scyther, L82, M|249/249\n|turn|19\n|\n|t:|1733898125\n|move|p2a: Scyther|Defog|p1a: Ariados\n|-unboost|p1a: Ariados|evasion|1\n|-sideend|p2: BlakeyPear|Spikes|[from] move: Defog|[of] p2a: Scyther\n|-sideend|p2: BlakeyPear|Toxic Spikes|[from] move: Defog|[of] p2a: Scyther\n|-sideend|p2: BlakeyPear|Sticky Web|[from] move: Defog|[of] p2a: Scyther\n|move|p1a: Ariados|Poison Jab|p2a: Scyther\n|-damage|p2a: Scyther|131/249\n|\n|upkeep\n|turn|20\n|\n|t:|1733898131\n|move|p2a: Scyther|Dual Wingbeat|p1a: Ariados\n|-supereffective|p1a: Ariados\n|-damage|p1a: Ariados|65/287\n|-supereffective|p1a: Ariados\n|-damage|p1a: Ariados|0 fnt\n|faint|p1a: Ariados\n|-hitcount|p1: Ariados|2\n|\n|upkeep\n|\n|t:|1733898138\n|switch|p1a: Skeledirge|Skeledirge, L79, M|294/294\n|turn|21\n|\n|t:|1733898152\n|move|p2a: Scyther|Dual Wingbeat|p1a: Skeledirge\n|-damage|p1a: Skeledirge|231/294\n|-damage|p1a: Skeledirge|162/294\n|-hitcount|p1a: Skeledirge|2\n|move|p1a: Skeledirge|Flame Charge|p2a: Scyther\n|-supereffective|p2a: Scyther\n|-damage|p2a: Scyther|39/249\n|-boost|p1a: Skeledirge|spe|1\n|\n|upkeep\n|turn|22\n|\n|t:|1733898166\n|move|p1a: Skeledirge|Torch Song|p2a: Scyther\n|-supereffective|p2a: Scyther\n|-damage|p2a: Scyther|0 fnt\n|-boost|p1a: Skeledirge|spa|1\n|faint|p2a: Scyther\n|\n|upkeep\n|\n|t:|1733898171\n|switch|p2a: Cetitan|Cetitan, L82, M|413/413\n|turn|23\n|\n|t:|1733898180\n|-terastallize|p2a: Cetitan|Water\n|move|p1a: Skeledirge|Torch Song|p2a: Cetitan\n|-resisted|p2a: Cetitan\n|-damage|p2a: Cetitan|330/413\n|-boost|p1a: Skeledirge|spa|1\n|move|p2a: Cetitan|Liquidation|p1a: Skeledirge\n|-supereffective|p1a: Skeledirge\n|-damage|p1a: Skeledirge|0 fnt\n|faint|p1a: Skeledirge\n|\n|upkeep\n|\n|t:|1733898185\n|switch|p1a: Zarude|Zarude-Dada, L78|292/292\n|turn|24\n|\n|t:|1733898190\n|move|p2a: Cetitan|Ice Shard|p1a: Zarude\n|-supereffective|p1a: Zarude\n|-damage|p1a: Zarude|175/292\n|-damage|p2a: Cetitan|289/413|[from] item: Life Orb\n|move|p1a: Zarude|Power Whip|p2a: Cetitan\n|-supereffective|p2a: Cetitan\n|-damage|p2a: Cetitan|0 fnt\n|faint|p2a: Cetitan\n|-damage|p1a: Zarude|146/292|[from] item: Life Orb\n|\n|upkeep\n|\n|t:|1733898194\n|switch|p2a: Hitmonchan|Hitmonchan, L87, M|229/229\n|turn|25\n|\n|t:|1733898198\n|-terastallize|p1a: Zarude|Grass\n|move|p1a: Zarude|Power Whip|p2a: Hitmonchan\n|-damage|p2a: Hitmonchan|5/229\n|-damage|p1a: Zarude|117/292|[from] item: Life Orb\n|move|p2a: Hitmonchan|Drain Punch|p1a: Zarude\n|-damage|p1a: Zarude|17/292\n|-heal|p2a: Hitmonchan|55/229|[from] drain|[of] p1a: Zarude\n|\n|-heal|p2a: Hitmonchan|69/229|[from] item: Leftovers\n|upkeep\n|turn|26\n|\n|t:|1733898203\n|move|p1a: Zarude|Power Whip|p2a: Hitmonchan\n|-damage|p2a: Hitmonchan|0 fnt\n|faint|p2a: Hitmonchan\n|-damage|p1a: Zarude|0 fnt|[from] item: Life Orb\n|faint|p1a: Zarude\n|\n|win|fifachu\n|raw|fifachu's rating: 1489 &rarr; <strong>1508</strong><br />(+19 for winning)\n|raw|BlakeyPear's rating: 1468 &rarr; <strong>1449</strong><br />(-19 for losing)\n", "inputlog": ">version bfd83cad13791eb5a5a409923076391caf6fb4d4\n>start {\"formatid\":\"gen9randombattle\",\"seed\":[64037,11709,31185,13784],\"rated\":\"Rated battle\"}\n>player p1 {\"name\":\"fifachu\",\"avatar\":\"170\",\"rating\":1509,\"seed\":[17266,43039,53656,40760]}\n>player p2 {\"name\":\"BlakeyPear\",\"avatar\":\"burglar\",\"rating\":1468,\"seed\":[58954,15585,37260,4508]}\n>p1 move shadowball\n>p2 move shadowball\n>p2 switch 4\n>p1 switch 4\n>p2 move hurricane\n>p1 move spikes\n>p2 switch 6\n>p1 move spikes\n>p2 move thunderwave\n>p1 move spikes\n>p2 move irondefense\n>p1 switch 5\n>p2 move stoneedge\n>p1 move reflect\n>p2 move thunderwave\n>p1 move yawn\n>p2 move irondefense\n>p1 move psychicnoise\n>p2 move stoneedge\n>p1 switch 4\n>p1 move toxicspikes\n>p2 move stoneedge\n>p1 move focusblast\n>p2 move thunderwave\n>p1 move shadowball\n>p2 move thunderwave\n>p2 switch 6\n>p1 switch 5\n>p2 move hurricane\n>p1 move thunderwave\n>p2 move hurricane\n>p1 switch 5\n>p1 move sludgewave\n>p2 move hurricane\n>p1 switch 2\n>p1 move stickyweb\n>p2 move struggle\n>p1 move poisonjab\n>p2 move struggle\n>p1 move suckerpunch\n>p2 move struggle\n>p2 switch 2\n>p1 move poisonjab\n>p2 move defog\n>p1 move poisonjab\n>p2 move dualwingbeat\n>p1 switch 3\n>p1 move flamecharge\n>p2 move dualwingbeat\n>p1 move torchsong\n>p2 move dualwingbeat\n>p2 switch 5\n>p1 move torchsong\n>p2 move liquidation terastallize\n>p1 switch 6\n>p1 move powerwhip\n>p2 move iceshard\n>p2 switch 3\n>p1 move powerwhip terastallize\n>p2 move drainpunch\n>p1 move powerwhip\n>p2 move poisonjab", "uploadtime": 1733898207, "views": 1, "formatid": "gen9randombattle", "rating": 1449, "private": 0, "password": null}