{"id": "gen9randombattle-2170347914", "format": "[Gen 9] Random Battle", "players": ["DocTimbs", "LocalMetagross"], "log": "|j|\u2606DocTimbs\n|j|\u2606LocalMetagross\n|t:|1722371732\n|gametype|singles\n|player|p1|DocTimbs|nate|2251\n|player|p2|LocalMetagross|akari|2232\n|teamsize|p1|6\n|teamsize|p2|6\n|gen|9\n|tier|[Gen 9] Random Battle\n|rated|\n|rule|Species Clause: Limit one of each Pok\u00e9mon\n|rule|HP Percentage Mod: HP is shown in percentages\n|rule|Sleep Clause Mod: Limit one foe put to sleep\n|rule|Illusion Level Mod: Illusion disguises the Pok\u00e9mon's true level\n|\n|t:|1722371732\n|start\n|switch|p1a: Baxcalibur|Baxcalibur, L75, M|295/295\n|switch|p2a: Talonflame|Talonflame, L84, F|268/268\n|turn|1\n|inactive|Battle timer is ON: inactive players will automatically lose when time's up. (requested by LocalMetagross)\n|inactive|DocTimbs also wants the timer to be on.\n|\n|t:|1722371749\n|move|p2a: Talonflame|Swords Dance|p2a: Talonflame\n|-boost|p2a: Talonflame|atk|2\n|move|p1a: Baxcalibur|Swords Dance|p1a: Baxcalibur\n|-boost|p1a: Baxcalibur|atk|2\n|\n|upkeep\n|turn|2\n|\n|t:|1722371758\n|move|p2a: Talonflame|Brave Bird|p1a: Baxcalibur\n|-damage|p1a: Baxcalibur|45/295\n|-damage|p2a: Talonflame|185/268|[from] Recoil\n|move|p1a: Baxcalibur|Scale Shot|p2a: Talonflame\n|-damage|p2a: Talonflame|110/268\n|-damage|p2a: Talonflame|43/268\n|-damage|p2a: Talonflame|0 fnt\n|faint|p2a: Talonflame\n|-hitcount|p2: Talonflame|3\n|-unboost|p1a: Baxcalibur|def|1\n|-boost|p1a: Baxcalibur|spe|1\n|\n|upkeep\n|\n|t:|1722371776\n|switch|p2a: Breloom|Breloom, L82, F|233/233\n|turn|3\n|\n|t:|1722371779\n|switch|p1a: Trevenant|Trevenant, L88, F|293/293\n|move|p2a: Breloom|Mach Punch|p1a: Trevenant\n|-immune|p1a: Trevenant\n|\n|upkeep\n|turn|4\n|\n|t:|1722371792\n|switch|p2a: Ninetales|Ninetales, L85, M|263/263\n|-weather|SunnyDay|[from] ability: Drought|[of] p2a: Ninetales\n|move|p1a: Trevenant|Poltergeist|p2a: Ninetales\n|-activate|p2a: Ninetales|move: Poltergeist|Heavy-Duty Boots\n|-damage|p2a: Ninetales|41/263\n|\n|-weather|SunnyDay|[upkeep]\n|upkeep\n|turn|5\n|\n|t:|1722371802\n|switch|p1a: Baxcalibur|Baxcalibur, L75, M|45/295\n|move|p2a: Ninetales|Nasty Plot|p2a: Ninetales\n|-boost|p2a: Ninetales|spa|2\n|\n|-weather|SunnyDay|[upkeep]\n|upkeep\n|turn|6\n|\n|t:|1722371806\n|move|p2a: Ninetales|Scorching Sands|p1a: Baxcalibur\n|-damage|p1a: Baxcalibur|0 fnt\n|faint|p1a: Baxcalibur\n|\n|-weather|SunnyDay|[upkeep]\n|upkeep\n|\n|t:|1722371807\n|switch|p1a: Sunflora|Sunflora, F|312/312\n|turn|7\n|\n|t:|1722371818\n|move|p1a: Sunflora|Earth Power|p2a: Ninetales\n|-supereffective|p2a: Ninetales\n|-damage|p2a: Ninetales|0 fnt\n|faint|p2a: Ninetales\n|-damage|p1a: Sunflora|281/312|[from] item: Life Orb\n|\n|-weather|SunnyDay|[upkeep]\n|upkeep\n|\n|t:|1722371821\n|switch|p2a: Kyogre|Kyogre, L71|259/259\n|-weather|RainDance|[from] ability: Drizzle|[of] p2a: Kyogre\n|turn|8\n|\n|t:|1722371826\n|switch|p1a: Empoleon|Empoleon, L84, F|278/278\n|move|p2a: Kyogre|Calm Mind|p2a: Kyogre\n|-boost|p2a: Kyogre|spa|1\n|-boost|p2a: Kyogre|spd|1\n|\n|-weather|RainDance|[upkeep]\n|upkeep\n|turn|9\n|\n|t:|1722371838\n|move|p2a: Kyogre|Thunder|p1a: Empoleon\n|-supereffective|p1a: Empoleon\n|-damage|p1a: Empoleon|56/278\n|-status|p1a: Empoleon|par\n|cant|p1a: Empoleon|par\n|\n|-weather|RainDance|[upkeep]\n|-heal|p1a: Empoleon|73/278 par|[from] item: Leftovers\n|upkeep\n|turn|10\n|\n|t:|1722371841\n|move|p2a: Kyogre|Thunder|p1a: Empoleon\n|-supereffective|p1a: Empoleon\n|-crit|p1a: Empoleon\n|-damage|p1a: Empoleon|0 fnt\n|faint|p1a: Empoleon\n|\n|-weather|RainDance|[upkeep]\n|upkeep\n|\n|t:|1722371843\n|switch|p1a: Trevenant|Trevenant, L88, F|293/293\n|turn|11\n|\n|t:|1722371861\n|move|p2a: Kyogre|Ice Beam|p1a: Trevenant\n|-supereffective|p1a: Trevenant\n|-damage|p1a: Trevenant|109/293\n|move|p1a: Trevenant|Wood Hammer|p2a: Kyogre\n|-supereffective|p2a: Kyogre\n|-damage|p2a: Kyogre|0 fnt\n|faint|p2a: Kyogre\n|-damage|p1a: Trevenant|24/293|[from] Recoil\n|\n|-weather|RainDance|[upkeep]\n|upkeep\n|\n|t:|1722371866\n|switch|p2a: Breloom|Breloom, L82, F|233/233\n|turn|12\n|\n|t:|1722371868\n|move|p2a: Breloom|Swords Dance|p2a: Breloom\n|-boost|p2a: Breloom|atk|2\n|move|p1a: Trevenant|Wood Hammer|p2a: Breloom\n|-resisted|p2a: Breloom\n|-damage|p2a: Breloom|107/233\n|-damage|p1a: Trevenant|0 fnt|[from] Recoil\n|faint|p1a: Trevenant\n|\n|-weather|none\n|upkeep\n|\n|t:|1722371872\n|switch|p1a: Reuniclus|Reuniclus, L88, M|337/337\n|turn|13\n|\n|t:|1722371898\n|-terastallize|p1a: Reuniclus|Steel\n|move|p2a: Breloom|Mach Punch|p1a: Reuniclus\n|-supereffective|p1a: Reuniclus\n|-damage|p1a: Reuniclus|0 fnt\n|faint|p1a: Reuniclus\n|-damage|p2a: Breloom|84/233|[from] item: Life Orb\n|\n|upkeep\n|\n|t:|1722371902\n|switch|p1a: Sunflora|Sunflora, F|281/312\n|turn|14\n|c|\u2606DocTimbs|gg\n|-message|DocTimbs forfeited.\n|\n|win|LocalMetagross\n|raw|DocTimbs's rating: 2251 &rarr; <strong>2230</strong><br />(-21 for losing)\n|raw|LocalMetagross's rating: 2232 &rarr; <strong>2253</strong><br />(+21 for winning)\n|l|\u2606DocTimbs\n|player|p1|\n", "inputlog": ">version 3c8c0ba6a3441824201ce9f0cf68dcc094963845\n>start {\"formatid\":\"gen9randombattle\",\"seed\":[51699,60318,17569,28056],\"rated\":\"Rated battle\"}\n>player p1 {\"name\":\"DocTimbs\",\"avatar\":\"nate\",\"rating\":2251,\"seed\":[23600,11346,882,26175]}\n>player p2 {\"name\":\"LocalMetagross\",\"avatar\":\"akari\",\"rating\":2232,\"seed\":[41007,64498,19255,11862]}\n>p1 move swordsdance\n>p2 move swordsdance\n>p1 move scaleshot\n>p2 move bravebird\n>p2 switch 5\n>p1 switch 3\n>p2 move machpunch\n>p1 move poltergeist\n>p2 switch 2\n>p1 switch 3\n>p2 move nastyplot\n>p1 move scaleshot\n>p2 move scorchingsands\n>p1 switch 5\n>p1 move earthpower\n>p2 move fireblast\n>p2 switch 4\n>p1 switch 4\n>p2 move calmmind\n>p1 move flipturn\n>p2 move thunder\n>p1 move yawn\n>p2 move thunder\n>p1 switch 3\n>p1 move woodhammer\n>p2 move icebeam\n>p2 switch 2\n>p1 move woodhammer\n>p2 move swordsdance\n>p1 switch 2\n>p1 move psyshock terastallize\n>p2 move machpunch\n>p1 switch 4\n>chat \u2606DocTimbs|gg\n>forcelose p1", "uploadtime": 1722371914, "views": 141, "formatid": "gen9randombattle", "rating": 2230, "private": 0, "password": null}