{"id": "gen9randombattle-2260324367", "format": "[Gen 9] Random Battle", "players": ["User445", "chiconuclear"], "log": "|j|\u2606User445\n|j|\u2606chiconuclear\n|t:|1733839987\n|gametype|singles\n|player|p1|User445|169|1867\n|player|p2|chiconuclear|102|1877\n|teamsize|p1|6\n|teamsize|p2|6\n|gen|9\n|tier|[Gen 9] Random Battle\n|rated|\n|rule|Species Clause: Limit one of each Pok\u00e9mon\n|rule|HP Percentage Mod: HP is shown in percentages\n|rule|Sleep Clause Mod: Limit one foe put to sleep\n|rule|Illusion Level Mod: Illusion disguises the Pok\u00e9mon's true level\n|\n|t:|1733839987\n|start\n|switch|p1a: Necrozma|Necrozma-Dusk-Mane, L69|248/248\n|switch|p2a: Toxicroak|Toxicroak, L84, M|277/277\n|turn|1\n|\n|t:|1733840013\n|switch|p2a: Golduck|Golduck, L90, M|290/290\n|-ability|p2a: Golduck|Cloud Nine\n|move|p1a: Necrozma|Dragon Dance|p1a: Necrozma\n|-boost|p1a: Necrozma|atk|1\n|-boost|p1a: Necrozma|spe|1\n|\n|upkeep\n|turn|2\n|\n|t:|1733840021\n|move|p1a: Necrozma|Photon Geyser|p2a: Golduck\n|-damage|p2a: Golduck|119/290\n|move|p2a: Golduck|Hydro Pump|p1a: Necrozma\n|-damage|p1a: Necrozma|109/248\n|\n|-heal|p2a: Golduck|137/290|[from] item: Leftovers\n|upkeep\n|turn|3\n|\n|t:|1733840031\n|move|p1a: Necrozma|Photon Geyser|p2a: Golduck\n|-damage|p2a: Golduck|0 fnt\n|faint|p2a: Golduck\n|\n|upkeep\n|\n|t:|1733840049\n|switch|p2a: Froslass|Froslass, L87, F|263/263\n|turn|4\n|\n|t:|1733840057\n|move|p2a: Froslass|Poltergeist|p1a: Necrozma\n|-activate|p1a: Necrozma|move: Poltergeist|Weakness Policy\n|-supereffective|p1a: Necrozma\n|-damage|p1a: Necrozma|0 fnt\n|faint|p1a: Necrozma\n|\n|upkeep\n|\n|t:|1733840069\n|switch|p1a: Kleavor|Kleavor, L78, M|237/237\n|turn|5\n|\n|t:|1733840076\n|move|p2a: Froslass|Will-O-Wisp|p1a: Kleavor\n|-status|p1a: Kleavor|brn\n|move|p1a: Kleavor|Stone Axe|p2a: Froslass|[miss]\n|-miss|p1a: Kleavor|p2a: Froslass\n|\n|-damage|p1a: Kleavor|223/237 brn|[from] brn\n|upkeep\n|turn|6\n|\n|t:|1733840084\n|move|p2a: Froslass|Spikes|p1a: Kleavor\n|-sidestart|p1: User445|Spikes\n|move|p1a: Kleavor|Stone Axe|p2a: Froslass\n|-supereffective|p2a: Froslass\n|-damage|p2a: Froslass|130/263\n|-sidestart|p2: chiconuclear|move: Stealth Rock\n|\n|-damage|p1a: Kleavor|209/237 brn|[from] brn\n|upkeep\n|turn|7\n|\n|t:|1733840092\n|move|p2a: Froslass|Spikes|p1a: Kleavor\n|-sidestart|p1: User445|Spikes\n|move|p1a: Kleavor|Stone Axe|p2a: Froslass|[miss]\n|-miss|p1a: Kleavor|p2a: Froslass\n|\n|-damage|p1a: Kleavor|195/237 brn|[from] brn\n|upkeep\n|turn|8\n|c|\u2606User445|ffs ...\n|\n|t:|1733840101\n|move|p2a: Froslass|Poltergeist|p1a: Kleavor\n|-activate|p1a: Kleavor|move: Poltergeist|Heavy-Duty Boots\n|-damage|p1a: Kleavor|86/237 brn\n|move|p1a: Kleavor|Stone Axe|p2a: Froslass|[miss]\n|-miss|p1a: Kleavor|p2a: Froslass\n|\n|-damage|p1a: Kleavor|72/237 brn|[from] brn\n|upkeep\n|turn|9\n|c|\u2606User445|that is 90% acc\n|c|\u2606User445|real bullshit right here\n|\n|t:|1733840139\n|switch|p1a: Mandibuzz|Mandibuzz, L85, F|326/326\n|move|p2a: Froslass|Spikes|p1a: Mandibuzz\n|-sidestart|p1: User445|Spikes\n|\n|upkeep\n|turn|10\n|c|\u2606chiconuclear|!dt stone axe\n|raw|<ul class=\"utilichart\"><li class=\"result\"><span class=\"col movenamecol\"><a href=\"https://dex.pokemonshowdown.com/moves/stoneaxe\">Stone Axe</a></span> <span class=\"col typecol\"><img src=\"//play.pokemonshowdown.com/sprites/types/Rock.png\" alt=\"Rock\" width=\"32\" height=\"14\"><img src=\"//play.pokemonshowdown.com/sprites/categories/Physical.png\" alt=\"Physical\" width=\"32\" height=\"14\"></span> <span class=\"col labelcol\"><em>Power</em><br>65</span> <span class=\"col widelabelcol\"><em>Accuracy</em><br>90%</span> <span class=\"col pplabelcol\"><em>PP</em><br>24</span> <span class=\"col movedesccol\">Sets Stealth Rock on the target's side.</span> </li><li style=\"clear:both\"></li></ul>\n|raw|<font size=\"1\"><font color=\"#686868\">Priority:</font> 0&nbsp;|&ThickSpace;<font color=\"#686868\">Gen:</font> 9&nbsp;|&ThickSpace;&#10003; Boosted by Sheer Force&nbsp;|&ThickSpace;&#10003; Contact&nbsp;|&ThickSpace;&#10003; Slicing move&nbsp;|&ThickSpace;<font color=\"#686868\">Z-Power:</font> 120&nbsp;|&ThickSpace;<font color=\"#686868\">Target:</font> One Adjacent Pok\u00e9mon</font>\n\n|c|\u2606chiconuclear|Dang\n|\n|t:|1733840163\n|-terastallize|p1a: Mandibuzz|Steel\n|move|p2a: Froslass|Triple Axel|p1a: Mandibuzz\n|-resisted|p1a: Mandibuzz\n|-damage|p1a: Mandibuzz|317/326\n|-resisted|p1a: Mandibuzz\n|-damage|p1a: Mandibuzz|300/326\n|-resisted|p1a: Mandibuzz\n|-damage|p1a: Mandibuzz|277/326\n|-hitcount|p1a: Mandibuzz|3\n|move|p1a: Mandibuzz|Foul Play|p2a: Froslass\n|-supereffective|p2a: Froslass\n|-damage|p2a: Froslass|0 fnt\n|faint|p2a: Froslass\n|\n|upkeep\n|\n|t:|1733840177\n|switch|p2a: Kommo-o|Kommo-o, L78, F|245/245\n|-damage|p2a: Kommo-o|230/245|[from] Stealth Rock\n|turn|11\n|\n|t:|1733840183\n|-terastallize|p2a: Kommo-o|Steel\n|move|p1a: Mandibuzz|Defog|p2a: Kommo-o\n|-unboost|p2a: Kommo-o|evasion|1\n|-sideend|p2: chiconuclear|Stealth Rock|[from] move: Defog|[of] p1a: Mandibuzz\n|-sideend|p1: User445|Spikes|[from] move: Defog|[of] p1a: Mandibuzz\n|move|p2a: Kommo-o|Clangorous Soul|p2a: Kommo-o\n|-boost|p2a: Kommo-o|atk|1\n|-boost|p2a: Kommo-o|def|1\n|-boost|p2a: Kommo-o|spa|1\n|-boost|p2a: Kommo-o|spd|1\n|-boost|p2a: Kommo-o|spe|1\n|-damage|p2a: Kommo-o|150/245\n|-enditem|p2a: Kommo-o|Throat Spray\n|-boost|p2a: Kommo-o|spa|1|[from] item: Throat Spray\n|\n|upkeep\n|turn|12\n|\n|t:|1733840203\n|move|p2a: Kommo-o|Close Combat|p1a: Mandibuzz\n|-supereffective|p1a: Mandibuzz\n|-damage|p1a: Mandibuzz|0 fnt\n|-unboost|p2a: Kommo-o|def|1\n|-unboost|p2a: Kommo-o|spd|1\n|faint|p1a: Mandibuzz\n|\n|upkeep\n|\n|t:|1733840213\n|switch|p1a: Golem|Golem, L87, F|281/281\n|turn|13\n|\n|t:|1733840220\n|move|p2a: Kommo-o|Iron Head|p1a: Golem\n|-supereffective|p1a: Golem\n|-damage|p1a: Golem|101/281\n|-enditem|p1a: Golem|Weakness Policy\n|-boost|p1a: Golem|atk|2|[from] item: Weakness Policy\n|-boost|p1a: Golem|spa|2|[from] item: Weakness Policy\n|move|p1a: Golem|Rock Polish|p1a: Golem\n|-boost|p1a: Golem|spe|2\n|\n|upkeep\n|turn|14\n|\n|t:|1733840228\n|move|p2a: Kommo-o|Close Combat|p1a: Golem\n|-supereffective|p1a: Golem\n|-damage|p1a: Golem|0 fnt\n|-unboost|p2a: Kommo-o|def|1\n|-unboost|p2a: Kommo-o|spd|1\n|faint|p1a: Golem\n|\n|upkeep\n|\n|t:|1733840239\n|switch|p1a: Hoopa|Hoopa, L85|275/275\n|turn|15\n|\n|t:|1733840248\n|move|p2a: Kommo-o|Iron Head|p1a: Hoopa\n|-damage|p1a: Hoopa|103/275\n|cant|p1a: Hoopa|flinch\n|\n|upkeep\n|turn|16\n|n|!User445|user445\n|-message|User445 forfeited.\n|\n|win|chiconuclear\n", "inputlog": ">version bfd83cad13791eb5a5a409923076391caf6fb4d4\n>start {\"formatid\":\"gen9randombattle\",\"seed\":[6363,49567,56870,34088],\"rated\":\"Rated battle\"}\n>player p1 {\"name\":\"User445\",\"avatar\":\"169\",\"rating\":1867,\"seed\":[11662,38783,60295,43855]}\n>player p2 {\"name\":\"chiconuclear\",\"avatar\":\"102\",\"rating\":1877,\"seed\":[49147,44356,57698,41522]}\n>p1 move dragondance\n>p2 switch 5\n>p1 move photongeyser\n>p2 move hydropump\n>p1 move photongeyser\n>p2 move hydropump\n>p2 switch 2\n>p1 move dragondance\n>p2 move poltergeist\n>p1 switch 2\n>p1 move stoneaxe\n>p2 move willowisp\n>p1 move stoneaxe\n>p2 move spikes\n>p1 move stoneaxe\n>p2 move spikes\n>chat \u2606User445|ffs ...\n>p1 move stoneaxe\n>p2 move poltergeist\n>chat \u2606User445|that is 90% acc \n>chat \u2606User445|real bullshit right here \n>p1 switch 4\n>p2 move spikes\n>chat \u2606chiconuclear|!dt stone axe\n>chat \u2606chiconuclear|Dang\n>p1 move foulplay terastallize\n>p2 move tripleaxel\n>p2 switch 4\n>p1 move defog\n>p2 move clangoroussoul terastallize\n>p1 move foulplay\n>p2 move closecombat\n>p1 switch 3\n>p1 move rockpolish\n>p2 move ironhead\n>p1 move earthquake\n>p2 move closecombat\n>p1 switch 5\n>p1 move shadowball\n>p2 move ironhead\n>chat \u2606User445|yeah fuck you and this game \n>forcelose p1", "uploadtime": 1733840259, "views": 1, "formatid": "gen9randombattle", "rating": null, "private": 0, "password": null}