{"id": "gen9randombattle-2134200175", "format": "[Gen 9] Random Battle", "players": ["moenke", "FaZe Alec Baldwin"], "log": "|badge|p1|bronze|gen9randombattle|100-1\n|uhtml|medal-msg|<div class=\"broadcast-blue\">Curious what those medals under the avatar are? PS now has Ladder Seasons! For more information, check out the <a href=\"https://www.smogon.com/forums/threads/3740067/\">thread on Smogon.</a></div>\n|badge|p2|silver|gen9randombattle|30-1\n|uhtml|medal-msg|<div class=\"broadcast-blue\">Curious what those medals under the avatar are? PS now has Ladder Seasons! For more information, check out the <a href=\"https://www.smogon.com/forums/threads/3740067/\">thread on Smogon.</a></div>\n|j|\u2606moenke\n|j|\u203dFaZe Alec Baldwin\n|t:|1717163337\n|gametype|singles\n|player|p1|moenke|medium|2347\n|player|p2|FaZe Alec Baldwin|drayden|2378\n|teamsize|p1|6\n|teamsize|p2|6\n|gen|9\n|tier|[Gen 9] Random Battle\n|rated|\n|rule|Species Clause: Limit one of each Pok\u00e9mon\n|rule|HP Percentage Mod: HP is shown in percentages\n|rule|Sleep Clause Mod: Limit one foe put to sleep\n|rule|Illusion Level Mod: Illusion disguises the Pok\u00e9mon's true level\n|\n|t:|1717163337\n|start\n|switch|p1a: Grimmsnarl|Grimmsnarl, L83, M|293/293\n|switch|p2a: Dodrio|Dodrio, L86, M|243/243\n|turn|1\n|inactive|Battle timer is ON: inactive players will automatically lose when time's up. (requested by moenke)\n|\n|t:|1717163351\n|switch|p2a: Granbull|Granbull, L88, M|302/302\n|-ability|p2a: Granbull|Intimidate|boost\n|-unboost|p1a: Grimmsnarl|atk|1\n|move|p1a: Grimmsnarl|Thunder Wave|p2a: Granbull\n|-status|p2a: Granbull|par\n|\n|upkeep\n|turn|2\n|\n|t:|1717163358\n|move|p1a: Grimmsnarl|Parting Shot|p2a: Granbull\n|-unboost|p2a: Granbull|atk|1\n|-unboost|p2a: Granbull|spa|1\n|\n|t:|1717163361\n|switch|p1a: Perrserker|Perrserker, L89, M|269/269|[from] Parting Shot\n|move|p2a: Granbull|Thunder Wave|p1a: Perrserker\n|-status|p1a: Perrserker|par\n|\n|upkeep\n|turn|3\n|\n|t:|1717163370\n|switch|p2a: Gyarados|Gyarados, L79, F|280/280\n|-ability|p2a: Gyarados|Intimidate|boost\n|-unboost|p1a: Perrserker|atk|1\n|move|p1a: Perrserker|Stealth Rock|p2a: Gyarados\n|-sidestart|p2: FaZe Alec Baldwin|move: Stealth Rock\n|\n|upkeep\n|turn|4\n|\n|t:|1717163382\n|switch|p1a: Grimmsnarl|Grimmsnarl, L83, M|293/293\n|move|p2a: Gyarados|Dragon Dance|p2a: Gyarados\n|-boost|p2a: Gyarados|atk|1\n|-boost|p2a: Gyarados|spe|1\n|\n|upkeep\n|turn|5\n|\n|t:|1717163388\n|-terastallize|p2a: Gyarados|Ground\n|move|p1a: Grimmsnarl|Parting Shot|p2a: Gyarados\n|-unboost|p2a: Gyarados|atk|1\n|-unboost|p2a: Gyarados|spa|1\n|\n|t:|1717163394\n|switch|p1a: Keldeo|Keldeo-Resolute, L79|273/273|[from] Parting Shot\n|move|p2a: Gyarados|Dragon Dance|p2a: Gyarados\n|-boost|p2a: Gyarados|atk|1\n|-boost|p2a: Gyarados|spe|1\n|\n|upkeep\n|turn|6\n|\n|t:|1717163399\n|move|p2a: Gyarados|Earthquake|p1a: Keldeo\n|-damage|p1a: Keldeo|83/273\n|move|p1a: Keldeo|Hydro Pump|p2a: Gyarados\n|-supereffective|p2a: Gyarados\n|-damage|p2a: Gyarados|32/280\n|\n|-heal|p1a: Keldeo|100/273|[from] item: Leftovers\n|upkeep\n|turn|7\n|\n|t:|1717163407\n|move|p2a: Gyarados|Earthquake|p1a: Keldeo\n|-damage|p1a: Keldeo|0 fnt\n|faint|p1a: Keldeo\n|\n|upkeep\n|\n|t:|1717163411\n|switch|p1a: Grimmsnarl|Grimmsnarl, L83, M|293/293\n|turn|8\n|\n|t:|1717163415\n|switch|p2a: Granbull|Granbull, L88, M|302/302 par\n|-damage|p2a: Granbull|265/302 par|[from] Stealth Rock\n|-ability|p2a: Granbull|Intimidate|boost\n|-unboost|p1a: Grimmsnarl|atk|1\n|move|p1a: Grimmsnarl|Parting Shot|p2a: Granbull\n|-unboost|p2a: Granbull|atk|1\n|-unboost|p2a: Granbull|spa|1\n|\n|t:|1717163427\n|switch|p1a: Perrserker|Perrserker, L89, M|269/269 par|[from] Parting Shot\n|\n|-heal|p2a: Granbull|283/302 par|[from] item: Leftovers\n|upkeep\n|turn|9\n|\n|t:|1717163433\n|switch|p2a: Persian|Persian-Alola, L86, F|252/252\n|-damage|p2a: Persian|221/252|[from] Stealth Rock\n|cant|p1a: Perrserker|par\n|\n|-heal|p2a: Persian|236/252|[from] item: Leftovers\n|upkeep\n|turn|10\n|\n|t:|1717163442\n|move|p2a: Persian|Nasty Plot|p2a: Persian\n|-boost|p2a: Persian|spa|2\n|move|p1a: Perrserker|U-turn|p2a: Persian\n|-supereffective|p2a: Persian\n|-damage|p2a: Persian|132/252\n|-damage|p1a: Perrserker|243/269 par|[from] item: Life Orb\n|\n|t:|1717163446\n|switch|p1a: Grimmsnarl|Grimmsnarl, L83, M|293/293|[from] U-turn\n|\n|-heal|p2a: Persian|147/252|[from] item: Leftovers\n|upkeep\n|turn|11\n|\n|t:|1717163452\n|move|p2a: Persian|Hypnosis|p1a: Grimmsnarl\n|-status|p1a: Grimmsnarl|slp|[from] move: Hypnosis\n|cant|p1a: Grimmsnarl|slp\n|\n|-heal|p2a: Persian|162/252|[from] item: Leftovers\n|upkeep\n|turn|12\n|\n|t:|1717163454\n|move|p2a: Persian|Nasty Plot|p2a: Persian\n|-boost|p2a: Persian|spa|2\n|-curestatus|p1a: Grimmsnarl|slp|[msg]\n|move|p1a: Grimmsnarl|Spirit Break|p2a: Persian\n|-supereffective|p2a: Persian\n|-damage|p2a: Persian|46/252\n|-unboost|p2a: Persian|spa|1\n|\n|-heal|p2a: Persian|61/252|[from] item: Leftovers\n|upkeep\n|turn|13\n|\n|t:|1717163459\n|move|p2a: Persian|Hypnosis|p1a: Grimmsnarl\n|-status|p1a: Grimmsnarl|slp|[from] move: Hypnosis\n|cant|p1a: Grimmsnarl|slp\n|\n|-heal|p2a: Persian|76/252|[from] item: Leftovers\n|upkeep\n|turn|14\n|\n|t:|1717163461\n|move|p2a: Persian|Thunderbolt|p1a: Grimmsnarl\n|-damage|p1a: Grimmsnarl|131/293 slp\n|cant|p1a: Grimmsnarl|slp\n|\n|-heal|p2a: Persian|91/252|[from] item: Leftovers\n|-heal|p1a: Grimmsnarl|149/293 slp|[from] item: Leftovers\n|upkeep\n|turn|15\n|\n|t:|1717163467\n|-curestatus|p1a: Grimmsnarl|slp|[msg]\n|move|p1a: Grimmsnarl|Sucker Punch|p2a: Persian\n|-resisted|p2a: Persian\n|-damage|p2a: Persian|64/252\n|move|p2a: Persian|Thunderbolt|p1a: Grimmsnarl\n|-damage|p1a: Grimmsnarl|0 fnt\n|faint|p1a: Grimmsnarl\n|\n|-heal|p2a: Persian|79/252|[from] item: Leftovers\n|upkeep\n|\n|t:|1717163472\n|switch|p1a: Malamar|Malamar, L82, M|275/275\n|turn|16\n|\n|t:|1717163477\n|-terastallize|p1a: Malamar|Fighting\n|move|p2a: Persian|Dark Pulse|p1a: Malamar\n|-resisted|p1a: Malamar\n|-damage|p1a: Malamar|172/275\n|move|p1a: Malamar|Superpower|p2a: Persian\n|-supereffective|p2a: Persian\n|-damage|p2a: Persian|0 fnt\n|-boost|p1a: Malamar|atk|1\n|-boost|p1a: Malamar|def|1\n|faint|p2a: Persian\n|\n|upkeep\n|\n|t:|1717163486\n|switch|p2a: Dodrio|Dodrio, L86, M|243/243\n|turn|17\n|\n|t:|1717163491\n|switch|p1a: Perrserker|Perrserker, L89, M|243/269 par\n|move|p2a: Dodrio|Brave Bird|p1a: Perrserker\n|-resisted|p1a: Perrserker\n|-damage|p1a: Perrserker|182/269 par\n|-damage|p2a: Dodrio|223/243|[from] Recoil\n|\n|upkeep\n|turn|18\n|\n|t:|1717163496\n|switch|p2a: Granbull|Granbull, L88, M|283/302 par\n|-damage|p2a: Granbull|246/302 par|[from] Stealth Rock\n|-ability|p2a: Granbull|Intimidate|boost\n|-unboost|p1a: Perrserker|atk|1\n|move|p1a: Perrserker|Iron Head|p2a: Granbull\n|-supereffective|p2a: Granbull\n|-damage|p2a: Granbull|0 fnt\n|faint|p2a: Granbull\n|-damage|p1a: Perrserker|156/269 par|[from] item: Life Orb\n|\n|upkeep\n|\n|t:|1717163504\n|switch|p2a: Blaziken|Blaziken, L76, F|247/247\n|-damage|p2a: Blaziken|217/247|[from] Stealth Rock\n|turn|19\n|l|\u2606moenke\n|inactive|moenke disconnected and has a minute to reconnect!\n|player|p1|\n|j|\u2606moenke\n|inactive|moenke reconnected and has 130 seconds left.\n|player|p1|moenke|medium|\n|inactive|moenke has 120 seconds left.\n|\n|t:|1717163535\n|switch|p1a: Malamar|Malamar, L82, M, tera:Fighting|172/275\n|move|p2a: Blaziken|Swords Dance|p2a: Blaziken\n|-boost|p2a: Blaziken|atk|2\n|\n|-ability|p2a: Blaziken|Speed Boost|boost\n|-boost|p2a: Blaziken|spe|1\n|upkeep\n|turn|20\n|\n|t:|1717163543\n|move|p2a: Blaziken|Close Combat|p1a: Malamar\n|-damage|p1a: Malamar|0 fnt\n|-unboost|p2a: Blaziken|def|1\n|-unboost|p2a: Blaziken|spd|1\n|faint|p1a: Malamar\n|-damage|p2a: Blaziken|193/247|[from] item: Life Orb\n|\n|-ability|p2a: Blaziken|Speed Boost|boost\n|-boost|p2a: Blaziken|spe|1\n|upkeep\n|\n|t:|1717163549\n|switch|p1a: Gouging Fire|Gouging Fire, L74|277/277\n|turn|21\n|\n|t:|1717163553\n|move|p2a: Blaziken|Close Combat|p1a: Gouging Fire\n|-damage|p1a: Gouging Fire|0 fnt\n|-unboost|p2a: Blaziken|def|1\n|-unboost|p2a: Blaziken|spd|1\n|faint|p1a: Gouging Fire\n|-end|p1a: Gouging Fire|Protosynthesis|[silent]\n|-damage|p2a: Blaziken|169/247|[from] item: Life Orb\n|\n|-ability|p2a: Blaziken|Speed Boost|boost\n|-boost|p2a: Blaziken|spe|1\n|upkeep\n|\n|t:|1717163557\n|switch|p1a: Espathra|Espathra, L80, M|283/283\n|turn|22\n|\n|t:|1717163563\n|move|p2a: Blaziken|Knock Off|p1a: Espathra\n|-supereffective|p1a: Espathra\n|-damage|p1a: Espathra|0 fnt\n|-enditem|p1a: Espathra|Choice Specs|[from] move: Knock Off|[of] p2a: Blaziken\n|faint|p1a: Espathra\n|-damage|p2a: Blaziken|145/247|[from] item: Life Orb\n|\n|-ability|p2a: Blaziken|Speed Boost|boost\n|-boost|p2a: Blaziken|spe|1\n|upkeep\n|\n|t:|1717163565\n|switch|p1a: Perrserker|Perrserker, L89, M|156/269 par\n|turn|23\n|-message|moenke forfeited.\n|\n|win|FaZe Alec Baldwin\n|raw|moenke's rating: 2347 &rarr; <strong>2329</strong><br />(-18 for losing)\n|raw|FaZe Alec Baldwin's rating: 2378 &rarr; <strong>2396</strong><br />(+18 for winning)\n|l|\u2606moenke\n|player|p1|\n", "inputlog": ">version 82ceab39522df80d6289bc3fb83a311a02ed08de\n>start {\"formatid\":\"gen9randombattle\",\"seed\":[41495,26475,9147,25398],\"rated\":\"Rated battle\"}\n>player p1 {\"name\":\"moenke\",\"avatar\":\"medium\",\"rating\":2347,\"seed\":[19277,60764,29048,62515]}\n>player p2 {\"name\":\"FaZe Alec Baldwin\",\"avatar\":\"drayden\",\"rating\":2378,\"seed\":[10864,6752,31018,10317]}\n>p1 move thunderwave\n>p2 switch 3\n>p1 move partingshot\n>p2 move thunderwave\n>p1 switch 2\n>p1 move stealthrock\n>p2 switch 6\n>p1 switch 2\n>p2 move dragondance\n>p1 move partingshot\n>p2 move dragondance terastallize\n>p1 switch 6\n>p1 move hydropump\n>p2 move earthquake\n>p1 move secretsword\n>p2 move earthquake\n>p1 switch 6\n>p1 move partingshot\n>p2 switch 6\n>p1 switch 2\n>p1 move ironhead\n>p2 switch 2\n>p1 move uturn\n>p2 move nastyplot\n>p1 switch 2\n>p1 move spiritbreak\n>p2 move hypnosis\n>p1 move spiritbreak\n>p2 move nastyplot\n>p1 move spiritbreak\n>p2 move hypnosis\n>p1 move spiritbreak\n>p2 move thunderbolt\n>p1 move suckerpunch\n>p2 move thunderbolt\n>p1 switch 5\n>p1 move superpower terastallize\n>p2 move darkpulse\n>p2 switch 3\n>p1 switch 2\n>p2 move bravebird\n>p1 move ironhead\n>p2 switch 2\n>p2 switch 4\n>p1 switch 2\n>p2 move swordsdance\n>p1 move psychocut\n>p2 move closecombat\n>p1 switch 4\n>p1 move earthquake\n>p2 move closecombat\n>p1 switch 3\n>p1 move luminacrash\n>p2 move knockoff\n>p1 switch 2\n>forcelose p1", "uploadtime": 1717164944, "views": 203, "formatid": "gen9randombattle", "rating": 2329, "private": 0, "password": null}