{"id": "gen9randombattle-2260475432", "format": "[Gen 9] Random Battle", "players": ["Zsaiel", "teodoroteo"], "log": "|j|\u2606Zsaiel\n|j|\u2606teodoroteo\n|t:|1733855225\n|gametype|singles\n|player|p1|Zsaiel|n|\n|player|p2|teodoroteo|2|\n|teamsize|p1|6\n|teamsize|p2|6\n|gen|9\n|tier|[Gen 9] Random Battle\n|rule|Species Clause: Limit one of each Pok\u00e9mon\n|rule|HP Percentage Mod: HP is shown in percentages\n|rule|Sleep Clause Mod: Limit one foe put to sleep\n|rule|Illusion Level Mod: Illusion disguises the Pok\u00e9mon's true level\n|\n|t:|1733855225\n|start\n|switch|p1a: Munkidori|Munkidori, L79, M|269/269\n|switch|p2a: Amoonguss|Amoonguss, L82, F|321/321\n|turn|1\n|\n|t:|1733855269\n|switch|p2a: Misdreavus|Misdreavus, L90, F|254/254\n|move|p1a: Munkidori|Fake Out|p2a: Misdreavus\n|-immune|p2a: Misdreavus\n|\n|upkeep\n|turn|2\n|c|\u2606Zsaiel|!data fighting\nNo Pok\u00e9mon, item, move, ability or nature named 'fighting' was found. Showing the data of 'All-Out Pummeling' instead.\n|raw|<ul class=\"utilichart\"><li class=\"result\"><span class=\"col movenamecol\"><a href=\"https://dex.pokemonshowdown.com/moves/alloutpummeling\">All-Out Pummeling</a></span> <span class=\"col typecol\"><img src=\"//play.pokemonshowdown.com/sprites/types/Fighting.png\" alt=\"Fighting\" width=\"32\" height=\"14\"><img src=\"//play.pokemonshowdown.com/sprites/categories/Physical.png\" alt=\"Physical\" width=\"32\" height=\"14\"></span> <span class=\"col labelcol\"><em>Power</em><br>1</span> <span class=\"col widelabelcol\"><em>Accuracy</em><br>\u2014</span> <span class=\"col pplabelcol\"><em>PP</em><br>1</span> <span class=\"col movedesccol\">Power is equal to the base move's Z-Power.</span> </li><li style=\"clear:both\"></li></ul>\n\n|\n|t:|1733855324\n|switch|p1a: Greedent|Greedent, L86, F|347/347\n|move|p2a: Misdreavus|Shadow Ball|p1a: Greedent\n|-immune|p1a: Greedent\n|\n|upkeep\n|turn|3\n|\n|t:|1733855361\n|move|p2a: Misdreavus|Will-O-Wisp|p1a: Greedent|[miss]\n|-miss|p2a: Misdreavus|p1a: Greedent\n|move|p1a: Greedent|Swords Dance|p1a: Greedent\n|-boost|p1a: Greedent|atk|2\n|\n|upkeep\n|turn|4\n|\n|t:|1733855372\n|switch|p1a: Conkeldurr|Conkeldurr, L80, F|299/299\n|move|p2a: Misdreavus|Calm Mind|p2a: Misdreavus\n|-boost|p2a: Misdreavus|spa|1\n|-boost|p2a: Misdreavus|spd|1\n|\n|-status|p1a: Conkeldurr|brn|[from] item: Flame Orb\n|upkeep\n|turn|5\n|\n|t:|1733855394\n|move|p2a: Misdreavus|Draining Kiss|p1a: Conkeldurr\n|-supereffective|p1a: Conkeldurr\n|-damage|p1a: Conkeldurr|149/299 brn\n|move|p1a: Conkeldurr|Knock Off|p2a: Misdreavus\n|-supereffective|p2a: Misdreavus\n|-damage|p2a: Misdreavus|58/254\n|-enditem|p2a: Misdreavus|Eviolite|[from] move: Knock Off|[of] p1a: Conkeldurr\n|\n|-damage|p1a: Conkeldurr|131/299 brn|[from] brn\n|upkeep\n|turn|6\n|\n|t:|1733855408\n|switch|p1a: Greedent|Greedent, L86, F|347/347\n|move|p2a: Misdreavus|Draining Kiss|p1a: Greedent\n|-crit|p1a: Greedent\n|-damage|p1a: Greedent|258/347\n|-heal|p2a: Misdreavus|125/254|[from] drain|[of] p1a: Greedent\n|\n|upkeep\n|turn|7\n|\n|t:|1733855436\n|switch|p1a: Munkidori|Munkidori, L79, M|269/269\n|move|p2a: Misdreavus|Shadow Ball|p1a: Munkidori\n|-supereffective|p1a: Munkidori\n|-damage|p1a: Munkidori|101/269\n|\n|upkeep\n|turn|8\n|\n|t:|1733855462\n|move|p1a: Munkidori|Psychic Noise|p2a: Misdreavus\n|-damage|p2a: Misdreavus|70/254\n|-start|p2a: Misdreavus|move: Heal Block\n|move|p2a: Misdreavus|Shadow Ball|p1a: Munkidori\n|-supereffective|p1a: Munkidori\n|-damage|p1a: Munkidori|0 fnt\n|faint|p1a: Munkidori\n|\n|upkeep\n|\n|t:|1733855498\n|switch|p1a: Oricorio|Oricorio-Sensu, L85, M|266/266\n|turn|9\n|c|\u2606Zsaiel|!data dancer\n|raw|<ul class=\"utilichart\"><li class=\"result\"><span class=\"col namecol\"><a href=\"https://dex.pokemonshowdown.com/abilities/dancer\">Dancer</a></span> <span class=\"col abilitydesccol\">After another Pokemon uses a dance move, this Pokemon uses the same move.</span> </li><li style=\"clear:both\"></li></ul>\n\n|\n|t:|1733855519\n|-terastallize|p2a: Misdreavus|Fairy\n|move|p1a: Oricorio|Revelation Dance|p2a: Misdreavus\n|-damage|p2a: Misdreavus|12/254\n|move|p2a: Misdreavus|Shadow Ball|p1a: Oricorio\n|-supereffective|p1a: Oricorio\n|-damage|p1a: Oricorio|0 fnt\n|faint|p1a: Oricorio\n|\n|-end|p2a: Misdreavus|move: Heal Block\n|upkeep\n|\n|t:|1733855529\n|switch|p1a: Conkeldurr|Conkeldurr, L80, F|131/299 brn\n|turn|10\n|\n|t:|1733855547\n|move|p1a: Conkeldurr|Mach Punch|p2a: Misdreavus\n|-resisted|p2a: Misdreavus\n|-damage|p2a: Misdreavus|0 fnt\n|faint|p2a: Misdreavus\n|\n|-damage|p1a: Conkeldurr|113/299 brn|[from] brn\n|upkeep\n|\n|t:|1733855562\n|switch|p2a: Squawkabilly|Squawkabilly, L85, F|278/278\n|turn|11\n|\n|t:|1733855577\n|-terastallize|p1a: Conkeldurr|Normal\n|move|p2a: Squawkabilly|Brave Bird|p1a: Conkeldurr\n|-damage|p1a: Conkeldurr|0 fnt\n|faint|p1a: Conkeldurr\n|-damage|p2a: Squawkabilly|241/278|[from] Recoil\n|\n|-status|p2a: Squawkabilly|brn|[from] item: Flame Orb\n|upkeep\n|\n|t:|1733855604\n|switch|p1a: Overqwil|Overqwil, L82, M|274/274\n|-ability|p1a: Overqwil|Intimidate|boost\n|-unboost|p2a: Squawkabilly|atk|1\n|turn|12\n|\n|t:|1733855637\n|move|p2a: Squawkabilly|Brave Bird|p1a: Overqwil\n|-damage|p1a: Overqwil|159/274\n|-damage|p2a: Squawkabilly|203/278 brn|[from] Recoil\n|move|p1a: Overqwil|Gunk Shot|p2a: Squawkabilly\n|-damage|p2a: Squawkabilly|0 fnt\n|faint|p2a: Squawkabilly\n|-damage|p1a: Overqwil|132/274|[from] item: Life Orb\n|\n|upkeep\n|\n|t:|1733855680\n|switch|p2a: Iron Crown|Iron Crown, L78|268/268\n|turn|13\n|\n|t:|1733855695\n|move|p2a: Iron Crown|Focus Blast|p1a: Overqwil|[miss]\n|-miss|p2a: Iron Crown|p1a: Overqwil\n|move|p1a: Overqwil|Swords Dance|p1a: Overqwil\n|-boost|p1a: Overqwil|atk|2\n|\n|upkeep\n|turn|14\n|\n|t:|1733855707\n|move|p2a: Iron Crown|Tachyon Cutter|p1a: Overqwil\n|-damage|p1a: Overqwil|62/274\n|-damage|p1a: Overqwil|0 fnt\n|faint|p1a: Overqwil\n|-hitcount|p1: Overqwil|2\n|\n|upkeep\n|\n|t:|1733855715\n|switch|p1a: Greedent|Greedent, L86, F|258/347\n|turn|15\n|\n|t:|1733855727\n|move|p2a: Iron Crown|Focus Blast|p1a: Greedent|[miss]\n|-miss|p2a: Iron Crown|p1a: Greedent\n|move|p1a: Greedent|Swords Dance|p1a: Greedent\n|-boost|p1a: Greedent|atk|2\n|\n|upkeep\n|turn|16\n|\n|t:|1733855736\n|move|p2a: Iron Crown|Tachyon Cutter|p1a: Greedent\n|-damage|p1a: Greedent|192/347\n|-damage|p1a: Greedent|131/347\n|-enditem|p1a: Greedent|Sitrus Berry|[eat]\n|-heal|p1a: Greedent|217/347|[from] item: Sitrus Berry\n|-heal|p1a: Greedent|332/347|[from] ability: Cheek Pouch\n|-hitcount|p1a: Greedent|2\n|move|p1a: Greedent|Earthquake|p2a: Iron Crown\n|-supereffective|p2a: Iron Crown\n|-damage|p2a: Iron Crown|2/268\n|\n|-heal|p2a: Iron Crown|18/268|[from] item: Leftovers\n|upkeep\n|turn|17\n|\n|t:|1733855763\n|move|p2a: Iron Crown|Tachyon Cutter|p1a: Greedent\n|-damage|p1a: Greedent|272/347\n|-damage|p1a: Greedent|209/347\n|-hitcount|p1a: Greedent|2\n|move|p1a: Greedent|Knock Off|p2a: Iron Crown\n|-supereffective|p2a: Iron Crown\n|-damage|p2a: Iron Crown|0 fnt\n|-enditem|p2a: Iron Crown|Leftovers|[from] move: Knock Off|[of] p1a: Greedent\n|faint|p2a: Iron Crown\n|-end|p2a: Iron Crown|Quark Drive|[silent]\n|\n|upkeep\n|\n|t:|1733855786\n|switch|p2a: Chandelure|Chandelure, L83, M|235/235\n|turn|18\n|\n|t:|1733855800\n|move|p2a: Chandelure|Shadow Ball|p1a: Greedent\n|-immune|p1a: Greedent\n|move|p1a: Greedent|Earthquake|p2a: Chandelure\n|-supereffective|p2a: Chandelure\n|-damage|p2a: Chandelure|0 fnt\n|faint|p2a: Chandelure\n|\n|upkeep\n|\n|t:|1733855814\n|switch|p2a: Amoonguss|Amoonguss, L82, F|321/321\n|turn|19\n|\n|t:|1733855836\n|move|p2a: Amoonguss|Spore|p1a: Greedent\n|-status|p1a: Greedent|slp|[from] move: Spore\n|cant|p1a: Greedent|slp\n|\n|upkeep\n|turn|20\n|\n|t:|1733855854\n|move|p2a: Amoonguss|Giga Drain|p1a: Greedent\n|-crit|p1a: Greedent\n|-damage|p1a: Greedent|104/347 slp\n|-curestatus|p1a: Greedent|slp|[msg]\n|move|p1a: Greedent|Double-Edge|p2a: Amoonguss\n|-damage|p2a: Amoonguss|17/321\n|-damage|p1a: Greedent|4/347|[from] Recoil\n|\n|-heal|p2a: Amoonguss|37/321|[from] item: Leftovers\n|upkeep\n|turn|21\n|\n|t:|1733855867\n|move|p2a: Amoonguss|Giga Drain|p1a: Greedent\n|-damage|p1a: Greedent|0 fnt\n|-heal|p2a: Amoonguss|39/321|[from] drain|[of] p1a: Greedent\n|faint|p1a: Greedent\n|\n|-heal|p2a: Amoonguss|59/321|[from] item: Leftovers\n|upkeep\n|\n|t:|1733855874\n|switch|p1a: Chi-Yu|Chi-Yu, L77|211/211\n|-ability|p1a: Chi-Yu|Beads of Ruin\n|turn|22\n|\n|t:|1733855903\n|move|p1a: Chi-Yu|Fire Blast|p2a: Amoonguss\n|-supereffective|p2a: Amoonguss\n|-damage|p2a: Amoonguss|0 fnt\n|faint|p2a: Amoonguss\n|\n|upkeep\n|\n|t:|1733855911\n|switch|p2a: Palafin|Palafin, L77, M|281/281\n|turn|23\n|\n|t:|1733855927\n|move|p2a: Palafin|Wave Crash|p1a: Chi-Yu\n|-supereffective|p1a: Chi-Yu\n|-damage|p1a: Chi-Yu|0 fnt\n|faint|p1a: Chi-Yu\n|-damage|p2a: Palafin|211/281|[from] Recoil\n|\n|win|teodoroteo\n|l|\u2606Zsaiel\n|player|p1|\n", "inputlog": ">version bfd83cad13791eb5a5a409923076391caf6fb4d4\n>start {\"formatid\":\"gen9randombattle\",\"seed\":[56411,18977,56336,34763]}\n>player p1 {\"name\":\"Zsaiel\",\"avatar\":\"n\",\"rating\":0,\"seed\":[13691,34349,20432,10164]}\n>player p2 {\"name\":\"teodoroteo\",\"avatar\":\"2\",\"rating\":0,\"seed\":[3402,61496,26585,33444]}\n>p1 move fakeout\n>p2 switch 6\n>chat \u2606Zsaiel|!data fighting\n>p1 switch 5\n>p2 move shadowball\n>p1 move swordsdance\n>p2 move willowisp\n>p1 switch 6\n>p2 move calmmind\n>p1 move knockoff\n>p2 move drainingkiss\n>p1 switch 6\n>p2 move drainingkiss\n>p1 switch 5\n>p2 move shadowball\n>p1 move psychicnoise\n>p2 move shadowball\n>p1 switch 2\n>chat \u2606Zsaiel|!data dancer\n>p1 move revelationdance\n>p2 move shadowball terastallize\n>p1 switch 6\n>p1 move machpunch\n>p2 move drainingkiss\n>p2 switch 3\n>p1 move facade terastallize\n>p2 move bravebird\n>p1 switch 4\n>p1 move gunkshot\n>p2 move bravebird\n>p2 switch 5\n>p1 move swordsdance\n>p2 move focusblast\n>p1 move crunch\n>p2 move tachyoncutter\n>p1 switch 5\n>p1 move swordsdance\n>p2 move focusblast\n>p1 move earthquake\n>p2 move tachyoncutter\n>p1 move knockoff\n>p2 move tachyoncutter\n>p2 switch 2\n>p1 move earthquake\n>p2 move shadowball\n>p2 switch 6\n>p1 move doubleedge\n>p2 move spore\n>p1 move doubleedge\n>p2 move gigadrain\n>p1 move knockoff\n>p2 move gigadrain\n>p1 switch 3\n>p1 move fireblast\n>p2 move spore\n>p2 switch 4\n>p1 move willowisp\n>p2 move wavecrash", "uploadtime": 1733855955, "views": 1, "formatid": "gen9randombattle", "rating": null, "private": 0, "password": null}