{"id": "gen9randombattle-2164988935", "format": "[Gen 9] Random Battle", "players": ["al_quds_al_aqsa", "Norman2!"], "log": "|badge|p1|bronze|gen9randombattle|100-2\n|uhtml|medal-msg|<div class=\"broadcast-blue\">Curious what those medals under the avatar are? PS now has Ladder Seasons! For more information, check out the <a href=\"https://www.smogon.com/forums/threads/3740067/\">thread on Smogon.</a></div>\n|badge|p2|silver|gen9randombattle|30-2\n|uhtml|medal-msg|<div class=\"broadcast-blue\">Curious what those medals under the avatar are? PS now has Ladder Seasons! For more information, check out the <a href=\"https://www.smogon.com/forums/threads/3740067/\">thread on Smogon.</a></div>\n|j|\u2606al_quds_al_aqsa\n|j|\u203dNorman2!\n|t:|1721594864\n|gametype|singles\n|player|p1|al_quds_al_aqsa|102|2381\n|player|p2|Norman2!|102|2489\n|teamsize|p1|6\n|teamsize|p2|6\n|gen|9\n|tier|[Gen 9] Random Battle\n|rated|\n|rule|Species Clause: Limit one of each Pok\u00e9mon\n|rule|HP Percentage Mod: HP is shown in percentages\n|rule|Sleep Clause Mod: Limit one foe put to sleep\n|rule|Illusion Level Mod: Illusion disguises the Pok\u00e9mon's true level\n|\n|t:|1721594864\n|start\n|switch|p1a: Clawitzer|Clawitzer, L86, M|262/262\n|switch|p2a: Crawdaunt|Crawdaunt, L84, F|243/243\n|turn|1\n|\n|t:|1721594906\n|switch|p2a: Froslass|Froslass, L87, F|263/263\n|move|p1a: Clawitzer|Aura Sphere|p2a: Froslass\n|-immune|p2a: Froslass\n|\n|upkeep\n|turn|2\n|\n|t:|1721594912\n|switch|p1a: Umbreon|Umbreon, L84, M|297/297\n|move|p2a: Froslass|Triple Axel|p1a: Umbreon\n|-damage|p1a: Umbreon|278/297\n|-damage|p1a: Umbreon|241/297\n|-damage|p1a: Umbreon|192/297\n|-hitcount|p1a: Umbreon|3\n|\n|-heal|p1a: Umbreon|210/297|[from] item: Leftovers\n|upkeep\n|turn|3\n|j| CutePokesOnly\n|\n|t:|1721594917\n|switch|p2a: Klefki|Klefki, L84, M|233/233\n|move|p1a: Umbreon|Toxic|p2a: Klefki\n|-immune|p2a: Klefki\n|\n|-heal|p1a: Umbreon|228/297|[from] item: Leftovers\n|upkeep\n|turn|4\n|\n|t:|1721594923\n|switch|p1a: Clawitzer|Clawitzer, L86, M|262/262\n|move|p2a: Klefki|Thunder Wave|p1a: Clawitzer\n|-status|p1a: Clawitzer|par\n|\n|upkeep\n|turn|5\n|\n|t:|1721594936\n|switch|p2a: Crawdaunt|Crawdaunt, L84, F|243/243\n|cant|p1a: Clawitzer|par\n|\n|upkeep\n|turn|6\n|\n|t:|1721594940\n|move|p2a: Crawdaunt|Knock Off|p1a: Clawitzer\n|-damage|p1a: Clawitzer|24/262 par\n|-enditem|p1a: Clawitzer|Choice Specs|[from] move: Knock Off|[of] p2a: Crawdaunt\n|cant|p1a: Clawitzer|par\n|\n|upkeep\n|turn|7\n|\n|t:|1721594944\n|move|p2a: Crawdaunt|Knock Off|p1a: Clawitzer\n|-damage|p1a: Clawitzer|0 fnt\n|faint|p1a: Clawitzer\n|\n|upkeep\n|\n|t:|1721594946\n|switch|p1a: Samurott|Samurott-Hisui, L77, M|265/265\n|turn|8\n|\n|t:|1721594953\n|move|p1a: Samurott|Razor Shell|p2a: Crawdaunt\n|-resisted|p2a: Crawdaunt\n|-damage|p2a: Crawdaunt|165/243\n|-unboost|p2a: Crawdaunt|def|1\n|move|p2a: Crawdaunt|Knock Off|p1a: Samurott\n|-resisted|p1a: Samurott\n|-damage|p1a: Samurott|114/265\n|-enditem|p1a: Samurott|Choice Band|[from] move: Knock Off|[of] p2a: Crawdaunt\n|\n|upkeep\n|turn|9\n|\n|t:|1721594976\n|switch|p2a: Palafin|Palafin, L77, F|281/281\n|move|p1a: Samurott|Ceaseless Edge|p2a: Palafin\n|-damage|p2a: Palafin|154/281\n|-sidestart|p2: Norman2!|Spikes\n|\n|upkeep\n|turn|10\n|\n|t:|1721594979\n|move|p2a: Palafin|Close Combat|p1a: Samurott\n|-supereffective|p1a: Samurott\n|-damage|p1a: Samurott|0 fnt\n|-unboost|p2a: Palafin|def|1\n|-unboost|p2a: Palafin|spd|1\n|faint|p1a: Samurott\n|\n|upkeep\n|\n|t:|1721594985\n|switch|p1a: Mew|Mew, L82|298/298\n|turn|11\n|\n|t:|1721594990\n|detailschange|p2a: Palafin|Palafin-Hero, L77, F\n|switch|p2a: Klefki|Klefki, L84, M|233/233\n|-damage|p2a: Klefki|204/233|[from] Spikes\n|move|p1a: Mew|Swords Dance|p1a: Mew\n|-boost|p1a: Mew|atk|2\n|\n|-heal|p2a: Klefki|218/233|[from] item: Leftovers\n|upkeep\n|turn|12\n|\n|t:|1721594994\n|move|p2a: Klefki|Thunder Wave|p1a: Mew|[miss]\n|-miss|p2a: Klefki|p1a: Mew\n|move|p1a: Mew|Close Combat|p2a: Klefki\n|-damage|p2a: Klefki|11/233\n|-unboost|p1a: Mew|def|1\n|-unboost|p1a: Mew|spd|1\n|-damage|p1a: Mew|269/298|[from] item: Life Orb\n|\n|-heal|p2a: Klefki|25/233|[from] item: Leftovers\n|upkeep\n|turn|13\n|\n|t:|1721594997\n|switch|p1a: Umbreon|Umbreon, L84, M|228/297\n|move|p2a: Klefki|Thunder Wave|p1a: Umbreon\n|-hint|Since gen 7, Dark is immune to Prankster moves.\n|-immune|p1a: Umbreon\n|\n|-heal|p2a: Klefki|39/233|[from] item: Leftovers\n|-heal|p1a: Umbreon|246/297|[from] item: Leftovers\n|upkeep\n|turn|14\n|\n|t:|1721595002\n|move|p2a: Klefki|Thunder Wave|p1a: Umbreon\n|-hint|Since gen 7, Dark is immune to Prankster moves.\n|-immune|p1a: Umbreon\n|move|p1a: Umbreon|Foul Play|p2a: Klefki\n|-resisted|p2a: Klefki\n|-damage|p2a: Klefki|0 fnt\n|faint|p2a: Klefki\n|\n|-heal|p1a: Umbreon|264/297|[from] item: Leftovers\n|upkeep\n|\n|t:|1721595029\n|switch|p2a: Kingambit|Kingambit, L74, M|270/270\n|-damage|p2a: Kingambit|237/270|[from] Spikes\n|-activate|p2a: Kingambit|ability: Supreme Overlord\n|-start|p2a: Kingambit|fallen1|[silent]\n|turn|15\n|\n|t:|1721595033\n|switch|p1a: Dachsbun|Dachsbun, L91, F|252/252\n|move|p2a: Kingambit|Swords Dance|p2a: Kingambit\n|-boost|p2a: Kingambit|atk|2\n|\n|-heal|p2a: Kingambit|253/270|[from] item: Leftovers\n|upkeep\n|turn|16\n|\n|t:|1721595044\n|-terastallize|p1a: Dachsbun|Steel\n|-terastallize|p2a: Kingambit|Flying\n|move|p1a: Dachsbun|Stomping Tantrum|p2a: Kingambit\n|-immune|p2a: Kingambit\n|move|p2a: Kingambit|Iron Head|p1a: Dachsbun\n|-resisted|p1a: Dachsbun\n|-damage|p1a: Dachsbun|183/252\n|\n|-heal|p1a: Dachsbun|198/252|[from] item: Leftovers\n|-heal|p2a: Kingambit|269/270|[from] item: Leftovers\n|upkeep\n|turn|17\n|j| ds des chats\n|\n|t:|1721595055\n|move|p1a: Dachsbun|Play Rough|p2a: Kingambit\n|-damage|p2a: Kingambit|181/270\n|move|p2a: Kingambit|Swords Dance|p2a: Kingambit\n|-boost|p2a: Kingambit|atk|2\n|\n|-heal|p1a: Dachsbun|213/252|[from] item: Leftovers\n|-heal|p2a: Kingambit|197/270|[from] item: Leftovers\n|upkeep\n|turn|18\n|\n|t:|1721595061\n|move|p1a: Dachsbun|Play Rough|p2a: Kingambit|[miss]\n|-miss|p1a: Dachsbun|p2a: Kingambit\n|move|p2a: Kingambit|Kowtow Cleave|p1a: Dachsbun\n|-damage|p1a: Dachsbun|0 fnt\n|faint|p1a: Dachsbun\n|\n|-heal|p2a: Kingambit|213/270|[from] item: Leftovers\n|upkeep\n|\n|t:|1721595067\n|switch|p1a: Umbreon|Umbreon, L84, M|264/297\n|turn|19\n|\n|t:|1721595071\n|move|p1a: Umbreon|Foul Play|p2a: Kingambit\n|-damage|p2a: Kingambit|0 fnt\n|faint|p2a: Kingambit\n|-end|p2a: Kingambit|fallen1|[silent]\n|\n|-heal|p1a: Umbreon|282/297|[from] item: Leftovers\n|upkeep\n|\n|t:|1721595091\n|switch|p2a: Palafin|Palafin-Hero, L77, F|154/281\n|-damage|p2a: Palafin|119/281|[from] Spikes\n|-activate|p2a: Palafin|ability: Zero to Hero\n|turn|20\n|\n|t:|1721595095\n|switch|p1a: Gardevoir|Gardevoir, L83, M|249/249\n|move|p2a: Palafin|Close Combat|p1a: Gardevoir\n|-resisted|p1a: Gardevoir\n|-damage|p1a: Gardevoir|203/249\n|-unboost|p2a: Palafin|def|1\n|-unboost|p2a: Palafin|spd|1\n|\n|upkeep\n|turn|21\n|\n|t:|1721595111\n|switch|p2a: Jolteon|Jolteon, L84, M|246/246\n|-ability|p1a: Gardevoir|Volt Absorb|[from] ability: Trace|[of] p2a: Jolteon\n|-damage|p2a: Jolteon|216/246|[from] Spikes\n|move|p1a: Gardevoir|Moonblast|p2a: Jolteon\n|-damage|p2a: Jolteon|107/246\n|-unboost|p2a: Jolteon|spa|1\n|\n|-heal|p2a: Jolteon|122/246|[from] item: Leftovers\n|upkeep\n|turn|22\n|\n|t:|1721595114\n|move|p1a: Gardevoir|Moonblast|p2a: Jolteon\n|-damage|p2a: Jolteon|14/246\n|-unboost|p2a: Jolteon|spa|1\n|move|p2a: Jolteon|Thunderbolt|p1a: Gardevoir\n|-heal|p1a: Gardevoir|249/249|[from] ability: Volt Absorb|[of] p2a: Jolteon\n|\n|-heal|p2a: Jolteon|29/246|[from] item: Leftovers\n|upkeep\n|turn|23\n|\n|t:|1721595128\n|move|p1a: Gardevoir|Moonblast|p2a: Jolteon\n|-damage|p2a: Jolteon|0 fnt\n|faint|p2a: Jolteon\n|\n|upkeep\n|\n|t:|1721595131\n|switch|p2a: Froslass|Froslass, L87, F|263/263\n|-damage|p2a: Froslass|231/263|[from] Spikes\n|turn|24\n|\n|t:|1721595140\n|switch|p1a: Umbreon|Umbreon, L84, M|282/297\n|switch|p2a: Crawdaunt|Crawdaunt, L84, F|165/243\n|-damage|p2a: Crawdaunt|135/243|[from] Spikes\n|\n|-heal|p1a: Umbreon|297/297|[from] item: Leftovers\n|upkeep\n|turn|25\n|\n|t:|1721595149\n|move|p1a: Umbreon|Wish|p1a: Umbreon\n|move|p2a: Crawdaunt|Crabhammer|p1a: Umbreon\n|-damage|p1a: Umbreon|105/297\n|\n|-heal|p1a: Umbreon|123/297|[from] item: Leftovers\n|upkeep\n|turn|26\n|\n|t:|1721595152\n|move|p1a: Umbreon|Protect|p1a: Umbreon\n|-singleturn|p1a: Umbreon|Protect\n|move|p2a: Crawdaunt|Crabhammer|p1a: Umbreon\n|-activate|p1a: Umbreon|move: Protect\n|\n|-heal|p1a: Umbreon|271/297|[from] move: Wish|[wisher] Umbreon\n|-heal|p1a: Umbreon|289/297|[from] item: Leftovers\n|upkeep\n|turn|27\n|\n|t:|1721595154\n|move|p1a: Umbreon|Wish|p1a: Umbreon\n|move|p2a: Crawdaunt|Crabhammer|p1a: Umbreon\n|-damage|p1a: Umbreon|73/297\n|\n|-heal|p1a: Umbreon|91/297|[from] item: Leftovers\n|upkeep\n|turn|28\n|\n|t:|1721595158\n|move|p1a: Umbreon|Protect|p1a: Umbreon\n|-singleturn|p1a: Umbreon|Protect\n|move|p2a: Crawdaunt|Crabhammer|p1a: Umbreon\n|-activate|p1a: Umbreon|move: Protect\n|\n|-heal|p1a: Umbreon|239/297|[from] move: Wish|[wisher] Umbreon\n|-heal|p1a: Umbreon|257/297|[from] item: Leftovers\n|upkeep\n|turn|29\n|\n|t:|1721595161\n|move|p1a: Umbreon|Wish|p1a: Umbreon\n|move|p2a: Crawdaunt|Crabhammer|p1a: Umbreon\n|-damage|p1a: Umbreon|49/297\n|\n|-heal|p1a: Umbreon|67/297|[from] item: Leftovers\n|upkeep\n|turn|30\n|\n|t:|1721595163\n|move|p1a: Umbreon|Protect|p1a: Umbreon\n|-singleturn|p1a: Umbreon|Protect\n|move|p2a: Crawdaunt|Crabhammer|p1a: Umbreon\n|-activate|p1a: Umbreon|move: Protect\n|\n|-heal|p1a: Umbreon|215/297|[from] move: Wish|[wisher] Umbreon\n|-heal|p1a: Umbreon|233/297|[from] item: Leftovers\n|upkeep\n|turn|31\n|\n|t:|1721595172\n|move|p1a: Umbreon|Foul Play|p2a: Crawdaunt\n|-resisted|p2a: Crawdaunt\n|-damage|p2a: Crawdaunt|72/243\n|move|p2a: Crawdaunt|Crabhammer|p1a: Umbreon\n|-damage|p1a: Umbreon|9/297\n|\n|-heal|p1a: Umbreon|27/297|[from] item: Leftovers\n|upkeep\n|turn|32\n|\n|t:|1721595177\n|move|p1a: Umbreon|Foul Play|p2a: Crawdaunt\n|-resisted|p2a: Crawdaunt\n|-damage|p2a: Crawdaunt|9/243\n|move|p2a: Crawdaunt|Crabhammer|p1a: Umbreon\n|-damage|p1a: Umbreon|0 fnt\n|faint|p1a: Umbreon\n|\n|upkeep\n|\n|t:|1721595180\n|switch|p1a: Gardevoir|Gardevoir, L83, M|249/249\n|-ability|p1a: Gardevoir|Adaptability|[from] ability: Trace|[of] p2a: Crawdaunt\n|turn|33\n|\n|t:|1721595186\n|move|p1a: Gardevoir|Moonblast|p2a: Crawdaunt\n|-supereffective|p2a: Crawdaunt\n|-damage|p2a: Crawdaunt|0 fnt\n|faint|p2a: Crawdaunt\n|\n|upkeep\n|\n|t:|1721595198\n|switch|p2a: Froslass|Froslass, L87, F|231/263\n|-damage|p2a: Froslass|199/263|[from] Spikes\n|turn|34\n|\n|t:|1721595205\n|move|p1a: Gardevoir|Moonblast|p2a: Froslass\n|-damage|p2a: Froslass|19/263\n|move|p2a: Froslass|Poltergeist|p1a: Gardevoir\n|-activate|p1a: Gardevoir|move: Poltergeist|Choice Scarf\n|-supereffective|p1a: Gardevoir\n|-damage|p1a: Gardevoir|0 fnt\n|faint|p1a: Gardevoir\n|\n|upkeep\n|\n|t:|1721595208\n|switch|p1a: Mew|Mew, L82|269/298\n|turn|35\n|\n|t:|1721595217\n|move|p2a: Froslass|Poltergeist|p1a: Mew\n|-activate|p1a: Mew|move: Poltergeist|Life Orb\n|-supereffective|p1a: Mew\n|-damage|p1a: Mew|63/298\n|move|p1a: Mew|Psychic Fangs|p2a: Froslass\n|-damage|p2a: Froslass|0 fnt\n|-start|p1a: Mew|Disable|Psychic Fangs|[from] ability: Cursed Body|[of] p2a: Froslass\n|faint|p2a: Froslass\n|-damage|p1a: Mew|34/298|[from] item: Life Orb\n|\n|upkeep\n|\n|t:|1721595224\n|switch|p2a: Palafin|Palafin-Hero, L77, F|119/281\n|-damage|p2a: Palafin|84/281|[from] Spikes\n|turn|36\n|\n|t:|1721595228\n|move|p2a: Palafin|Jet Punch|p1a: Mew\n|-damage|p1a: Mew|0 fnt\n|faint|p1a: Mew\n|\n|win|Norman2!\n|raw|al_quds_al_aqsa's rating: 2381 &rarr; <strong>2367</strong><br />(-14 for losing)\n|raw|Norman2!'s rating: 2489 &rarr; <strong>2503</strong><br />(+14 for winning)\n|l| CutePokesOnly\n", "inputlog": ">version 40a00717927414d2de8ab728c68cc0cdfbe4c28f\n>start {\"formatid\":\"gen9randombattle\",\"seed\":[31441,60053,4601,3485],\"rated\":\"Rated battle\"}\n>player p1 {\"name\":\"al_quds_al_aqsa\",\"avatar\":\"102\",\"rating\":2381,\"seed\":[29636,56603,62084,64559]}\n>player p2 {\"name\":\"Norman2!\",\"avatar\":\"102\",\"rating\":2489,\"seed\":[25519,40598,3307,37848]}\n>p1 move aurasphere\n>p2 switch 2\n>p1 switch 2\n>p2 move tripleaxel\n>p1 move toxic\n>p2 switch 6\n>p1 switch 2\n>p2 move thunderwave\n>p1 move waterpulse\n>p2 switch 2\n>p1 move aurasphere\n>p2 move knockoff\n>p1 move aurasphere\n>p2 move knockoff\n>p1 switch 5\n>p1 move razorshell\n>p2 move knockoff\n>p1 move ceaselessedge\n>p2 switch 3\n>p1 move ceaselessedge\n>p2 move closecombat\n>p1 switch 3\n>p1 move swordsdance\n>p2 switch 2\n>p1 move closecombat\n>p2 move thunderwave\n>p1 switch 2\n>p2 move thunderwave\n>p1 move foulplay\n>p2 move thunderwave\n>p2 switch 4\n>p1 switch 4\n>p2 move swordsdance\n>p1 move stompingtantrum terastallize\n>p2 move ironhead terastallize\n>p1 move playrough\n>p2 move swordsdance\n>p1 move playrough\n>p2 move kowtowcleave\n>p1 switch 4\n>p1 move foulplay\n>p2 move ironhead\n>p2 switch 2\n>p1 switch 6\n>p2 move closecombat\n>p1 move moonblast\n>p2 switch 5\n>p1 move moonblast\n>p2 move thunderbolt\n>p1 move moonblast\n>p2 move terablast\n>p2 switch 6\n>p1 switch 6\n>p2 switch 3\n>p1 move wish\n>p2 move crabhammer\n>p1 move protect\n>p2 move crabhammer\n>p1 move wish\n>p2 move crabhammer\n>p1 move protect\n>p2 move crabhammer\n>p1 move wish\n>p2 move crabhammer\n>p1 move protect\n>p2 move crabhammer\n>p1 move foulplay\n>p2 move crabhammer\n>p1 move foulplay\n>p2 move crabhammer\n>p1 switch 6\n>p1 move moonblast\n>p2 move crabhammer\n>p2 switch 3\n>p1 move moonblast\n>p2 move poltergeist\n>p1 switch 2\n>p1 move psychicfangs\n>p2 move poltergeist\n>p2 switch 5\n>p1 move closecombat\n>p2 move jetpunch", "uploadtime": 1721595231, "views": 153, "formatid": "gen9randombattle", "rating": 2367, "private": 0, "password": null}