{"id": "gen9randombattle-2260037109", "format": "[Gen 9] Random Battle", "players": ["ablecereal4", "puncks"], "log": "|j|\u2606ablecereal4\n|j|\u2606puncks\n|t:|1733794092\n|gametype|singles\n|player|p1|ablecereal4|169|1327\n|player|p2|puncks|1|1330\n|teamsize|p1|6\n|teamsize|p2|6\n|gen|9\n|tier|[Gen 9] Random Battle\n|rated|\n|rule|Species Clause: Limit one of each Pok\u00e9mon\n|rule|HP Percentage Mod: HP is shown in percentages\n|rule|Sleep Clause Mod: Limit one foe put to sleep\n|rule|Illusion Level Mod: Illusion disguises the Pok\u00e9mon's true level\n|\n|t:|1733794092\n|start\n|switch|p1a: Breloom|Breloom, L82, M|233/233\n|switch|p2a: Sinistcha|Sinistcha-Masterpiece, L83|254/254\n|turn|1\n|inactive|Battle timer is ON: inactive players will automatically lose when time's up. (requested by ablecereal4)\n|\n|t:|1733794110\n|switch|p1a: Houndoom|Houndoom, L87, M|272/272\n|move|p2a: Sinistcha|Calm Mind|p2a: Sinistcha\n|-boost|p2a: Sinistcha|spa|1\n|-boost|p2a: Sinistcha|spd|1\n|\n|upkeep\n|turn|2\n|inactive|puncks has 120 seconds left.\n|\n|t:|1733794151\n|switch|p2a: Tentacruel|Tentacruel, L84, M|272/272\n|move|p1a: Houndoom|Nasty Plot|p1a: Houndoom\n|-boost|p1a: Houndoom|spa|2\n|\n|upkeep\n|turn|3\n|\n|t:|1733794165\n|switch|p1a: Chansey|Chansey, L85, F|564/564\n|move|p2a: Tentacruel|Surf|p1a: Chansey\n|-damage|p1a: Chansey|518/564\n|\n|upkeep\n|turn|4\n|inactive|puncks has 120 seconds left.\n|\n|t:|1733794177\n|move|p2a: Tentacruel|Toxic Spikes|p1a: Chansey\n|-sidestart|p1: ablecereal4|move: Toxic Spikes\n|move|p1a: Chansey|Thunder Wave|p2a: Tentacruel\n|-status|p2a: Tentacruel|par\n|\n|upkeep\n|turn|5\n|\n|t:|1733794185\n|move|p1a: Chansey|Seismic Toss|p2a: Tentacruel\n|-damage|p2a: Tentacruel|187/272 par\n|move|p2a: Tentacruel|Sludge Bomb|p1a: Chansey\n|-crit|p1a: Chansey\n|-damage|p1a: Chansey|452/564\n|\n|-heal|p2a: Tentacruel|204/272 par|[from] item: Leftovers\n|upkeep\n|turn|6\n|inactive|puncks has 120 seconds left.\n|\n|t:|1733794205\n|switch|p1a: Iron Crown|Iron Crown, L78|268/268\n|switch|p2a: Sinistcha|Sinistcha-Masterpiece, L83|254/254\n|\n|upkeep\n|turn|7\n|inactive|puncks has 120 seconds left.\n|\n|t:|1733794223\n|move|p1a: Iron Crown|Volt Switch|p2a: Sinistcha\n|-resisted|p2a: Sinistcha\n|-damage|p2a: Sinistcha|215/254\n|\n|t:|1733794227\n|-end|p1a: Iron Crown|Quark Drive|[silent]\n|switch|p1a: Houndoom|Houndoom, L87, M|272/272|[from] Volt Switch\n|move|p2a: Sinistcha|Calm Mind|p2a: Sinistcha\n|-boost|p2a: Sinistcha|spa|1\n|-boost|p2a: Sinistcha|spd|1\n|\n|-heal|p2a: Sinistcha|230/254|[from] item: Leftovers\n|upkeep\n|turn|8\n|\n|t:|1733794238\n|switch|p2a: Tentacruel|Tentacruel, L84, M|204/272 par\n|move|p1a: Houndoom|Dark Pulse|p2a: Tentacruel\n|-damage|p2a: Tentacruel|128/272 par\n|\n|-heal|p2a: Tentacruel|145/272 par|[from] item: Leftovers\n|upkeep\n|turn|9\n|\n|t:|1733794255\n|switch|p1a: Landorus|Landorus, L75, M|257/257\n|move|p2a: Tentacruel|Surf|p1a: Landorus\n|-supereffective|p1a: Landorus\n|-damage|p1a: Landorus|41/257\n|\n|-heal|p2a: Tentacruel|162/272 par|[from] item: Leftovers\n|upkeep\n|turn|10\n|inactive|puncks has 120 seconds left.\n|\n|t:|1733794284\n|move|p1a: Landorus|Earth Power|p2a: Tentacruel\n|-supereffective|p2a: Tentacruel\n|-damage|p2a: Tentacruel|0 fnt\n|faint|p2a: Tentacruel\n|\n|upkeep\n|\n|t:|1733794303\n|switch|p2a: Scizor|Scizor, L79, M|240/240\n|turn|11\n|\n|t:|1733794318\n|move|p1a: Landorus|Stealth Rock|p2a: Scizor\n|-sidestart|p2: puncks|move: Stealth Rock\n|move|p2a: Scizor|Knock Off|p1a: Landorus\n|-damage|p1a: Landorus|0 fnt\n|-enditem|p1a: Landorus|Life Orb|[from] move: Knock Off|[of] p2a: Scizor\n|faint|p1a: Landorus\n|\n|upkeep\n|\n|t:|1733794327\n|switch|p1a: Houndoom|Houndoom, L87, M|272/272\n|turn|12\n|\n|t:|1733794342\n|switch|p2a: Mamoswine|Mamoswine, L81, F|311/311\n|-damage|p2a: Mamoswine|273/311|[from] Stealth Rock\n|move|p1a: Houndoom|Fire Blast|p2a: Mamoswine\n|-supereffective|p2a: Mamoswine\n|-damage|p2a: Mamoswine|85/311\n|\n|upkeep\n|turn|13\n|\n|t:|1733794353\n|move|p1a: Houndoom|Fire Blast|p2a: Mamoswine\n|-supereffective|p2a: Mamoswine\n|-damage|p2a: Mamoswine|0 fnt\n|faint|p2a: Mamoswine\n|\n|upkeep\n|\n|t:|1733794369\n|switch|p2a: Electrode|Electrode, L92|260/260\n|turn|14\n|\n|t:|1733794388\n|switch|p1a: Spidops|Spidops, L96, M|271/271\n|move|p2a: Electrode|Thunderbolt|p1a: Spidops\n|-damage|p1a: Spidops|181/271\n|\n|upkeep\n|turn|15\n|inactive|puncks has 90 seconds left.\n|c|\u2606puncks|funny, everytime i step into one of these spikes i get poisoned\n|c|\u2606puncks|u literally dancing on them\n|c|\u2606puncks|and not a single pokemon is poisoned\n|inactive|puncks has 60 seconds left.\n|\n|t:|1733794437\n|move|p2a: Electrode|Foul Play|p1a: Spidops\n|-damage|p1a: Spidops|121/271\n|move|p1a: Spidops|Toxic Spikes|p2a: Electrode\n|-sidestart|p2: puncks|move: Toxic Spikes\n|\n|upkeep\n|turn|16\n|inactive|puncks has 60 seconds left.\n|\n|t:|1733794447\n|move|p2a: Electrode|Thunderbolt|p1a: Spidops\n|-damage|p1a: Spidops|33/271\n|move|p1a: Spidops|Circle Throw|p2a: Electrode\n|-damage|p2a: Electrode|208/260\n|drag|p2a: Sinistcha|Sinistcha-Masterpiece, L83|230/254\n|-damage|p2a: Sinistcha|199/254|[from] Stealth Rock\n|-status|p2a: Sinistcha|psn\n|\n|-heal|p2a: Sinistcha|214/254 psn|[from] item: Leftovers\n|-damage|p2a: Sinistcha|183/254 psn|[from] psn\n|upkeep\n|turn|17\n|c|\u2606puncks|HAHAHHAHAHAHHAHAHHAHAHHAHA\n|inactive|puncks has 60 seconds left.\n|\n|t:|1733794462\n|move|p2a: Sinistcha|Shadow Ball|p1a: Spidops\n|-damage|p1a: Spidops|0 fnt\n|faint|p1a: Spidops\n|\n|-heal|p2a: Sinistcha|198/254 psn|[from] item: Leftovers\n|-damage|p2a: Sinistcha|167/254 psn|[from] psn\n|upkeep\n|\n|t:|1733794472\n|switch|p1a: Houndoom|Houndoom, L87, M|272/272\n|turn|18\n|\n|t:|1733794480\n|move|p1a: Houndoom|Dark Pulse|p2a: Sinistcha\n|-supereffective|p2a: Sinistcha\n|-damage|p2a: Sinistcha|0 fnt\n|faint|p2a: Sinistcha\n|\n|upkeep\n|\n|t:|1733794487\n|switch|p2a: Scizor|Scizor, L79, M|240/240\n|-damage|p2a: Scizor|210/240|[from] Stealth Rock\n|turn|19\n|\n|t:|1733794495\n|-terastallize|p2a: Scizor|Dragon\n|move|p2a: Scizor|Bullet Punch|p1a: Houndoom\n|-resisted|p1a: Houndoom\n|-crit|p1a: Houndoom\n|-damage|p1a: Houndoom|193/272\n|move|p1a: Houndoom|Fire Blast|p2a: Scizor\n|-resisted|p2a: Scizor\n|-damage|p2a: Scizor|126/240\n|\n|-heal|p2a: Scizor|141/240|[from] item: Leftovers\n|upkeep\n|turn|20\n|\n|t:|1733794513\n|move|p1a: Houndoom|Dark Pulse|p2a: Scizor\n|-damage|p2a: Scizor|38/240\n|move|p2a: Scizor|Knock Off|p1a: Houndoom\n|-resisted|p1a: Houndoom\n|-damage|p1a: Houndoom|142/272\n|-enditem|p1a: Houndoom|Heavy-Duty Boots|[from] move: Knock Off|[of] p2a: Scizor\n|\n|-heal|p2a: Scizor|53/240|[from] item: Leftovers\n|upkeep\n|turn|21\n|\n|t:|1733794529\n|move|p1a: Houndoom|Dark Pulse|p2a: Scizor\n|-damage|p2a: Scizor|0 fnt\n|faint|p2a: Scizor\n|\n|upkeep\n|\n|t:|1733794538\n|switch|p2a: Electrode|Electrode, L92|208/260\n|turn|22\n|\n|t:|1733794548\n|move|p2a: Electrode|Thunderbolt|p1a: Houndoom\n|-damage|p1a: Houndoom|40/272\n|-status|p1a: Houndoom|par\n|move|p1a: Houndoom|Sludge Bomb|p2a: Electrode\n|-damage|p2a: Electrode|138/260\n|-status|p2a: Electrode|psn\n|\n|-damage|p2a: Electrode|106/260 psn|[from] psn\n|upkeep\n|turn|23\n|\n|t:|1733794559\n|move|p2a: Electrode|Thunderbolt|p1a: Houndoom\n|-damage|p1a: Houndoom|0 fnt\n|faint|p1a: Houndoom\n|\n|-damage|p2a: Electrode|74/260 psn|[from] psn\n|upkeep\n|c|\u2606puncks|this game is absolute shit\n|\n|t:|1733794568\n|switch|p1a: Chansey|Chansey, L85, F|452/564\n|-status|p1a: Chansey|psn\n|turn|24\n|\n|t:|1733794577\n|move|p2a: Electrode|Thunderbolt|p1a: Chansey\n|-damage|p1a: Chansey|389/564 psn\n|move|p1a: Chansey|Heal Bell|p1a: Chansey\n|-activate|p1a: Chansey|move: Heal Bell\n|-curestatus|p1a: Chansey|psn|[msg]\n|\n|-damage|p2a: Electrode|42/260 psn|[from] psn\n|upkeep\n|turn|25\n|inactive|puncks has 90 seconds left.\n|\n|t:|1733794587\n|move|p2a: Electrode|Thunderbolt|p1a: Chansey\n|-damage|p1a: Chansey|329/564\n|move|p1a: Chansey|Soft-Boiled|p1a: Chansey\n|-heal|p1a: Chansey|564/564\n|\n|-damage|p2a: Electrode|10/260 psn|[from] psn\n|upkeep\n|turn|26\n|\n|t:|1733794602\n|move|p2a: Electrode|Thunderbolt|p1a: Chansey\n|-damage|p1a: Chansey|510/564\n|move|p1a: Chansey|Seismic Toss|p2a: Electrode\n|-damage|p2a: Electrode|0 fnt\n|-damage|p1a: Chansey|369/564|[from] ability: Aftermath|[of] p2a: Electrode\n|faint|p2a: Electrode\n|\n|upkeep\n|\n|t:|1733794610\n|switch|p2a: Pawmot|Pawmot, L80, M|243/243\n|-damage|p2a: Pawmot|228/243|[from] Stealth Rock\n|-status|p2a: Pawmot|psn\n|turn|27\n|\n|t:|1733794625\n|move|p2a: Pawmot|Revival Blessing|p2a: Pawmot\n|\n|t:|1733794628\n|-heal|p2: Sinistcha|127/254|[from] move: Revival Blessing\n|move|p1a: Chansey|Soft-Boiled|p1a: Chansey\n|-heal|p1a: Chansey|564/564\n|\n|-damage|p2a: Pawmot|198/243 psn|[from] psn\n|upkeep\n|turn|28\n|\n|t:|1733794643\n|switch|p1a: Breloom|Breloom, L82, M|233/233\n|-status|p1a: Breloom|psn\n|move|p2a: Pawmot|Knock Off|p1a: Breloom\n|-resisted|p1a: Breloom\n|-damage|p1a: Breloom|185/233 psn\n|-enditem|p1a: Breloom|Life Orb|[from] move: Knock Off|[of] p2a: Pawmot\n|-damage|p2a: Pawmot|174/243 psn|[from] item: Life Orb\n|\n|-damage|p2a: Pawmot|144/243 psn|[from] psn\n|-damage|p1a: Breloom|156/233 psn|[from] psn\n|upkeep\n|turn|29\n|inactive|puncks has 90 seconds left.\n|\n|t:|1733794664\n|move|p1a: Breloom|Mach Punch|p2a: Pawmot\n|-damage|p2a: Pawmot|50/243 psn\n|move|p2a: Pawmot|Close Combat|p1a: Breloom\n|-damage|p1a: Breloom|0 fnt\n|-unboost|p2a: Pawmot|def|1\n|-unboost|p2a: Pawmot|spd|1\n|faint|p1a: Breloom\n|-damage|p2a: Pawmot|26/243 psn|[from] item: Life Orb\n|\n|-damage|p2a: Pawmot|0 fnt|[from] psn\n|faint|p2a: Pawmot\n|upkeep\n|inactive|puncks has 90 seconds left.\n|\n|t:|1733794697\n|switch|p2a: Sinistcha|Sinistcha-Masterpiece, L83|127/254\n|switch|p1a: Chansey|Chansey, L85, F|564/564\n|-damage|p2a: Sinistcha|96/254|[from] Stealth Rock\n|-status|p2a: Sinistcha|psn\n|-status|p1a: Chansey|psn\n|turn|30\n|inactive|puncks has 60 seconds left.\n|\n|t:|1733794719\n|move|p2a: Sinistcha|Calm Mind|p2a: Sinistcha\n|-boost|p2a: Sinistcha|spa|1\n|-boost|p2a: Sinistcha|spd|1\n|move|p1a: Chansey|Heal Bell|p1a: Chansey\n|-activate|p1a: Chansey|move: Heal Bell\n|-curestatus|p1a: Chansey|psn|[msg]\n|\n|-heal|p2a: Sinistcha|111/254 psn|[from] item: Leftovers\n|-damage|p2a: Sinistcha|80/254 psn|[from] psn\n|upkeep\n|turn|31\n|inactive|ablecereal4 has 120 seconds left.\n|\n|t:|1733794735\n|move|p2a: Sinistcha|Calm Mind|p2a: Sinistcha\n|-boost|p2a: Sinistcha|spa|1\n|-boost|p2a: Sinistcha|spd|1\n|move|p1a: Chansey|Soft-Boiled||[still]\n|-fail|p1a: Chansey|heal\n|\n|-heal|p2a: Sinistcha|95/254 psn|[from] item: Leftovers\n|-damage|p2a: Sinistcha|64/254 psn|[from] psn\n|upkeep\n|turn|32\n|inactive|ablecereal4 has 120 seconds left.\n|\n|t:|1733794752\n|move|p2a: Sinistcha|Matcha Gotcha|p1a: Chansey\n|-crit|p1a: Chansey\n|-damage|p1a: Chansey|395/564\n|-heal|p2a: Sinistcha|149/254 psn|[from] drain|[of] p1a: Chansey\n|move|p1a: Chansey|Seismic Toss|p2a: Sinistcha\n|-immune|p2a: Sinistcha\n|\n|-heal|p2a: Sinistcha|164/254 psn|[from] item: Leftovers\n|-damage|p2a: Sinistcha|133/254 psn|[from] psn\n|upkeep\n|turn|33\n|inactive|ablecereal4 has 120 seconds left.\n|\n|t:|1733794766\n|switch|p1a: Iron Crown|Iron Crown, L78|268/268\n|move|p2a: Sinistcha|Calm Mind|p2a: Sinistcha\n|-boost|p2a: Sinistcha|spa|1\n|-boost|p2a: Sinistcha|spd|1\n|\n|-heal|p2a: Sinistcha|148/254 psn|[from] item: Leftovers\n|-damage|p2a: Sinistcha|117/254 psn|[from] psn\n|upkeep\n|turn|34\n|inactive|ablecereal4 has 120 seconds left.\n|inactive|puncks has 60 seconds left.\n|\n|t:|1733794795\n|-terastallize|p1a: Iron Crown|Steel\n|move|p1a: Iron Crown|Tachyon Cutter|p2a: Sinistcha\n|-damage|p2a: Sinistcha|69/254 psn\n|-damage|p2a: Sinistcha|17/254 psn\n|-hitcount|p2a: Sinistcha|2\n|move|p2a: Sinistcha|Strength Sap|p1a: Iron Crown\n|-unboost|p1a: Iron Crown|atk|1\n|-heal|p2a: Sinistcha|134/254 psn\n|\n|-heal|p2a: Sinistcha|149/254 psn|[from] item: Leftovers\n|-damage|p2a: Sinistcha|118/254 psn|[from] psn\n|upkeep\n|turn|35\n|\n|t:|1733794814\n|move|p1a: Iron Crown|Tachyon Cutter|p2a: Sinistcha\n|-damage|p2a: Sinistcha|64/254 psn\n|-damage|p2a: Sinistcha|16/254 psn\n|-hitcount|p2a: Sinistcha|2\n|move|p2a: Sinistcha|Matcha Gotcha|p1a: Iron Crown\n|-resisted|p1a: Iron Crown\n|-damage|p1a: Iron Crown|151/268\n|-heal|p2a: Sinistcha|75/254 psn|[from] drain|[of] p1a: Iron Crown\n|\n|-heal|p2a: Sinistcha|90/254 psn|[from] item: Leftovers\n|-damage|p2a: Sinistcha|59/254 psn|[from] psn\n|upkeep\n|turn|36\n|inactive|puncks has 30 seconds left.\n|\n|t:|1733794841\n|move|p1a: Iron Crown|Tachyon Cutter|p2a: Sinistcha\n|-damage|p2a: Sinistcha|7/254 psn\n|-damage|p2a: Sinistcha|0 fnt\n|faint|p2a: Sinistcha\n|-hitcount|p2: Sinistcha|2\n|\n|win|ablecereal4\n", "inputlog": ">version bfd83cad13791eb5a5a409923076391caf6fb4d4\n>start {\"formatid\":\"gen9randombattle\",\"seed\":[21100,60994,1068,32856],\"rated\":\"Rated battle\"}\n>player p1 {\"name\":\"ablecereal4\",\"avatar\":\"169\",\"rating\":1327,\"seed\":[63738,53951,44797,780]}\n>player p2 {\"name\":\"puncks\",\"avatar\":\"1\",\"rating\":1330,\"seed\":[48838,5023,21509,12375]}\n>p1 switch 5\n>p2 move calmmind\n>p1 move nastyplot\n>p2 switch 6\n>p1 switch 3\n>p2 move surf\n>p1 move thunderwave\n>p2 move toxicspikes\n>p1 move seismictoss\n>p2 move sludgebomb\n>p1 switch 2\n>p2 switch 6\n>p1 move voltswitch\n>p2 move calmmind\n>p1 switch 3\n>p1 move darkpulse\n>p2 switch 6\n>p1 switch 6\n>p2 move surf\n>p1 move earthpower\n>p2 move surf\n>p2 switch 3\n>p1 move stealthrock\n>p2 move knockoff\n>p1 switch 6\n>p1 move fireblast\n>p2 switch 4\n>p1 move fireblast\n>p2 move iciclecrash\n>p2 switch 2\n>p1 switch 4\n>p2 move thunderbolt\n>chat \u2606puncks|funny, everytime i step into one of these spikes i get poisoned\n>chat \u2606puncks|u literally dancing on them\n>chat \u2606puncks|and not a single pokemon is poisoned\n>p1 move toxicspikes\n>p2 move foulplay\n>p1 move circlethrow\n>p2 move thunderbolt\n>chat \u2606puncks|HAHAHHAHAHAHHAHAHHAHAHHAHA\n>p1 move stickyweb\n>p2 move shadowball\n>p1 switch 4\n>p1 move darkpulse\n>p2 move strengthsap\n>p2 switch 4\n>p1 move fireblast\n>p2 move bulletpunch terastallize\n>p1 move darkpulse\n>p2 move knockoff\n>p1 move darkpulse\n>p2 move defog\n>p2 switch 6\n>p1 move sludgebomb\n>p2 move thunderbolt\n>p1 move darkpulse\n>p2 move thunderbolt\n>chat \u2606puncks|this game is absolute shit\n>p1 switch 2\n>p1 move healbell\n>p2 move thunderbolt\n>p1 move softboiled\n>p2 move thunderbolt\n>p1 move seismictoss\n>p2 move thunderbolt\n>p2 switch 5\n>p1 move softboiled\n>p2 move revivalblessing\n>p2 switch 4\n>p1 switch 5\n>p2 move knockoff\n>p1 move machpunch\n>p2 move closecombat\n>p1 switch 5\n>p2 switch 4\n>p1 move healbell\n>p2 move calmmind\n>p1 move softboiled\n>p2 move calmmind\n>p1 move seismictoss\n>p2 move matchagotcha\n>p1 switch 3\n>p2 move calmmind\n>p1 move tachyoncutter terastallize\n>p2 move strengthsap\n>p1 move tachyoncutter\n>p2 move matchagotcha\n>p1 move tachyoncutter\n>p2 move matchagotcha", "uploadtime": 1733794565, "views": 3, "formatid": "gen9randombattle", "rating": null, "private": 0, "password": null}