{"id": "gen9randombattle-2100828360", "format": "[Gen 9] Random Battle", "players": ["bobthemango141", "now you lose"], "log": "|uhtml|medal-msg|<div class=\"broadcast-blue\">Curious what those medals under the avatar are? PS now has Ladder Seasons! For more information, check out the <a href=\"https://www.smogon.com/forums/threads/3740067/\">thread on Smogon.</a></div>\n|badge|p2|gold|gen9randombattle|3-1\n|uhtml|medal-msg|<div class=\"broadcast-blue\">Curious what those medals under the avatar are? PS now has Ladder Seasons! For more information, check out the <a href=\"https://www.smogon.com/forums/threads/3740067/\">thread on Smogon.</a></div>\n|j|\u2606bobthemango141\n|j|\u2606now you lose\n|t:|1712812786\n|gametype|singles\n|player|p1|bobthemango141|barry|2170\n|player|p2|now you lose|chili|2414\n|teamsize|p1|6\n|teamsize|p2|6\n|gen|9\n|tier|[Gen 9] Random Battle\n|rated|\n|rule|Species Clause: Limit one of each Pok\u00e9mon\n|rule|HP Percentage Mod: HP is shown in percentages\n|rule|Sleep Clause Mod: Limit one foe put to sleep\n|rule|Illusion Level Mod: Illusion disguises the Pok\u00e9mon's true level\n|\n|t:|1712812786\n|start\n|switch|p1a: Misdreavus|Misdreavus, L90, F|254/254\n|switch|p2a: Noctowl|Noctowl, L95, M|344/344\n|turn|1\n|\n|t:|1712812804\n|move|p1a: Misdreavus|Calm Mind|p1a: Misdreavus\n|-boost|p1a: Misdreavus|spa|1\n|-boost|p1a: Misdreavus|spd|1\n|move|p2a: Noctowl|Calm Mind|p2a: Noctowl\n|-boost|p2a: Noctowl|spa|1\n|-boost|p2a: Noctowl|spd|1\n|\n|upkeep\n|turn|2\n|\n|t:|1712812809\n|switch|p1a: Zebstrika|Zebstrika, L88, F|275/275\n|move|p2a: Noctowl|Calm Mind|p2a: Noctowl\n|-boost|p2a: Noctowl|spa|1\n|-boost|p2a: Noctowl|spd|1\n|\n|upkeep\n|turn|3\n|\n|t:|1712812818\n|-terastallize|p2a: Noctowl|Ground\n|move|p1a: Zebstrika|Wild Charge|p2a: Noctowl\n|-immune|p2a: Noctowl\n|move|p2a: Noctowl|Hyper Voice|p1a: Zebstrika\n|-damage|p1a: Zebstrika|0 fnt\n|faint|p1a: Zebstrika\n|\n|upkeep\n|\n|t:|1712812820\n|switch|p1a: Froslass|Froslass, L87, F|263/263\n|turn|4\n|inactive|Battle timer is ON: inactive players will automatically lose when time's up. (requested by now you lose)\n|\n|t:|1712812827\n|move|p1a: Froslass|Triple Axel|p2a: Noctowl\n|-supereffective|p2a: Noctowl\n|-damage|p2a: Noctowl|288/344\n|-supereffective|p2a: Noctowl\n|-crit|p2a: Noctowl\n|-damage|p2a: Noctowl|126/344\n|-supereffective|p2a: Noctowl\n|-damage|p2a: Noctowl|0 fnt\n|faint|p2a: Noctowl\n|-hitcount|p2: Noctowl|3\n|\n|upkeep\n|\n|t:|1712812833\n|switch|p2a: Gurdurr|Gurdurr, L85, M|283/283\n|turn|5\n|\n|t:|1712812842\n|switch|p1a: Masquerain|Masquerain, L87, F|264/264\n|-ability|p1a: Masquerain|Intimidate|boost\n|-unboost|p2a: Gurdurr|atk|1\n|move|p2a: Gurdurr|Knock Off|p1a: Masquerain\n|-damage|p1a: Masquerain|196/264\n|-enditem|p1a: Masquerain|Heavy-Duty Boots|[from] move: Knock Off|[of] p2a: Gurdurr\n|\n|upkeep\n|turn|6\n|\n|t:|1712812859\n|switch|p2a: Eiscue|Eiscue, L87, F|272/272\n|move|p1a: Masquerain|Sticky Web|p2a: Eiscue\n|-sidestart|p2: now you lose|move: Sticky Web\n|\n|upkeep\n|turn|7\n|inactive|now you lose has 120 seconds left.\n|\n|t:|1712812891\n|switch|p1a: Volcanion|Volcanion, L79|256/256\n|move|p2a: Eiscue|Ice Spinner|p1a: Volcanion\n|-resisted|p1a: Volcanion\n|-damage|p1a: Volcanion|239/256\n|\n|upkeep\n|turn|8\n|\n|t:|1712812895\n|switch|p2a: Hydreigon|Hydreigon, L79, M|275/275\n|move|p1a: Volcanion|Steam Eruption|p2a: Hydreigon\n|-resisted|p2a: Hydreigon\n|-damage|p2a: Hydreigon|206/275\n|\n|upkeep\n|turn|9\n|\n|t:|1712812903\n|switch|p1a: Misdreavus|Misdreavus, L90, F|254/254\n|move|p2a: Hydreigon|Dark Pulse|p1a: Misdreavus\n|-supereffective|p1a: Misdreavus\n|-damage|p1a: Misdreavus|138/254\n|\n|upkeep\n|turn|10\n|\n|t:|1712812910\n|move|p2a: Hydreigon|Dark Pulse|p1a: Misdreavus\n|-supereffective|p1a: Misdreavus\n|-damage|p1a: Misdreavus|12/254\n|move|p1a: Misdreavus|Draining Kiss|p2a: Hydreigon\n|-supereffective|p2a: Hydreigon\n|-damage|p2a: Hydreigon|50/275\n|-heal|p1a: Misdreavus|129/254|[from] drain|[of] p2a: Hydreigon\n|\n|upkeep\n|turn|11\n|\n|t:|1712812920\n|move|p2a: Hydreigon|Dark Pulse|p1a: Misdreavus\n|-supereffective|p1a: Misdreavus\n|-damage|p1a: Misdreavus|15/254\n|move|p1a: Misdreavus|Draining Kiss|p2a: Hydreigon\n|-supereffective|p2a: Hydreigon\n|-damage|p2a: Hydreigon|0 fnt\n|-heal|p1a: Misdreavus|53/254|[from] drain|[of] p2a: Hydreigon\n|faint|p2a: Hydreigon\n|\n|upkeep\n|\n|t:|1712812940\n|switch|p2a: Zarude|Zarude-Dada, L78|292/292\n|-activate|p2a: Zarude|move: Sticky Web\n|-unboost|p2a: Zarude|spe|1\n|turn|12\n|\n|t:|1712812946\n|move|p2a: Zarude|Knock Off|p1a: Misdreavus\n|-supereffective|p1a: Misdreavus\n|-damage|p1a: Misdreavus|0 fnt\n|-enditem|p1a: Misdreavus|Eviolite|[from] move: Knock Off|[of] p2a: Zarude\n|faint|p1a: Misdreavus\n|\n|upkeep\n|\n|t:|1712812951\n|switch|p1a: Masquerain|Masquerain, L87, F|196/264\n|-ability|p1a: Masquerain|Intimidate|boost\n|-unboost|p2a: Zarude|atk|1\n|turn|13\n|inactive|now you lose has 120 seconds left.\n|\n|t:|1712812992\n|switch|p2a: Eiscue|Eiscue, L87, F|272/272\n|-activate|p2a: Eiscue|move: Sticky Web\n|-unboost|p2a: Eiscue|spe|1\n|move|p1a: Masquerain|Hurricane|p2a: Eiscue|[miss]\n|-miss|p1a: Masquerain|p2a: Eiscue\n|\n|upkeep\n|turn|14\n|\n|t:|1712813015\n|switch|p1a: Volcanion|Volcanion, L79|239/256\n|switch|p2a: Gurdurr|Gurdurr, L85, M|283/283\n|-activate|p2a: Gurdurr|move: Sticky Web\n|-unboost|p2a: Gurdurr|spe|1\n|\n|upkeep\n|turn|15\n|\n|t:|1712813022\n|switch|p1a: Masquerain|Masquerain, L87, F|196/264\n|-ability|p1a: Masquerain|Intimidate|boost\n|-unboost|p2a: Gurdurr|atk|1\n|move|p2a: Gurdurr|Drain Punch|p1a: Masquerain\n|-resisted|p1a: Masquerain\n|-damage|p1a: Masquerain|179/264\n|\n|upkeep\n|turn|16\n|\n|t:|1712813031\n|switch|p2a: Eiscue|Eiscue, L87, F|272/272\n|-activate|p2a: Eiscue|move: Sticky Web\n|-unboost|p2a: Eiscue|spe|1\n|move|p1a: Masquerain|Hurricane|p2a: Eiscue\n|-damage|p2a: Eiscue|160/272\n|\n|upkeep\n|turn|17\n|inactive|now you lose has 120 seconds left.\n|\n|t:|1712813041\n|switch|p1a: Volcanion|Volcanion, L79|239/256\n|switch|p2a: Gurdurr|Gurdurr, L85, M|283/283\n|-activate|p2a: Gurdurr|move: Sticky Web\n|-unboost|p2a: Gurdurr|spe|1\n|\n|upkeep\n|turn|18\n|\n|t:|1712813045\n|switch|p1a: Masquerain|Masquerain, L87, F|179/264\n|-ability|p1a: Masquerain|Intimidate|boost\n|-unboost|p2a: Gurdurr|atk|1\n|move|p2a: Gurdurr|Knock Off|p1a: Masquerain\n|-damage|p1a: Masquerain|138/264\n|\n|upkeep\n|turn|19\n|\n|t:|1712813049\n|switch|p2a: Eiscue|Eiscue, L87, F|160/272\n|-activate|p2a: Eiscue|move: Sticky Web\n|-unboost|p2a: Eiscue|spe|1\n|move|p1a: Masquerain|Hurricane|p2a: Eiscue\n|-damage|p2a: Eiscue|43/272\n|-enditem|p2a: Eiscue|Sitrus Berry|[eat]\n|-heal|p2a: Eiscue|111/272|[from] item: Sitrus Berry\n|\n|upkeep\n|turn|20\n|j| I Still Keep It OG\n|\n|t:|1712813053\n|switch|p1a: Volcanion|Volcanion, L79|239/256\n|move|p2a: Eiscue|Ice Spinner|p1a: Volcanion\n|-resisted|p1a: Volcanion\n|-damage|p1a: Volcanion|222/256\n|\n|upkeep\n|turn|21\n|\n|t:|1712813055\n|move|p1a: Volcanion|Steam Eruption|p2a: Eiscue\n|-damage|p2a: Eiscue|0 fnt\n|faint|p2a: Eiscue\n|\n|upkeep\n|\n|t:|1712813061\n|switch|p2a: Zarude|Zarude-Dada, L78|292/292\n|-activate|p2a: Zarude|move: Sticky Web\n|-unboost|p2a: Zarude|spe|1\n|turn|22\n|\n|t:|1712813064\n|switch|p1a: Masquerain|Masquerain, L87, F|138/264\n|-ability|p1a: Masquerain|Intimidate|boost\n|-unboost|p2a: Zarude|atk|1\n|move|p2a: Zarude|Knock Off|p1a: Masquerain\n|-damage|p1a: Masquerain|81/264\n|\n|upkeep\n|turn|23\n|\n|t:|1712813070\n|move|p2a: Zarude|Knock Off|p1a: Masquerain\n|-damage|p1a: Masquerain|20/264\n|move|p1a: Masquerain|Hurricane|p2a: Zarude|[miss]\n|-miss|p1a: Masquerain|p2a: Zarude\n|\n|upkeep\n|turn|24\n|\n|t:|1712813075\n|switch|p1a: Dialga|Dialga-Origin, L73|266/266\n|-ability|p1a: Dialga|Pressure\n|move|p2a: Zarude|Knock Off|p1a: Dialga\n|-damage|p1a: Dialga|220/266\n|\n|upkeep\n|turn|25\n|\n|t:|1712813101\n|switch|p2a: Okidogi|Okidogi, L77, M|262/262\n|-activate|p2a: Okidogi|move: Sticky Web\n|-unboost|p2a: Okidogi|spe|1\n|move|p1a: Dialga|Flash Cannon|p2a: Okidogi\n|-damage|p2a: Okidogi|132/262\n|\n|-heal|p2a: Okidogi|148/262|[from] item: Leftovers\n|upkeep\n|turn|26\n|\n|t:|1712813112\n|move|p1a: Dialga|Draco Meteor|p2a: Okidogi\n|-damage|p2a: Okidogi|0 fnt\n|-unboost|p1a: Dialga|spa|2\n|faint|p2a: Okidogi\n|\n|upkeep\n|\n|t:|1712813115\n|switch|p2a: Gurdurr|Gurdurr, L85, M|283/283\n|-activate|p2a: Gurdurr|move: Sticky Web\n|-unboost|p2a: Gurdurr|spe|1\n|turn|27\n|\n|t:|1712813126\n|switch|p1a: Volcanion|Volcanion, L79|222/256\n|move|p2a: Gurdurr|Bulk Up|p2a: Gurdurr\n|-boost|p2a: Gurdurr|atk|1\n|-boost|p2a: Gurdurr|def|1\n|\n|upkeep\n|turn|28\n|\n|t:|1712813130\n|move|p1a: Volcanion|Haze|p1a: Volcanion\n|-clearallboost\n|move|p2a: Gurdurr|Drain Punch|p1a: Volcanion\n|-damage|p1a: Volcanion|144/256\n|\n|upkeep\n|turn|29\n|\n|t:|1712813132\n|move|p1a: Volcanion|Steam Eruption|p2a: Gurdurr\n|-damage|p2a: Gurdurr|148/283\n|-status|p2a: Gurdurr|brn\n|move|p2a: Gurdurr|Drain Punch|p1a: Volcanion\n|-damage|p1a: Volcanion|42/256\n|-heal|p2a: Gurdurr|199/283 brn|[from] drain|[of] p1a: Volcanion\n|\n|-damage|p2a: Gurdurr|182/283 brn|[from] brn\n|upkeep\n|turn|30\n|\n|t:|1712813138\n|switch|p1a: Masquerain|Masquerain, L87, F|20/264\n|-ability|p1a: Masquerain|Intimidate|boost\n|-unboost|p2a: Gurdurr|atk|1\n|move|p2a: Gurdurr|Mach Punch|p1a: Masquerain\n|-resisted|p1a: Masquerain\n|-damage|p1a: Masquerain|6/264\n|\n|-damage|p2a: Gurdurr|165/283 brn|[from] brn\n|upkeep\n|turn|31\n|\n|t:|1712813142\n|move|p2a: Gurdurr|Mach Punch|p1a: Masquerain\n|-resisted|p1a: Masquerain\n|-damage|p1a: Masquerain|0 fnt\n|faint|p1a: Masquerain\n|\n|-damage|p2a: Gurdurr|148/283 brn|[from] brn\n|upkeep\n|\n|t:|1712813153\n|switch|p1a: Volcanion|Volcanion, L79|42/256\n|turn|32\n|\n|t:|1712813162\n|switch|p2a: Zarude|Zarude-Dada, L78|292/292\n|-activate|p2a: Zarude|move: Sticky Web\n|-unboost|p2a: Zarude|spe|1\n|move|p1a: Volcanion|Flamethrower|p2a: Zarude\n|-supereffective|p2a: Zarude\n|-damage|p2a: Zarude|68/292\n|\n|upkeep\n|turn|33\n|\n|t:|1712813171\n|switch|p1a: Dialga|Dialga-Origin, L73|220/266\n|-ability|p1a: Dialga|Pressure\n|move|p2a: Zarude|Knock Off|p1a: Dialga\n|-damage|p1a: Dialga|159/266\n|\n|upkeep\n|turn|34\n|\n|t:|1712813177\n|move|p2a: Zarude|Knock Off|p1a: Dialga\n|-damage|p1a: Dialga|98/266\n|move|p1a: Dialga|Draco Meteor|p2a: Zarude|[miss]\n|-miss|p1a: Dialga|p2a: Zarude\n|\n|upkeep\n|turn|35\n|\n|t:|1712813202\n|move|p2a: Zarude|Knock Off|p1a: Dialga\n|-damage|p1a: Dialga|40/266\n|move|p1a: Dialga|Flash Cannon|p2a: Zarude\n|-damage|p2a: Zarude|0 fnt\n|faint|p2a: Zarude\n|\n|upkeep\n|\n|t:|1712813204\n|switch|p2a: Gurdurr|Gurdurr, L85, M|148/283 brn\n|-activate|p2a: Gurdurr|move: Sticky Web\n|-unboost|p2a: Gurdurr|spe|1\n|turn|36\n|\n|t:|1712813208\n|move|p1a: Dialga|Draco Meteor|p2a: Gurdurr\n|-damage|p2a: Gurdurr|0 fnt\n|-unboost|p1a: Dialga|spa|2\n|faint|p2a: Gurdurr\n|\n|win|bobthemango141\n|raw|bobthemango141's rating: 2170 &rarr; <strong>2202</strong><br />(+32 for winning)\n|raw|now you lose's rating: 2414 &rarr; <strong>2382</strong><br />(-32 for losing)\n|l|\u2606now you lose\n|player|p2|\n|c|\u2606bobthemango141|sorry for bad matchup\n|c| I Still Keep It OG|why did he not mach punch\n|c|\u2606bobthemango141|don't know, but knock off is unlikely to kill froslass\n|c| I Still Keep It OG|even guts boosted?\n|c|\u2606bobthemango141|37.5% OHKO\n|c| I Still Keep It OG|37.5% is better than 0 ig\n|c| I Still Keep It OG|personally i woulda mach punched\n|c| I Still Keep It OG|hbu\n|c|\u2606bobthemango141|yeah\n|c| I Still Keep It OG|oh well\n|c|\u2606bobthemango141|matchup was unwinnable for them\n|c| I Still Keep It OG|at least u get the points\n|c| I Still Keep It OG|gg\n|c|\u2606bobthemango141|but it was close cause i kept missing\n|c|\u2606bobthemango141|gg\n", "inputlog": ">version 3a5338d38dc0bb363dd203110c27f40e04e176a8\n>start {\"formatid\":\"gen9randombattle\",\"seed\":[55642,22360,63589,4228],\"rated\":\"Rated battle\"}\n>player p1 {\"name\":\"bobthemango141\",\"avatar\":\"barry\",\"rating\":2170,\"seed\":[52085,39353,17120,57444]}\n>player p2 {\"name\":\"now you lose\",\"avatar\":\"chili\",\"rating\":2414,\"seed\":[56409,55497,18268,19397]}\n>p1 move calmmind\n>p2 move calmmind\n>p1 switch 3\n>p2 move calmmind\n>p1 move wildcharge\n>p2 move hypervoice terastallize\n>p1 switch 4\n>p1 move tripleaxel\n>p2 move hurricane\n>p2 switch 6\n>p1 switch 2\n>p2 move knockoff\n>p1 move stickyweb\n>p2 switch 4\n>p1 switch 5\n>p2 move icespinner\n>p1 move steameruption\n>p2 switch 2\n>p1 switch 3\n>p2 move darkpulse\n>p1 move drainingkiss\n>p2 move darkpulse\n>p1 move drainingkiss\n>p2 move darkpulse\n>p2 switch 3\n>p1 move willowisp\n>p2 move knockoff\n>p1 switch 5\n>p1 move hurricane\n>p2 switch 2\n>p1 switch 3\n>p2 switch 4\n>p1 switch 3\n>p2 move drainpunch\n>p1 move hurricane\n>p2 switch 4\n>p1 switch 3\n>p2 switch 4\n>p1 switch 3\n>p2 move knockoff\n>p1 move hurricane\n>p2 switch 4\n>p1 switch 3\n>p2 move icespinner\n>p1 move steameruption\n>p2 move zenheadbutt\n>p2 switch 2\n>p1 switch 3\n>p2 move knockoff\n>p1 move hurricane\n>p2 move knockoff\n>p1 switch 6\n>p2 move knockoff\n>p1 move flashcannon\n>p2 switch 5\n>p1 move dracometeor\n>p2 move drainpunch\n>p2 switch 4\n>p1 switch 3\n>p2 move bulkup\n>p1 move haze\n>p2 move drainpunch\n>p1 move steameruption\n>p2 move drainpunch\n>p1 switch 6\n>p2 move machpunch\n>p1 move hurricane\n>p2 move machpunch\n>p1 switch 6\n>p1 move flamethrower\n>p2 switch 5\n>p1 switch 3\n>p2 move knockoff\n>p1 move dracometeor\n>p2 move knockoff\n>p1 move flashcannon\n>p2 move knockoff\n>p2 switch 5\n>p1 move dracometeor\n>p2 move bulkup", "uploadtime": 1712813328, "views": 240, "formatid": "gen9randombattle", "rating": 2202, "private": 0, "password": null}