{"id": "gen9randombattle-2260430900", "format": "[Gen 9] Random Battle", "players": ["sigmadiggga", "m1ka06"], "log": "|j|\u2606sigmadiggga\n|j|\u2606m1ka06\n|t:|1733850923\n|gametype|singles\n|player|p1|sigmadiggga|169|1106\n|player|p2|m1ka06|lucas-gen4pt|1060\n|teamsize|p1|6\n|teamsize|p2|6\n|gen|9\n|tier|[Gen 9] Random Battle\n|rated|\n|rule|Species Clause: Limit one of each Pok\u00e9mon\n|rule|HP Percentage Mod: HP is shown in percentages\n|rule|Sleep Clause Mod: Limit one foe put to sleep\n|rule|Illusion Level Mod: Illusion disguises the Pok\u00e9mon's true level\n|\n|t:|1733850923\n|start\n|switch|p1a: Revavroom|Revavroom, L79, M|256/256\n|switch|p2a: Galvantula|Galvantula, L82, M|249/249\n|turn|1\n|\n|t:|1733850950\n|switch|p2a: Incineroar|Incineroar, L82, F|290/290\n|-ability|p2a: Incineroar|Intimidate|boost\n|-unboost|p1a: Revavroom|atk|1\n|move|p1a: Revavroom|Shift Gear|p1a: Revavroom\n|-boost|p1a: Revavroom|spe|2\n|-boost|p1a: Revavroom|atk|1\n|\n|upkeep\n|turn|2\n|\n|t:|1733850968\n|move|p1a: Revavroom|Iron Head|p2a: Incineroar\n|-resisted|p2a: Incineroar\n|-damage|p2a: Incineroar|229/290\n|-damage|p1a: Revavroom|231/256|[from] item: Life Orb\n|move|p2a: Incineroar|Close Combat|p1a: Revavroom\n|-damage|p1a: Revavroom|135/256\n|-unboost|p2a: Incineroar|def|1\n|-unboost|p2a: Incineroar|spd|1\n|\n|upkeep\n|turn|3\n|\n|t:|1733851001\n|switch|p1a: Comfey|Comfey, L85, F|225/225\n|move|p2a: Incineroar|Close Combat|p1a: Comfey\n|-resisted|p1a: Comfey\n|-damage|p1a: Comfey|179/225\n|-unboost|p2a: Incineroar|def|1\n|-unboost|p2a: Incineroar|spd|1\n|\n|-heal|p1a: Comfey|193/225|[from] item: Leftovers\n|upkeep\n|turn|4\n|\n|t:|1733851024\n|move|p1a: Comfey|Calm Mind|p1a: Comfey\n|-boost|p1a: Comfey|spa|1\n|-boost|p1a: Comfey|spd|1\n|move|p2a: Incineroar|Knock Off|p1a: Comfey\n|-resisted|p1a: Comfey\n|-damage|p1a: Comfey|141/225\n|-enditem|p1a: Comfey|Leftovers|[from] move: Knock Off|[of] p2a: Incineroar\n|\n|upkeep\n|turn|5\n|\n|t:|1733851069\n|move|p1a: Comfey|Stored Power|p2a: Incineroar\n|-immune|p2a: Incineroar\n|move|p2a: Incineroar|Overheat|p1a: Comfey\n|-damage|p1a: Comfey|75/225\n|-unboost|p2a: Incineroar|spa|2\n|\n|upkeep\n|turn|6\n|inactive|Battle timer is ON: inactive players will automatically lose when time's up. (requested by sigmadiggga)\n|\n|t:|1733851083\n|move|p1a: Comfey|Draining Kiss|p2a: Incineroar\n|-damage|p2a: Incineroar|136/290\n|-heal|p1a: Comfey|145/225|[from] drain|[of] p2a: Incineroar\n|move|p2a: Incineroar|Overheat|p1a: Comfey|[miss]\n|-miss|p2a: Incineroar|p1a: Comfey\n|\n|upkeep\n|turn|7\n|\n|t:|1733851098\n|move|p1a: Comfey|Giga Drain|p2a: Incineroar\n|-resisted|p2a: Incineroar\n|-damage|p2a: Incineroar|91/290\n|-heal|p1a: Comfey|168/225|[from] drain|[of] p2a: Incineroar\n|move|p2a: Incineroar|U-turn|p1a: Comfey\n|-resisted|p1a: Comfey\n|-damage|p1a: Comfey|142/225\n|\n|t:|1733851109\n|switch|p2a: Blissey|Blissey, L84, F|566/566|[from] U-turn\n|\n|upkeep\n|turn|8\n|\n|t:|1733851119\n|move|p1a: Comfey|Calm Mind|p1a: Comfey\n|-boost|p1a: Comfey|spa|1\n|-boost|p1a: Comfey|spd|1\n|move|p2a: Blissey|Thunder Wave|p1a: Comfey\n|-status|p1a: Comfey|par\n|\n|upkeep\n|turn|9\n|inactive|sigmadiggga has 120 seconds left.\n|\n|t:|1733851150\n|move|p1a: Comfey|Giga Drain|p2a: Blissey\n|-damage|p2a: Blissey|491/566\n|-heal|p1a: Comfey|180/225 par|[from] drain|[of] p2a: Blissey\n|move|p2a: Blissey|Seismic Toss|p1a: Comfey\n|-damage|p1a: Comfey|96/225 par\n|\n|-heal|p2a: Blissey|526/566|[from] item: Leftovers\n|upkeep\n|turn|10\n|inactive|sigmadiggga has 120 seconds left.\n|\n|t:|1733851162\n|move|p1a: Comfey|Giga Drain|p2a: Blissey\n|-damage|p2a: Blissey|459/566\n|-heal|p1a: Comfey|130/225 par|[from] drain|[of] p2a: Blissey\n|move|p2a: Blissey|Seismic Toss|p1a: Comfey\n|-damage|p1a: Comfey|46/225 par\n|\n|-heal|p2a: Blissey|494/566|[from] item: Leftovers\n|upkeep\n|turn|11\n|\n|t:|1733851171\n|move|p1a: Comfey|Draining Kiss|p2a: Blissey\n|-damage|p2a: Blissey|419/566\n|-heal|p1a: Comfey|102/225 par|[from] drain|[of] p2a: Blissey\n|move|p2a: Blissey|Seismic Toss|p1a: Comfey\n|-damage|p1a: Comfey|18/225 par\n|\n|-heal|p2a: Blissey|454/566|[from] item: Leftovers\n|upkeep\n|turn|12\n|\n|t:|1733851183\n|move|p2a: Blissey|Seismic Toss|p1a: Comfey\n|-damage|p1a: Comfey|0 fnt\n|faint|p1a: Comfey\n|\n|-heal|p2a: Blissey|489/566|[from] item: Leftovers\n|upkeep\n|inactive|sigmadiggga has 120 seconds left.\n|\n|t:|1733851196\n|switch|p1a: Dudunsparce|Dudunsparce, L83, M|343/343\n|turn|13\n|\n|t:|1733851202\n|-terastallize|p1a: Dudunsparce|Ghost\n|move|p2a: Blissey|Thunder Wave|p1a: Dudunsparce\n|-status|p1a: Dudunsparce|par\n|cant|p1a: Dudunsparce|par\n|\n|-heal|p2a: Blissey|524/566|[from] item: Leftovers\n|upkeep\n|turn|14\n|\n|t:|1733851211\n|move|p2a: Blissey|Seismic Toss|p1a: Dudunsparce\n|-immune|p1a: Dudunsparce\n|move|p1a: Dudunsparce|Calm Mind|p1a: Dudunsparce\n|-boost|p1a: Dudunsparce|spa|1\n|-boost|p1a: Dudunsparce|spd|1\n|\n|-heal|p2a: Blissey|559/566|[from] item: Leftovers\n|upkeep\n|turn|15\n|inactive|m1ka06 has 120 seconds left.\n|\n|t:|1733851254\n|switch|p2a: Incineroar|Incineroar, L82, F|91/290\n|-ability|p2a: Incineroar|Intimidate|boost\n|-unboost|p1a: Dudunsparce|atk|1\n|-ability|p1a: Dudunsparce|Rattled|boost\n|-boost|p1a: Dudunsparce|spe|1\n|move|p1a: Dudunsparce|Boomburst|p2a: Incineroar\n|-damage|p2a: Incineroar|0 fnt\n|faint|p2a: Incineroar\n|\n|upkeep\n|\n|t:|1733851261\n|switch|p2a: Galvantula|Galvantula, L82, M|249/249\n|turn|16\n|\n|t:|1733851271\n|move|p2a: Galvantula|Sticky Web|p1a: Dudunsparce\n|-sidestart|p1: sigmadiggga|move: Sticky Web\n|cant|p1a: Dudunsparce|par\n|\n|upkeep\n|turn|17\n|\n|t:|1733851278\n|move|p2a: Galvantula|Bug Buzz|p1a: Dudunsparce\n|-resisted|p1a: Dudunsparce\n|-damage|p1a: Dudunsparce|312/343 par\n|-ability|p1a: Dudunsparce|Rattled|boost\n|-boost|p1a: Dudunsparce|spe|1\n|move|p1a: Dudunsparce|Calm Mind|p1a: Dudunsparce\n|-boost|p1a: Dudunsparce|spa|1\n|-boost|p1a: Dudunsparce|spd|1\n|\n|-heal|p1a: Dudunsparce|333/343 par|[from] item: Leftovers\n|upkeep\n|turn|18\n|\n|t:|1733851287\n|move|p2a: Galvantula|Giga Drain|p1a: Dudunsparce\n|-damage|p1a: Dudunsparce|303/343 par\n|move|p1a: Dudunsparce|Calm Mind|p1a: Dudunsparce\n|-boost|p1a: Dudunsparce|spa|1\n|-boost|p1a: Dudunsparce|spd|1\n|\n|-heal|p1a: Dudunsparce|324/343 par|[from] item: Leftovers\n|upkeep\n|turn|19\n|\n|t:|1733851294\n|move|p2a: Galvantula|Giga Drain|p1a: Dudunsparce\n|-damage|p1a: Dudunsparce|300/343 par\n|cant|p1a: Dudunsparce|par\n|\n|-heal|p1a: Dudunsparce|321/343 par|[from] item: Leftovers\n|upkeep\n|turn|20\n|\n|t:|1733851304\n|switch|p2a: Mewtwo|Mewtwo, L72|272/272\n|-ability|p2a: Mewtwo|Unnerve\n|move|p1a: Dudunsparce|Calm Mind|p1a: Dudunsparce\n|-boost|p1a: Dudunsparce|spa|1\n|-boost|p1a: Dudunsparce|spd|1\n|\n|-heal|p1a: Dudunsparce|342/343 par|[from] item: Leftovers\n|upkeep\n|turn|21\n|\n|t:|1733851321\n|move|p2a: Mewtwo|Nasty Plot|p2a: Mewtwo\n|-boost|p2a: Mewtwo|spa|2\n|move|p1a: Dudunsparce|Shadow Ball|p2a: Mewtwo\n|-supereffective|p2a: Mewtwo\n|-damage|p2a: Mewtwo|0 fnt\n|faint|p2a: Mewtwo\n|\n|-heal|p1a: Dudunsparce|343/343 par|[from] item: Leftovers\n|upkeep\n|\n|t:|1733851330\n|switch|p2a: Meowstic|Meowstic-F, L89, F|277/277\n|turn|22\n|\n|t:|1733851337\n|move|p2a: Meowstic|Nasty Plot|p2a: Meowstic\n|-boost|p2a: Meowstic|spa|2\n|cant|p1a: Dudunsparce|par\n|\n|upkeep\n|turn|23\n|\n|t:|1733851345\n|move|p2a: Meowstic|Psychic|p1a: Dudunsparce\n|-damage|p1a: Dudunsparce|248/343 par\n|-damage|p2a: Meowstic|250/277|[from] item: Life Orb\n|cant|p1a: Dudunsparce|par\n|\n|-heal|p1a: Dudunsparce|269/343 par|[from] item: Leftovers\n|upkeep\n|turn|24\n|\n|t:|1733851352\n|move|p2a: Meowstic|Psychic|p1a: Dudunsparce\n|-damage|p1a: Dudunsparce|168/343 par\n|-damage|p2a: Meowstic|223/277|[from] item: Life Orb\n|move|p1a: Dudunsparce|Shadow Ball|p2a: Meowstic\n|-supereffective|p2a: Meowstic\n|-damage|p2a: Meowstic|0 fnt\n|faint|p2a: Meowstic\n|\n|-heal|p1a: Dudunsparce|189/343 par|[from] item: Leftovers\n|upkeep\n|\n|t:|1733851364\n|switch|p2a: Basculin|Basculin, L86, F|261/261\n|turn|25\n|\n|t:|1733851379\n|move|p2a: Basculin|Wave Crash|p1a: Dudunsparce\n|-damage|p1a: Dudunsparce|0 fnt\n|faint|p1a: Dudunsparce\n|-damage|p2a: Basculin|199/261|[from] Recoil\n|\n|upkeep\n|\n|t:|1733851388\n|switch|p1a: Haxorus|Haxorus, L77, M|244/244\n|-activate|p1a: Haxorus|move: Sticky Web\n|-unboost|p1a: Haxorus|spe|1\n|-ability|p1a: Haxorus|Mold Breaker\n|turn|26\n|\n|t:|1733851405\n|move|p2a: Basculin|Wave Crash|p1a: Haxorus\n|-resisted|p1a: Haxorus\n|-damage|p1a: Haxorus|111/244\n|-damage|p2a: Basculin|155/261|[from] Recoil\n|move|p1a: Haxorus|Dragon Dance|p1a: Haxorus\n|-boost|p1a: Haxorus|atk|1\n|-boost|p1a: Haxorus|spe|1\n|\n|upkeep\n|turn|27\n|\n|t:|1733851415\n|move|p2a: Basculin|Wave Crash|p1a: Haxorus\n|-resisted|p1a: Haxorus\n|-damage|p1a: Haxorus|0 fnt\n|faint|p1a: Haxorus\n|-damage|p2a: Basculin|118/261|[from] Recoil\n|\n|upkeep\n|\n|t:|1733851422\n|switch|p1a: Magmortar|Magmortar, L88, F|275/275\n|turn|28\n|\n|t:|1733851432\n|-terastallize|p2a: Basculin|Water\n|move|p2a: Basculin|Wave Crash|p1a: Magmortar\n|-supereffective|p1a: Magmortar\n|-damage|p1a: Magmortar|0 fnt\n|faint|p1a: Magmortar\n|-damage|p2a: Basculin|27/261|[from] Recoil\n|\n|upkeep\n|l|\u2606sigmadiggga\n|inactive|sigmadiggga disconnected and has a minute to reconnect!\n|player|p1|\n|inactive|sigmadiggga has 30 seconds to reconnect!\n|inactive|sigmadiggga has 20 seconds to reconnect!\n|j|\u2606sigmadiggga\n|inactive|sigmadiggga reconnected and has 100 seconds left.\n|player|p1|sigmadiggga|169|\n|-message|sigmadiggga forfeited.\n|\n|win|m1ka06\n|raw|sigmadiggga's rating: 1106 &rarr; <strong>1078</strong><br />(-28 for losing)\n|raw|m1ka06's rating: 1060 &rarr; <strong>1095</strong><br />(+35 for winning)\n|l|\u2606sigmadiggga\n|player|p1|\n", "inputlog": ">version bfd83cad13791eb5a5a409923076391caf6fb4d4\n>start {\"formatid\":\"gen9randombattle\",\"seed\":[40390,24482,35699,4789],\"rated\":\"Rated battle\"}\n>player p1 {\"name\":\"sigmadiggga\",\"avatar\":\"169\",\"rating\":1106,\"seed\":[38745,773,53115,24999]}\n>player p2 {\"name\":\"m1ka06\",\"avatar\":\"lucas-gen4pt\",\"rating\":1060,\"seed\":[10048,7454,34087,60222]}\n>p1 move shiftgear\n>p2 switch 5\n>p1 move ironhead\n>p2 move closecombat\n>p1 switch 2\n>p2 move closecombat\n>p1 move calmmind\n>p2 move knockoff\n>p1 move storedpower\n>p2 move overheat\n>p1 move drainingkiss\n>p2 move overheat\n>p1 move gigadrain\n>p2 move uturn\n>p2 switch 4\n>p1 move calmmind\n>p2 move thunderwave\n>p1 move gigadrain\n>p2 move seismictoss\n>p1 move gigadrain\n>p2 move seismictoss\n>p1 move drainingkiss\n>p2 move seismictoss\n>p1 move storedpower\n>p2 move seismictoss\n>p1 switch 4\n>p1 move shadowball terastallize\n>p2 move thunderwave\n>p1 move calmmind\n>p2 move seismictoss\n>p1 move boomburst\n>p2 switch 4\n>p2 switch 5\n>p1 move shadowball\n>p2 move stickyweb\n>p1 move calmmind\n>p2 move bugbuzz\n>p1 move calmmind\n>p2 move gigadrain\n>p1 move calmmind\n>p2 move gigadrain\n>p1 move calmmind\n>p2 switch 6\n>p1 move shadowball\n>p2 move nastyplot\n>p2 switch 3\n>p1 move shadowball\n>p2 move nastyplot\n>p1 move shadowball\n>p2 move psychic\n>p1 move shadowball\n>p2 move psychic\n>p2 switch 2\n>p1 move shadowball\n>p2 move wavecrash\n>p1 switch 6\n>p1 move dragondance\n>p2 move wavecrash\n>p1 move ironhead\n>p2 move wavecrash\n>p1 switch 3\n>p1 move focusblast\n>p2 move wavecrash terastallize\n>forcelose p1", "uploadtime": 1733851510, "views": 1, "formatid": "gen9randombattle", "rating": 1078, "private": 0, "password": null}