{"id": "gen9randombattle-2260744713", "format": "[Gen 9] Random Battle", "players": ["justintime18", "iclope"], "log": "|j|\u2606justintime18\n|j|\u2606iclope\n|t:|1733885927\n|gametype|singles\n|player|p1|justintime18|102|\n|player|p2|iclope|red|\n|teamsize|p1|6\n|teamsize|p2|6\n|gen|9\n|tier|[Gen 9] Random Battle\n|rule|Species Clause: Limit one of each Pok\u00e9mon\n|rule|HP Percentage Mod: HP is shown in percentages\n|rule|Sleep Clause Mod: Limit one foe put to sleep\n|rule|Illusion Level Mod: Illusion disguises the Pok\u00e9mon's true level\n|\n|t:|1733885927\n|start\n|switch|p1a: Koraidon|Koraidon, L64|235/235\n|switch|p2a: Shaymin|Shaymin, L82|298/298\n|-weather|SunnyDay|[from] ability: Orichalcum Pulse|[of] p1a: Koraidon\n|-activate|p1a: Koraidon|Orichalcum Pulse|[source]\n|turn|1\n|inactive|Battle timer is ON: inactive players will automatically lose when time's up. (requested by iclope)\n|j| TheClutchPvP\n|j| Thotty10noodle\n|inactive|iclope has 270 seconds left.\n|\n|t:|1733885959\n|move|p2a: Shaymin|Air Slash|p1a: Koraidon\n|-supereffective|p1a: Koraidon\n|-damage|p1a: Koraidon|121/235\n|move|p1a: Koraidon|Flare Blitz|p2a: Shaymin\n|-supereffective|p2a: Shaymin\n|-damage|p2a: Shaymin|48/298\n|-damage|p1a: Koraidon|38/235|[from] Recoil\n|\n|-weather|SunnyDay|[upkeep]\n|-heal|p2a: Shaymin|66/298|[from] item: Leftovers\n|upkeep\n|turn|2\n|\n|t:|1733885985\n|move|p1a: Koraidon|Flare Blitz|p2a: Shaymin\n|-supereffective|p2a: Shaymin\n|-damage|p2a: Shaymin|0 fnt\n|faint|p2a: Shaymin\n|-damage|p1a: Koraidon|16/235|[from] Recoil\n|\n|-weather|SunnyDay|[upkeep]\n|upkeep\n|\n|t:|1733886003\n|switch|p2a: Annihilape|Annihilape, L76, M|292/292\n|turn|3\n|\n|t:|1733886017\n|move|p1a: Koraidon|Flare Blitz|p2a: Annihilape\n|-damage|p2a: Annihilape|130/292\n|-damage|p1a: Koraidon|0 fnt|[from] Recoil\n|faint|p1a: Koraidon\n|move|p2a: Annihilape|Bulk Up|p2a: Annihilape\n|-boost|p2a: Annihilape|atk|1\n|-boost|p2a: Annihilape|def|1\n|\n|-weather|SunnyDay|[upkeep]\n|upkeep\n|inactive|justintime18 has 270 seconds left.\n|\n|t:|1733886040\n|switch|p1a: Chi-Yu|Chi-Yu, L77|211/211\n|-ability|p1a: Chi-Yu|Beads of Ruin\n|turn|4\n|inactive|justintime18 has 270 seconds left.\n|\n|t:|1733886052\n|-terastallize|p2a: Annihilape|Steel\n|move|p1a: Chi-Yu|Psychic|p2a: Annihilape\n|-resisted|p2a: Annihilape\n|-damage|p2a: Annihilape|79/292\n|move|p2a: Annihilape|Rest|p2a: Annihilape\n|-status|p2a: Annihilape|slp|[from] move: Rest\n|-heal|p2a: Annihilape|292/292 slp|[silent]\n|-enditem|p2a: Annihilape|Chesto Berry|[eat]\n|-curestatus|p2a: Annihilape|slp|[msg]\n|\n|-weather|SunnyDay|[upkeep]\n|upkeep\n|turn|5\n|inactive|justintime18 has 270 seconds left.\n|\n|t:|1733886086\n|switch|p1a: Arbok|Arbok, L87, F|246/246\n|-ability|p1a: Arbok|Intimidate|boost\n|-unboost|p2a: Annihilape|atk|1\n|-ability|p2a: Annihilape|Defiant|boost\n|-boost|p2a: Annihilape|atk|2\n|move|p2a: Annihilape|Drain Punch|p1a: Arbok\n|-resisted|p1a: Arbok\n|-damage|p1a: Arbok|160/246\n|\n|-weather|none\n|-heal|p1a: Arbok|175/246|[from] item: Leftovers\n|upkeep\n|turn|6\n|l| Thotty10noodle\n|inactive|iclope has 270 seconds left.\n|j| Thotty10noodle\n|inactive|justintime18 has 240 seconds left.\n|\n|t:|1733886116\n|move|p1a: Arbok|Earthquake|p2a: Annihilape\n|-supereffective|p2a: Annihilape\n|-damage|p2a: Annihilape|182/292\n|move|p2a: Annihilape|Rage Fist|p1a: Arbok\n|-damage|p1a: Arbok|0 fnt\n|faint|p1a: Arbok\n|\n|upkeep\n|inactive|justintime18 has 240 seconds left.\n|\n|t:|1733886127\n|switch|p1a: Chi-Yu|Chi-Yu, L77|211/211\n|-ability|p1a: Chi-Yu|Beads of Ruin\n|turn|7\n|inactive|justintime18 has 240 seconds left.\n|\n|t:|1733886145\n|switch|p2a: Manaphy|Manaphy, L78|284/284\n|move|p1a: Chi-Yu|Overheat|p2a: Manaphy\n|-resisted|p2a: Manaphy\n|-damage|p2a: Manaphy|190/284\n|-unboost|p1a: Chi-Yu|spa|2\n|\n|-heal|p2a: Manaphy|207/284|[from] item: Leftovers\n|upkeep\n|turn|8\n|inactive|iclope has 270 seconds left.\n|inactive|justintime18 has 210 seconds left.\n|\n|t:|1733886177\n|switch|p1a: Vaporeon|Vaporeon, L86, M|364/364\n|move|p2a: Manaphy|Tail Glow|p2a: Manaphy\n|-boost|p2a: Manaphy|spa|3\n|\n|-heal|p2a: Manaphy|224/284|[from] item: Leftovers\n|upkeep\n|turn|9\n|inactive|justintime18 has 210 seconds left.\n|\n|t:|1733886201\n|move|p2a: Manaphy|Energy Ball|p1a: Vaporeon\n|-supereffective|p1a: Vaporeon\n|-damage|p1a: Vaporeon|122/364\n|move|p1a: Vaporeon|Scald|p2a: Manaphy\n|-resisted|p2a: Manaphy\n|-damage|p2a: Manaphy|176/284\n|\n|-heal|p2a: Manaphy|193/284|[from] item: Leftovers\n|-heal|p1a: Vaporeon|144/364|[from] item: Leftovers\n|upkeep\n|turn|10\n|\n|t:|1733886214\n|move|p2a: Manaphy|Energy Ball|p1a: Vaporeon\n|-supereffective|p1a: Vaporeon\n|-damage|p1a: Vaporeon|0 fnt\n|faint|p1a: Vaporeon\n|\n|-heal|p2a: Manaphy|210/284|[from] item: Leftovers\n|upkeep\n|\n|t:|1733886222\n|switch|p1a: Glaceon|Glaceon, L94, F|275/275\n|turn|11\n|inactive|iclope has 270 seconds left.\n|\n|t:|1733886274\n|switch|p2a: Annihilape|Annihilape, L76, M, tera:Steel|182/292\n|move|p1a: Glaceon|Freeze-Dry|p2a: Annihilape\n|-resisted|p2a: Annihilape\n|-damage|p2a: Annihilape|123/292\n|\n|upkeep\n|turn|12\n|\n|t:|1733886287\n|switch|p1a: Snorlax|Snorlax, L82, F|397/397\n|move|p2a: Annihilape|Drain Punch|p1a: Snorlax\n|-supereffective|p1a: Snorlax\n|-damage|p1a: Snorlax|215/397\n|-heal|p2a: Annihilape|214/292|[from] drain|[of] p1a: Snorlax\n|\n|-heal|p1a: Snorlax|239/397|[from] item: Leftovers\n|upkeep\n|turn|13\n|\n|t:|1733886308\n|move|p2a: Annihilape|Drain Punch|p1a: Snorlax\n|-supereffective|p1a: Snorlax\n|-damage|p1a: Snorlax|29/397\n|-heal|p2a: Annihilape|292/292|[from] drain|[of] p1a: Snorlax\n|move|p1a: Snorlax|Rest|p1a: Snorlax\n|-status|p1a: Snorlax|slp|[from] move: Rest\n|-heal|p1a: Snorlax|397/397 slp|[silent]\n|\n|upkeep\n|turn|14\n|\n|t:|1733886317\n|move|p2a: Annihilape|Bulk Up|p2a: Annihilape\n|-boost|p2a: Annihilape|atk|1\n|-boost|p2a: Annihilape|def|1\n|cant|p1a: Snorlax|slp\n|move|p1a: Snorlax|Sleep Talk|p1a: Snorlax\n|move|p1a: Snorlax|Body Slam|p2a: Annihilape|[from]move: Sleep Talk\n|-resisted|p2a: Annihilape\n|-damage|p2a: Annihilape|257/292\n|\n|upkeep\n|turn|15\n|\n|t:|1733886330\n|switch|p1a: Chi-Yu|Chi-Yu, L77|211/211\n|-ability|p1a: Chi-Yu|Beads of Ruin\n|move|p2a: Annihilape|Drain Punch|p1a: Chi-Yu\n|-supereffective|p1a: Chi-Yu\n|-damage|p1a: Chi-Yu|0 fnt\n|-heal|p2a: Annihilape|292/292|[from] drain|[of] p1a: Chi-Yu\n|faint|p1a: Chi-Yu\n|\n|upkeep\n|\n|t:|1733886340\n|switch|p1a: Glaceon|Glaceon, L94, F|275/275\n|turn|16\n|\n|t:|1733886346\n|move|p2a: Annihilape|Drain Punch|p1a: Glaceon\n|-supereffective|p1a: Glaceon\n|-damage|p1a: Glaceon|101/275\n|move|p1a: Glaceon|Mud Shot|p2a: Annihilape\n|-supereffective|p2a: Annihilape\n|-damage|p2a: Annihilape|160/292\n|-unboost|p2a: Annihilape|spe|1\n|-ability|p2a: Annihilape|Defiant|boost\n|-boost|p2a: Annihilape|atk|2\n|\n|upkeep\n|turn|17\n|\n|t:|1733886355\n|move|p1a: Glaceon|Mud Shot|p2a: Annihilape\n|-supereffective|p2a: Annihilape\n|-damage|p2a: Annihilape|34/292\n|-unboost|p2a: Annihilape|spe|1\n|-ability|p2a: Annihilape|Defiant|boost\n|-boost|p2a: Annihilape|atk|2\n|move|p2a: Annihilape|Drain Punch|p1a: Glaceon\n|-supereffective|p1a: Glaceon\n|-damage|p1a: Glaceon|0 fnt\n|-heal|p2a: Annihilape|85/292|[from] drain|[of] p1a: Glaceon\n|faint|p1a: Glaceon\n|\n|upkeep\n|\n|t:|1733886366\n|switch|p1a: Snorlax|Snorlax, L82, F|397/397 slp\n|turn|18\n|\n|t:|1733886372\n|-terastallize|p1a: Snorlax|Fairy\n|cant|p1a: Snorlax|slp\n|move|p1a: Snorlax|Sleep Talk|p1a: Snorlax\n|move|p1a: Snorlax|Curse|p1a: Snorlax|[from]move: Sleep Talk\n|-unboost|p1a: Snorlax|spe|1\n|-boost|p1a: Snorlax|atk|1\n|-boost|p1a: Snorlax|def|1\n|move|p2a: Annihilape|Drain Punch|p1a: Snorlax\n|-resisted|p1a: Snorlax\n|-damage|p1a: Snorlax|294/397 slp\n|-heal|p2a: Annihilape|137/292|[from] drain|[of] p1a: Snorlax\n|\n|-heal|p1a: Snorlax|318/397 slp|[from] item: Leftovers\n|upkeep\n|turn|19\n|inactive|justintime18 has 210 seconds left.\n|\n|t:|1733886384\n|move|p2a: Annihilape|Rage Fist|p1a: Snorlax\n|-damage|p1a: Snorlax|0 fnt\n|faint|p1a: Snorlax\n|\n|win|iclope\n", "inputlog": ">version bfd83cad13791eb5a5a409923076391caf6fb4d4\n>start {\"formatid\":\"gen9randombattle\",\"seed\":[47900,44061,5867,20588]}\n>player p1 {\"name\":\"justintime18\",\"avatar\":\"102\",\"rating\":0,\"seed\":[51669,57318,37148,13803]}\n>player p2 {\"name\":\"iclope\",\"avatar\":\"red\",\"rating\":0,\"seed\":[32877,1426,47700,2079]}\n>p1 move flareblitz\n>p2 move airslash\n>p1 move flareblitz\n>p2 move airslash\n>p2 switch 4\n>p1 move flareblitz\n>p2 move bulkup\n>p1 switch 3\n>p1 move psychic\n>p2 move rest terastallize\n>p1 switch 4\n>p2 move drainpunch\n>p1 move earthquake\n>p2 move ragefist\n>p1 switch 4\n>p1 move overheat\n>p2 switch 2\n>p1 switch 5\n>p2 move tailglow\n>p1 move scald\n>p2 move energyball\n>p1 move haze\n>p2 move energyball\n>p1 switch 2\n>p1 move freezedry\n>p2 switch 2\n>p1 switch 6\n>p2 move drainpunch\n>p1 move rest\n>p2 move drainpunch\n>p1 move sleeptalk\n>p2 move bulkup\n>p1 switch 5\n>p2 move drainpunch\n>p1 switch 6\n>p1 move mudshot\n>p2 move drainpunch\n>p1 move mudshot\n>p2 move drainpunch\n>p1 switch 5\n>p1 move sleeptalk terastallize\n>p2 move drainpunch\n>p1 move sleeptalk\n>p2 move ragefist", "uploadtime": 1733886388, "views": 7, "formatid": "gen9randombattle", "rating": null, "private": 0, "password": null}