{"id": "gen9randombattle-2260668057", "format": "[Gen 9] Random Battle", "players": ["Poly love", "Mizu~Master"], "log": "|j|\u2606Poly love\n|j|\u2606Mizu~Master\n|t:|1733876049\n|gametype|singles\n|player|p1|Poly love|cyclistf-gen4|1715\n|player|p2|Mizu~Master|caitlin|1662\n|teamsize|p1|6\n|teamsize|p2|6\n|gen|9\n|tier|[Gen 9] Random Battle\n|rated|\n|rule|Species Clause: Limit one of each Pok\u00e9mon\n|rule|HP Percentage Mod: HP is shown in percentages\n|rule|Sleep Clause Mod: Limit one foe put to sleep\n|rule|Illusion Level Mod: Illusion disguises the Pok\u00e9mon's true level\n|\n|t:|1733876049\n|start\n|switch|p1a: Masquerain|Masquerain, L87, F|264/264\n|switch|p2a: Umbreon|Umbreon, L84, M|297/297\n|-ability|p1a: Masquerain|Intimidate|boost\n|-unboost|p2a: Umbreon|atk|1\n|turn|1\n|\n|t:|1733876068\n|switch|p2a: Tauros|Tauros, L82, M|257/257\n|move|p1a: Masquerain|Quiver Dance|p1a: Masquerain\n|-boost|p1a: Masquerain|spa|1\n|-boost|p1a: Masquerain|spd|1\n|-boost|p1a: Masquerain|spe|1\n|\n|upkeep\n|turn|2\n|\n|t:|1733876073\n|move|p1a: Masquerain|Hurricane|p2a: Tauros\n|-damage|p2a: Tauros|31/257\n|move|p2a: Tauros|Body Slam|p1a: Masquerain\n|-damage|p1a: Masquerain|89/264\n|\n|upkeep\n|turn|3\n|\n|t:|1733876080\n|move|p1a: Masquerain|Bug Buzz|p2a: Tauros\n|-damage|p2a: Tauros|0 fnt\n|faint|p2a: Tauros\n|\n|upkeep\n|\n|t:|1733876087\n|switch|p2a: Carbink|Carbink, L90|236/236\n|turn|4\n|\n|t:|1733876090\n|move|p1a: Masquerain|Hydro Pump|p2a: Carbink\n|-supereffective|p2a: Carbink\n|-damage|p2a: Carbink|94/236\n|move|p2a: Carbink|Rock Polish|p2a: Carbink\n|-boost|p2a: Carbink|spe|2\n|\n|-heal|p2a: Carbink|108/236|[from] item: Leftovers\n|upkeep\n|turn|5\n|\n|t:|1733876098\n|move|p1a: Masquerain|Hydro Pump|p2a: Carbink\n|-supereffective|p2a: Carbink\n|-damage|p2a: Carbink|0 fnt\n|faint|p2a: Carbink\n|\n|upkeep\n|\n|t:|1733876103\n|switch|p2a: Enamorus|Enamorus-Therian, L83, F|259/259\n|turn|6\n|\n|t:|1733876108\n|move|p1a: Masquerain|Hurricane|p2a: Enamorus|[miss]\n|-miss|p1a: Masquerain|p2a: Enamorus\n|move|p2a: Enamorus|Moonblast|p1a: Masquerain\n|-damage|p1a: Masquerain|0 fnt\n|faint|p1a: Masquerain\n|\n|upkeep\n|\n|t:|1733876120\n|switch|p1a: Basculin|Basculin-Blue-Striped, L86, F|261/261\n|turn|7\n|\n|t:|1733876125\n|move|p1a: Basculin|Wave Crash|p2a: Enamorus\n|-damage|p2a: Enamorus|43/259\n|-damage|p1a: Basculin|190/261|[from] Recoil\n|move|p2a: Enamorus|Moonblast|p1a: Basculin\n|-damage|p1a: Basculin|25/261\n|-unboost|p1a: Basculin|spa|1\n|\n|upkeep\n|turn|8\n|\n|t:|1733876133\n|switch|p2a: Wo-Chien|Wo-Chien, L83|277/277\n|-ability|p2a: Wo-Chien|Tablets of Ruin\n|move|p1a: Basculin|Wave Crash|p2a: Wo-Chien\n|-resisted|p2a: Wo-Chien\n|-damage|p2a: Wo-Chien|181/277\n|-damage|p1a: Basculin|0 fnt|[from] Recoil\n|faint|p1a: Basculin\n|\n|-heal|p2a: Wo-Chien|198/277|[from] item: Leftovers\n|upkeep\n|\n|t:|1733876147\n|switch|p1a: Darkrai|Darkrai, L77|234/234\n|turn|9\n|\n|t:|1733876155\n|move|p2a: Wo-Chien|Protect|p2a: Wo-Chien\n|-singleturn|p2a: Wo-Chien|Protect\n|move|p1a: Darkrai|Substitute|p1a: Darkrai\n|-start|p1a: Darkrai|Substitute\n|-damage|p1a: Darkrai|176/234\n|\n|-heal|p1a: Darkrai|190/234|[from] item: Leftovers\n|-heal|p2a: Wo-Chien|215/277|[from] item: Leftovers\n|upkeep\n|turn|10\n|\n|t:|1733876163\n|switch|p2a: Umbreon|Umbreon, L84, M|297/297\n|move|p1a: Darkrai|Nasty Plot|p1a: Darkrai\n|-boost|p1a: Darkrai|spa|2\n|\n|-heal|p1a: Darkrai|204/234|[from] item: Leftovers\n|upkeep\n|turn|11\n|\n|t:|1733876167\n|move|p1a: Darkrai|Nasty Plot|p1a: Darkrai\n|-boost|p1a: Darkrai|spa|2\n|move|p2a: Umbreon|Foul Play|p1a: Darkrai\n|-resisted|p1a: Darkrai\n|-activate|p1a: Darkrai|move: Substitute|[damage]\n|\n|-heal|p1a: Darkrai|218/234|[from] item: Leftovers\n|upkeep\n|turn|12\n|\n|t:|1733876170\n|move|p1a: Darkrai|Nasty Plot|p1a: Darkrai\n|-boost|p1a: Darkrai|spa|2\n|move|p2a: Umbreon|Foul Play|p1a: Darkrai\n|-resisted|p1a: Darkrai\n|-end|p1a: Darkrai|Substitute\n|\n|-heal|p1a: Darkrai|232/234|[from] item: Leftovers\n|upkeep\n|turn|13\n|\n|t:|1733876174\n|move|p1a: Darkrai|Substitute|p1a: Darkrai\n|-start|p1a: Darkrai|Substitute\n|-damage|p1a: Darkrai|174/234\n|move|p2a: Umbreon|Wish|p2a: Umbreon\n|\n|-heal|p1a: Darkrai|188/234|[from] item: Leftovers\n|upkeep\n|turn|14\n|\n|t:|1733876179\n|move|p1a: Darkrai|Sludge Bomb|p2a: Umbreon\n|-damage|p2a: Umbreon|94/297\n|move|p2a: Umbreon|Foul Play|p1a: Darkrai\n|-resisted|p1a: Darkrai\n|-activate|p1a: Darkrai|move: Substitute|[damage]\n|\n|-heal|p2a: Umbreon|242/297|[from] move: Wish|[wisher] Umbreon\n|-heal|p1a: Darkrai|202/234|[from] item: Leftovers\n|-heal|p2a: Umbreon|260/297|[from] item: Leftovers\n|upkeep\n|turn|15\n|\n|t:|1733876191\n|move|p1a: Darkrai|Sludge Bomb|p2a: Umbreon\n|-damage|p2a: Umbreon|41/297\n|-status|p2a: Umbreon|psn\n|-activate|p2a: Umbreon|ability: Synchronize\n|-status|p1a: Darkrai|psn\n|move|p2a: Umbreon|Foul Play|p1a: Darkrai\n|-resisted|p1a: Darkrai\n|-end|p1a: Darkrai|Substitute\n|\n|-heal|p1a: Darkrai|216/234 psn|[from] item: Leftovers\n|-heal|p2a: Umbreon|59/297 psn|[from] item: Leftovers\n|-damage|p1a: Darkrai|187/234 psn|[from] psn\n|-damage|p2a: Umbreon|22/297 psn|[from] psn\n|upkeep\n|turn|16\n|\n|t:|1733876199\n|move|p1a: Darkrai|Substitute|p1a: Darkrai\n|-start|p1a: Darkrai|Substitute\n|-damage|p1a: Darkrai|129/234 psn\n|move|p2a: Umbreon|Wish|p2a: Umbreon\n|\n|-heal|p1a: Darkrai|143/234 psn|[from] item: Leftovers\n|-heal|p2a: Umbreon|40/297 psn|[from] item: Leftovers\n|-damage|p1a: Darkrai|114/234 psn|[from] psn\n|-damage|p2a: Umbreon|3/297 psn|[from] psn\n|upkeep\n|turn|17\n|\n|t:|1733876203\n|move|p2a: Umbreon|Protect|p2a: Umbreon\n|-singleturn|p2a: Umbreon|Protect\n|move|p1a: Darkrai|Sludge Bomb|p2a: Umbreon\n|-activate|p2a: Umbreon|move: Protect\n|\n|-heal|p2a: Umbreon|151/297 psn|[from] move: Wish|[wisher] Umbreon\n|-heal|p1a: Darkrai|128/234 psn|[from] item: Leftovers\n|-heal|p2a: Umbreon|169/297 psn|[from] item: Leftovers\n|-damage|p1a: Darkrai|99/234 psn|[from] psn\n|-damage|p2a: Umbreon|132/297 psn|[from] psn\n|upkeep\n|turn|18\n|\n|t:|1733876208\n|move|p1a: Darkrai|Sludge Bomb|p2a: Umbreon\n|-damage|p2a: Umbreon|0 fnt\n|faint|p2a: Umbreon\n|\n|-heal|p1a: Darkrai|113/234 psn|[from] item: Leftovers\n|-damage|p1a: Darkrai|84/234 psn|[from] psn\n|upkeep\n|\n|t:|1733876213\n|switch|p2a: Wo-Chien|Wo-Chien, L83|215/277\n|-ability|p2a: Wo-Chien|Tablets of Ruin\n|turn|19\n|\n|t:|1733876217\n|-terastallize|p2a: Wo-Chien|Poison\n|move|p1a: Darkrai|Dark Pulse|p2a: Wo-Chien\n|-damage|p2a: Wo-Chien|0 fnt\n|faint|p2a: Wo-Chien\n|\n|-heal|p1a: Darkrai|98/234 psn|[from] item: Leftovers\n|-damage|p1a: Darkrai|69/234 psn|[from] psn\n|upkeep\n|\n|t:|1733876219\n|switch|p2a: Enamorus|Enamorus-Therian, L83, F|43/259\n|turn|20\n|-message|Mizu~Master forfeited.\n|\n|win|Poly love\n|raw|Poly love's rating: 1715 &rarr; <strong>1732</strong><br />(+17 for winning)\n|raw|Mizu~Master's rating: 1662 &rarr; <strong>1645</strong><br />(-17 for losing)\n|l|\u2606Mizu~Master\n|player|p2|\n", "inputlog": ">version bfd83cad13791eb5a5a409923076391caf6fb4d4\n>start {\"formatid\":\"gen9randombattle\",\"seed\":[24993,48720,8433,39662],\"rated\":\"Rated battle\"}\n>player p1 {\"name\":\"Poly love\",\"avatar\":\"cyclistf-gen4\",\"rating\":1715,\"seed\":[17852,7871,31021,58931]}\n>player p2 {\"name\":\"Mizu~Master\",\"avatar\":\"caitlin\",\"rating\":1662,\"seed\":[57109,19440,39300,50893]}\n>p1 move quiverdance\n>p2 switch 2\n>p1 move hurricane\n>p2 move bodyslam\n>p1 move bugbuzz\n>p2 move bodyslam\n>p2 switch 5\n>p1 move hydropump\n>p2 move rockpolish\n>p1 move hydropump\n>p2 move moonblast\n>p2 switch 3\n>p1 move hurricane\n>p2 move moonblast\n>p1 switch 2\n>p1 move wavecrash\n>p2 move moonblast\n>p1 move wavecrash\n>p2 switch 4\n>p1 switch 6\n>p1 move substitute\n>p2 move protect\n>p1 move nastyplot\n>p2 switch 2\n>p1 move nastyplot\n>p2 move foulplay\n>p1 move nastyplot\n>p2 move foulplay\n>p1 move substitute\n>p2 move wish\n>p1 move sludgebomb\n>p2 move foulplay\n>p1 move sludgebomb\n>p2 move foulplay\n>p1 move substitute\n>p2 move wish\n>p1 move sludgebomb\n>p2 move protect\n>p1 move sludgebomb\n>p2 move wish\n>p2 switch 2\n>p1 move darkpulse\n>p2 move knockoff terastallize\n>p2 switch 4\n>forcelose p2", "uploadtime": 1733876229, "views": 1, "formatid": "gen9randombattle", "rating": 1645, "private": 0, "password": null}