{"id": "gen9randombattle-2094108024", "format": "[Gen 9] Random Battle", "players": ["Qiuescent", "lapasarela"], "log": "|badge|p1|bronze|gen9randombattle|100-1\n|uhtml|medal-msg|<div class=\"broadcast-blue\">Curious what those medals under the avatar are? PS now has Ladder Seasons! For more information, check out the <a href=\"https://www.smogon.com/forums/threads/3740067/\">thread on Smogon.</a></div>\n|badge|p2|bronze|gen9randombattle|100-1\n|uhtml|medal-msg|<div class=\"broadcast-blue\">Curious what those medals under the avatar are? PS now has Ladder Seasons! For more information, check out the <a href=\"https://www.smogon.com/forums/threads/3740067/\">thread on Smogon.</a></div>\n|j|\u203dQiuescent\n|j|\u2606lapasarela\n|t:|1712035061\n|gametype|singles\n|player|p1|Qiuescent|1|2294\n|player|p2|lapasarela|1|2325\n|teamsize|p1|6\n|teamsize|p2|6\n|gen|9\n|tier|[Gen 9] Random Battle\n|rated|\n|rule|Species Clause: Limit one of each Pok\u00e9mon\n|rule|HP Percentage Mod: HP is shown in percentages\n|rule|Sleep Clause Mod: Limit one foe put to sleep\n|rule|Illusion Level Mod: Illusion disguises the Pok\u00e9mon's true level\n|\n|t:|1712035061\n|start\n|switch|p1a: Tauros|Tauros-Paldea-Combat, L83, M|260/260\n|switch|p2a: Enamorus|Enamorus, L79, F|247/247\n|-ability|p1a: Tauros|Intimidate|boost\n|-boost|p2a: Enamorus|atk|1\n|turn|1\n|inactive|Battle timer is ON: inactive players will automatically lose when time's up. (requested by Qiuescent)\n|\n|t:|1712035087\n|move|p1a: Tauros|Stone Edge|p2a: Enamorus\n|-supereffective|p2a: Enamorus\n|-damage|p2a: Enamorus|0 fnt\n|faint|p2a: Enamorus\n|\n|upkeep\n|\n|t:|1712035103\n|switch|p2a: Overqwil|Overqwil, L82, F|274/274\n|-ability|p2a: Overqwil|Intimidate|boost\n|-unboost|p1a: Tauros|atk|1\n|turn|2\n|\n|t:|1712035111\n|switch|p1a: Toxicroak|Toxicroak, L84, F|277/277\n|move|p2a: Overqwil|Swords Dance|p2a: Overqwil\n|-boost|p2a: Overqwil|atk|2\n|\n|upkeep\n|turn|3\n|\n|t:|1712035118\n|move|p1a: Toxicroak|Close Combat|p2a: Overqwil\n|-damage|p2a: Overqwil|117/274\n|-unboost|p1a: Toxicroak|def|1\n|-unboost|p1a: Toxicroak|spd|1\n|-damage|p1a: Toxicroak|250/277|[from] item: Life Orb\n|move|p2a: Overqwil|Gunk Shot|p1a: Toxicroak\n|-resisted|p1a: Toxicroak\n|-damage|p1a: Toxicroak|0 fnt\n|faint|p1a: Toxicroak\n|-damage|p2a: Overqwil|90/274|[from] item: Life Orb\n|\n|upkeep\n|\n|t:|1712035124\n|switch|p1a: Tauros|Tauros-Paldea-Combat, L83, M|260/260\n|-ability|p1a: Tauros|Intimidate|boost\n|-unboost|p2a: Overqwil|atk|1\n|turn|4\n|\n|t:|1712035133\n|switch|p2a: Flamigo|Flamigo, L82, F|269/269\n|move|p1a: Tauros|Close Combat|p2a: Flamigo\n|-resisted|p2a: Flamigo\n|-crit|p2a: Flamigo\n|-damage|p2a: Flamigo|97/269\n|-unboost|p1a: Tauros|def|1\n|-unboost|p1a: Tauros|spd|1\n|\n|upkeep\n|turn|5\n|\n|t:|1712035143\n|switch|p1a: Diancie|Diancie, L82|216/216\n|move|p2a: Flamigo|U-turn|p1a: Diancie\n|-resisted|p1a: Diancie\n|-damage|p1a: Diancie|197/216\n|\n|t:|1712035160\n|switch|p2a: Toedscruel|Toedscruel, L87, M|281/281|[from] U-turn\n|\n|-heal|p1a: Diancie|210/216|[from] item: Leftovers\n|upkeep\n|turn|6\n|\n|t:|1712035171\n|switch|p1a: Porygon2|Porygon2, L82|274/274\n|-ability|p1a: Porygon2|Download|boost\n|-boost|p1a: Porygon2|atk|1\n|move|p2a: Toedscruel|Spore|p1a: Porygon2\n|-status|p1a: Porygon2|slp|[from] move: Spore\n|\n|upkeep\n|turn|7\n|\n|t:|1712035189\n|switch|p2a: Flamigo|Flamigo, L82, F|97/269\n|cant|p1a: Porygon2|slp\n|\n|upkeep\n|turn|8\n|\n|t:|1712035195\n|switch|p1a: Spectrier|Spectrier, L75|274/274\n|move|p2a: Flamigo|Close Combat|p1a: Spectrier\n|-damage|p1a: Spectrier|88/274\n|-unboost|p2a: Flamigo|def|1\n|-unboost|p2a: Flamigo|spd|1\n|\n|-heal|p1a: Spectrier|105/274|[from] item: Leftovers\n|upkeep\n|turn|9\n|\n|t:|1712035204\n|move|p2a: Flamigo|Close Combat|p1a: Spectrier\n|-damage|p1a: Spectrier|0 fnt\n|-unboost|p2a: Flamigo|def|1\n|-unboost|p2a: Flamigo|spd|1\n|faint|p1a: Spectrier\n|\n|upkeep\n|\n|t:|1712035209\n|switch|p1a: Diancie|Diancie, L82|210/216\n|turn|10\n|\n|t:|1712035215\n|switch|p2a: Toedscruel|Toedscruel, L87, M|281/281\n|move|p1a: Diancie|Diamond Storm|p2a: Toedscruel\n|-resisted|p2a: Toedscruel\n|-damage|p2a: Toedscruel|215/281\n|-boost|p1a: Diancie|def|2\n|\n|-heal|p2a: Toedscruel|232/281|[from] item: Leftovers\n|-heal|p1a: Diancie|216/216|[from] item: Leftovers\n|upkeep\n|turn|11\n|\n|t:|1712035226\n|-terastallize|p1a: Diancie|Fighting\n|move|p2a: Toedscruel|Earth Power|p1a: Diancie\n|-damage|p1a: Diancie|155/216\n|move|p1a: Diancie|Body Press|p2a: Toedscruel\n|-damage|p2a: Toedscruel|0 fnt\n|faint|p2a: Toedscruel\n|\n|-heal|p1a: Diancie|168/216|[from] item: Leftovers\n|upkeep\n|\n|t:|1712035248\n|switch|p2a: Armarouge|Armarouge, L81, M|270/270\n|turn|12\n|inactive|lapasarela has 120 seconds left.\n|\n|t:|1712035266\n|move|p2a: Armarouge|Armor Cannon|p1a: Diancie\n|-damage|p1a: Diancie|72/216\n|-unboost|p2a: Armarouge|def|1\n|-unboost|p2a: Armarouge|spd|1\n|move|p1a: Diancie|Diamond Storm|p2a: Armarouge\n|-supereffective|p2a: Armarouge\n|-damage|p2a: Armarouge|0 fnt\n|-boost|p1a: Diancie|def|2\n|faint|p2a: Armarouge\n|\n|-heal|p1a: Diancie|85/216|[from] item: Leftovers\n|upkeep\n|inactive|lapasarela has 120 seconds left.\n|\n|t:|1712035280\n|switch|p2a: Glaceon|Glaceon, L94, M|275/275\n|turn|13\n|\n|t:|1712035284\n|move|p2a: Glaceon|Freeze-Dry|p1a: Diancie\n|-damage|p1a: Diancie|9/216\n|move|p1a: Diancie|Body Press|p2a: Glaceon\n|-supereffective|p2a: Glaceon\n|-damage|p2a: Glaceon|0 fnt\n|faint|p2a: Glaceon\n|\n|-heal|p1a: Diancie|22/216|[from] item: Leftovers\n|upkeep\n|inactive|lapasarela has 120 seconds left.\n|\n|t:|1712035295\n|switch|p2a: Flamigo|Flamigo, L82, F|97/269\n|turn|14\n|\n|t:|1712035298\n|move|p2a: Flamigo|Brave Bird|p1a: Diancie\n|-supereffective|p1a: Diancie\n|-damage|p1a: Diancie|0 fnt\n|faint|p1a: Diancie\n|-damage|p2a: Flamigo|90/269|[from] Recoil\n|\n|upkeep\n|\n|t:|1712035302\n|switch|p1a: Slaking|Slaking, L84, M|389/389\n|turn|15\n|\n|t:|1712035308\n|switch|p2a: Overqwil|Overqwil, L82, F|90/274\n|-ability|p2a: Overqwil|Intimidate|boost\n|-unboost|p1a: Slaking|atk|1\n|move|p1a: Slaking|Double-Edge|p2a: Overqwil\n|-damage|p2a: Overqwil|0 fnt\n|faint|p2a: Overqwil\n|-damage|p1a: Slaking|359/389|[from] Recoil\n|\n|upkeep\n|\n|t:|1712035317\n|switch|p2a: Flamigo|Flamigo, L82, F|90/269\n|turn|16\n|\n|t:|1712035320\n|switch|p1a: Porygon2|Porygon2, L82|274/274 slp\n|-ability|p1a: Porygon2|Download|boost\n|-boost|p1a: Porygon2|spa|1\n|move|p2a: Flamigo|Close Combat|p1a: Porygon2\n|-supereffective|p1a: Porygon2\n|-damage|p1a: Porygon2|82/274 slp\n|-unboost|p2a: Flamigo|def|1\n|-unboost|p2a: Flamigo|spd|1\n|\n|upkeep\n|turn|17\n|\n|t:|1712035330\n|move|p2a: Flamigo|Close Combat|p1a: Porygon2\n|-supereffective|p1a: Porygon2\n|-damage|p1a: Porygon2|0 fnt\n|-unboost|p2a: Flamigo|def|1\n|-unboost|p2a: Flamigo|spd|1\n|faint|p1a: Porygon2\n|\n|upkeep\n|\n|t:|1712035332\n|switch|p1a: Slaking|Slaking, L84, M|359/389\n|turn|18\n|\n|t:|1712035339\n|-terastallize|p2a: Flamigo|Fighting\n|move|p1a: Slaking|Double-Edge|p2a: Flamigo\n|-damage|p2a: Flamigo|0 fnt\n|faint|p2a: Flamigo\n|-damage|p1a: Slaking|329/389|[from] Recoil\n|\n|win|Qiuescent\n|raw|Qiuescent's rating: 2294 &rarr; <strong>2316</strong><br />(+22 for winning)\n|raw|lapasarela's rating: 2325 &rarr; <strong>2303</strong><br />(-22 for losing)\n|l|\u2606lapasarela\n|player|p2|\n", "inputlog": ">version 90f4e058c5b3ee0c13fb49f451ac31b062b588da\n>start {\"formatid\":\"gen9randombattle\",\"seed\":[19148,6818,26408,22754],\"rated\":\"Rated battle\"}\n>player p1 {\"name\":\"Qiuescent\",\"avatar\":\"1\",\"rating\":2294,\"seed\":[25027,39064,52826,10477]}\n>player p2 {\"name\":\"lapasarela\",\"avatar\":\"1\",\"rating\":2325,\"seed\":[15573,41269,38713,294]}\n>p1 move stoneedge\n>p2 move playrough\n>p2 switch 4\n>p1 switch 5\n>p2 move swordsdance\n>p1 move closecombat\n>p2 move gunkshot\n>p1 switch 5\n>p1 move closecombat\n>p2 switch 5\n>p1 switch 3\n>p2 move uturn\n>p2 switch 2\n>p1 switch 6\n>p2 move spore\n>p1 move icebeam\n>p2 switch 2\n>p1 switch 4\n>p2 move closecombat\n>p1 move shadowball\n>p2 move closecombat\n>p1 switch 6\n>p1 move diamondstorm\n>p2 switch 2\n>p1 move bodypress terastallize\n>p2 move earthpower\n>p2 switch 3\n>p1 move diamondstorm\n>p2 move armorcannon\n>p2 switch 6\n>p1 move bodypress\n>p2 move freezedry\n>p2 switch 2\n>p1 move bodypress\n>p2 move bravebird\n>p1 switch 2\n>p1 move doubleedge\n>p2 switch 5\n>p2 switch 5\n>p1 switch 4\n>p2 move closecombat\n>p1 move icebeam\n>p2 move closecombat\n>p1 switch 4\n>p1 move doubleedge\n>p2 move closecombat terastallize", "uploadtime": 1712035350, "views": 244, "formatid": "gen9randombattle", "rating": 2303, "private": 0, "password": null}