{"id": "gen9randombattle-2260505876", "format": "[Gen 9] Random Battle", "players": ["Koshey", "uberman100%"], "log": "|j|\u2606Koshey\n|j|\u203duberman100%\n|t:|1733858149\n|gametype|singles\n|player|p1|Koshey|170|1144\n|player|p2|uberman100%|101|1177\n|teamsize|p1|6\n|teamsize|p2|6\n|gen|9\n|tier|[Gen 9] Random Battle\n|rated|\n|rule|Species Clause: Limit one of each Pok\u00e9mon\n|rule|HP Percentage Mod: HP is shown in percentages\n|rule|Sleep Clause Mod: Limit one foe put to sleep\n|rule|Illusion Level Mod: Illusion disguises the Pok\u00e9mon's true level\n|\n|t:|1733858149\n|start\n|switch|p1a: Polteageist|Polteageist, L79|224/224\n|switch|p2a: Gumshoos|Gumshoos, L95, F|321/321\n|turn|1\n|\n|t:|1733858158\n|move|p1a: Polteageist|Shell Smash|p1a: Polteageist\n|-unboost|p1a: Polteageist|def|1\n|-unboost|p1a: Polteageist|spd|1\n|-boost|p1a: Polteageist|atk|2\n|-boost|p1a: Polteageist|spa|2\n|-boost|p1a: Polteageist|spe|2\n|-enditem|p1a: Polteageist|White Herb\n|-clearnegativeboost|p1a: Polteageist|[silent]\n|move|p2a: Gumshoos|Knock Off|p1a: Polteageist\n|-supereffective|p1a: Polteageist\n|-damage|p1a: Polteageist|0 fnt\n|-start|p2a: Gumshoos|Disable|Knock Off|[from] ability: Cursed Body|[of] p1a: Polteageist\n|faint|p1a: Polteageist\n|\n|upkeep\n|inactive|Battle timer is ON: inactive players will automatically lose when time's up. (requested by uberman100%)\n|\n|t:|1733858179\n|switch|p1a: Toucannon|Toucannon, L88, F|284/284\n|turn|2\n|\n|t:|1733858192\n|switch|p2a: Froslass|Froslass, L87, F|263/263\n|-singleturn|p1a: Toucannon|move: Beak Blast\n|move|p1a: Toucannon|Beak Blast|p2a: Froslass\n|-damage|p2a: Froslass|95/263\n|\n|upkeep\n|turn|3\n|\n|t:|1733858212\n|switch|p1a: Tinkaton|Tinkaton, L82, F|274/274\n|-ability|p1a: Tinkaton|Mold Breaker\n|move|p2a: Froslass|Triple Axel|p1a: Tinkaton\n|-resisted|p1a: Tinkaton\n|-damage|p1a: Tinkaton|262/274\n|-resisted|p1a: Tinkaton\n|-damage|p1a: Tinkaton|238/274\n|-resisted|p1a: Tinkaton\n|-damage|p1a: Tinkaton|205/274\n|-hitcount|p1a: Tinkaton|3\n|\n|upkeep\n|turn|4\n|\n|t:|1733858227\n|switch|p2a: Gumshoos|Gumshoos, L95, F|321/321\n|move|p1a: Tinkaton|Gigaton Hammer|p2a: Gumshoos\n|-damage|p2a: Gumshoos|133/321\n|-damage|p1a: Tinkaton|178/274|[from] item: Life Orb\n|\n|upkeep\n|turn|5\n|\n|t:|1733858240\n|move|p1a: Tinkaton|Play Rough|p2a: Gumshoos\n|-damage|p2a: Gumshoos|15/321\n|-damage|p1a: Tinkaton|151/274|[from] item: Life Orb\n|move|p2a: Gumshoos|Earthquake|p1a: Tinkaton\n|-supereffective|p1a: Tinkaton\n|-damage|p1a: Tinkaton|0 fnt\n|faint|p1a: Tinkaton\n|\n|upkeep\n|inactive|Koshey has 120 seconds left.\n|\n|t:|1733858255\n|switch|p1a: Kilowattrel|Kilowattrel, L83, F|252/252\n|turn|6\n|\n|t:|1733858262\n|move|p1a: Kilowattrel|U-turn|p2a: Gumshoos\n|-damage|p2a: Gumshoos|0 fnt\n|faint|p2a: Gumshoos\n|\n|t:|1733858266\n|switch|p1a: Toucannon|Toucannon, L88, F|284/284|[from] U-turn\n|\n|upkeep\n|\n|t:|1733858269\n|switch|p2a: Froslass|Froslass, L87, F|95/263\n|turn|7\n|\n|t:|1733858282\n|switch|p1a: Delphox|Delphox, L84, M|263/263\n|move|p2a: Froslass|Triple Axel|p1a: Delphox\n|-resisted|p1a: Delphox\n|-damage|p1a: Delphox|251/263\n|-resisted|p1a: Delphox\n|-damage|p1a: Delphox|230/263\n|-resisted|p1a: Delphox\n|-damage|p1a: Delphox|197/263\n|-hitcount|p1a: Delphox|3\n|\n|upkeep\n|turn|8\n|\n|t:|1733858295\n|move|p2a: Froslass|Poltergeist|p1a: Delphox\n|-activate|p1a: Delphox|move: Poltergeist|Choice Specs\n|-supereffective|p1a: Delphox\n|-damage|p1a: Delphox|0 fnt\n|faint|p1a: Delphox\n|\n|upkeep\n|\n|t:|1733858305\n|switch|p1a: Kilowattrel|Kilowattrel, L83, F|252/252\n|turn|9\n|\n|t:|1733858316\n|switch|p2a: Glastrier|Glastrier, L86|312/312\n|move|p1a: Kilowattrel|Thunderbolt|p2a: Glastrier\n|-damage|p2a: Glastrier|227/312\n|\n|upkeep\n|turn|10\n|inactive|Koshey has 120 seconds left.\n|\n|t:|1733858353\n|move|p1a: Kilowattrel|U-turn|p2a: Glastrier\n|-damage|p2a: Glastrier|198/312\n|\n|t:|1733858356\n|switch|p1a: Lumineon|Lumineon, L93, M|279/279|[from] U-turn\n|move|p2a: Glastrier|Icicle Crash|p1a: Lumineon\n|-resisted|p1a: Lumineon\n|-damage|p1a: Lumineon|210/279\n|\n|upkeep\n|turn|11\n|inactive|Koshey has 120 seconds left.\n|\n|t:|1733858369\n|switch|p2a: Koraidon|Koraidon, L64|235/235\n|-weather|SunnyDay|[from] ability: Orichalcum Pulse|[of] p2a: Koraidon\n|-activate|p2a: Koraidon|Orichalcum Pulse|[source]\n|move|p1a: Lumineon|Encore||[still]\n|-fail|p1a: Lumineon\n|\n|-weather|SunnyDay|[upkeep]\n|upkeep\n|turn|12\n|\n|t:|1733858378\n|move|p1a: Lumineon|Alluring Voice|p2a: Koraidon\n|-supereffective|p2a: Koraidon\n|-damage|p2a: Koraidon|0 fnt\n|faint|p2a: Koraidon\n|-damage|p1a: Lumineon|183/279|[from] item: Life Orb\n|\n|-weather|SunnyDay|[upkeep]\n|upkeep\n|\n|t:|1733858387\n|switch|p2a: Wyrdeer|Wyrdeer, L87, M|321/321\n|-ability|p2a: Wyrdeer|Intimidate|boost\n|-unboost|p1a: Lumineon|atk|1\n|turn|13\n|\n|t:|1733858395\n|move|p1a: Lumineon|Hydro Pump|p2a: Wyrdeer|[miss]\n|-miss|p1a: Lumineon|p2a: Wyrdeer\n|move|p2a: Wyrdeer|Thunder Wave|p1a: Lumineon|[miss]\n|-miss|p2a: Wyrdeer|p1a: Lumineon\n|\n|-weather|SunnyDay|[upkeep]\n|upkeep\n|turn|14\n|\n|t:|1733858403\n|move|p1a: Lumineon|Encore|p2a: Wyrdeer\n|-start|p2a: Wyrdeer|Encore\n|move|p2a: Wyrdeer|Thunder Wave|p1a: Lumineon\n|-status|p1a: Lumineon|par\n|\n|-weather|SunnyDay|[upkeep]\n|upkeep\n|turn|15\n|\n|t:|1733858412\n|switch|p2a: Vaporeon|Vaporeon, L86, M|364/364\n|switch|p1a: Kilowattrel|Kilowattrel, L83, F|252/252\n|\n|-weather|none\n|upkeep\n|turn|16\n|\n|t:|1733858428\n|switch|p2a: Glastrier|Glastrier, L86|198/312\n|move|p1a: Kilowattrel|Thunderbolt|p2a: Glastrier\n|-damage|p2a: Glastrier|113/312\n|\n|upkeep\n|turn|17\n|\n|t:|1733858435\n|move|p1a: Kilowattrel|U-turn|p2a: Glastrier\n|-damage|p2a: Glastrier|85/312\n|\n|t:|1733858438\n|switch|p1a: Lumineon|Lumineon, L93, M|183/279 par|[from] U-turn\n|move|p2a: Glastrier|Heavy Slam|p1a: Lumineon\n|-resisted|p1a: Lumineon\n|-damage|p1a: Lumineon|125/279 par\n|\n|upkeep\n|turn|18\n|\n|t:|1733858449\n|move|p1a: Lumineon|Hydro Pump|p2a: Glastrier\n|-crit|p2a: Glastrier\n|-damage|p2a: Glastrier|0 fnt\n|faint|p2a: Glastrier\n|-damage|p1a: Lumineon|98/279 par|[from] item: Life Orb\n|\n|upkeep\n|\n|t:|1733858455\n|switch|p2a: Wyrdeer|Wyrdeer, L87, M|321/321\n|-ability|p2a: Wyrdeer|Intimidate|boost\n|-unboost|p1a: Lumineon|atk|1\n|turn|19\n|\n|t:|1733858466\n|move|p2a: Wyrdeer|Body Slam|p1a: Lumineon\n|-damage|p1a: Lumineon|0 fnt\n|faint|p1a: Lumineon\n|\n|upkeep\n|\n|t:|1733858471\n|switch|p1a: Toucannon|Toucannon, L88, F|284/284\n|turn|20\n|\n|t:|1733858484\n|-singleturn|p1a: Toucannon|move: Beak Blast\n|move|p2a: Wyrdeer|Body Slam|p1a: Toucannon\n|-damage|p1a: Toucannon|176/284\n|-status|p2a: Wyrdeer|brn\n|-status|p1a: Toucannon|par\n|move|p1a: Toucannon|Beak Blast|p2a: Wyrdeer\n|-damage|p2a: Wyrdeer|177/321 brn\n|\n|-heal|p2a: Wyrdeer|197/321 brn|[from] item: Leftovers\n|-damage|p2a: Wyrdeer|177/321 brn|[from] brn\n|upkeep\n|turn|21\n|\n|t:|1733858501\n|move|p2a: Wyrdeer|Body Slam|p1a: Toucannon\n|-damage|p1a: Toucannon|117/284 par\n|cant|p1a: Toucannon|par\n|\n|-heal|p2a: Wyrdeer|197/321 brn|[from] item: Leftovers\n|-damage|p2a: Wyrdeer|177/321 brn|[from] brn\n|upkeep\n|turn|22\n|\n|t:|1733858512\n|move|p2a: Wyrdeer|Body Slam|p1a: Toucannon\n|-damage|p1a: Toucannon|57/284 par\n|move|p1a: Toucannon|Boomburst|p2a: Wyrdeer\n|-damage|p2a: Wyrdeer|29/321 brn\n|\n|-heal|p2a: Wyrdeer|49/321 brn|[from] item: Leftovers\n|-damage|p2a: Wyrdeer|29/321 brn|[from] brn\n|upkeep\n|turn|23\n|\n|t:|1733858533\n|move|p2a: Wyrdeer|Body Slam|p1a: Toucannon\n|-damage|p1a: Toucannon|3/284 par\n|move|p1a: Toucannon|Roost|p1a: Toucannon\n|-heal|p1a: Toucannon|145/284 par\n|-singleturn|p1a: Toucannon|move: Roost\n|\n|-heal|p2a: Wyrdeer|49/321 brn|[from] item: Leftovers\n|-damage|p2a: Wyrdeer|29/321 brn|[from] brn\n|upkeep\n|turn|24\n|\n|t:|1733858546\n|move|p2a: Wyrdeer|Body Slam|p1a: Toucannon\n|-damage|p1a: Toucannon|93/284 par\n|move|p1a: Toucannon|Roost|p1a: Toucannon\n|-heal|p1a: Toucannon|235/284 par\n|-singleturn|p1a: Toucannon|move: Roost\n|\n|-heal|p2a: Wyrdeer|49/321 brn|[from] item: Leftovers\n|-damage|p2a: Wyrdeer|29/321 brn|[from] brn\n|upkeep\n|turn|25\n|\n|t:|1733858556\n|-singleturn|p1a: Toucannon|move: Beak Blast\n|move|p2a: Wyrdeer|Body Slam|p1a: Toucannon\n|-damage|p1a: Toucannon|176/284 par\n|cant|p1a: Toucannon|par\n|\n|-heal|p2a: Wyrdeer|49/321 brn|[from] item: Leftovers\n|-damage|p2a: Wyrdeer|29/321 brn|[from] brn\n|upkeep\n|turn|26\n|\n|t:|1733858566\n|move|p2a: Wyrdeer|Body Slam|p1a: Toucannon\n|-crit|p1a: Toucannon\n|-damage|p1a: Toucannon|91/284 par\n|move|p1a: Toucannon|Bullet Seed|p2a: Wyrdeer\n|-damage|p2a: Wyrdeer|1/321 brn\n|-damage|p2a: Wyrdeer|0 fnt\n|faint|p2a: Wyrdeer\n|-hitcount|p2: Wyrdeer|2\n|\n|upkeep\n|\n|t:|1733858574\n|switch|p2a: Vaporeon|Vaporeon, L86, M|364/364\n|turn|27\n|\n|t:|1733858581\n|move|p2a: Vaporeon|Wish|p2a: Vaporeon\n|move|p1a: Toucannon|Bullet Seed|p2a: Vaporeon\n|-supereffective|p2a: Vaporeon\n|-damage|p2a: Vaporeon|306/364\n|-supereffective|p2a: Vaporeon\n|-damage|p2a: Vaporeon|248/364\n|-supereffective|p2a: Vaporeon\n|-damage|p2a: Vaporeon|186/364\n|-supereffective|p2a: Vaporeon\n|-damage|p2a: Vaporeon|128/364\n|-supereffective|p2a: Vaporeon\n|-damage|p2a: Vaporeon|72/364\n|-hitcount|p2a: Vaporeon|5\n|\n|-heal|p2a: Vaporeon|94/364|[from] item: Leftovers\n|upkeep\n|turn|28\n|\n|t:|1733858593\n|switch|p2a: Froslass|Froslass, L87, F|95/263\n|move|p1a: Toucannon|Roost|p1a: Toucannon\n|-heal|p1a: Toucannon|233/284 par\n|-singleturn|p1a: Toucannon|move: Roost\n|\n|-heal|p2a: Froslass|263/263|[from] move: Wish|[wisher] Vaporeon\n|upkeep\n|turn|29\n|\n|t:|1733858602\n|-singleturn|p1a: Toucannon|move: Beak Blast\n|move|p2a: Froslass|Triple Axel|p1a: Toucannon\n|-supereffective|p1a: Toucannon\n|-damage|p1a: Toucannon|189/284 par\n|-status|p2a: Froslass|brn\n|-supereffective|p1a: Toucannon\n|-damage|p1a: Toucannon|147/284 par\n|-supereffective|p1a: Toucannon\n|-damage|p1a: Toucannon|83/284 par\n|-hitcount|p1a: Toucannon|3\n|move|p1a: Toucannon|Beak Blast|p2a: Froslass\n|-crit|p2a: Froslass\n|-damage|p2a: Froslass|20/263 brn\n|\n|-damage|p2a: Froslass|4/263 brn|[from] brn\n|upkeep\n|turn|30\n|\n|t:|1733858618\n|move|p2a: Froslass|Triple Axel|p1a: Toucannon\n|-supereffective|p1a: Toucannon\n|-damage|p1a: Toucannon|62/284 par\n|-supereffective|p1a: Toucannon\n|-damage|p1a: Toucannon|16/284 par\n|-supereffective|p1a: Toucannon\n|-damage|p1a: Toucannon|0 fnt\n|faint|p1a: Toucannon\n|-hitcount|p1: Toucannon|3\n|\n|-damage|p2a: Froslass|0 fnt|[from] brn\n|faint|p2a: Froslass\n|upkeep\n|\n|t:|1733858628\n|switch|p2a: Vaporeon|Vaporeon, L86, M|94/364\n|switch|p1a: Kilowattrel|Kilowattrel, L83, F|252/252\n|turn|31\n|\n|t:|1733858635\n|-terastallize|p2a: Vaporeon|Ghost\n|move|p2a: Vaporeon|Protect|p2a: Vaporeon\n|-singleturn|p2a: Vaporeon|Protect\n|move|p1a: Kilowattrel|Thunderbolt|p2a: Vaporeon\n|-activate|p2a: Vaporeon|move: Protect\n|\n|-heal|p2a: Vaporeon|116/364|[from] item: Leftovers\n|upkeep\n|turn|32\n|\n|t:|1733858651\n|move|p1a: Kilowattrel|Thunderbolt|p2a: Vaporeon\n|-damage|p2a: Vaporeon|25/364\n|move|p2a: Vaporeon|Wish|p2a: Vaporeon\n|\n|-heal|p2a: Vaporeon|47/364|[from] item: Leftovers\n|upkeep\n|turn|33\n|\n|t:|1733858660\n|move|p2a: Vaporeon|Protect|p2a: Vaporeon\n|-singleturn|p2a: Vaporeon|Protect\n|move|p1a: Kilowattrel|Thunder Wave|p2a: Vaporeon\n|-activate|p2a: Vaporeon|move: Protect\n|\n|-heal|p2a: Vaporeon|229/364|[from] move: Wish|[wisher] Vaporeon\n|-heal|p2a: Vaporeon|251/364|[from] item: Leftovers\n|upkeep\n|turn|34\n|\n|t:|1733858670\n|-terastallize|p1a: Kilowattrel|Water\n|move|p1a: Kilowattrel|Thunder Wave|p2a: Vaporeon\n|-status|p2a: Vaporeon|par\n|move|p2a: Vaporeon|Calm Mind|p2a: Vaporeon\n|-boost|p2a: Vaporeon|spa|1\n|-boost|p2a: Vaporeon|spd|1\n|\n|-heal|p2a: Vaporeon|273/364 par|[from] item: Leftovers\n|upkeep\n|turn|35\n|\n|t:|1733858680\n|move|p1a: Kilowattrel|Thunderbolt|p2a: Vaporeon\n|-damage|p2a: Vaporeon|215/364 par\n|cant|p2a: Vaporeon|par\n|\n|-heal|p2a: Vaporeon|237/364 par|[from] item: Leftovers\n|upkeep\n|turn|36\n|\n|t:|1733858687\n|move|p1a: Kilowattrel|Thunderbolt|p2a: Vaporeon\n|-damage|p2a: Vaporeon|180/364 par\n|cant|p2a: Vaporeon|par\n|\n|-heal|p2a: Vaporeon|202/364 par|[from] item: Leftovers\n|upkeep\n|turn|37\n|\n|t:|1733858693\n|move|p1a: Kilowattrel|Hurricane|p2a: Vaporeon\n|-damage|p2a: Vaporeon|127/364 par\n|move|p2a: Vaporeon|Wish|p2a: Vaporeon\n|\n|-heal|p2a: Vaporeon|149/364 par|[from] item: Leftovers\n|upkeep\n|turn|38\n|\n|t:|1733858699\n|move|p1a: Kilowattrel|Hurricane|p2a: Vaporeon\n|-damage|p2a: Vaporeon|79/364 par\n|move|p2a: Vaporeon|Calm Mind|p2a: Vaporeon\n|-boost|p2a: Vaporeon|spa|1\n|-boost|p2a: Vaporeon|spd|1\n|\n|-heal|p2a: Vaporeon|261/364 par|[from] move: Wish|[wisher] Vaporeon\n|-heal|p2a: Vaporeon|283/364 par|[from] item: Leftovers\n|upkeep\n|turn|39\n|\n|t:|1733858709\n|move|p1a: Kilowattrel|U-turn|p2a: Vaporeon\n|-resisted|p2a: Vaporeon\n|-damage|p2a: Vaporeon|259/364 par\n|move|p2a: Vaporeon|Scald|p1a: Kilowattrel\n|-resisted|p1a: Kilowattrel\n|-damage|p1a: Kilowattrel|129/252\n|-status|p1a: Kilowattrel|brn\n|\n|-heal|p2a: Vaporeon|281/364 par|[from] item: Leftovers\n|-damage|p1a: Kilowattrel|114/252 brn|[from] brn\n|upkeep\n|turn|40\n|-message|Koshey forfeited.\n|\n|win|uberman100%\n|raw|Koshey's rating: 1144 &rarr; <strong>1121</strong><br />(-23 for losing)\n|raw|uberman100%'s rating: 1177 &rarr; <strong>1200</strong><br />(+23 for winning)\n|l|\u2606Koshey\n|player|p1|\n", "inputlog": ">version bfd83cad13791eb5a5a409923076391caf6fb4d4\n>start {\"formatid\":\"gen9randombattle\",\"seed\":[5210,51944,49730,27939],\"rated\":\"Rated battle\"}\n>player p1 {\"name\":\"Koshey\",\"avatar\":\"170\",\"rating\":1144,\"seed\":[35077,57815,29879,54173]}\n>player p2 {\"name\":\"uberman100%\",\"avatar\":\"101\",\"rating\":1177,\"seed\":[10209,32925,38318,21886]}\n>p1 move shellsmash\n>p2 move knockoff\n>p1 switch 4\n>p1 move beakblast\n>p2 switch 3\n>p1 switch 6\n>p2 move tripleaxel\n>p1 move gigatonhammer\n>p2 switch 3\n>p1 move playrough\n>p2 move earthquake\n>p1 switch 5\n>p1 move uturn\n>p2 move earthquake\n>p1 switch 6\n>p2 switch 3\n>p1 switch 3\n>p2 move tripleaxel\n>p1 move psyshock\n>p2 move poltergeist\n>p1 switch 6\n>p1 move thunderbolt\n>p2 switch 5\n>p1 move uturn\n>p2 move iciclecrash\n>p1 switch 2\n>p1 move encore\n>p2 switch 6\n>p1 move alluringvoice\n>p2 move swordsdance\n>p2 switch 2\n>p1 move hydropump\n>p2 move thunderwave\n>p1 move encore\n>p2 move thunderwave\n>p1 switch 2\n>p2 switch 4\n>p1 move thunderbolt\n>p2 switch 6\n>p1 move uturn\n>p2 move heavyslam\n>p1 switch 2\n>p1 move hydropump\n>p2 move heavyslam\n>p2 switch 4\n>p1 move encore\n>p2 move bodyslam\n>p1 switch 3\n>p1 move beakblast\n>p2 move bodyslam\n>p1 move boomburst\n>p2 move bodyslam\n>p1 move boomburst\n>p2 move bodyslam\n>p1 move roost\n>p2 move bodyslam\n>p1 move roost\n>p2 move bodyslam\n>p1 move beakblast\n>p2 move bodyslam\n>p1 move bulletseed\n>p2 move bodyslam\n>p2 switch 6\n>p1 move bulletseed\n>p2 move wish\n>p1 move roost\n>p2 switch 5\n>p1 move beakblast\n>p2 move tripleaxel\n>p1 move roost\n>p2 move tripleaxel\n>p1 switch 2\n>p2 switch 5\n>p1 move thunderbolt\n>p2 move protect terastallize\n>p1 move thunderbolt\n>p2 move wish\n>p1 move thunderwave\n>p2 move protect\n>p1 move thunderwave terastallize\n>p2 move calmmind\n>p1 move thunderbolt\n>p2 move calmmind\n>p1 move thunderbolt\n>p2 move wish\n>p1 move hurricane\n>p2 move wish\n>p1 move hurricane\n>p2 move calmmind\n>p1 move uturn\n>p2 move scald\n>forcelose p1", "uploadtime": 1733858722, "views": 2, "formatid": "gen9randombattle", "rating": 1121, "private": 0, "password": null}