{"id": "gen9randombattle-2260806630", "format": "[Gen 9] Random Battle", "players": ["Chesnaught99", "Nexid"], "log": "|j|\u2606Chesnaught99\n|j|\u2606Nexid\n|t:|1733895397\n|gametype|singles\n|player|p1|Chesnaught99|archie-gen6|1683\n|player|p2|Nexid|gentleman-gen4|1675\n|teamsize|p1|6\n|teamsize|p2|6\n|gen|9\n|tier|[Gen 9] Random Battle\n|rated|\n|rule|Species Clause: Limit one of each Pok\u00e9mon\n|rule|HP Percentage Mod: HP is shown in percentages\n|rule|Sleep Clause Mod: Limit one foe put to sleep\n|rule|Illusion Level Mod: Illusion disguises the Pok\u00e9mon's true level\n|\n|t:|1733895397\n|start\n|switch|p1a: Latias|Latias, L79, F|256/256\n|switch|p2a: Garganacl|Garganacl, L80, M|291/291\n|turn|1\n|inactive|Battle timer is ON: inactive players will automatically lose when time's up. (requested by Chesnaught99)\n|\n|t:|1733895420\n|switch|p2a: Florges|Florges-White, L85, F|271/271\n|move|p1a: Latias|Draco Meteor|p2a: Florges\n|-immune|p2a: Florges\n|\n|upkeep\n|turn|2\n|inactive|Chesnaught99 has 120 seconds left.\n|\n|t:|1733895456\n|switch|p1a: Vivillon|Vivillon-Modern, L84, M|272/272\n|move|p2a: Florges|Moonblast|p1a: Vivillon\n|-damage|p1a: Vivillon|88/272\n|\n|upkeep\n|turn|3\n|inactive|Nexid has 120 seconds left.\n|\n|t:|1733895479\n|switch|p1a: Spidops|Spidops, L96, F|271/271\n|switch|p2a: Vaporeon|Vaporeon, L86, M|364/364\n|\n|upkeep\n|turn|4\n|inactive|Nexid has 120 seconds left.\n|\n|t:|1733895504\n|switch|p2a: Gouging Fire|Gouging Fire, L74|277/277\n|move|p1a: Spidops|Spikes|p2a: Gouging Fire\n|-sidestart|p2: Nexid|Spikes\n|\n|upkeep\n|turn|5\n|\n|t:|1733895515\n|switch|p1a: Slowking|Slowking, L88, F|310/310\n|move|p2a: Gouging Fire|Heat Crash|p1a: Slowking\n|-resisted|p1a: Slowking\n|-crit|p1a: Slowking\n|-damage|p1a: Slowking|219/310\n|\n|upkeep\n|turn|6\n|\n|t:|1733895535\n|-end|p2a: Gouging Fire|Protosynthesis|[silent]\n|switch|p2a: Vaporeon|Vaporeon, L86, M|364/364\n|-damage|p2a: Vaporeon|319/364|[from] Spikes\n|move|p1a: Slowking|Chilly Reception|p1a: Slowking\n|-weather|Snow\n|\n|t:|1733895541\n|switch|p1a: Spidops|Spidops, L96, F|271/271|[from] Chilly Reception\n|\n|-weather|Snow|[upkeep]\n|-heal|p2a: Vaporeon|341/364|[from] item: Leftovers\n|upkeep\n|turn|7\n|\n|t:|1733895564\n|switch|p2a: Garganacl|Garganacl, L80, M|291/291\n|-damage|p2a: Garganacl|255/291|[from] Spikes\n|move|p1a: Spidops|Knock Off|p2a: Garganacl\n|-damage|p2a: Garganacl|128/291\n|-enditem|p2a: Garganacl|Leftovers|[from] move: Knock Off|[of] p1a: Spidops\n|\n|-weather|Snow|[upkeep]\n|upkeep\n|turn|8\n|\n|t:|1733895582\n|switch|p1a: Slowking|Slowking, L88, F|310/310\n|move|p2a: Garganacl|Stealth Rock|p1a: Slowking\n|-sidestart|p1: Chesnaught99|move: Stealth Rock\n|\n|-weather|Snow|[upkeep]\n|upkeep\n|turn|9\n|\n|t:|1733895588\n|move|p1a: Slowking|Future Sight|p2a: Garganacl\n|-start|p1a: Slowking|move: Future Sight\n|move|p2a: Garganacl|Recover|p2a: Garganacl\n|-heal|p2a: Garganacl|274/291\n|\n|-weather|Snow|[upkeep]\n|upkeep\n|turn|10\n|\n|t:|1733895601\n|move|p1a: Slowking|Scald|p2a: Garganacl\n|-supereffective|p2a: Garganacl\n|-damage|p2a: Garganacl|58/291\n|move|p2a: Garganacl|Salt Cure|p1a: Slowking\n|-damage|p1a: Slowking|268/310\n|-start|p1a: Slowking|Salt Cure\n|\n|-weather|none\n|-damage|p1a: Slowking|191/310|[from] Salt Cure\n|upkeep\n|turn|11\n|\n|t:|1733895609\n|move|p1a: Slowking|Chilly Reception|p1a: Slowking\n|-weather|Snow\n|\n|t:|1733895614\n|switch|p1a: Spidops|Spidops, L96, F|271/271|[from] Chilly Reception\n|move|p2a: Garganacl|Recover|p2a: Garganacl\n|-heal|p2a: Garganacl|204/291\n|\n|-weather|Snow|[upkeep]\n|-end|p2a: Garganacl|move: Future Sight\n|-damage|p2a: Garganacl|54/291\n|upkeep\n|turn|12\n|inactive|Nexid has 120 seconds left.\n|\n|t:|1733895630\n|move|p1a: Spidops|Knock Off|p2a: Garganacl\n|-damage|p2a: Garganacl|16/291\n|move|p2a: Garganacl|Salt Cure|p1a: Spidops\n|-supereffective|p1a: Spidops\n|-damage|p1a: Spidops|203/271\n|-start|p1a: Spidops|Salt Cure\n|\n|-weather|Snow|[upkeep]\n|-damage|p1a: Spidops|170/271|[from] Salt Cure\n|upkeep\n|turn|13\n|\n|t:|1733895636\n|move|p1a: Spidops|Spikes|p2a: Garganacl\n|-sidestart|p2: Nexid|Spikes\n|move|p2a: Garganacl|Recover|p2a: Garganacl\n|-heal|p2a: Garganacl|162/291\n|\n|-weather|Snow|[upkeep]\n|-damage|p1a: Spidops|137/271|[from] Salt Cure\n|upkeep\n|turn|14\n|\n|t:|1733895641\n|move|p1a: Spidops|Spikes|p2a: Garganacl\n|-sidestart|p2: Nexid|Spikes\n|move|p2a: Garganacl|Recover|p2a: Garganacl\n|-heal|p2a: Garganacl|291/291\n|\n|-weather|Snow|[upkeep]\n|-damage|p1a: Spidops|104/271|[from] Salt Cure\n|upkeep\n|turn|15\n|\n|t:|1733895655\n|switch|p1a: Slowking|Slowking, L88, F|294/310\n|move|p2a: Garganacl|Body Press|p1a: Slowking\n|-resisted|p1a: Slowking\n|-damage|p1a: Slowking|258/310\n|\n|-weather|none\n|upkeep\n|turn|16\n|\n|t:|1733895659\n|move|p1a: Slowking|Future Sight|p2a: Garganacl\n|-start|p1a: Slowking|move: Future Sight\n|move|p2a: Garganacl|Salt Cure|p1a: Slowking\n|-damage|p1a: Slowking|216/310\n|-start|p1a: Slowking|Salt Cure\n|\n|-damage|p1a: Slowking|139/310|[from] Salt Cure\n|upkeep\n|turn|17\n|\n|t:|1733895682\n|switch|p2a: Vaporeon|Vaporeon, L86, M|341/364\n|-damage|p2a: Vaporeon|250/364|[from] Spikes\n|move|p1a: Slowking|Scald|p2a: Vaporeon\n|-heal|p2a: Vaporeon|341/364|[from] ability: Water Absorb|[of] p1a: Slowking\n|\n|-heal|p2a: Vaporeon|363/364|[from] item: Leftovers\n|-damage|p1a: Slowking|62/310|[from] Salt Cure\n|upkeep\n|turn|18\n|inactive|Nexid has 120 seconds left.\n|\n|t:|1733895705\n|switch|p1a: Latias|Latias, L79, F|256/256\n|-damage|p1a: Latias|224/256|[from] Stealth Rock\n|move|p2a: Vaporeon|Protect||[still]\n|-fail|p2a: Vaporeon\n|\n|-end|p2a: Vaporeon|move: Future Sight\n|-damage|p2a: Vaporeon|222/364\n|-heal|p2a: Vaporeon|244/364|[from] item: Leftovers\n|upkeep\n|turn|19\n|inactive|Nexid has 120 seconds left.\n|\n|t:|1733895717\n|move|p1a: Latias|Calm Mind|p1a: Latias\n|-boost|p1a: Latias|spa|1\n|-boost|p1a: Latias|spd|1\n|move|p2a: Vaporeon|Wish|p2a: Vaporeon\n|\n|-heal|p2a: Vaporeon|266/364|[from] item: Leftovers\n|upkeep\n|turn|20\n|inactive|Nexid has 120 seconds left.\n|\n|t:|1733895730\n|switch|p2a: Florges|Florges-White, L85, F|271/271\n|-damage|p2a: Florges|204/271|[from] Spikes\n|move|p1a: Latias|Psyshock|p2a: Florges\n|-damage|p2a: Florges|35/271\n|\n|-heal|p2a: Florges|217/271|[from] move: Wish|[wisher] Vaporeon\n|-heal|p2a: Florges|233/271|[from] item: Leftovers\n|upkeep\n|turn|21\n|\n|t:|1733895745\n|-terastallize|p1a: Latias|Steel\n|move|p1a: Latias|Calm Mind|p1a: Latias\n|-boost|p1a: Latias|spa|1\n|-boost|p1a: Latias|spd|1\n|move|p2a: Florges|Moonblast|p1a: Latias\n|-resisted|p1a: Latias\n|-damage|p1a: Latias|201/256\n|-unboost|p1a: Latias|spa|1\n|\n|-heal|p2a: Florges|249/271|[from] item: Leftovers\n|upkeep\n|turn|22\n|\n|t:|1733895757\n|switch|p2a: Garganacl|Garganacl, L80, M|291/291\n|-damage|p2a: Garganacl|219/291|[from] Spikes\n|move|p1a: Latias|Calm Mind|p1a: Latias\n|-boost|p1a: Latias|spa|1\n|-boost|p1a: Latias|spd|1\n|\n|upkeep\n|turn|23\n|\n|t:|1733895766\n|move|p1a: Latias|Draco Meteor|p2a: Garganacl\n|-damage|p2a: Garganacl|0 fnt\n|-unboost|p1a: Latias|spa|2\n|faint|p2a: Garganacl\n|\n|upkeep\n|\n|t:|1733895774\n|switch|p2a: Gouging Fire|Gouging Fire, L74|277/277\n|turn|24\n|\n|t:|1733895800\n|switch|p1a: Spidops|Spidops, L96, F|104/271\n|-terastallize|p2a: Gouging Fire|Fairy\n|move|p2a: Gouging Fire|Dragon Dance|p2a: Gouging Fire\n|-boost|p2a: Gouging Fire|atk|1\n|-boost|p2a: Gouging Fire|spe|1\n|\n|upkeep\n|turn|25\n|inactive|Chesnaught99 has 120 seconds left.\n|inactive|Nexid has 120 seconds left.\n|\n|t:|1733895818\n|switch|p1a: Slowking|Slowking, L88, F|165/310\n|move|p2a: Gouging Fire|Heat Crash|p1a: Slowking\n|-resisted|p1a: Slowking\n|-damage|p1a: Slowking|75/310\n|\n|upkeep\n|turn|26\n|\n|t:|1733895825\n|switch|p1a: Spidops|Spidops, L96, F|104/271\n|move|p2a: Gouging Fire|Heat Crash|p1a: Spidops\n|-supereffective|p1a: Spidops\n|-damage|p1a: Spidops|0 fnt\n|faint|p1a: Spidops\n|\n|upkeep\n|inactive|Chesnaught99 has 120 seconds left.\n|\n|t:|1733895835\n|switch|p1a: Slowking|Slowking, L88, F|178/310\n|turn|27\n|inactive|Nexid has 120 seconds left.\n|\n|t:|1733895861\n|move|p2a: Gouging Fire|Heat Crash|p1a: Slowking\n|-resisted|p1a: Slowking\n|-damage|p1a: Slowking|85/310\n|move|p1a: Slowking|Scald|p2a: Gouging Fire\n|-damage|p2a: Gouging Fire|172/277\n|\n|upkeep\n|turn|28\n|inactive|Nexid has 120 seconds left.\n|\n|t:|1733895876\n|switch|p1a: Cinderace|Cinderace, L77, F|249/249\n|move|p2a: Gouging Fire|Dragon Dance|p2a: Gouging Fire\n|-boost|p2a: Gouging Fire|atk|1\n|-boost|p2a: Gouging Fire|spe|1\n|\n|upkeep\n|turn|29\n|\n|t:|1733895886\n|move|p2a: Gouging Fire|Outrage|p1a: Cinderace\n|-damage|p1a: Cinderace|0 fnt\n|faint|p1a: Cinderace\n|\n|upkeep\n|\n|t:|1733895891\n|switch|p1a: Latias|Latias, L79, F, tera:Steel|201/256\n|-damage|p1a: Latias|185/256|[from] Stealth Rock\n|turn|30\n|\n|t:|1733895909\n|move|p2a: Gouging Fire|Outrage|p1a: Latias|[from]lockedmove\n|-resisted|p1a: Latias\n|-damage|p1a: Latias|68/256\n|-start|p2a: Gouging Fire|confusion|[fatigue]\n|move|p1a: Latias|Psyshock|p2a: Gouging Fire\n|-damage|p2a: Gouging Fire|81/277\n|\n|upkeep\n|turn|31\n|\n|t:|1733895922\n|switch|p1a: Slowking|Slowking, L88, F|188/310\n|-activate|p2a: Gouging Fire|confusion\n|move|p2a: Gouging Fire|Heat Crash|p1a: Slowking\n|-resisted|p1a: Slowking\n|-damage|p1a: Slowking|74/310\n|\n|upkeep\n|turn|32\n|\n|t:|1733895935\n|-activate|p2a: Gouging Fire|confusion\n|-damage|p2a: Gouging Fire|35/277|[from] confusion\n|move|p1a: Slowking|Scald|p2a: Gouging Fire\n|-damage|p2a: Gouging Fire|0 fnt\n|faint|p2a: Gouging Fire\n|-end|p2a: Gouging Fire|Protosynthesis|[silent]\n|\n|upkeep\n|\n|t:|1733895947\n|switch|p2a: Florges|Florges-White, L85, F|249/271\n|-damage|p2a: Florges|182/271|[from] Spikes\n|turn|33\n|\n|t:|1733895959\n|move|p2a: Florges|Calm Mind|p2a: Florges\n|-boost|p2a: Florges|spa|1\n|-boost|p2a: Florges|spd|1\n|move|p1a: Slowking|Chilly Reception|p1a: Slowking\n|-weather|Snow\n|\n|t:|1733895961\n|switch|p1a: Vivillon|Vivillon-Modern, L84, M|88/272|[from] Chilly Reception\n|\n|-weather|Snow|[upkeep]\n|-heal|p2a: Florges|198/271|[from] item: Leftovers\n|upkeep\n|turn|34\n|\n|t:|1733895973\n|move|p1a: Vivillon|Sleep Powder|p2a: Florges\n|-status|p2a: Florges|slp|[from] move: Sleep Powder\n|cant|p2a: Florges|slp\n|\n|-weather|Snow|[upkeep]\n|-heal|p2a: Florges|214/271 slp|[from] item: Leftovers\n|upkeep\n|turn|35\n|\n|t:|1733895976\n|switch|p1a: Latias|Latias, L79, F, tera:Steel|68/256\n|-damage|p1a: Latias|52/256|[from] Stealth Rock\n|cant|p2a: Florges|slp\n|\n|-weather|Snow|[upkeep]\n|-heal|p2a: Florges|230/271 slp|[from] item: Leftovers\n|upkeep\n|turn|36\n|inactive|Nexid has 120 seconds left.\n|\n|t:|1733896007\n|switch|p2a: Zamazenta|Zamazenta, L71|248/248\n|-damage|p2a: Zamazenta|186/248|[from] Spikes\n|-ability|p2a: Zamazenta|Dauntless Shield|boost\n|-boost|p2a: Zamazenta|def|1\n|move|p1a: Latias|Recover|p1a: Latias\n|-heal|p1a: Latias|180/256\n|\n|-weather|Snow|[upkeep]\n|upkeep\n|turn|37\n|\n|t:|1733896016\n|switch|p1a: Slowking|Slowking, L88, F|177/310\n|move|p2a: Zamazenta|Close Combat|p1a: Slowking\n|-resisted|p1a: Slowking\n|-damage|p1a: Slowking|99/310\n|-unboost|p2a: Zamazenta|def|1\n|-unboost|p2a: Zamazenta|spd|1\n|\n|-weather|none\n|upkeep\n|turn|38\n|\n|t:|1733896027\n|move|p2a: Zamazenta|Close Combat|p1a: Slowking\n|-resisted|p1a: Slowking\n|-damage|p1a: Slowking|14/310\n|-unboost|p2a: Zamazenta|def|1\n|-unboost|p2a: Zamazenta|spd|1\n|move|p1a: Slowking|Slack Off|p1a: Slowking\n|-heal|p1a: Slowking|169/310\n|\n|upkeep\n|turn|39\n|\n|t:|1733896032\n|switch|p2a: Vaporeon|Vaporeon, L86, M|266/364\n|-damage|p2a: Vaporeon|175/364|[from] Spikes\n|move|p1a: Slowking|Slack Off|p1a: Slowking\n|-heal|p1a: Slowking|310/310\n|\n|-heal|p2a: Vaporeon|197/364|[from] item: Leftovers\n|upkeep\n|turn|40\n|\n|t:|1733896035\n|move|p2a: Vaporeon|Wish|p2a: Vaporeon\n|move|p1a: Slowking|Future Sight|p2a: Vaporeon\n|-start|p1a: Slowking|move: Future Sight\n|\n|-heal|p2a: Vaporeon|219/364|[from] item: Leftovers\n|upkeep\n|turn|41\n|\n|t:|1733896042\n|move|p2a: Vaporeon|Calm Mind|p2a: Vaporeon\n|-boost|p2a: Vaporeon|spa|1\n|-boost|p2a: Vaporeon|spd|1\n|move|p1a: Slowking|Chilly Reception|p1a: Slowking\n|-weather|Snow\n|\n|t:|1733896047\n|switch|p1a: Latias|Latias, L79, F, tera:Steel|180/256|[from] Chilly Reception\n|-damage|p1a: Latias|164/256|[from] Stealth Rock\n|\n|-weather|Snow|[upkeep]\n|-heal|p2a: Vaporeon|364/364|[from] move: Wish|[wisher] Vaporeon\n|upkeep\n|turn|42\n|\n|t:|1733896057\n|switch|p2a: Zamazenta|Zamazenta, L71|186/248\n|-damage|p2a: Zamazenta|124/248|[from] Spikes\n|move|p1a: Latias|Calm Mind|p1a: Latias\n|-boost|p1a: Latias|spa|1\n|-boost|p1a: Latias|spd|1\n|\n|-weather|Snow|[upkeep]\n|-end|p2a: Zamazenta|move: Future Sight\n|-supereffective|p2a: Zamazenta\n|-damage|p2a: Zamazenta|0 fnt\n|faint|p2a: Zamazenta\n|upkeep\n|\n|t:|1733896077\n|switch|p2a: Lugia|Lugia, L72|272/272\n|turn|43\n|\n|t:|1733896087\n|move|p1a: Latias|Psyshock|p2a: Lugia\n|-resisted|p2a: Lugia\n|-damage|p2a: Lugia|239/272\n|move|p2a: Lugia|Calm Mind|p2a: Lugia\n|-boost|p2a: Lugia|spa|1\n|-boost|p2a: Lugia|spd|1\n|\n|-weather|Snow|[upkeep]\n|upkeep\n|turn|44\n|\n|t:|1733896098\n|move|p1a: Latias|Calm Mind|p1a: Latias\n|-boost|p1a: Latias|spa|1\n|-boost|p1a: Latias|spd|1\n|move|p2a: Lugia|Calm Mind|p2a: Lugia\n|-boost|p2a: Lugia|spa|1\n|-boost|p2a: Lugia|spd|1\n|\n|-weather|Snow|[upkeep]\n|upkeep\n|turn|45\n|\n|t:|1733896104\n|move|p1a: Latias|Calm Mind|p1a: Latias\n|-boost|p1a: Latias|spa|1\n|-boost|p1a: Latias|spd|1\n|move|p2a: Lugia|Calm Mind|p2a: Lugia\n|-boost|p2a: Lugia|spa|1\n|-boost|p2a: Lugia|spd|1\n|\n|-weather|none\n|upkeep\n|turn|46\n|\n|t:|1733896108\n|move|p1a: Latias|Calm Mind|p1a: Latias\n|-boost|p1a: Latias|spa|1\n|-boost|p1a: Latias|spd|1\n|move|p2a: Lugia|Calm Mind|p2a: Lugia\n|-boost|p2a: Lugia|spa|1\n|-boost|p2a: Lugia|spd|1\n|\n|upkeep\n|turn|47\n|\n|t:|1733896110\n|move|p1a: Latias|Calm Mind|p1a: Latias\n|-boost|p1a: Latias|spa|1\n|-boost|p1a: Latias|spd|1\n|move|p2a: Lugia|Calm Mind|p2a: Lugia\n|-boost|p2a: Lugia|spa|1\n|-boost|p2a: Lugia|spd|1\n|\n|upkeep\n|turn|48\n|\n|t:|1733896119\n|move|p1a: Latias|Calm Mind|p1a: Latias\n|-boost|p1a: Latias|spa|1\n|-boost|p1a: Latias|spd|1\n|move|p2a: Lugia|Calm Mind|p2a: Lugia\n|-boost|p2a: Lugia|spa|1\n|-boost|p2a: Lugia|spd|1\n|\n|upkeep\n|turn|49\n|\n|t:|1733896124\n|move|p1a: Latias|Psyshock|p2a: Lugia\n|-resisted|p2a: Lugia\n|-damage|p2a: Lugia|59/272\n|move|p2a: Lugia|Aeroblast|p1a: Latias\n|-resisted|p1a: Latias\n|-damage|p1a: Latias|133/256\n|\n|upkeep\n|turn|50\n|\n|t:|1733896130\n|move|p1a: Latias|Psyshock|p2a: Lugia\n|-resisted|p2a: Lugia\n|-damage|p2a: Lugia|0 fnt\n|faint|p2a: Lugia\n|\n|upkeep\n|\n|t:|1733896132\n|switch|p2a: Vaporeon|Vaporeon, L86, M|364/364\n|-damage|p2a: Vaporeon|273/364|[from] Spikes\n|turn|51\n|\n|t:|1733896135\n|move|p1a: Latias|Psyshock|p2a: Vaporeon\n|-damage|p2a: Vaporeon|0 fnt\n|faint|p2a: Vaporeon\n|\n|upkeep\n|\n|t:|1733896137\n|switch|p2a: Florges|Florges-White, L85, F|230/271 slp\n|-damage|p2a: Florges|163/271 slp|[from] Spikes\n|turn|52\n|\n|t:|1733896139\n|move|p1a: Latias|Psyshock|p2a: Florges\n|-damage|p2a: Florges|0 fnt\n|faint|p2a: Florges\n|\n|win|Chesnaught99\n|raw|Chesnaught99's rating: 1683 &rarr; <strong>1703</strong><br />(+20 for winning)\n|raw|Nexid's rating: 1675 &rarr; <strong>1655</strong><br />(-20 for losing)\n|c|\u2606Chesnaught99|gg\n|l|\u2606Nexid\n|player|p2|\n", "inputlog": ">version bfd83cad13791eb5a5a409923076391caf6fb4d4\n>start {\"formatid\":\"gen9randombattle\",\"seed\":[48122,10564,915,32643],\"rated\":\"Rated battle\"}\n>player p1 {\"name\":\"Chesnaught99\",\"avatar\":\"archie-gen6\",\"rating\":1683,\"seed\":[35243,36226,39967,49614]}\n>player p2 {\"name\":\"Nexid\",\"avatar\":\"gentleman-gen4\",\"rating\":1675,\"seed\":[34467,11838,2574,10975]}\n>p1 move dracometeor\n>p2 switch 3\n>p1 switch 5\n>p2 move moonblast\n>p1 switch 4\n>p2 switch 5\n>p1 move spikes\n>p2 switch 6\n>p1 switch 6\n>p2 move heatcrash\n>p1 move chillyreception\n>p2 switch 6\n>p1 switch 6\n>p1 move knockoff\n>p2 switch 3\n>p1 switch 6\n>p2 move stealthrock\n>p1 move futuresight\n>p2 move recover\n>p1 move scald\n>p2 move saltcure\n>p1 move chillyreception\n>p2 move recover\n>p1 switch 6\n>p1 move knockoff\n>p2 move saltcure\n>p1 move spikes\n>p2 move recover\n>p1 move spikes\n>p2 move recover\n>p1 switch 6\n>p2 move bodypress\n>p1 move futuresight\n>p2 move saltcure\n>p1 move scald\n>p2 switch 3\n>p1 switch 5\n>p2 move protect\n>p1 move calmmind\n>p2 move wish\n>p1 move psyshock\n>p2 switch 5\n>p1 move calmmind terastallize\n>p2 move moonblast\n>p1 move calmmind\n>p2 switch 3\n>p1 move dracometeor\n>p2 move saltcure\n>p2 switch 6\n>p1 switch 6\n>p2 move dragondance terastallize\n>p1 switch 5\n>p2 move heatcrash\n>p1 switch 5\n>p2 move heatcrash\n>p1 switch 5\n>p1 move scald\n>p2 move heatcrash\n>p1 switch 2\n>p2 move dragondance\n>p1 move pyroball\n>p2 move outrage\n>p1 switch 6\n>p1 move psyshock\n>p2 move outrage\n>p1 switch 2\n>p2 move heatcrash\n>p1 move scald\n>p2 move morningsun\n>p2 switch 3\n>p1 move chillyreception\n>p2 move calmmind\n>p1 switch 4\n>p1 move sleeppowder\n>p2 move moonblast\n>p1 switch 2\n>p2 move moonblast\n>p1 move recover\n>p2 switch 4\n>p1 switch 4\n>p2 move closecombat\n>p1 move slackoff\n>p2 move closecombat\n>p1 move slackoff\n>p2 switch 5\n>p1 move futuresight\n>p2 move wish\n>p1 move chillyreception\n>p2 move calmmind\n>p1 switch 4\n>p1 move calmmind\n>p2 switch 5\n>p2 switch 2\n>p1 move psyshock\n>p2 move calmmind\n>p1 move calmmind\n>p2 move calmmind\n>p1 move calmmind\n>p2 move calmmind\n>p1 move calmmind\n>p2 move calmmind\n>p1 move calmmind\n>p2 move calmmind\n>p1 move calmmind\n>p2 move calmmind\n>p1 move psyshock\n>p2 move aeroblast\n>p1 move psyshock\n>p2 move aeroblast\n>p2 switch 5\n>p1 move psyshock\n>p2 move scald\n>p2 switch 4\n>p1 move psyshock\n>p2 move moonblast", "uploadtime": 1733896147, "views": 2, "formatid": "gen9randombattle", "rating": 1655, "private": 0, "password": null}