{"id": "gen9randombattle-2260631547", "format": "[Gen 9] Random Battle", "players": ["Lokux", "ez shiny"], "log": "|j|\u2606Lokux\n|j|\u2606ez shiny\n|t:|1733871502\n|gametype|singles\n|player|p1|Lokux|giovanni|\n|player|p2|ez shiny|steven|\n|teamsize|p1|6\n|teamsize|p2|6\n|gen|9\n|tier|[Gen 9] Random Battle\n|rule|Species Clause: Limit one of each Pok\u00e9mon\n|rule|HP Percentage Mod: HP is shown in percentages\n|rule|Sleep Clause Mod: Limit one foe put to sleep\n|rule|Illusion Level Mod: Illusion disguises the Pok\u00e9mon's true level\n|\n|t:|1733871502\n|start\n|switch|p1a: Oricorio|Oricorio-Pom-Pom, L82, M|257/257\n|switch|p2a: Overqwil|Overqwil, L82, M|274/274\n|-ability|p2a: Overqwil|Intimidate|boost\n|-unboost|p1a: Oricorio|atk|1\n|turn|1\n|\n|t:|1733871524\n|move|p1a: Oricorio|Quiver Dance|p1a: Oricorio\n|-boost|p1a: Oricorio|spa|1\n|-boost|p1a: Oricorio|spd|1\n|-boost|p1a: Oricorio|spe|1\n|move|p2a: Overqwil|Liquidation|p1a: Oricorio\n|-damage|p1a: Oricorio|137/257\n|\n|upkeep\n|turn|2\n|\n|t:|1733871555\n|move|p1a: Oricorio|Revelation Dance|p2a: Overqwil\n|-damage|p2a: Overqwil|108/274\n|move|p2a: Overqwil|Liquidation|p1a: Oricorio\n|-damage|p1a: Oricorio|22/257\n|-unboost|p1a: Oricorio|def|1\n|\n|upkeep\n|turn|3\n|\n|t:|1733871567\n|switch|p2a: Palossand|Palossand, L89, M|296/296\n|move|p1a: Oricorio|Roost|p1a: Oricorio\n|-heal|p1a: Oricorio|151/257\n|-singleturn|p1a: Oricorio|move: Roost\n|\n|upkeep\n|turn|4\n|\n|t:|1733871604\n|move|p1a: Oricorio|Hurricane|p2a: Palossand\n|-damage|p2a: Palossand|127/296\n|-start|p2a: Palossand|confusion\n|-activate|p2a: Palossand|confusion\n|-damage|p2a: Palossand|110/296|[from] confusion\n|\n|-heal|p2a: Palossand|128/296|[from] item: Leftovers\n|upkeep\n|turn|5\n|\n|t:|1733871632\n|move|p1a: Oricorio|Hurricane|p2a: Palossand\n|-damage|p2a: Palossand|0 fnt\n|faint|p2a: Palossand\n|\n|upkeep\n|\n|t:|1733871649\n|switch|p2a: Chien-Pao|Chien-Pao, L72|234/234\n|-ability|p2a: Chien-Pao|Sword of Ruin\n|turn|6\n|\n|t:|1733871658\n|move|p2a: Chien-Pao|Ice Shard|p1a: Oricorio\n|-supereffective|p1a: Oricorio\n|-damage|p1a: Oricorio|0 fnt\n|faint|p1a: Oricorio\n|\n|upkeep\n|\n|t:|1733871692\n|switch|p1a: Sandslash|Sandslash-Alola, L88, F|275/275\n|turn|7\n|\n|t:|1733871720\n|switch|p2a: Mew|Mew, L82|298/298\n|move|p1a: Sandslash|Iron Head|p2a: Mew\n|-damage|p2a: Mew|208/298\n|\n|upkeep\n|turn|8\n|\n|t:|1733871746\n|move|p2a: Mew|Close Combat|p1a: Sandslash\n|-supereffective|p1a: Sandslash\n|-damage|p1a: Sandslash|0 fnt\n|-unboost|p2a: Mew|def|1\n|-unboost|p2a: Mew|spd|1\n|faint|p1a: Sandslash\n|-damage|p2a: Mew|179/298|[from] item: Life Orb\n|\n|upkeep\n|\n|t:|1733871765\n|switch|p1a: Hydreigon|Hydreigon, L79, M|275/275\n|turn|9\n|\n|t:|1733871788\n|move|p2a: Mew|Close Combat|p1a: Hydreigon\n|-supereffective|p1a: Hydreigon\n|-damage|p1a: Hydreigon|62/275\n|-unboost|p2a: Mew|def|1\n|-unboost|p2a: Mew|spd|1\n|-damage|p2a: Mew|150/298|[from] item: Life Orb\n|move|p1a: Hydreigon|Flash Cannon|p2a: Mew\n|-damage|p2a: Mew|0 fnt\n|faint|p2a: Mew\n|\n|upkeep\n|\n|t:|1733871793\n|switch|p2a: Poliwrath|Poliwrath, L88, F|302/302\n|turn|10\n|\n|t:|1733871804\n|move|p1a: Hydreigon|Flash Cannon|p2a: Poliwrath\n|-resisted|p2a: Poliwrath\n|-damage|p2a: Poliwrath|271/302\n|move|p2a: Poliwrath|Circle Throw|p1a: Hydreigon|[miss]\n|-miss|p2a: Poliwrath|p1a: Hydreigon\n|\n|upkeep\n|turn|11\n|\n|t:|1733871852\n|switch|p1a: Clefable|Clefable, L83, M|293/293\n|move|p2a: Poliwrath|Circle Throw|p1a: Clefable|[miss]\n|-miss|p2a: Poliwrath|p1a: Clefable\n|\n|upkeep\n|turn|12\n|\n|t:|1733871864\n|move|p1a: Clefable|Thunder Wave|p2a: Poliwrath\n|-status|p2a: Poliwrath|par\n|move|p2a: Poliwrath|Circle Throw|p1a: Clefable|[miss]\n|-miss|p2a: Poliwrath|p1a: Clefable\n|\n|upkeep\n|turn|13\n|\n|t:|1733871902\n|move|p1a: Clefable|Knock Off|p2a: Poliwrath\n|-resisted|p2a: Poliwrath\n|-damage|p2a: Poliwrath|248/302 par\n|-enditem|p2a: Poliwrath|Assault Vest|[from] move: Knock Off|[of] p1a: Clefable\n|move|p2a: Poliwrath|Circle Throw|p1a: Clefable\n|-resisted|p1a: Clefable\n|-damage|p1a: Clefable|250/293\n|drag|p1a: Greninja|Greninja, L80, M|246/246\n|\n|upkeep\n|turn|14\n|\n|t:|1733871954\n|switch|p1a: Golurk|Golurk, L87|297/297\n|-terastallize|p2a: Poliwrath|Fighting\n|move|p2a: Poliwrath|Close Combat|p1a: Golurk\n|-immune|p1a: Golurk\n|\n|upkeep\n|turn|15\n|\n|t:|1733871970\n|move|p1a: Golurk|Poltergeist||[still]\n|-fail|p1a: Golurk\n|cant|p2a: Poliwrath|par\n|\n|upkeep\n|turn|16\n|\n|t:|1733871978\n|move|p1a: Golurk|Stealth Rock|p2a: Poliwrath\n|-sidestart|p2: ez shiny|move: Stealth Rock\n|move|p2a: Poliwrath|Knock Off|p1a: Golurk\n|-supereffective|p1a: Golurk\n|-damage|p1a: Golurk|153/297\n|-enditem|p1a: Golurk|Life Orb|[from] move: Knock Off|[of] p2a: Poliwrath\n|\n|upkeep\n|turn|17\n|\n|t:|1733871996\n|move|p1a: Golurk|Earthquake|p2a: Poliwrath\n|-damage|p2a: Poliwrath|118/302 par\n|move|p2a: Poliwrath|Liquidation|p1a: Golurk\n|-supereffective|p1a: Golurk\n|-damage|p1a: Golurk|0 fnt\n|faint|p1a: Golurk\n|\n|upkeep\n|\n|t:|1733872022\n|switch|p1a: Hydreigon|Hydreigon, L79, M|62/275\n|turn|18\n|\n|t:|1733872026\n|switch|p2a: Chien-Pao|Chien-Pao, L72|234/234\n|-damage|p2a: Chien-Pao|176/234|[from] Stealth Rock\n|-ability|p2a: Chien-Pao|Sword of Ruin\n|move|p1a: Hydreigon|Draco Meteor|p2a: Chien-Pao\n|-damage|p2a: Chien-Pao|0 fnt\n|-unboost|p1a: Hydreigon|spa|2\n|faint|p2a: Chien-Pao\n|\n|upkeep\n|\n|t:|1733872035\n|switch|p2a: Volcarona|Volcarona, L77, F|257/257\n|turn|19\n|\n|t:|1733872042\n|move|p1a: Hydreigon|Draco Meteor|p2a: Volcarona\n|-damage|p2a: Volcarona|158/257\n|-unboost|p1a: Hydreigon|spa|2\n|move|p2a: Volcarona|Quiver Dance|p2a: Volcarona\n|-boost|p2a: Volcarona|spa|1\n|-boost|p2a: Volcarona|spd|1\n|-boost|p2a: Volcarona|spe|1\n|\n|upkeep\n|turn|20\n|\n|t:|1733872052\n|move|p2a: Volcarona|Quiver Dance|p2a: Volcarona\n|-boost|p2a: Volcarona|spa|1\n|-boost|p2a: Volcarona|spd|1\n|-boost|p2a: Volcarona|spe|1\n|move|p1a: Hydreigon|Draco Meteor|p2a: Volcarona|[miss]\n|-miss|p1a: Hydreigon|p2a: Volcarona\n|\n|upkeep\n|turn|21\n|\n|t:|1733872064\n|move|p2a: Volcarona|Quiver Dance|p2a: Volcarona\n|-boost|p2a: Volcarona|spa|1\n|-boost|p2a: Volcarona|spd|1\n|-boost|p2a: Volcarona|spe|1\n|move|p1a: Hydreigon|Draco Meteor|p2a: Volcarona\n|-damage|p2a: Volcarona|128/257\n|-unboost|p1a: Hydreigon|spa|2\n|\n|upkeep\n|turn|22\n|\n|t:|1733872074\n|move|p2a: Volcarona|Quiver Dance|p2a: Volcarona\n|-boost|p2a: Volcarona|spa|1\n|-boost|p2a: Volcarona|spd|1\n|-boost|p2a: Volcarona|spe|1\n|move|p1a: Hydreigon|Draco Meteor|p2a: Volcarona\n|-damage|p2a: Volcarona|109/257\n|\n|upkeep\n|turn|23\n|\n|t:|1733872082\n|move|p2a: Volcarona|Quiver Dance|p2a: Volcarona\n|-boost|p2a: Volcarona|spa|1\n|-boost|p2a: Volcarona|spd|1\n|-boost|p2a: Volcarona|spe|1\n|move|p1a: Hydreigon|Draco Meteor|p2a: Volcarona\n|-damage|p2a: Volcarona|93/257\n|\n|upkeep\n|turn|24\n|\n|t:|1733872090\n|move|p2a: Volcarona|Quiver Dance|p2a: Volcarona\n|-boost|p2a: Volcarona|spa|1\n|-boost|p2a: Volcarona|spd|1\n|-boost|p2a: Volcarona|spe|1\n|move|p1a: Hydreigon|Draco Meteor|p2a: Volcarona\n|-damage|p2a: Volcarona|80/257\n|\n|upkeep\n|turn|25\n|\n|t:|1733872098\n|move|p2a: Volcarona|Giga Drain|p1a: Hydreigon\n|-resisted|p1a: Hydreigon\n|-damage|p1a: Hydreigon|0 fnt\n|-heal|p2a: Volcarona|111/257|[from] drain|[of] p1a: Hydreigon\n|faint|p1a: Hydreigon\n|\n|upkeep\n|\n|t:|1733872106\n|switch|p1a: Clefable|Clefable, L83, M|250/293\n|turn|26\n|\n|t:|1733872116\n|move|p2a: Volcarona|Giga Drain|p1a: Clefable\n|-damage|p1a: Clefable|188/293\n|-heal|p2a: Volcarona|142/257|[from] drain|[of] p1a: Clefable\n|move|p1a: Clefable|Thunder Wave|p2a: Volcarona|[miss]\n|-miss|p1a: Clefable|p2a: Volcarona\n|\n|-heal|p1a: Clefable|206/293|[from] item: Leftovers\n|upkeep\n|turn|27\n|\n|t:|1733872126\n|-terastallize|p1a: Clefable|Poison\n|move|p2a: Volcarona|Fiery Dance|p1a: Clefable\n|-damage|p1a: Clefable|122/293\n|move|p1a: Clefable|Thunder Wave|p2a: Volcarona\n|-status|p2a: Volcarona|par\n|\n|-heal|p1a: Clefable|140/293|[from] item: Leftovers\n|upkeep\n|turn|28\n|\n|t:|1733872139\n|move|p2a: Volcarona|Fiery Dance|p1a: Clefable\n|-damage|p1a: Clefable|41/293\n|move|p1a: Clefable|Moonlight|p1a: Clefable\n|-heal|p1a: Clefable|187/293\n|\n|-heal|p1a: Clefable|205/293|[from] item: Leftovers\n|upkeep\n|turn|29\n|\n|t:|1733872149\n|cant|p2a: Volcarona|par\n|move|p1a: Clefable|Knock Off|p2a: Volcarona\n|-damage|p2a: Volcarona|72/257 par\n|-enditem|p2a: Volcarona|Heavy-Duty Boots|[from] move: Knock Off|[of] p1a: Clefable\n|\n|-heal|p1a: Clefable|223/293|[from] item: Leftovers\n|upkeep\n|turn|30\n|\n|t:|1733872160\n|move|p2a: Volcarona|Giga Drain|p1a: Clefable\n|-resisted|p1a: Clefable\n|-damage|p1a: Clefable|195/293\n|-heal|p2a: Volcarona|86/257 par|[from] drain|[of] p1a: Clefable\n|move|p1a: Clefable|Moonblast|p2a: Volcarona\n|-resisted|p2a: Volcarona\n|-crit|p2a: Volcarona\n|-damage|p2a: Volcarona|11/257 par\n|\n|-heal|p1a: Clefable|213/293|[from] item: Leftovers\n|upkeep\n|turn|31\n|\n|t:|1733872172\n|move|p2a: Volcarona|Giga Drain|p1a: Clefable\n|-resisted|p1a: Clefable\n|-damage|p1a: Clefable|184/293\n|-heal|p2a: Volcarona|26/257 par|[from] drain|[of] p1a: Clefable\n|move|p1a: Clefable|Moonblast|p2a: Volcarona\n|-resisted|p2a: Volcarona\n|-crit|p2a: Volcarona\n|-damage|p2a: Volcarona|0 fnt\n|faint|p2a: Volcarona\n|\n|-heal|p1a: Clefable|202/293|[from] item: Leftovers\n|upkeep\n|\n|t:|1733872180\n|switch|p2a: Overqwil|Overqwil, L82, M|108/274\n|-damage|p2a: Overqwil|74/274|[from] Stealth Rock\n|-ability|p2a: Overqwil|Intimidate|boost\n|-unboost|p1a: Clefable|atk|1\n|turn|32\n|\n|t:|1733872212\n|move|p2a: Overqwil|Crunch|p1a: Clefable\n|-damage|p1a: Clefable|49/293\n|move|p1a: Clefable|Moonblast|p2a: Overqwil\n|-damage|p2a: Overqwil|0 fnt\n|faint|p2a: Overqwil\n|\n|-heal|p1a: Clefable|67/293|[from] item: Leftovers\n|upkeep\n|\n|t:|1733872216\n|switch|p2a: Poliwrath|Poliwrath, L88, F, tera:Fighting|118/302 par\n|-damage|p2a: Poliwrath|100/302 par|[from] Stealth Rock\n|turn|33\n|\n|t:|1733872225\n|move|p1a: Clefable|Moonblast|p2a: Poliwrath\n|-supereffective|p2a: Poliwrath\n|-damage|p2a: Poliwrath|0 fnt\n|faint|p2a: Poliwrath\n|\n|win|Lokux\n|l|\u2606Lokux\n|player|p1|\n|l|\u2606ez shiny\n|player|p2|\n|j|\u2606ez shiny\n|player|p2|ez shiny|steven|\n", "inputlog": ">version bfd83cad13791eb5a5a409923076391caf6fb4d4\n>start {\"formatid\":\"gen9randombattle\",\"seed\":[4066,16134,48895,369]}\n>player p1 {\"name\":\"Lokux\",\"avatar\":\"giovanni\",\"rating\":0,\"seed\":[1616,26905,44301,27040]}\n>player p2 {\"name\":\"ez shiny\",\"avatar\":\"steven\",\"rating\":0,\"seed\":[27937,13281,50185,27396]}\n>p1 move quiverdance\n>p2 move liquidation\n>p1 move revelationdance\n>p2 move liquidation\n>p1 move roost\n>p2 switch 5\n>p1 move hurricane\n>p2 move shadowball\n>p1 move hurricane\n>p2 move shadowball\n>p2 switch 2\n>p1 move revelationdance\n>p2 move iceshard\n>p1 switch 4\n>p1 move ironhead\n>p2 switch 4\n>p1 move tripleaxel\n>p2 move closecombat\n>p1 switch 2\n>p1 move flashcannon\n>p2 move closecombat\n>p2 switch 3\n>p1 move flashcannon\n>p2 move circlethrow\n>p1 switch 3\n>p2 move circlethrow\n>p1 move thunderwave\n>p2 move circlethrow\n>p1 move knockoff\n>p2 move circlethrow\n>p1 switch 6\n>p2 move closecombat terastallize\n>p1 move poltergeist\n>p2 move knockoff\n>p1 move stealthrock\n>p2 move knockoff\n>p1 move earthquake\n>p2 move liquidation\n>p1 switch 3\n>p1 move dracometeor\n>p2 switch 4\n>p2 switch 6\n>p1 move dracometeor\n>p2 move quiverdance\n>p1 move dracometeor\n>p2 move quiverdance\n>p1 move dracometeor\n>p2 move quiverdance\n>p1 move dracometeor\n>p2 move quiverdance\n>p1 move dracometeor\n>p2 move quiverdance\n>p1 move dracometeor\n>p2 move quiverdance\n>p1 move dracometeor\n>p2 move gigadrain\n>p1 switch 5\n>p1 move thunderwave\n>p2 move gigadrain\n>p1 move thunderwave terastallize\n>p2 move fierydance\n>p1 move moonlight\n>p2 move fierydance\n>p1 move knockoff\n>p2 move fierydance\n>p1 move moonblast\n>p2 move gigadrain\n>p1 move moonblast\n>p2 move gigadrain\n>p2 switch 5\n>p1 move moonblast\n>p2 move crunch\n>p2 switch 4\n>p1 move moonblast\n>p2 move liquidation", "uploadtime": 1733872568, "views": 1, "formatid": "gen9randombattle", "rating": null, "private": 0, "password": null}