{"id": "gen9randombattle-2260864951", "format": "[Gen 9] Random Battle", "players": ["urshifook", "no tengo enemigos"], "log": "|j|\u2606urshifook\n|j|\u2606no tengo enemigos\n|t:|1733906862\n|gametype|singles\n|player|p1|urshifook|101|1405\n|player|p2|no tengo enemigos|169|1440\n|teamsize|p1|6\n|teamsize|p2|6\n|gen|9\n|tier|[Gen 9] Random Battle\n|rated|\n|rule|Species Clause: Limit one of each Pok\u00e9mon\n|rule|HP Percentage Mod: HP is shown in percentages\n|rule|Sleep Clause Mod: Limit one foe put to sleep\n|rule|Illusion Level Mod: Illusion disguises the Pok\u00e9mon's true level\n|\n|t:|1733906862\n|start\n|switch|p1a: Crawdaunt|Crawdaunt, L84, M|243/243\n|switch|p2a: Rayquaza|Rayquaza, L72|270/270\n|-ability|p2a: Rayquaza|Air Lock\n|turn|1\n|inactive|Battle timer is ON: inactive players will automatically lose when time's up. (requested by urshifook)\n|\n|t:|1733906886\n|switch|p2a: Electrode|Electrode-Hisui, L87|246/246\n|move|p1a: Crawdaunt|Knock Off|p2a: Electrode\n|-damage|p2a: Electrode|0 fnt\n|-enditem|p2a: Electrode|Life Orb|[from] move: Knock Off|[of] p1a: Crawdaunt\n|faint|p2a: Electrode\n|\n|upkeep\n|\n|t:|1733906893\n|switch|p2a: Duraludon|Duraludon, L82, M|249/249\n|turn|2\n|\n|t:|1733906900\n|move|p2a: Duraludon|Iron Defense|p2a: Duraludon\n|-boost|p2a: Duraludon|def|2\n|move|p1a: Crawdaunt|Knock Off|p2a: Duraludon\n|-damage|p2a: Duraludon|181/249\n|-enditem|p2a: Duraludon|Eviolite|[from] move: Knock Off|[of] p1a: Crawdaunt\n|\n|upkeep\n|turn|3\n|\n|t:|1733906917\n|switch|p1a: Iron Crown|Iron Crown, L78|268/268\n|move|p2a: Duraludon|Body Press|p1a: Iron Crown\n|-damage|p1a: Iron Crown|151/268\n|\n|upkeep\n|turn|4\n|\n|t:|1733906925\n|move|p1a: Iron Crown|Focus Blast|p2a: Duraludon\n|-supereffective|p2a: Duraludon\n|-damage|p2a: Duraludon|0 fnt\n|faint|p2a: Duraludon\n|\n|upkeep\n|\n|t:|1733906932\n|switch|p2a: Hypno|Hypno, L95, M|315/315\n|turn|5\n|\n|t:|1733906942\n|-end|p1a: Iron Crown|Quark Drive|[silent]\n|switch|p1a: Crawdaunt|Crawdaunt, L84, M|243/243\n|move|p2a: Hypno|Focus Blast|p1a: Crawdaunt\n|-supereffective|p1a: Crawdaunt\n|-damage|p1a: Crawdaunt|0 fnt\n|faint|p1a: Crawdaunt\n|\n|upkeep\n|\n|t:|1733906960\n|switch|p1a: Flamigo|Flamigo, L82, M|269/269\n|turn|6\n|\n|t:|1733906979\n|move|p1a: Flamigo|Throat Chop|p2a: Hypno\n|-supereffective|p2a: Hypno\n|-crit|p2a: Hypno\n|-damage|p2a: Hypno|109/315\n|-start|p2a: Hypno|Throat Chop|[silent]\n|cant|p2a: Hypno|move: Throat Chop\n|\n|-heal|p2a: Hypno|128/315|[from] item: Leftovers\n|upkeep\n|turn|7\n|\n|t:|1733906992\n|move|p2a: Hypno|Protect|p2a: Hypno\n|-singleturn|p2a: Hypno|Protect\n|move|p1a: Flamigo|Throat Chop|p2a: Hypno\n|-activate|p2a: Hypno|move: Protect\n|\n|-heal|p2a: Hypno|147/315|[from] item: Leftovers\n|-end|p2a: Hypno|Throat Chop|[silent]\n|upkeep\n|turn|8\n|\n|t:|1733907009\n|switch|p2a: Piloswine|Piloswine, L85, M|309/309\n|move|p1a: Flamigo|Throat Chop|p2a: Piloswine\n|-damage|p2a: Piloswine|266/309\n|-start|p2a: Piloswine|Throat Chop|[silent]\n|\n|upkeep\n|turn|9\n|\n|t:|1733907021\n|switch|p1a: Lumineon|Lumineon, L93, F|279/279\n|switch|p2a: Hypno|Hypno, L95, M|147/315\n|\n|-heal|p2a: Hypno|166/315|[from] item: Leftovers\n|upkeep\n|turn|10\n|\n|t:|1733907039\n|move|p1a: Lumineon|Hydro Pump|p2a: Hypno\n|-damage|p2a: Hypno|78/315\n|move|p2a: Hypno|Toxic|p1a: Lumineon|[miss]\n|-miss|p2a: Hypno|p1a: Lumineon\n|\n|-heal|p2a: Hypno|97/315|[from] item: Leftovers\n|upkeep\n|turn|11\n|\n|t:|1733907049\n|move|p1a: Lumineon|U-turn|p2a: Hypno\n|-supereffective|p2a: Hypno\n|-damage|p2a: Hypno|0 fnt\n|faint|p2a: Hypno\n|inactive|urshifook has 120 seconds left.\n|\n|t:|1733907075\n|switch|p1a: Iron Crown|Iron Crown, L78|151/268|[from] U-turn\n|\n|upkeep\n|\n|t:|1733907078\n|switch|p2a: Piloswine|Piloswine, L85, M|266/309\n|turn|12\n|inactive|urshifook has 120 seconds left.\n|\n|t:|1733907105\n|move|p1a: Iron Crown|Tachyon Cutter|p2a: Piloswine\n|-supereffective|p2a: Piloswine\n|-damage|p2a: Piloswine|122/309\n|-supereffective|p2a: Piloswine\n|-damage|p2a: Piloswine|0 fnt\n|faint|p2a: Piloswine\n|-hitcount|p2: Piloswine|2\n|\n|upkeep\n|\n|t:|1733907113\n|switch|p2a: Rayquaza|Rayquaza, L72|270/270\n|-ability|p2a: Rayquaza|Air Lock\n|turn|13\n|inactive|urshifook has 120 seconds left.\n|\n|t:|1733907122\n|move|p1a: Iron Crown|Tachyon Cutter|p2a: Rayquaza\n|-damage|p2a: Rayquaza|180/270\n|-damage|p2a: Rayquaza|92/270\n|-hitcount|p2a: Rayquaza|2\n|move|p2a: Rayquaza|Earthquake|p1a: Iron Crown\n|-supereffective|p1a: Iron Crown\n|-damage|p1a: Iron Crown|0 fnt\n|faint|p1a: Iron Crown\n|-end|p1a: Iron Crown|Quark Drive|[silent]\n|\n|upkeep\n|inactive|urshifook has 120 seconds left.\n|\n|t:|1733907131\n|switch|p1a: Dedenne|Dedenne, L88, F|261/261\n|turn|14\n|\n|t:|1733907138\n|-terastallize|p2a: Rayquaza|Normal\n|move|p1a: Dedenne|Thunderbolt|p2a: Rayquaza\n|-damage|p2a: Rayquaza|0 fnt\n|faint|p2a: Rayquaza\n|\n|upkeep\n|\n|t:|1733907148\n|switch|p2a: Glalie|Glalie, L96, M|309/309\n|turn|15\n|\n|t:|1733907152\n|move|p1a: Dedenne|Super Fang|p2a: Glalie\n|-damage|p2a: Glalie|155/309\n|move|p2a: Glalie|Earthquake|p1a: Dedenne\n|-supereffective|p1a: Dedenne\n|-damage|p1a: Dedenne|49/261\n|-enditem|p1a: Dedenne|Sitrus Berry|[eat]\n|-heal|p1a: Dedenne|114/261|[from] item: Sitrus Berry\n|-heal|p1a: Dedenne|201/261|[from] ability: Cheek Pouch\n|\n|upkeep\n|turn|16\n|\n|t:|1733907157\n|move|p1a: Dedenne|U-turn|p2a: Glalie\n|-damage|p2a: Glalie|118/309\n|\n|t:|1733907161\n|switch|p1a: Flamigo|Flamigo, L82, M|269/269|[from] U-turn\n|move|p2a: Glalie|Earthquake|p1a: Flamigo\n|-immune|p1a: Flamigo\n|\n|upkeep\n|turn|17\n|\n|t:|1733907178\n|move|p1a: Flamigo|Brave Bird|p2a: Glalie\n|-damage|p2a: Glalie|0 fnt\n|faint|p2a: Glalie\n|-damage|p1a: Flamigo|230/269|[from] Recoil\n|\n|win|urshifook\n|raw|urshifook's rating: 1405 &rarr; <strong>1427</strong><br />(+22 for winning)\n|raw|no tengo enemigos's rating: 1440 &rarr; <strong>1418</strong><br />(-22 for losing)\n", "inputlog": ">version bfd83cad13791eb5a5a409923076391caf6fb4d4\n>start {\"formatid\":\"gen9randombattle\",\"seed\":[28434,51692,45251,42789],\"rated\":\"Rated battle\"}\n>player p1 {\"name\":\"urshifook\",\"avatar\":\"101\",\"rating\":1405,\"seed\":[49926,58896,5033,52653]}\n>player p2 {\"name\":\"no tengo enemigos\",\"avatar\":\"169\",\"rating\":1440,\"seed\":[28889,49940,34558,39975]}\n>p1 move knockoff\n>p2 switch 2\n>p2 switch 3\n>p1 move knockoff\n>p2 move irondefense\n>p1 switch 5\n>p2 move bodypress\n>p1 move focusblast\n>p2 move irondefense\n>p2 switch 5\n>p1 switch 5\n>p2 move focusblast\n>p1 switch 2\n>p1 move throatchop\n>p2 move psychicnoise\n>p1 move throatchop\n>p2 move protect\n>p1 move throatchop\n>p2 switch 4\n>p1 switch 6\n>p2 switch 4\n>p1 move hydropump\n>p2 move toxic\n>p1 move uturn\n>p2 move toxic\n>p1 switch 5\n>p2 switch 4\n>p1 move tachyoncutter\n>p2 move iciclecrash\n>p2 switch 2\n>p1 move tachyoncutter\n>p2 move earthquake\n>p1 switch 4\n>p1 move thunderbolt\n>p2 move earthquake terastallize\n>p2 switch 6\n>p1 move superfang\n>p2 move earthquake\n>p1 move uturn\n>p2 move earthquake\n>p1 switch 6\n>p1 move bravebird\n>p2 move freezedry", "uploadtime": 1733907179, "views": 9, "formatid": "gen9randombattle", "rating": 1418, "private": 0, "password": null}