{"id": "gen9randombattle-2260355739", "format": "[Gen 9] Random Battle", "players": ["bro691amnew", "TSM Slapdaddy"], "log": "|j|\u2606bro691amnew\n|j|\u2606TSM Slapdaddy\n|t:|1733843410\n|gametype|singles\n|player|p1|bro691amnew|170|1326\n|player|p2|TSM Slapdaddy|bea|1345\n|teamsize|p1|6\n|teamsize|p2|6\n|gen|9\n|tier|[Gen 9] Random Battle\n|rated|\n|rule|Species Clause: Limit one of each Pok\u00e9mon\n|rule|HP Percentage Mod: HP is shown in percentages\n|rule|Sleep Clause Mod: Limit one foe put to sleep\n|rule|Illusion Level Mod: Illusion disguises the Pok\u00e9mon's true level\n|\n|t:|1733843410\n|start\n|switch|p1a: Altaria|Altaria, L88, F|275/275\n|switch|p2a: Chimecho|Chimecho, L93, F|290/290\n|turn|1\n|inactive|Battle timer is ON: inactive players will automatically lose when time's up. (requested by TSM Slapdaddy)\n|\n|t:|1733843419\n|switch|p1a: Uxie|Uxie, L83|260/260\n|move|p2a: Chimecho|Knock Off|p1a: Uxie\n|-supereffective|p1a: Uxie\n|-damage|p1a: Uxie|186/260\n|-enditem|p1a: Uxie|Leftovers|[from] move: Knock Off|[of] p2a: Chimecho\n|\n|upkeep\n|turn|2\n|\n|t:|1733843432\n|switch|p2a: Miraidon|Miraidon, L65|238/238\n|-fieldstart|move: Electric Terrain|[from] ability: Hadron Engine|[of] p2a: Miraidon\n|move|p1a: Uxie|Stealth Rock|p2a: Miraidon\n|-sidestart|p2: TSM Slapdaddy|move: Stealth Rock\n|\n|upkeep\n|turn|3\n|\n|t:|1733843440\n|move|p2a: Miraidon|Substitute|p2a: Miraidon\n|-start|p2a: Miraidon|Substitute\n|-damage|p2a: Miraidon|179/238\n|move|p1a: Uxie|Psychic Noise|p2a: Miraidon\n|-damage|p2a: Miraidon|113/238\n|-start|p2a: Miraidon|move: Heal Block\n|\n|upkeep\n|turn|4\n|\n|t:|1733843448\n|move|p2a: Miraidon|Calm Mind|p2a: Miraidon\n|-boost|p2a: Miraidon|spa|1\n|-boost|p2a: Miraidon|spd|1\n|move|p1a: Uxie|Encore|p2a: Miraidon\n|-start|p2a: Miraidon|Encore\n|\n|-end|p2a: Miraidon|move: Heal Block\n|upkeep\n|turn|5\n|inactive|bro691amnew has 120 seconds left.\n|\n|t:|1733843502\n|switch|p1a: Arbok|Arbok, L87, F|246/246\n|-ability|p1a: Arbok|Intimidate|boost\n|-immune|p2a: Miraidon\n|move|p2a: Miraidon|Calm Mind|p2a: Miraidon\n|-boost|p2a: Miraidon|spa|1\n|-boost|p2a: Miraidon|spd|1\n|\n|-heal|p2a: Miraidon|127/238|[from] item: Leftovers\n|upkeep\n|turn|6\n|\n|t:|1733843507\n|move|p2a: Miraidon|Calm Mind|p2a: Miraidon\n|-boost|p2a: Miraidon|spa|1\n|-boost|p2a: Miraidon|spd|1\n|move|p1a: Arbok|Earthquake|p2a: Miraidon\n|-supereffective|p2a: Miraidon\n|-end|p2a: Miraidon|Substitute\n|-damage|p1a: Arbok|222/246|[from] item: Life Orb\n|\n|-heal|p2a: Miraidon|141/238|[from] item: Leftovers\n|-fieldend|move: Electric Terrain\n|upkeep\n|turn|7\n|\n|t:|1733843517\n|switch|p2a: Cresselia|Cresselia, L80, F|323/323\n|-damage|p2a: Cresselia|283/323|[from] Stealth Rock\n|move|p1a: Arbok|Earthquake|p2a: Cresselia\n|-immune|p2a: Cresselia|[from] ability: Levitate\n|\n|-heal|p2a: Cresselia|303/323|[from] item: Leftovers\n|upkeep\n|turn|8\n|\n|t:|1733843526\n|move|p1a: Arbok|Knock Off|p2a: Cresselia\n|-supereffective|p2a: Cresselia\n|-damage|p2a: Cresselia|147/323\n|-enditem|p2a: Cresselia|Leftovers|[from] move: Knock Off|[of] p1a: Arbok\n|-damage|p1a: Arbok|198/246|[from] item: Life Orb\n|move|p2a: Cresselia|Calm Mind|p2a: Cresselia\n|-boost|p2a: Cresselia|spa|1\n|-boost|p2a: Cresselia|spd|1\n|\n|upkeep\n|turn|9\n|\n|t:|1733843534\n|move|p1a: Arbok|Gunk Shot|p2a: Cresselia\n|-damage|p2a: Cresselia|0 fnt\n|faint|p2a: Cresselia\n|-damage|p1a: Arbok|174/246|[from] item: Life Orb\n|\n|upkeep\n|\n|t:|1733843538\n|switch|p2a: Chimecho|Chimecho, L93, F|290/290\n|-damage|p2a: Chimecho|254/290|[from] Stealth Rock\n|turn|10\n|\n|t:|1733843544\n|move|p1a: Arbok|Knock Off|p2a: Chimecho\n|-supereffective|p2a: Chimecho\n|-damage|p2a: Chimecho|64/290\n|-enditem|p2a: Chimecho|Leftovers|[from] move: Knock Off|[of] p1a: Arbok\n|-damage|p1a: Arbok|150/246|[from] item: Life Orb\n|move|p2a: Chimecho|Psychic Noise|p1a: Arbok\n|-supereffective|p1a: Arbok\n|-crit|p1a: Arbok\n|-damage|p1a: Arbok|0 fnt\n|faint|p1a: Arbok\n|\n|upkeep\n|inactive|bro691amnew has 120 seconds left.\n|\n|t:|1733843574\n|switch|p1a: Crawdaunt|Crawdaunt, L84, M|243/243\n|turn|11\n|\n|t:|1733843584\n|switch|p2a: Ludicolo|Ludicolo, L90, M|290/290\n|-damage|p2a: Ludicolo|254/290|[from] Stealth Rock\n|move|p1a: Crawdaunt|Dragon Dance|p1a: Crawdaunt\n|-boost|p1a: Crawdaunt|atk|1\n|-boost|p1a: Crawdaunt|spe|1\n|\n|upkeep\n|turn|12\n|\n|t:|1733843595\n|move|p1a: Crawdaunt|Close Combat|p2a: Ludicolo\n|-damage|p2a: Ludicolo|53/290\n|-unboost|p1a: Crawdaunt|def|1\n|-unboost|p1a: Crawdaunt|spd|1\n|-damage|p1a: Crawdaunt|219/243|[from] item: Life Orb\n|move|p2a: Ludicolo|Giga Drain|p1a: Crawdaunt\n|-supereffective|p1a: Crawdaunt\n|-damage|p1a: Crawdaunt|0 fnt\n|-heal|p2a: Ludicolo|163/290|[from] drain|[of] p1a: Crawdaunt\n|faint|p1a: Crawdaunt\n|\n|upkeep\n|\n|t:|1733843602\n|switch|p1a: Altaria|Altaria, L88, F|275/275\n|turn|13\n|\n|t:|1733843606\n|switch|p2a: Weezing|Weezing-Galar, L86, M|252/252\n|-damage|p2a: Weezing|221/252|[from] Stealth Rock\n|move|p1a: Altaria|Brave Bird|p2a: Weezing\n|-damage|p2a: Weezing|139/252\n|-damage|p1a: Altaria|248/275|[from] Recoil\n|\n|-heal|p2a: Weezing|154/252|[from] item: Leftovers\n|upkeep\n|turn|14\n|inactive|bro691amnew has 120 seconds left.\n|\n|t:|1733843628\n|switch|p1a: Uxie|Uxie, L83|186/260\n|move|p2a: Weezing|Defog|p1a: Uxie\n|-unboost|p1a: Uxie|evasion|1\n|-sideend|p2: TSM Slapdaddy|Stealth Rock|[from] move: Defog|[of] p2a: Weezing\n|\n|-heal|p2a: Weezing|169/252|[from] item: Leftovers\n|upkeep\n|turn|15\n|\n|t:|1733843638\n|switch|p2a: Chimecho|Chimecho, L93, F|64/290\n|move|p1a: Uxie|Encore||[still]\n|-fail|p1a: Uxie\n|\n|upkeep\n|turn|16\n|\n|t:|1733843643\n|move|p1a: Uxie|Psychic Noise|p2a: Chimecho\n|-resisted|p2a: Chimecho\n|-damage|p2a: Chimecho|33/290\n|-start|p2a: Chimecho|move: Heal Block\n|cant|p2a: Chimecho|move: Heal Block|Recover\n|\n|upkeep\n|turn|17\n|\n|t:|1733843650\n|move|p1a: Uxie|Psychic Noise|p2a: Chimecho\n|-resisted|p2a: Chimecho\n|-damage|p2a: Chimecho|5/290\n|move|p2a: Chimecho|Knock Off|p1a: Uxie\n|-supereffective|p1a: Uxie\n|-damage|p1a: Uxie|136/260\n|\n|-end|p2a: Chimecho|move: Heal Block\n|upkeep\n|turn|18\n|\n|t:|1733843656\n|move|p1a: Uxie|Psychic Noise|p2a: Chimecho\n|-resisted|p2a: Chimecho\n|-damage|p2a: Chimecho|0 fnt\n|faint|p2a: Chimecho\n|\n|upkeep\n|\n|t:|1733843669\n|switch|p2a: Cobalion|Cobalion, L80|277/277\n|turn|19\n|\n|t:|1733843682\n|move|p2a: Cobalion|Swords Dance|p2a: Cobalion\n|-boost|p2a: Cobalion|atk|2\n|move|p1a: Uxie|Stealth Rock|p2a: Cobalion\n|-sidestart|p2: TSM Slapdaddy|move: Stealth Rock\n|\n|upkeep\n|turn|20\n|\n|t:|1733843686\n|move|p2a: Cobalion|Taunt|p1a: Uxie\n|-start|p1a: Uxie|move: Taunt\n|cant|p1a: Uxie|move: Taunt|Thunder Wave\n|\n|upkeep\n|turn|21\n|\n|t:|1733843695\n|move|p2a: Cobalion|Swords Dance|p2a: Cobalion\n|-boost|p2a: Cobalion|atk|2\n|move|p1a: Uxie|Psychic Noise|p2a: Cobalion\n|-damage|p2a: Cobalion|199/277\n|-start|p2a: Cobalion|move: Heal Block\n|\n|upkeep\n|turn|22\n|\n|t:|1733843707\n|switch|p1a: Altaria|Altaria, L88, F|248/275\n|move|p2a: Cobalion|Swords Dance|p2a: Cobalion\n|-boost|p2a: Cobalion|atk|2\n|\n|-end|p2a: Cobalion|move: Heal Block\n|upkeep\n|turn|23\n|\n|t:|1733843716\n|move|p2a: Cobalion|Iron Head|p1a: Altaria\n|-damage|p1a: Altaria|0 fnt\n|faint|p1a: Altaria\n|\n|-heal|p2a: Cobalion|216/277|[from] item: Leftovers\n|upkeep\n|\n|t:|1733843728\n|switch|p1a: Uxie|Uxie, L83|136/260\n|turn|24\n|\n|t:|1733843733\n|-terastallize|p1a: Uxie|Steel\n|move|p2a: Cobalion|Iron Head|p1a: Uxie\n|-resisted|p1a: Uxie\n|-damage|p1a: Uxie|28/260\n|move|p1a: Uxie|Thunder Wave|p2a: Cobalion\n|-status|p2a: Cobalion|par\n|\n|-heal|p2a: Cobalion|233/277 par|[from] item: Leftovers\n|upkeep\n|turn|25\n|\n|t:|1733843746\n|move|p1a: Uxie|Psychic Noise|p2a: Cobalion\n|-damage|p2a: Cobalion|157/277 par\n|-start|p2a: Cobalion|move: Heal Block\n|move|p2a: Cobalion|Iron Head|p1a: Uxie\n|-resisted|p1a: Uxie\n|-damage|p1a: Uxie|0 fnt\n|faint|p1a: Uxie\n|\n|upkeep\n|\n|t:|1733843764\n|switch|p1a: Oranguru|Oranguru, L92, F|315/315\n|turn|26\n|\n|t:|1733843767\n|move|p1a: Oranguru|Psyshock|p2a: Cobalion\n|-damage|p2a: Cobalion|82/277 par\n|move|p2a: Cobalion|Iron Head|p1a: Oranguru\n|-damage|p1a: Oranguru|51/315\n|\n|-heal|p1a: Oranguru|70/315|[from] item: Leftovers\n|-end|p2a: Cobalion|move: Heal Block\n|upkeep\n|turn|27\n|\n|t:|1733843772\n|move|p1a: Oranguru|Psyshock|p2a: Cobalion\n|-damage|p2a: Cobalion|9/277 par\n|move|p2a: Cobalion|Iron Head|p1a: Oranguru\n|-crit|p1a: Oranguru\n|-damage|p1a: Oranguru|0 fnt\n|faint|p1a: Oranguru\n|\n|-heal|p2a: Cobalion|26/277 par|[from] item: Leftovers\n|upkeep\n|\n|t:|1733843775\n|switch|p1a: Cryogonal|Cryogonal, L89|287/287\n|turn|28\n|\n|t:|1733843784\n|move|p1a: Cryogonal|Ice Beam|p2a: Cobalion\n|-resisted|p2a: Cobalion\n|-damage|p2a: Cobalion|0 fnt\n|faint|p2a: Cobalion\n|\n|upkeep\n|\n|t:|1733843789\n|switch|p2a: Weezing|Weezing-Galar, L86, M|169/252\n|-damage|p2a: Weezing|138/252|[from] Stealth Rock\n|turn|29\n|\n|t:|1733843795\n|move|p1a: Cryogonal|Ice Beam|p2a: Weezing\n|-damage|p2a: Weezing|23/252\n|-status|p2a: Weezing|frz\n|cant|p2a: Weezing|frz\n|\n|-heal|p2a: Weezing|38/252 frz|[from] item: Leftovers\n|upkeep\n|turn|30\n|\n|t:|1733843802\n|move|p1a: Cryogonal|Ice Beam|p2a: Weezing\n|-damage|p2a: Weezing|0 fnt\n|faint|p2a: Weezing\n|\n|upkeep\n|\n|t:|1733843820\n|switch|p2a: Ludicolo|Ludicolo, L90, M|163/290\n|-damage|p2a: Ludicolo|127/290|[from] Stealth Rock\n|turn|31\n|\n|t:|1733843824\n|move|p1a: Cryogonal|Ice Beam|p2a: Ludicolo\n|-damage|p2a: Ludicolo|33/290\n|move|p2a: Ludicolo|Leaf Storm|p1a: Cryogonal\n|-damage|p1a: Cryogonal|131/287\n|-unboost|p2a: Ludicolo|spa|2\n|\n|upkeep\n|turn|32\n|\n|t:|1733843831\n|move|p1a: Cryogonal|Ice Beam|p2a: Ludicolo\n|-damage|p2a: Ludicolo|0 fnt\n|faint|p2a: Ludicolo\n|\n|upkeep\n|\n|t:|1733843834\n|switch|p2a: Miraidon|Miraidon, L65|141/238\n|-damage|p2a: Miraidon|112/238|[from] Stealth Rock\n|-fieldstart|move: Electric Terrain|[from] ability: Hadron Engine|[of] p2a: Miraidon\n|turn|33\n|\n|t:|1733843839\n|-terastallize|p2a: Miraidon|Electric\n|move|p1a: Cryogonal|Recover|p1a: Cryogonal\n|-heal|p1a: Cryogonal|275/287\n|move|p2a: Miraidon|Electro Drift|p1a: Cryogonal\n|-damage|p1a: Cryogonal|141/287\n|\n|-heal|p2a: Miraidon|126/238|[from] item: Leftovers\n|upkeep\n|turn|34\n|\n|t:|1733843849\n|move|p1a: Cryogonal|Recover|p1a: Cryogonal\n|-heal|p1a: Cryogonal|285/287\n|move|p2a: Miraidon|Substitute|p2a: Miraidon\n|-start|p2a: Miraidon|Substitute\n|-damage|p2a: Miraidon|67/238\n|\n|-heal|p2a: Miraidon|81/238|[from] item: Leftovers\n|upkeep\n|turn|35\n|\n|t:|1733843856\n|move|p1a: Cryogonal|Ice Beam|p2a: Miraidon\n|-end|p2a: Miraidon|Substitute\n|move|p2a: Miraidon|Calm Mind|p2a: Miraidon\n|-boost|p2a: Miraidon|spa|1\n|-boost|p2a: Miraidon|spd|1\n|\n|-heal|p2a: Miraidon|95/238|[from] item: Leftovers\n|upkeep\n|turn|36\n|\n|t:|1733843875\n|move|p1a: Cryogonal|Ice Beam|p2a: Miraidon\n|-damage|p2a: Miraidon|23/238\n|move|p2a: Miraidon|Electro Drift|p1a: Cryogonal\n|-damage|p1a: Cryogonal|81/287\n|\n|-heal|p2a: Miraidon|37/238|[from] item: Leftovers\n|upkeep\n|turn|37\n|\n|t:|1733843883\n|move|p1a: Cryogonal|Ice Beam|p2a: Miraidon\n|-damage|p2a: Miraidon|0 fnt\n|faint|p2a: Miraidon\n|\n|win|bro691amnew\n|raw|bro691amnew's rating: 1326 &rarr; <strong>1347</strong><br />(+21 for winning)\n|raw|TSM Slapdaddy's rating: 1345 &rarr; <strong>1324</strong><br />(-21 for losing)\n|l|\u2606TSM Slapdaddy\n|player|p2|\n", "inputlog": ">version bfd83cad13791eb5a5a409923076391caf6fb4d4\n>start {\"formatid\":\"gen9randombattle\",\"seed\":[39961,57181,38874,36813],\"rated\":\"Rated battle\"}\n>player p1 {\"name\":\"bro691amnew\",\"avatar\":\"170\",\"rating\":1326,\"seed\":[20541,3803,47233,35762]}\n>player p2 {\"name\":\"TSM Slapdaddy\",\"avatar\":\"bea\",\"rating\":1345,\"seed\":[7886,57399,10010,57707]}\n>p1 switch 3\n>p2 move knockoff\n>p1 move stealthrock\n>p2 switch 6\n>p1 move psychicnoise\n>p2 move substitute\n>p1 move encore\n>p2 move calmmind\n>p1 switch 5\n>p2 move calmmind\n>p1 move earthquake\n>p2 move calmmind\n>p1 move earthquake\n>p2 switch 3\n>p1 move knockoff\n>p2 move calmmind\n>p1 move gunkshot\n>p2 move moonlight\n>p2 switch 6\n>p1 move knockoff\n>p2 move psychicnoise\n>p1 switch 6\n>p1 move dragondance\n>p2 switch 2\n>p1 move closecombat\n>p2 move gigadrain\n>p1 switch 3\n>p1 move bravebird\n>p2 switch 4\n>p1 switch 5\n>p2 move defog\n>p1 move encore\n>p2 switch 2\n>p1 move psychicnoise\n>p2 move recover\n>p1 move psychicnoise\n>p2 move knockoff\n>p1 move psychicnoise\n>p2 move knockoff\n>p2 switch 5\n>p1 move stealthrock\n>p2 move swordsdance\n>p1 move thunderwave\n>p2 move taunt\n>p1 move psychicnoise\n>p2 move swordsdance\n>p1 switch 5\n>p2 move swordsdance\n>p1 move earthquake\n>p2 move ironhead\n>p1 switch 5\n>p1 move thunderwave terastallize\n>p2 move ironhead\n>p1 move psychicnoise\n>p2 move ironhead\n>p1 switch 4\n>p1 move psyshock\n>p2 move ironhead\n>p1 move psyshock\n>p2 move ironhead\n>p1 switch 2\n>p1 move icebeam\n>p2 move closecombat\n>p2 switch 2\n>p1 move icebeam\n>p2 move fireblast\n>p1 move icebeam\n>p2 move fireblast\n>p2 switch 4\n>p1 move icebeam\n>p2 move leafstorm\n>p1 move icebeam\n>p2 move leafstorm\n>p2 switch 3\n>p1 move recover\n>p2 move electrodrift terastallize\n>p1 move recover\n>p2 move substitute\n>p1 move icebeam\n>p2 move calmmind\n>p1 move icebeam\n>p2 move electrodrift\n>p1 move icebeam\n>p2 move electrodrift", "uploadtime": 1733844104, "views": 1, "formatid": "gen9randombattle", "rating": 1324, "private": 0, "password": null}