{"id": "gen9randombattle-2260790575", "format": "[Gen 9] Random Battle", "players": ["MrPopoTheGodOfAlll", "LexKejas"], "log": "|j|\u2606MrPopoTheGodOfAlll\n|j|\u2606LexKejas\n|t:|1733892581\n|gametype|singles\n|player|p1|MrPopoTheGodOfAlll|ash-sinnoh|1480\n|player|p2|LexKejas|swimmer-gen4|1450\n|teamsize|p1|6\n|teamsize|p2|6\n|gen|9\n|tier|[Gen 9] Random Battle\n|rated|\n|rule|Species Clause: Limit one of each Pok\u00e9mon\n|rule|HP Percentage Mod: HP is shown in percentages\n|rule|Sleep Clause Mod: Limit one foe put to sleep\n|rule|Illusion Level Mod: Illusion disguises the Pok\u00e9mon's true level\n|\n|t:|1733892581\n|start\n|switch|p1a: Roaring Moon|Roaring Moon, L72|270/270\n|switch|p2a: Revavroom|Revavroom, L79, F|256/256\n|turn|1\n|inactive|Battle timer is ON: inactive players will automatically lose when time's up. (requested by MrPopoTheGodOfAlll)\n|inactive|MrPopoTheGodOfAlll has 120 seconds left.\n|\n|t:|1733892613\n|switch|p2a: Ursaring|Ursaring, L84, F|288/288\n|move|p1a: Roaring Moon|U-turn|p2a: Ursaring\n|-damage|p2a: Ursaring|200/288\n|\n|t:|1733892628\n|-end|p1a: Roaring Moon|Protosynthesis|[silent]\n|switch|p1a: Azelf|Azelf, L82|257/257|[from] U-turn\n|\n|-status|p2a: Ursaring|tox|[from] item: Toxic Orb\n|upkeep\n|turn|2\n|\n|t:|1733892641\n|switch|p2a: Chi-Yu|Chi-Yu, L77|211/211\n|-ability|p2a: Chi-Yu|Beads of Ruin\n|move|p1a: Azelf|Psychic|p2a: Chi-Yu\n|-immune|p2a: Chi-Yu\n|\n|upkeep\n|turn|3\n|\n|t:|1733892646\n|move|p1a: Azelf|U-turn|p2a: Chi-Yu\n|-damage|p2a: Chi-Yu|127/211\n|-damage|p1a: Azelf|232/257|[from] item: Life Orb\n|\n|t:|1733892652\n|switch|p1a: Roaring Moon|Roaring Moon, L72|270/270|[from] U-turn\n|move|p2a: Chi-Yu|Flamethrower|p1a: Roaring Moon\n|-resisted|p1a: Roaring Moon\n|-damage|p1a: Roaring Moon|154/270\n|\n|upkeep\n|turn|4\n|\n|t:|1733892657\n|move|p1a: Roaring Moon|U-turn|p2a: Chi-Yu\n|-damage|p2a: Chi-Yu|38/211\n|\n|t:|1733892663\n|-end|p1a: Roaring Moon|Protosynthesis|[silent]\n|switch|p1a: Altaria|Altaria, L88, M|275/275|[from] U-turn\n|move|p2a: Chi-Yu|Flamethrower|p1a: Altaria\n|-resisted|p1a: Altaria\n|-damage|p1a: Altaria|191/275\n|\n|upkeep\n|turn|5\n|\n|t:|1733892673\n|move|p2a: Chi-Yu|Flamethrower|p1a: Altaria\n|-resisted|p1a: Altaria\n|-damage|p1a: Altaria|98/275\n|move|p1a: Altaria|Roost|p1a: Altaria\n|-heal|p1a: Altaria|236/275\n|-singleturn|p1a: Altaria|move: Roost\n|\n|upkeep\n|turn|6\n|\n|t:|1733892680\n|move|p2a: Chi-Yu|Flamethrower|p1a: Altaria\n|-resisted|p1a: Altaria\n|-damage|p1a: Altaria|149/275\n|move|p1a: Altaria|Earthquake|p2a: Chi-Yu\n|-supereffective|p2a: Chi-Yu\n|-crit|p2a: Chi-Yu\n|-damage|p2a: Chi-Yu|0 fnt\n|faint|p2a: Chi-Yu\n|\n|upkeep\n|\n|t:|1733892683\n|switch|p2a: Revavroom|Revavroom, L79, F|256/256\n|turn|7\n|\n|t:|1733892688\n|-terastallize|p2a: Revavroom|Ground\n|move|p1a: Altaria|Earthquake|p2a: Revavroom\n|-damage|p2a: Revavroom|193/256\n|move|p2a: Revavroom|Shift Gear|p2a: Revavroom\n|-boost|p2a: Revavroom|spe|2\n|-boost|p2a: Revavroom|atk|1\n|\n|upkeep\n|turn|8\n|\n|t:|1733892695\n|move|p2a: Revavroom|Gunk Shot|p1a: Altaria\n|-damage|p1a: Altaria|0 fnt\n|faint|p1a: Altaria\n|-damage|p2a: Revavroom|168/256|[from] item: Life Orb\n|\n|upkeep\n|\n|t:|1733892702\n|switch|p1a: Mimikyu|Mimikyu, L79, F|216/216\n|turn|9\n|\n|t:|1733892714\n|move|p2a: Revavroom|High Horsepower|p1a: Mimikyu\n|-activate|p1a: Mimikyu|ability: Disguise\n|-damage|p1a: Mimikyu|216/216\n|detailschange|p1a: Mimikyu|Mimikyu-Busted, L79, F\n|-damage|p1a: Mimikyu|189/216|[from] pokemon: Mimikyu-Busted\n|-damage|p2a: Revavroom|143/256|[from] item: Life Orb\n|move|p1a: Mimikyu|Wood Hammer|p2a: Revavroom\n|-supereffective|p2a: Revavroom\n|-damage|p2a: Revavroom|0 fnt\n|faint|p2a: Revavroom\n|-damage|p1a: Mimikyu|142/216|[from] Recoil\n|-damage|p1a: Mimikyu|121/216|[from] item: Life Orb\n|\n|upkeep\n|\n|t:|1733892721\n|switch|p2a: Volcarona|Volcarona, L77, M|257/257\n|turn|10\n|\n|t:|1733892729\n|move|p2a: Volcarona|Quiver Dance|p2a: Volcarona\n|-boost|p2a: Volcarona|spa|1\n|-boost|p2a: Volcarona|spd|1\n|-boost|p2a: Volcarona|spe|1\n|move|p1a: Mimikyu|Swords Dance|p1a: Mimikyu\n|-boost|p1a: Mimikyu|atk|2\n|\n|upkeep\n|turn|11\n|\n|t:|1733892733\n|move|p1a: Mimikyu|Shadow Sneak|p2a: Volcarona\n|-damage|p2a: Volcarona|131/257\n|-damage|p1a: Mimikyu|100/216|[from] item: Life Orb\n|move|p2a: Volcarona|Giga Drain|p1a: Mimikyu\n|-damage|p1a: Mimikyu|26/216\n|-heal|p2a: Volcarona|168/257|[from] drain|[of] p1a: Mimikyu\n|\n|upkeep\n|turn|12\n|\n|t:|1733892737\n|move|p1a: Mimikyu|Shadow Sneak|p2a: Volcarona\n|-damage|p2a: Volcarona|38/257\n|-damage|p1a: Mimikyu|5/216|[from] item: Life Orb\n|move|p2a: Volcarona|Giga Drain|p1a: Mimikyu\n|-damage|p1a: Mimikyu|0 fnt\n|-heal|p2a: Volcarona|41/257|[from] drain|[of] p1a: Mimikyu\n|faint|p1a: Mimikyu\n|\n|upkeep\n|\n|t:|1733892743\n|switch|p1a: Ampharos|Ampharos, L88, M|302/302\n|turn|13\n|\n|t:|1733892750\n|move|p2a: Volcarona|Giga Drain|p1a: Ampharos\n|-damage|p1a: Ampharos|249/302\n|-heal|p2a: Volcarona|68/257|[from] drain|[of] p1a: Ampharos\n|move|p1a: Ampharos|Discharge|p2a: Volcarona\n|-damage|p2a: Volcarona|0 fnt\n|faint|p2a: Volcarona\n|\n|upkeep\n|\n|t:|1733892758\n|switch|p2a: Ursaring|Ursaring, L84, F|200/288 tox\n|turn|14\n|\n|t:|1733892762\n|move|p2a: Ursaring|Facade|p1a: Ampharos\n|-damage|p1a: Ampharos|69/302\n|move|p1a: Ampharos|Volt Switch|p2a: Ursaring\n|-damage|p2a: Ursaring|91/288 tox\n|\n|t:|1733892773\n|switch|p1a: Roaring Moon|Roaring Moon, L72|154/270|[from] Volt Switch\n|\n|-damage|p2a: Ursaring|73/288 tox|[from] psn\n|upkeep\n|turn|15\n|\n|t:|1733892779\n|move|p1a: Roaring Moon|Knock Off|p2a: Ursaring\n|-damage|p2a: Ursaring|0 fnt\n|-enditem|p2a: Ursaring|Toxic Orb|[from] move: Knock Off|[of] p1a: Roaring Moon\n|faint|p2a: Ursaring\n|\n|upkeep\n|\n|t:|1733892782\n|switch|p2a: Chansey|Chansey, L85, F|564/564\n|turn|16\n|\n|t:|1733892786\n|move|p1a: Roaring Moon|Knock Off|p2a: Chansey\n|-damage|p2a: Chansey|201/564\n|-enditem|p2a: Chansey|Eviolite|[from] move: Knock Off|[of] p1a: Roaring Moon\n|move|p2a: Chansey|Thunder Wave|p1a: Roaring Moon\n|-status|p1a: Roaring Moon|par\n|\n|upkeep\n|turn|17\n|\n|t:|1733892791\n|move|p2a: Chansey|Seismic Toss|p1a: Roaring Moon\n|-damage|p1a: Roaring Moon|69/270 par\n|cant|p1a: Roaring Moon|par\n|\n|upkeep\n|turn|18\n|\n|t:|1733892793\n|move|p2a: Chansey|Seismic Toss|p1a: Roaring Moon\n|-damage|p1a: Roaring Moon|0 fnt\n|faint|p1a: Roaring Moon\n|-end|p1a: Roaring Moon|Protosynthesis|[silent]\n|\n|upkeep\n|\n|t:|1733892797\n|switch|p1a: Malamar|Malamar, L82, M|275/275\n|turn|19\n|\n|t:|1733892804\n|move|p1a: Malamar|Superpower|p2a: Chansey\n|-supereffective|p2a: Chansey\n|-damage|p2a: Chansey|0 fnt\n|-boost|p1a: Malamar|atk|1\n|-boost|p1a: Malamar|def|1\n|faint|p2a: Chansey\n|\n|upkeep\n|\n|t:|1733892805\n|switch|p2a: Lunala|Lunala, L70|308/308\n|turn|20\n|\n|t:|1733892811\n|move|p2a: Lunala|Calm Mind|p2a: Lunala\n|-boost|p2a: Lunala|spa|1\n|-boost|p2a: Lunala|spd|1\n|move|p1a: Malamar|Knock Off|p2a: Lunala\n|-supereffective|p2a: Lunala\n|-damage|p2a: Lunala|0 fnt\n|-enditem|p2a: Lunala|Leftovers|[from] move: Knock Off|[of] p1a: Malamar\n|faint|p2a: Lunala\n|\n|win|MrPopoTheGodOfAlll\n|raw|MrPopoTheGodOfAlll's rating: 1480 &rarr; <strong>1498</strong><br />(+18 for winning)\n|raw|LexKejas's rating: 1450 &rarr; <strong>1432</strong><br />(-18 for losing)\n|c|\u2606MrPopoTheGodOfAlll|gg\n|c|\u2606LexKejas|Gg\n|l|\u2606LexKejas\n|player|p2|\n", "inputlog": ">version bfd83cad13791eb5a5a409923076391caf6fb4d4\n>start {\"formatid\":\"gen9randombattle\",\"seed\":[5163,29734,987,60446],\"rated\":\"Rated battle\"}\n>player p1 {\"name\":\"MrPopoTheGodOfAlll\",\"avatar\":\"ash-sinnoh\",\"rating\":1480,\"seed\":[6207,59334,32593,64177]}\n>player p2 {\"name\":\"LexKejas\",\"avatar\":\"swimmer-gen4\",\"rating\":1450,\"seed\":[33132,32688,12176,25977]}\n>p1 move uturn\n>p2 switch 4\n>p1 switch 3\n>p1 move psychic\n>p2 switch 3\n>p1 move uturn\n>p2 move flamethrower\n>p1 switch 3\n>p1 move uturn\n>p2 move flamethrower\n>p1 switch 2\n>p1 move roost\n>p2 move flamethrower\n>p1 move earthquake\n>p2 move flamethrower\n>p2 switch 4\n>p1 move earthquake\n>p2 move shiftgear terastallize\n>p1 move bravebird\n>p2 move gunkshot\n>p1 switch 4\n>p1 move woodhammer\n>p2 move highhorsepower\n>p2 switch 6\n>p1 move swordsdance\n>p2 move quiverdance\n>p1 move shadowsneak\n>p2 move gigadrain\n>p1 move shadowsneak\n>p2 move gigadrain\n>p1 switch 6\n>p1 move discharge\n>p2 move gigadrain\n>p2 switch 3\n>p1 move voltswitch\n>p2 move facade\n>p1 switch 2\n>p1 move knockoff\n>p2 move facade\n>p2 switch 2\n>p1 move knockoff\n>p2 move thunderwave\n>p1 move knockoff\n>p2 move seismictoss\n>p1 move knockoff\n>p2 move seismictoss\n>p1 switch 5\n>p1 move superpower\n>p2 move thunderwave\n>p2 switch 5\n>p1 move knockoff\n>p2 move calmmind", "uploadtime": 1733892819, "views": 13, "formatid": "gen9randombattle", "rating": 1432, "private": 0, "password": null}