{"id": "gen9randombattle-2260720754", "format": "[Gen 9] Random Battle", "players": ["deviantbeats", "Petech"], "log": "|j|\u2606deviantbeats\n|j|\u2606Petech\n|t:|1733882762\n|gametype|singles\n|player|p1|deviantbeats|depotagent|1497\n|player|p2|Petech|101|1504\n|teamsize|p1|6\n|teamsize|p2|6\n|gen|9\n|tier|[Gen 9] Random Battle\n|rated|\n|rule|Species Clause: Limit one of each Pok\u00e9mon\n|rule|HP Percentage Mod: HP is shown in percentages\n|rule|Sleep Clause Mod: Limit one foe put to sleep\n|rule|Illusion Level Mod: Illusion disguises the Pok\u00e9mon's true level\n|\n|t:|1733882762\n|start\n|switch|p1a: Victreebel|Victreebel, L90, M|290/290\n|switch|p2a: Urshifu|Urshifu, L74, M|270/270\n|turn|1\n|inactive|Battle timer is ON: inactive players will automatically lose when time's up. (requested by Petech)\n|inactive|deviantbeats also wants the timer to be on.\n|\n|t:|1733882769\n|move|p2a: Urshifu|U-turn|p1a: Victreebel\n|-damage|p1a: Victreebel|231/290\n|\n|t:|1733882786\n|switch|p2a: Vespiquen|Vespiquen, L98, F|296/296|[from] U-turn\n|-ability|p2a: Vespiquen|Pressure\n|move|p1a: Victreebel|Swords Dance|p1a: Victreebel\n|-boost|p1a: Victreebel|atk|2\n|\n|upkeep\n|turn|2\n|\n|t:|1733882796\n|move|p1a: Victreebel|Poison Jab|p2a: Vespiquen\n|-damage|p2a: Vespiquen|104/296\n|-damage|p1a: Victreebel|202/290|[from] item: Life Orb\n|move|p2a: Vespiquen|Hurricane|p1a: Victreebel|[miss]\n|-miss|p2a: Vespiquen|p1a: Victreebel\n|\n|upkeep\n|turn|3\n|\n|t:|1733882810\n|move|p1a: Victreebel|Poison Jab|p2a: Vespiquen\n|-damage|p2a: Vespiquen|0 fnt\n|faint|p2a: Vespiquen\n|-damage|p1a: Victreebel|173/290|[from] item: Life Orb\n|\n|upkeep\n|\n|t:|1733882815\n|switch|p2a: Houndstone|Houndstone, L86, F|264/264\n|turn|4\n|\n|t:|1733882821\n|move|p1a: Victreebel|Power Whip|p2a: Houndstone\n|-damage|p2a: Houndstone|85/264\n|-damage|p1a: Victreebel|144/290|[from] item: Life Orb\n|move|p2a: Houndstone|Poltergeist|p1a: Victreebel|[miss]\n|-miss|p2a: Houndstone|p1a: Victreebel\n|\n|-heal|p2a: Houndstone|101/264|[from] item: Leftovers\n|upkeep\n|turn|5\n|\n|t:|1733882831\n|switch|p2a: Pachirisu|Pachirisu, L96, F|271/271\n|move|p1a: Victreebel|Power Whip|p2a: Pachirisu\n|-damage|p2a: Pachirisu|0 fnt\n|faint|p2a: Pachirisu\n|-damage|p1a: Victreebel|115/290|[from] item: Life Orb\n|\n|upkeep\n|\n|t:|1733882833\n|switch|p2a: Houndstone|Houndstone, L86, F|101/264\n|turn|6\n|\n|t:|1733882840\n|move|p1a: Victreebel|Power Whip|p2a: Houndstone\n|-damage|p2a: Houndstone|0 fnt\n|faint|p2a: Houndstone\n|-damage|p1a: Victreebel|86/290|[from] item: Life Orb\n|\n|upkeep\n|c|\u2606Petech|Yes R(igged)andom Battles\n|\n|t:|1733882853\n|switch|p2a: Magcargo|Magcargo, L95, M|268/268\n|turn|7\n|\n|t:|1733882858\n|move|p1a: Victreebel|Sucker Punch||[still]\n|-fail|p1a: Victreebel\n|move|p2a: Magcargo|Shell Smash|p2a: Magcargo\n|-unboost|p2a: Magcargo|def|1\n|-unboost|p2a: Magcargo|spd|1\n|-boost|p2a: Magcargo|atk|2\n|-boost|p2a: Magcargo|spa|2\n|-boost|p2a: Magcargo|spe|2\n|\n|upkeep\n|turn|8\n|\n|t:|1733882868\n|move|p1a: Victreebel|Sucker Punch|p2a: Magcargo\n|-damage|p2a: Magcargo|94/268\n|-ability|p2a: Magcargo|Weak Armor|boost\n|-unboost|p2a: Magcargo|def|1\n|-boost|p2a: Magcargo|spe|2\n|-damage|p1a: Victreebel|57/290|[from] item: Life Orb\n|move|p2a: Magcargo|Fire Blast|p1a: Victreebel|[miss]\n|-miss|p2a: Magcargo|p1a: Victreebel\n|\n|upkeep\n|turn|9\n|c|\u2606Petech|Lol\n|c|\u2606Petech|wgatever\n|c|\u2606deviantbeats|oof\n|-message|Petech forfeited.\n|\n|win|deviantbeats\n|raw|deviantbeats's rating: 1497 &rarr; <strong>1517</strong><br />(+20 for winning)\n|raw|Petech's rating: 1504 &rarr; <strong>1484</strong><br />(-20 for losing)\n", "inputlog": ">version bfd83cad13791eb5a5a409923076391caf6fb4d4\n>start {\"formatid\":\"gen9randombattle\",\"seed\":[22412,15791,33422,8810],\"rated\":\"Rated battle\"}\n>player p1 {\"name\":\"deviantbeats\",\"avatar\":\"depotagent\",\"rating\":1497,\"seed\":[51047,60182,14670,540]}\n>player p2 {\"name\":\"Petech\",\"avatar\":\"101\",\"rating\":1504,\"seed\":[21354,32202,4653,16355]}\n>p1 move swordsdance\n>p2 move uturn\n>p2 switch 6\n>p1 move poisonjab\n>p2 move hurricane\n>p1 move poisonjab\n>p2 move hurricane\n>p2 switch 5\n>p1 move powerwhip\n>p2 move poltergeist\n>p1 move powerwhip\n>p2 switch 2\n>p2 switch 2\n>p1 move powerwhip\n>p2 move poltergeist\n>chat \u2606Petech|Yes R(igged)andom Battles\n>p2 switch 4\n>p1 move suckerpunch\n>p2 move shellsmash\n>p1 move suckerpunch\n>p2 move fireblast\n>chat \u2606Petech|Lol\n>chat \u2606Petech|wgatever \n>chat \u2606deviantbeats|oof\n>forcelose p2", "uploadtime": 1733882882, "views": 2, "formatid": "gen9randombattle", "rating": 1484, "private": 0, "password": null}