{"id": "gen9randombattle-2206323935", "format": "[Gen 9] Random Battle", "players": ["huntikle", "RB2T Ilex"], "log": "|raw|<div class=\"broadcast-blue\"><strong>This battle is required to be public due to a player having a name starting with 'rb2t'.</div>\n|j|\u2606huntikle\n|j|\u2606RB2T Ilex\n|t:|1726891300\n|gametype|singles\n|player|p1|huntikle|102|2269\n|player|p2|RB2T Ilex|kris-masters|2255\n|teamsize|p1|6\n|teamsize|p2|6\n|gen|9\n|tier|[Gen 9] Random Battle\n|rated|\n|rule|Species Clause: Limit one of each Pok\u00e9mon\n|rule|HP Percentage Mod: HP is shown in percentages\n|rule|Sleep Clause Mod: Limit one foe put to sleep\n|rule|Illusion Level Mod: Illusion disguises the Pok\u00e9mon's true level\n|\n|t:|1726891300\n|start\n|switch|p1a: Komala|Komala, L89, M|260/260\n|switch|p2a: Toedscruel|Toedscruel, L87, M|281/281\n|-ability|p1a: Komala|Comatose\n|turn|1\n|\n|t:|1726891309\n|switch|p2a: Perrserker|Perrserker, L89, M|269/269\n|move|p1a: Komala|U-turn|p2a: Perrserker\n|-resisted|p2a: Perrserker\n|-damage|p2a: Perrserker|244/269\n|inactive|Battle timer is ON: inactive players will automatically lose when time's up. (requested by RB2T Ilex)\n|\n|t:|1726891317\n|switch|p1a: Electivire|Electivire, L84, M|263/263|[from] U-turn\n|\n|upkeep\n|turn|2\n|\n|t:|1726891322\n|move|p1a: Electivire|Flamethrower|p2a: Perrserker\n|-supereffective|p2a: Perrserker\n|-damage|p2a: Perrserker|54/269\n|-damage|p1a: Electivire|237/263|[from] item: Life Orb\n|move|p2a: Perrserker|Stealth Rock|p1a: Electivire\n|-sidestart|p1: huntikle|move: Stealth Rock\n|\n|upkeep\n|turn|3\n|\n|t:|1726891332\n|move|p1a: Electivire|Earthquake|p2a: Perrserker\n|-supereffective|p2a: Perrserker\n|-damage|p2a: Perrserker|0 fnt\n|faint|p2a: Perrserker\n|-damage|p1a: Electivire|211/263|[from] item: Life Orb\n|\n|upkeep\n|\n|t:|1726891339\n|switch|p2a: Sudowoodo|Sudowoodo, L94, M|284/284\n|turn|4\n|\n|t:|1726891345\n|move|p1a: Electivire|Earthquake|p2a: Sudowoodo\n|-supereffective|p2a: Sudowoodo\n|-damage|p2a: Sudowoodo|125/284\n|-damage|p1a: Electivire|185/263|[from] item: Life Orb\n|move|p2a: Sudowoodo|Earthquake|p1a: Electivire\n|-supereffective|p1a: Electivire\n|-damage|p1a: Electivire|0 fnt\n|faint|p1a: Electivire\n|\n|upkeep\n|\n|t:|1726891351\n|switch|p1a: Lugia|Lugia, L72|272/272\n|turn|5\n|\n|t:|1726891356\n|switch|p2a: Toedscruel|Toedscruel, L87, M|281/281\n|move|p1a: Lugia|Calm Mind|p1a: Lugia\n|-boost|p1a: Lugia|spa|1\n|-boost|p1a: Lugia|spd|1\n|\n|upkeep\n|turn|6\n|\n|t:|1726891361\n|switch|p2a: Komala|Komala, L89, M|260/260\n|-ability|p2a: Komala|Comatose\n|switch|p1a: Komala|Komala, L89, M|260/260\n|-damage|p1a: Komala|228/260|[from] Stealth Rock\n|-ability|p1a: Komala|Comatose\n|\n|upkeep\n|turn|7\n|\n|t:|1726891366\n|move|p1a: Komala|Rapid Spin|p2a: Komala\n|-damage|p2a: Komala|173/260\n|-boost|p1a: Komala|spe|1\n|-sideend|p1: huntikle|Stealth Rock|[from] move: Rapid Spin|[of] p1a: Komala\n|move|p2a: Komala|Double-Edge|p1a: Komala\n|-damage|p1a: Komala|0 fnt\n|faint|p1a: Komala\n|-damage|p2a: Komala|98/260|[from] Recoil\n|\n|upkeep\n|\n|t:|1726891374\n|switch|p1a: Skarmory|Skarmory, L80, F|235/235\n|turn|8\n|\n|t:|1726891379\n|switch|p2a: Tatsugiri|Tatsugiri-Droopy, L86, M|257/257\n|move|p1a: Skarmory|Iron Defense|p1a: Skarmory\n|-boost|p1a: Skarmory|def|2\n|\n|upkeep\n|turn|9\n|\n|t:|1726891385\n|move|p2a: Tatsugiri|Surf|p1a: Skarmory\n|-damage|p1a: Skarmory|56/235\n|-damage|p2a: Tatsugiri|232/257|[from] item: Life Orb\n|move|p1a: Skarmory|Body Press|p2a: Tatsugiri\n|-damage|p2a: Tatsugiri|57/257\n|\n|-heal|p1a: Skarmory|70/235|[from] item: Leftovers\n|upkeep\n|turn|10\n|\n|t:|1726891388\n|switch|p1a: Lugia|Lugia, L72|272/272\n|move|p2a: Tatsugiri|Surf|p1a: Lugia\n|-damage|p1a: Lugia|217/272\n|-damage|p2a: Tatsugiri|32/257|[from] item: Life Orb\n|\n|upkeep\n|turn|11\n|\n|t:|1726891398\n|switch|p2a: Toedscruel|Toedscruel, L87, M|281/281\n|move|p1a: Lugia|Recover|p1a: Lugia\n|-heal|p1a: Lugia|272/272\n|\n|upkeep\n|turn|12\n|\n|t:|1726891409\n|switch|p2a: Palafin|Palafin, L77, M|281/281\n|switch|p1a: Oinkologne|Oinkologne-F, L92, F|361/361\n|\n|upkeep\n|turn|13\n|\n|t:|1726891417\n|detailschange|p2a: Palafin|Palafin-Hero, L77, M\n|switch|p2a: Toedscruel|Toedscruel, L87, M|281/281\n|move|p1a: Oinkologne|Lash Out|p2a: Toedscruel\n|-damage|p2a: Toedscruel|206/281\n|\n|-heal|p2a: Toedscruel|223/281|[from] item: Leftovers\n|upkeep\n|turn|14\n|\n|t:|1726891422\n|move|p1a: Oinkologne|Curse|p1a: Oinkologne\n|-unboost|p1a: Oinkologne|spe|1\n|-boost|p1a: Oinkologne|atk|1\n|-boost|p1a: Oinkologne|def|1\n|move|p2a: Toedscruel|Toxic|p1a: Oinkologne|[miss]\n|-miss|p2a: Toedscruel|p1a: Oinkologne\n|\n|-heal|p2a: Toedscruel|240/281|[from] item: Leftovers\n|upkeep\n|turn|15\n|\n|t:|1726891435\n|switch|p2a: Sudowoodo|Sudowoodo, L94, M|125/284\n|move|p1a: Oinkologne|Double-Edge|p2a: Sudowoodo\n|-resisted|p2a: Sudowoodo\n|-damage|p2a: Sudowoodo|47/284\n|-damage|p1a: Oinkologne|335/361|[from] Recoil\n|\n|-heal|p1a: Oinkologne|357/361|[from] item: Leftovers\n|upkeep\n|turn|16\n|\n|t:|1726891438\n|move|p1a: Oinkologne|Lash Out|p2a: Sudowoodo\n|-damage|p2a: Sudowoodo|0 fnt\n|faint|p2a: Sudowoodo\n|\n|-heal|p1a: Oinkologne|361/361|[from] item: Leftovers\n|upkeep\n|\n|t:|1726891456\n|switch|p2a: Komala|Komala, L89, M|98/260\n|-ability|p2a: Komala|Comatose\n|turn|17\n|\n|t:|1726891470\n|move|p2a: Komala|Double-Edge|p1a: Oinkologne\n|-damage|p1a: Oinkologne|201/361\n|-damage|p2a: Komala|45/260|[from] Recoil\n|move|p1a: Oinkologne|Lash Out|p2a: Komala\n|-damage|p2a: Komala|0 fnt\n|faint|p2a: Komala\n|\n|-heal|p1a: Oinkologne|223/361|[from] item: Leftovers\n|upkeep\n|\n|t:|1726891474\n|switch|p2a: Palafin|Palafin-Hero, L77, M|281/281\n|-activate|p2a: Palafin|ability: Zero to Hero\n|turn|18\n|\n|t:|1726891478\n|move|p2a: Palafin|Bulk Up|p2a: Palafin\n|-boost|p2a: Palafin|atk|1\n|-boost|p2a: Palafin|def|1\n|move|p1a: Oinkologne|Double-Edge|p2a: Palafin\n|-damage|p2a: Palafin|149/281\n|-damage|p1a: Oinkologne|179/361|[from] Recoil\n|\n|-heal|p2a: Palafin|166/281|[from] item: Leftovers\n|-heal|p1a: Oinkologne|201/361|[from] item: Leftovers\n|upkeep\n|turn|19\n|\n|t:|1726891487\n|move|p2a: Palafin|Close Combat|p1a: Oinkologne\n|-supereffective|p1a: Oinkologne\n|-crit|p1a: Oinkologne\n|-damage|p1a: Oinkologne|0 fnt\n|-unboost|p2a: Palafin|def|1\n|-unboost|p2a: Palafin|spd|1\n|faint|p1a: Oinkologne\n|\n|-heal|p2a: Palafin|183/281|[from] item: Leftovers\n|upkeep\n|\n|t:|1726891490\n|switch|p1a: Lugia|Lugia, L72|272/272\n|turn|20\n|\n|t:|1726891512\n|-terastallize|p2a: Palafin|Water\n|move|p1a: Lugia|Aeroblast|p2a: Palafin\n|-crit|p2a: Palafin\n|-damage|p2a: Palafin|0 fnt\n|faint|p2a: Palafin\n|\n|upkeep\n|c|\u2606RB2T Ilex|fucking as if\n|inactive|RB2T Ilex has 120 seconds left.\n|-message|RB2T Ilex forfeited.\n|\n|win|huntikle\n|raw|huntikle's rating: 2269 &rarr; <strong>2288</strong><br />(+19 for winning)\n|raw|RB2T Ilex's rating: 2255 &rarr; <strong>2236</strong><br />(-19 for losing)\n|l|\u2606RB2T Ilex\n|player|p2|\n", "inputlog": ">version ddf5848a381b6afa3b8db755b9bdef59b522c4eb\n>start {\"formatid\":\"gen9randombattle\",\"seed\":[16194,23130,17319,63686],\"rated\":\"Rated battle\"}\n>player p1 {\"name\":\"huntikle\",\"avatar\":\"102\",\"rating\":2269,\"seed\":[38686,3294,48887,16132]}\n>player p2 {\"name\":\"RB2T Ilex\",\"avatar\":\"kris-masters\",\"rating\":2255,\"seed\":[26068,53739,59500,12000]}\n>p1 move uturn\n>p2 switch 5\n>p1 switch 3\n>p1 move flamethrower\n>p2 move stealthrock\n>p1 move earthquake\n>p2 move uturn\n>p2 switch 6\n>p1 move earthquake\n>p2 move earthquake\n>p1 switch 6\n>p1 move calmmind\n>p2 switch 5\n>p1 switch 3\n>p2 switch 4\n>p1 move rapidspin\n>p2 move doubleedge\n>p1 switch 2\n>p1 move irondefense\n>p2 switch 2\n>p1 move bodypress\n>p2 move surf\n>p1 switch 3\n>p2 move surf\n>p1 move recover\n>p2 switch 4\n>p1 switch 4\n>p2 switch 3\n>p1 move lashout\n>p2 switch 3\n>p1 move curse\n>p2 move toxic\n>p1 move doubleedge\n>p2 switch 5\n>p1 move lashout\n>p2 move headsmash\n>p2 switch 2\n>p1 move lashout\n>p2 move doubleedge\n>p2 switch 3\n>p1 move doubleedge\n>p2 move bulkup\n>p1 move doubleedge\n>p2 move closecombat\n>p1 switch 4\n>p1 move aeroblast\n>p2 move wavecrash terastallize\n>chat \u2606RB2T Ilex|fucking as if\n>forcelose p2", "uploadtime": 1726891535, "views": 87, "formatid": "gen9randombattle", "rating": 2236, "private": 0, "password": null}