{"id": "gen9randombattle-2258677447", "format": "[Gen 9] Random Battle", "players": ["Shaky3", "Gloriousplays"], "log": "|badge|p2|bronze|gen9doublesou|100-3\n|uhtml|medal-msg|<div class=\"broadcast-blue\">Curious what those medals under the avatar are? PS now has Ladder Seasons! For more information, check out the <a href=\"https://www.smogon.com/forums/threads/3740067/\">thread on Smogon.</a></div>\n|j|\u2606Shaky3\n|j|\u2606Gloriousplays\n|t:|1733602923\n|gametype|singles\n|player|p1|Shaky3|102|2264\n|player|p2|Gloriousplays|ash|2176\n|teamsize|p1|6\n|teamsize|p2|6\n|gen|9\n|tier|[Gen 9] Random Battle\n|rated|\n|rule|Species Clause: Limit one of each Pok\u00e9mon\n|rule|HP Percentage Mod: HP is shown in percentages\n|rule|Sleep Clause Mod: Limit one foe put to sleep\n|rule|Illusion Level Mod: Illusion disguises the Pok\u00e9mon's true level\n|\n|t:|1733602923\n|start\n|switch|p1a: Solgaleo|Solgaleo, L74|325/325\n|switch|p2a: Weezing|Weezing-Galar, L86, F|252/252\n|turn|1\n|\n|t:|1733602937\n|switch|p1a: Uxie|Uxie, L83|260/260\n|move|p2a: Weezing|Fire Blast|p1a: Uxie|[miss]\n|-miss|p2a: Weezing|p1a: Uxie\n|\n|upkeep\n|turn|2\n|\n|t:|1733602947\n|switch|p2a: Mew|Mew, L82|298/298\n|move|p1a: Uxie|Stealth Rock|p2a: Mew\n|-sidestart|p2: Gloriousplays|move: Stealth Rock\n|\n|upkeep\n|turn|3\n|\n|t:|1733602952\n|move|p2a: Mew|Swords Dance|p2a: Mew\n|-boost|p2a: Mew|atk|2\n|move|p1a: Uxie|Yawn|p2a: Mew\n|-start|p2a: Mew|move: Yawn|[of] p1a: Uxie\n|\n|upkeep\n|turn|4\n|\n|t:|1733602956\n|move|p2a: Mew|Leech Life|p1a: Uxie\n|-supereffective|p1a: Uxie\n|-damage|p1a: Uxie|31/260\n|-damage|p2a: Mew|269/298|[from] item: Life Orb\n|move|p1a: Uxie|Knock Off|p2a: Mew\n|-supereffective|p2a: Mew\n|-damage|p2a: Mew|169/298\n|-enditem|p2a: Mew|Life Orb|[from] move: Knock Off|[of] p1a: Uxie\n|\n|-heal|p1a: Uxie|47/260|[from] item: Leftovers\n|-end|p2a: Mew|move: Yawn|[silent]\n|-status|p2a: Mew|slp\n|upkeep\n|turn|5\n|\n|t:|1733602960\n|cant|p2a: Mew|slp\n|move|p1a: Uxie|Knock Off|p2a: Mew\n|-supereffective|p2a: Mew\n|-damage|p2a: Mew|103/298 slp\n|\n|-heal|p1a: Uxie|63/260|[from] item: Leftovers\n|upkeep\n|turn|6\n|\n|t:|1733602972\n|-curestatus|p2a: Mew|slp|[msg]\n|move|p2a: Mew|Leech Life|p1a: Uxie\n|-supereffective|p1a: Uxie\n|-damage|p1a: Uxie|0 fnt\n|-heal|p2a: Mew|135/298|[from] drain|[of] p1a: Uxie\n|faint|p1a: Uxie\n|\n|upkeep\n|\n|t:|1733602978\n|switch|p1a: Solgaleo|Solgaleo, L74|325/325\n|turn|7\n|\n|t:|1733602989\n|move|p2a: Mew|Leech Life|p1a: Solgaleo\n|-damage|p1a: Solgaleo|216/325\n|-heal|p2a: Mew|190/298|[from] drain|[of] p1a: Solgaleo\n|move|p1a: Solgaleo|Flame Charge|p2a: Mew\n|-damage|p2a: Mew|154/298\n|-boost|p1a: Solgaleo|spe|1\n|\n|upkeep\n|turn|8\n|\n|t:|1733603008\n|-terastallize|p2a: Mew|Fighting\n|move|p1a: Solgaleo|Sunsteel Strike|p2a: Mew\n|-damage|p2a: Mew|58/298\n|move|p2a: Mew|Close Combat|p1a: Solgaleo\n|-damage|p1a: Solgaleo|0 fnt\n|-unboost|p2a: Mew|def|1\n|-unboost|p2a: Mew|spd|1\n|faint|p1a: Solgaleo\n|\n|upkeep\n|\n|t:|1733603036\n|switch|p1a: Okidogi|Okidogi, L77, M|262/262\n|turn|9\n|\n|t:|1733603059\n|switch|p1a: Exeggutor|Exeggutor-Alola, L89, F|314/314\n|move|p2a: Mew|Psychic Fangs|p1a: Exeggutor\n|-damage|p1a: Exeggutor|142/314\n|-enditem|p1a: Exeggutor|Sitrus Berry|[eat]\n|-heal|p1a: Exeggutor|220/314|[from] item: Sitrus Berry\n|\n|-item|p1a: Exeggutor|Sitrus Berry|[from] ability: Harvest\n|upkeep\n|turn|10\n|\n|t:|1733603068\n|switch|p1a: Okidogi|Okidogi, L77, M|262/262\n|move|p2a: Mew|Close Combat|p1a: Okidogi\n|-resisted|p1a: Okidogi\n|-damage|p1a: Okidogi|158/262\n|-unboost|p2a: Mew|def|1\n|-unboost|p2a: Mew|spd|1\n|\n|upkeep\n|turn|11\n|\n|t:|1733603078\n|-terastallize|p1a: Okidogi|Dark\n|move|p2a: Mew|Close Combat|p1a: Okidogi\n|-supereffective|p1a: Okidogi\n|-damage|p1a: Okidogi|0 fnt\n|-unboost|p2a: Mew|def|1\n|-unboost|p2a: Mew|spd|1\n|faint|p1a: Okidogi\n|\n|upkeep\n|-message|Shaky3 forfeited.\n|\n|win|Gloriousplays\n|raw|Shaky3's rating: 2264 &rarr; <strong>2239</strong><br />(-25 for losing)\n|raw|Gloriousplays's rating: 2176 &rarr; <strong>2201</strong><br />(+25 for winning)\n|l|\u2606Shaky3\n|player|p1|\n", "inputlog": ">version 233a96b70f833eb131bd84157cd6ea1f74f01810\n>start {\"formatid\":\"gen9randombattle\",\"seed\":[54371,18247,50005,49810],\"rated\":\"Rated battle\"}\n>player p1 {\"name\":\"Shaky3\",\"avatar\":\"102\",\"rating\":2264,\"seed\":[64224,3793,23179,40254]}\n>player p2 {\"name\":\"Gloriousplays\",\"avatar\":\"ash\",\"rating\":2176,\"seed\":[51155,52502,37482,7171]}\n>p1 switch 6\n>p2 move fireblast\n>p1 move stealthrock\n>p2 switch 2\n>p1 move yawn\n>p2 move swordsdance\n>p1 move knockoff\n>p2 move leechlife\n>p1 move knockoff\n>p2 move leechlife\n>p1 move knockoff\n>p2 move leechlife\n>p1 switch 6\n>p1 move flamecharge\n>p2 move leechlife\n>p1 move sunsteelstrike\n>p2 move closecombat terastallize\n>p1 switch 5\n>p1 switch 3\n>p2 move psychicfangs\n>p1 switch 3\n>p2 move closecombat\n>p1 move psychicfangs terastallize\n>p2 move closecombat\n>forcelose p1", "uploadtime": 1733603088, "views": 4, "formatid": "gen9randombattle", "rating": 2201, "private": 0, "password": null}