{"id": "gen9randombattle-2260486678", "format": "[Gen 9] Random Battle", "players": ["Mamut<33", "cc126"], "log": "|j|\u2606Mamut<33\n|j|\u203dcc126\n|t:|1733856289\n|gametype|singles\n|player|p1|Mamut<33|ghetsis-gen5bw|1786\n|player|p2|cc126|acetrainer-gen4|1738\n|teamsize|p1|6\n|teamsize|p2|6\n|gen|9\n|tier|[Gen 9] Random Battle\n|rated|\n|rule|Species Clause: Limit one of each Pok\u00e9mon\n|rule|HP Percentage Mod: HP is shown in percentages\n|rule|Sleep Clause Mod: Limit one foe put to sleep\n|rule|Illusion Level Mod: Illusion disguises the Pok\u00e9mon's true level\n|\n|t:|1733856289\n|start\n|switch|p1a: Pawmot|Pawmot, L80, M|243/243\n|switch|p2a: Probopass|Probopass, L92, F|260/260\n|turn|1\n|inactive|Battle timer is ON: inactive players will automatically lose when time's up. (requested by cc126)\n|inactive|Mamut<33 also wants the timer to be on.\n|\n|t:|1733856304\n|switch|p2a: Entei|Entei, L78|307/307\n|move|p1a: Pawmot|Knock Off|p2a: Entei\n|-damage|p2a: Entei|206/307\n|-enditem|p2a: Entei|Choice Band|[from] move: Knock Off|[of] p1a: Pawmot\n|-damage|p1a: Pawmot|219/243|[from] item: Life Orb\n|\n|upkeep\n|turn|2\n|\n|t:|1733856324\n|move|p1a: Pawmot|Double Shock|p2a: Entei\n|-damage|p2a: Entei|19/307\n|-start|p1a: Pawmot|typechange|???/Fighting|[from] move: Double Shock\n|-damage|p1a: Pawmot|195/243|[from] item: Life Orb\n|move|p2a: Entei|Sacred Fire|p1a: Pawmot\n|-damage|p1a: Pawmot|57/243\n|\n|upkeep\n|turn|3\n|\n|t:|1733856331\n|move|p2a: Entei|Extreme Speed|p1a: Pawmot\n|-damage|p1a: Pawmot|0 fnt\n|faint|p1a: Pawmot\n|\n|upkeep\n|\n|t:|1733856338\n|switch|p1a: Leafeon|Leafeon, L88, M|258/258\n|turn|4\n|\n|t:|1733856343\n|move|p1a: Leafeon|Knock Off|p2a: Entei\n|-damage|p2a: Entei|0 fnt\n|faint|p2a: Entei\n|-damage|p1a: Leafeon|233/258|[from] item: Life Orb\n|\n|upkeep\n|\n|t:|1733856353\n|switch|p2a: Blaziken|Blaziken, L76, F|247/247\n|turn|5\n|\n|t:|1733856362\n|switch|p1a: Thundurus|Thundurus, L80, M|258/258\n|move|p2a: Blaziken|Swords Dance|p2a: Blaziken\n|-boost|p2a: Blaziken|atk|2\n|\n|-ability|p2a: Blaziken|Speed Boost|boost\n|-boost|p2a: Blaziken|spe|1\n|upkeep\n|turn|6\n|\n|t:|1733856371\n|-terastallize|p2a: Blaziken|Dark\n|move|p2a: Blaziken|Knock Off|p1a: Thundurus\n|-damage|p1a: Thundurus|0 fnt\n|-enditem|p1a: Thundurus|Heavy-Duty Boots|[from] move: Knock Off|[of] p2a: Blaziken\n|faint|p1a: Thundurus\n|-damage|p2a: Blaziken|223/247|[from] item: Life Orb\n|\n|-ability|p2a: Blaziken|Speed Boost|boost\n|-boost|p2a: Blaziken|spe|1\n|upkeep\n|\n|t:|1733856378\n|switch|p1a: Florges|Florges-White, L85, F|271/271\n|turn|7\n|\n|t:|1733856381\n|move|p2a: Blaziken|Flare Blitz|p1a: Florges\n|-damage|p1a: Florges|0 fnt\n|faint|p1a: Florges\n|-damage|p2a: Blaziken|134/247|[from] Recoil\n|-damage|p2a: Blaziken|110/247|[from] item: Life Orb\n|\n|-ability|p2a: Blaziken|Speed Boost|boost\n|-boost|p2a: Blaziken|spe|1\n|upkeep\n|\n|t:|1733856387\n|switch|p1a: Leafeon|Leafeon, L88, M|233/258\n|turn|8\n|\n|t:|1733856390\n|move|p2a: Blaziken|Flare Blitz|p1a: Leafeon\n|-supereffective|p1a: Leafeon\n|-damage|p1a: Leafeon|0 fnt\n|faint|p1a: Leafeon\n|-damage|p2a: Blaziken|33/247|[from] Recoil\n|-damage|p2a: Blaziken|9/247|[from] item: Life Orb\n|\n|-ability|p2a: Blaziken|Speed Boost|boost\n|-boost|p2a: Blaziken|spe|1\n|upkeep\n|\n|t:|1733856393\n|switch|p1a: Meowscarada|Meowscarada, L78, F|247/247\n|turn|9\n|\n|t:|1733856395\n|move|p2a: Blaziken|Flare Blitz|p1a: Meowscarada\n|-supereffective|p1a: Meowscarada\n|-damage|p1a: Meowscarada|0 fnt\n|faint|p1a: Meowscarada\n|-damage|p2a: Blaziken|0 fnt|[from] Recoil\n|faint|p2a: Blaziken\n|\n|upkeep\n|\n|t:|1733856400\n|switch|p1a: Kyogre|Kyogre, L71|259/259\n|switch|p2a: Probopass|Probopass, L92, F|260/260\n|-weather|RainDance|[from] ability: Drizzle|[of] p1a: Kyogre\n|turn|10\n|\n|t:|1733856403\n|move|p1a: Kyogre|Water Spout|p2a: Probopass\n|-supereffective|p2a: Probopass\n|-damage|p2a: Probopass|0 fnt\n|faint|p2a: Probopass\n|\n|-weather|RainDance|[upkeep]\n|upkeep\n|\n|t:|1733856407\n|switch|p2a: Ditto|Ditto, L87|225/225\n|-transform|p2a: Ditto|p1a: Kyogre|[from] ability: Imposter\n|turn|11\n|\n|t:|1733856410\n|move|p2a: Ditto|Thunder|p1a: Kyogre\n|-supereffective|p1a: Kyogre\n|-damage|p1a: Kyogre|95/259\n|move|p1a: Kyogre|Water Spout|p2a: Ditto\n|-resisted|p2a: Ditto\n|-damage|p2a: Ditto|191/225\n|\n|-weather|RainDance|[upkeep]\n|upkeep\n|turn|12\n|\n|t:|1733856413\n|move|p2a: Ditto|Thunder|p1a: Kyogre\n|-supereffective|p1a: Kyogre\n|-damage|p1a: Kyogre|0 fnt\n|faint|p1a: Kyogre\n|\n|win|cc126\n|raw|Mamut&lt;33's rating: 1786 &rarr; <strong>1763</strong><br />(-23 for losing)\n|raw|cc126's rating: 1738 &rarr; <strong>1761</strong><br />(+23 for winning)\n|l|\u2606Mamut<33\n|player|p1|\n", "inputlog": ">version bfd83cad13791eb5a5a409923076391caf6fb4d4\n>start {\"formatid\":\"gen9randombattle\",\"seed\":[62446,17364,11690,52609],\"rated\":\"Rated battle\"}\n>player p1 {\"name\":\"Mamut<33\",\"avatar\":\"ghetsis-gen5bw\",\"rating\":1786,\"seed\":[59453,17598,30967,28176]}\n>player p2 {\"name\":\"cc126\",\"avatar\":\"acetrainer-gen4\",\"rating\":1738,\"seed\":[50119,63708,59841,35709]}\n>p1 move knockoff\n>p2 switch 3\n>p1 move doubleshock\n>p2 move sacredfire\n>p1 move knockoff\n>p2 move extremespeed\n>p1 switch 4\n>p1 move knockoff\n>p2 move sacredfire\n>p2 switch 4\n>p1 switch 5\n>p2 move swordsdance\n>p1 move thunderbolt\n>p2 move knockoff terastallize\n>p1 switch 6\n>p1 move moonblast\n>p2 move flareblitz\n>p1 switch 5\n>p1 move doubleedge\n>p2 move flareblitz\n>p1 switch 2\n>p1 move uturn\n>p2 move flareblitz\n>p1 switch 3\n>p2 switch 3\n>p1 move waterspout\n>p2 move thunderwave\n>p2 switch 2\n>p1 move waterspout\n>p2 move thunder\n>p1 move waterspout\n>p2 move thunder", "uploadtime": 1733856421, "views": 1, "formatid": "gen9randombattle", "rating": 1761, "private": 0, "password": null}