{"id": "gen9randombattle-2147865522", "format": "[Gen 9] Random Battle", "players": ["Msgicbounce", "ShineSlays"], "log": "|j|\u2606Msgicbounce\n|j|\u2606ShineSlays\n|t:|1719032492\n|gametype|singles\n|player|p1|Msgicbounce|102|2201\n|player|p2|ShineSlays|265|2293\n|teamsize|p1|6\n|teamsize|p2|6\n|gen|9\n|tier|[Gen 9] Random Battle\n|rated|\n|rule|Species Clause: Limit one of each Pok\u00e9mon\n|rule|HP Percentage Mod: HP is shown in percentages\n|rule|Sleep Clause Mod: Limit one foe put to sleep\n|rule|Illusion Level Mod: Illusion disguises the Pok\u00e9mon's true level\n|\n|t:|1719032492\n|start\n|switch|p1a: Arbok|Arbok, L87, F|246/246\n|switch|p2a: Ditto|Ditto, L87|225/225\n|-transform|p2a: Ditto|p1a: Arbok|[from] ability: Imposter\n|-ability|p2a: Ditto|Intimidate|boost\n|-unboost|p1a: Arbok|atk|1\n|-ability|p1a: Arbok|Intimidate|boost\n|-unboost|p2a: Ditto|atk|1\n|turn|1\n|inactive|Battle timer is ON: inactive players will automatically lose when time's up. (requested by Msgicbounce)\n|inactive|ShineSlays has 120 seconds left.\n|inactive|ShineSlays has 90 seconds left.\n|\n|t:|1719032568\n|switch|p2a: Tsareena|Tsareena, L87, F|267/267\n|move|p1a: Arbok|Glare|p2a: Tsareena\n|-status|p2a: Tsareena|par\n|\n|upkeep\n|turn|2\n|\n|t:|1719032587\n|move|p1a: Arbok|Gunk Shot|p2a: Tsareena\n|-supereffective|p2a: Tsareena\n|-damage|p2a: Tsareena|111/267 par\n|move|p2a: Tsareena|Knock Off|p1a: Arbok\n|-damage|p1a: Arbok|153/246\n|-enditem|p1a: Arbok|Focus Sash|[from] move: Knock Off|[of] p2a: Tsareena\n|\n|upkeep\n|turn|3\n|\n|t:|1719032599\n|move|p1a: Arbok|Gunk Shot|p2a: Tsareena\n|-supereffective|p2a: Tsareena\n|-damage|p2a: Tsareena|0 fnt\n|faint|p2a: Tsareena\n|\n|upkeep\n|inactive|ShineSlays has 120 seconds left.\n|\n|t:|1719032637\n|switch|p2a: Ditto|Ditto, L87|225/225\n|-transform|p2a: Ditto|p1a: Arbok|[from] ability: Imposter\n|-ability|p2a: Ditto|Intimidate|boost\n|-unboost|p1a: Arbok|atk|1\n|turn|4\n|\n|t:|1719032647\n|switch|p1a: Kilowattrel|Kilowattrel, L83, M|252/252\n|move|p2a: Ditto|Earthquake|p1a: Kilowattrel\n|-immune|p1a: Kilowattrel\n|\n|upkeep\n|turn|5\n|inactive|ShineSlays has 120 seconds left.\n|\n|t:|1719032672\n|switch|p2a: Chansey|Chansey, L85, F|564/564\n|move|p1a: Kilowattrel|U-turn|p2a: Chansey\n|-damage|p2a: Chansey|476/564\n|\n|t:|1719032685\n|switch|p1a: Garchomp|Garchomp, L74, F|282/282|[from] U-turn\n|\n|upkeep\n|turn|6\n|\n|t:|1719032698\n|switch|p2a: Chien-Pao|Chien-Pao, L72|234/234\n|-ability|p2a: Chien-Pao|Sword of Ruin\n|move|p1a: Garchomp|Scale Shot|p2a: Chien-Pao|[miss]\n|-miss|p1a: Garchomp|p2a: Chien-Pao\n|\n|upkeep\n|turn|7\n|\n|t:|1719032707\n|switch|p1a: Glaceon|Glaceon, L94, F|275/275\n|move|p2a: Chien-Pao|Icicle Crash|p1a: Glaceon\n|-resisted|p1a: Glaceon\n|-damage|p1a: Glaceon|215/275\n|\n|upkeep\n|turn|8\n|\n|t:|1719032716\n|switch|p2a: Chansey|Chansey, L85, F|476/564\n|move|p1a: Glaceon|Wish|p1a: Glaceon\n|\n|upkeep\n|turn|9\n|inactive|ShineSlays has 120 seconds left.\n|\n|t:|1719032728\n|switch|p1a: Garchomp|Garchomp, L74, F|282/282\n|move|p2a: Chansey|Thunder Wave|p1a: Garchomp\n|-immune|p1a: Garchomp\n|\n|upkeep\n|turn|10\n|\n|t:|1719032734\n|switch|p2a: Bellossom|Bellossom, L84, F|263/263\n|move|p1a: Garchomp|Scale Shot|p2a: Bellossom\n|-damage|p2a: Bellossom|239/263\n|-damage|p2a: Bellossom|214/263\n|-damage|p2a: Bellossom|189/263\n|-damage|p2a: Bellossom|164/263\n|-hitcount|p2a: Bellossom|4\n|-unboost|p1a: Garchomp|def|1\n|-boost|p1a: Garchomp|spe|1\n|\n|-heal|p2a: Bellossom|180/263|[from] item: Leftovers\n|upkeep\n|turn|11\n|\n|t:|1719032758\n|switch|p1a: Glaceon|Glaceon, L94, F|215/275\n|move|p2a: Bellossom|Sleep Powder|p1a: Glaceon\n|-status|p1a: Glaceon|slp|[from] move: Sleep Powder\n|\n|-heal|p2a: Bellossom|196/263|[from] item: Leftovers\n|upkeep\n|turn|12\n|inactive|ShineSlays has 120 seconds left.\n|\n|t:|1719032780\n|switch|p1a: Arbok|Arbok, L87, F|153/246\n|-ability|p1a: Arbok|Intimidate|boost\n|-unboost|p2a: Bellossom|atk|1\n|switch|p2a: Chien-Pao|Chien-Pao, L72|234/234\n|-ability|p2a: Chien-Pao|Sword of Ruin\n|\n|upkeep\n|turn|13\n|\n|t:|1719032790\n|switch|p1a: Urshifu|Urshifu, L74, M|270/270\n|move|p2a: Chien-Pao|Icicle Crash|p1a: Urshifu|[miss]\n|-miss|p2a: Chien-Pao|p1a: Urshifu\n|\n|upkeep\n|turn|14\n|inactive|ShineSlays has 120 seconds left.\n|\n|t:|1719032811\n|switch|p2a: Lugia|Lugia, L72|272/272\n|move|p1a: Urshifu|U-turn|p2a: Lugia\n|-damage|p2a: Lugia|241/272\n|inactive|Msgicbounce has 120 seconds left.\n|\n|t:|1719032837\n|switch|p1a: Kilowattrel|Kilowattrel, L83, M|252/252|[from] U-turn\n|\n|upkeep\n|turn|15\n|inactive|ShineSlays has 120 seconds left.\n|\n|t:|1719032850\n|switch|p2a: Ditto|Ditto, L87|225/225\n|-transform|p2a: Ditto|p1a: Kilowattrel|[from] ability: Imposter\n|move|p1a: Kilowattrel|Thunderbolt|p2a: Ditto\n|-immune|p2a: Ditto|[from] ability: Volt Absorb\n|\n|upkeep\n|turn|16\n|inactive|ShineSlays has 120 seconds left.\n|\n|t:|1719032874\n|move|p2a: Ditto|Hurricane|p1a: Kilowattrel|[miss]\n|-miss|p2a: Ditto|p1a: Kilowattrel\n|move|p1a: Kilowattrel|U-turn|p2a: Ditto\n|-resisted|p2a: Ditto\n|-crit|p2a: Ditto\n|-damage|p2a: Ditto|188/225\n|inactive|Msgicbounce has 120 seconds left.\n|\n|t:|1719032899\n|switch|p1a: Glaceon|Glaceon, L94, F|215/275 slp|[from] U-turn\n|\n|upkeep\n|turn|17\n|inactive|ShineSlays has 120 seconds left.\n|\n|t:|1719032909\n|switch|p2a: Chien-Pao|Chien-Pao, L72|234/234\n|-ability|p2a: Chien-Pao|Sword of Ruin\n|switch|p1a: Kilowattrel|Kilowattrel, L83, M|252/252\n|\n|upkeep\n|turn|18\n|inactive|Msgicbounce has 120 seconds left.\n|inactive|ShineSlays has 120 seconds left.\n|\n|t:|1719032929\n|move|p1a: Kilowattrel|U-turn|p2a: Chien-Pao\n|-supereffective|p2a: Chien-Pao\n|-damage|p2a: Chien-Pao|142/234\n|\n|t:|1719032933\n|switch|p1a: Glaceon|Glaceon, L94, F|215/275 slp|[from] U-turn\n|move|p2a: Chien-Pao|Icicle Crash|p1a: Glaceon\n|-resisted|p1a: Glaceon\n|-damage|p1a: Glaceon|161/275 slp\n|\n|upkeep\n|turn|19\n|\n|t:|1719032940\n|move|p2a: Chien-Pao|Icicle Crash|p1a: Glaceon\n|-resisted|p1a: Glaceon\n|-damage|p1a: Glaceon|103/275 slp\n|cant|p1a: Glaceon|slp\n|\n|upkeep\n|turn|20\n|\n|t:|1719032955\n|switch|p2a: Chansey|Chansey, L85, F|476/564\n|cant|p1a: Glaceon|slp\n|\n|upkeep\n|turn|21\n|\n|t:|1719032963\n|-curestatus|p1a: Glaceon|slp|[msg]\n|move|p1a: Glaceon|Wish|p1a: Glaceon\n|move|p2a: Chansey|Seismic Toss|p1a: Glaceon\n|-damage|p1a: Glaceon|18/275\n|\n|upkeep\n|turn|22\n|\n|t:|1719032980\n|switch|p2a: Ditto|Ditto, L87|188/225\n|-transform|p2a: Ditto|p1a: Glaceon|[from] ability: Imposter\n|move|p1a: Glaceon|Protect||[still]\n|-fail|p1a: Glaceon\n|\n|-heal|p1a: Glaceon|155/275|[from] move: Wish|[wisher] Glaceon\n|upkeep\n|turn|23\n|\n|t:|1719032989\n|move|p2a: Ditto|Wish|p2a: Ditto\n|move|p1a: Glaceon|Wish|p1a: Glaceon\n|\n|upkeep\n|turn|24\n|\n|t:|1719032993\n|switch|p2a: Chien-Pao|Chien-Pao, L72|142/234\n|-ability|p2a: Chien-Pao|Sword of Ruin\n|move|p1a: Glaceon|Mud Shot|p2a: Chien-Pao\n|-damage|p2a: Chien-Pao|48/234\n|-unboost|p2a: Chien-Pao|spe|1\n|\n|-heal|p1a: Glaceon|275/275|[from] move: Wish|[wisher] Glaceon\n|-heal|p2a: Chien-Pao|160/234|[from] move: Wish|[wisher] Ditto\n|upkeep\n|turn|25\n|j| dinkdonk14\n|\n|t:|1719033004\n|switch|p2a: Chansey|Chansey, L85, F|476/564\n|move|p1a: Glaceon|Mud Shot|p2a: Chansey\n|-damage|p2a: Chansey|442/564\n|-unboost|p2a: Chansey|spe|1\n|\n|upkeep\n|turn|26\n|\n|t:|1719033012\n|switch|p1a: Garchomp|Garchomp, L74, F|282/282\n|move|p2a: Chansey|Thunder Wave|p1a: Garchomp\n|-immune|p1a: Garchomp\n|\n|upkeep\n|turn|27\n|\n|t:|1719033020\n|switch|p2a: Bellossom|Bellossom, L84, F|196/263\n|move|p1a: Garchomp|Scale Shot|p2a: Bellossom\n|-damage|p2a: Bellossom|172/263\n|-damage|p2a: Bellossom|145/263\n|-damage|p2a: Bellossom|118/263\n|-damage|p2a: Bellossom|94/263\n|-damage|p2a: Bellossom|70/263\n|-hitcount|p2a: Bellossom|5\n|-unboost|p1a: Garchomp|def|1\n|-boost|p1a: Garchomp|spe|1\n|\n|-heal|p2a: Bellossom|86/263|[from] item: Leftovers\n|upkeep\n|turn|28\n|\n|t:|1719033036\n|move|p1a: Garchomp|Scale Shot|p2a: Bellossom|[miss]\n|-miss|p1a: Garchomp|p2a: Bellossom\n|move|p2a: Bellossom|Strength Sap|p1a: Garchomp\n|-unboost|p1a: Garchomp|atk|1\n|-heal|p2a: Bellossom|263/263\n|\n|upkeep\n|turn|29\n|\n|t:|1719033050\n|switch|p1a: Kilowattrel|Kilowattrel, L83, M|252/252\n|move|p2a: Bellossom|Quiver Dance|p2a: Bellossom\n|-boost|p2a: Bellossom|spa|1\n|-boost|p2a: Bellossom|spd|1\n|-boost|p2a: Bellossom|spe|1\n|\n|upkeep\n|turn|30\n|\n|t:|1719033057\n|move|p1a: Kilowattrel|Thunder Wave|p2a: Bellossom\n|-status|p2a: Bellossom|par\n|cant|p2a: Bellossom|par\n|\n|upkeep\n|turn|31\n|\n|t:|1719033064\n|move|p1a: Kilowattrel|U-turn|p2a: Bellossom\n|-supereffective|p2a: Bellossom\n|-damage|p2a: Bellossom|193/263 par\n|\n|t:|1719033069\n|switch|p1a: Arbok|Arbok, L87, F|153/246|[from] U-turn\n|-ability|p1a: Arbok|Intimidate|boost\n|-unboost|p2a: Bellossom|atk|1\n|move|p2a: Bellossom|Sleep Powder|p1a: Arbok\n|-status|p1a: Arbok|slp|[from] move: Sleep Powder\n|\n|-heal|p2a: Bellossom|209/263 par|[from] item: Leftovers\n|upkeep\n|turn|32\n|\n|t:|1719033080\n|switch|p1a: Glaceon|Glaceon, L94, F|275/275\n|cant|p2a: Bellossom|par\n|\n|-heal|p2a: Bellossom|225/263 par|[from] item: Leftovers\n|upkeep\n|turn|33\n|\n|t:|1719033086\n|switch|p2a: Chansey|Chansey, L85, F|442/564\n|move|p1a: Glaceon|Freeze-Dry|p2a: Chansey\n|-damage|p2a: Chansey|375/564\n|\n|upkeep\n|turn|34\n|\n|t:|1719033092\n|switch|p1a: Garchomp|Garchomp, L74, F|282/282\n|move|p2a: Chansey|Heal Bell|p2a: Chansey\n|-activate|p2a: Chansey|move: Heal Bell\n|-curestatus|p2: Bellossom|par|[msg]\n|\n|upkeep\n|turn|35\n|\n|t:|1719033100\n|switch|p2a: Bellossom|Bellossom, L84, F|225/263\n|move|p1a: Garchomp|Scale Shot|p2a: Bellossom\n|-damage|p2a: Bellossom|200/263\n|-damage|p2a: Bellossom|176/263\n|-damage|p2a: Bellossom|152/263\n|-damage|p2a: Bellossom|128/263\n|-crit|p2a: Bellossom\n|-damage|p2a: Bellossom|91/263\n|-hitcount|p2a: Bellossom|5\n|-unboost|p1a: Garchomp|def|1\n|-boost|p1a: Garchomp|spe|1\n|\n|-heal|p2a: Bellossom|107/263|[from] item: Leftovers\n|upkeep\n|turn|36\n|\n|t:|1719033113\n|move|p1a: Garchomp|Swords Dance|p1a: Garchomp\n|-boost|p1a: Garchomp|atk|2\n|move|p2a: Bellossom|Strength Sap|p1a: Garchomp\n|-unboost|p1a: Garchomp|atk|1\n|-heal|p2a: Bellossom|263/263\n|\n|upkeep\n|turn|37\n|\n|t:|1719033137\n|move|p1a: Garchomp|Scale Shot|p2a: Bellossom\n|-crit|p2a: Bellossom\n|-damage|p2a: Bellossom|202/263\n|-damage|p2a: Bellossom|166/263\n|-damage|p2a: Bellossom|129/263\n|-damage|p2a: Bellossom|89/263\n|-hitcount|p2a: Bellossom|4\n|-unboost|p1a: Garchomp|def|1\n|-boost|p1a: Garchomp|spe|1\n|move|p2a: Bellossom|Strength Sap|p1a: Garchomp\n|-unboost|p1a: Garchomp|atk|1\n|-heal|p2a: Bellossom|263/263\n|\n|upkeep\n|turn|38\n|\n|t:|1719033152\n|switch|p1a: Glaceon|Glaceon, L94, F|275/275\n|move|p2a: Bellossom|Quiver Dance|p2a: Bellossom\n|-boost|p2a: Bellossom|spa|1\n|-boost|p2a: Bellossom|spd|1\n|-boost|p2a: Bellossom|spe|1\n|\n|upkeep\n|turn|39\n|\n|t:|1719033167\n|switch|p2a: Ditto|Ditto, L87|188/225\n|-transform|p2a: Ditto|p1a: Glaceon|[from] ability: Imposter\n|move|p1a: Glaceon|Freeze-Dry|p2a: Ditto\n|-resisted|p2a: Ditto\n|-damage|p2a: Ditto|138/225\n|\n|upkeep\n|turn|40\n|\n|t:|1719033174\n|move|p2a: Ditto|Wish|p2a: Ditto\n|move|p1a: Glaceon|Wish|p1a: Glaceon\n|\n|upkeep\n|turn|41\n|\n|t:|1719033185\n|switch|p2a: Chien-Pao|Chien-Pao, L72|160/234\n|-ability|p2a: Chien-Pao|Sword of Ruin\n|move|p1a: Glaceon|Mud Shot|p2a: Chien-Pao\n|-crit|p2a: Chien-Pao\n|-damage|p2a: Chien-Pao|27/234\n|-unboost|p2a: Chien-Pao|spe|1\n|\n|-heal|p2a: Chien-Pao|139/234|[from] move: Wish|[wisher] Ditto\n|upkeep\n|turn|42\n|\n|t:|1719033196\n|switch|p2a: Chansey|Chansey, L85, F|375/564\n|move|p1a: Glaceon|Mud Shot|p2a: Chansey\n|-damage|p2a: Chansey|336/564\n|-unboost|p2a: Chansey|spe|1\n|\n|upkeep\n|turn|43\n|\n|t:|1719033205\n|switch|p1a: Garchomp|Garchomp, L74, F|282/282\n|move|p2a: Chansey|Soft-Boiled|p2a: Chansey\n|-heal|p2a: Chansey|564/564\n|\n|upkeep\n|turn|44\n|\n|t:|1719033212\n|switch|p2a: Bellossom|Bellossom, L84, F|263/263\n|move|p1a: Garchomp|Swords Dance|p1a: Garchomp\n|-boost|p1a: Garchomp|atk|2\n|\n|upkeep\n|turn|45\n|\n|t:|1719033230\n|move|p1a: Garchomp|Swords Dance|p1a: Garchomp\n|-boost|p1a: Garchomp|atk|2\n|move|p2a: Bellossom|Strength Sap|p1a: Garchomp\n|-unboost|p1a: Garchomp|atk|1\n|\n|upkeep\n|turn|46\n|\n|t:|1719033256\n|switch|p2a: Chien-Pao|Chien-Pao, L72|139/234\n|-ability|p2a: Chien-Pao|Sword of Ruin\n|move|p1a: Garchomp|Scale Shot|p2a: Chien-Pao\n|-crit|p2a: Chien-Pao\n|-damage|p2a: Chien-Pao|15/234\n|-damage|p2a: Chien-Pao|0 fnt\n|faint|p2a: Chien-Pao\n|-hitcount|p2: Chien-Pao|2\n|-unboost|p1a: Garchomp|def|1\n|-boost|p1a: Garchomp|spe|1\n|\n|upkeep\n|\n|t:|1719033259\n|switch|p2a: Ditto|Ditto, L87|138/225\n|-transform|p2a: Ditto|p1a: Garchomp|[from] ability: Imposter\n|turn|47\n|c| dinkdonk14|!\n|\n|t:|1719033273\n|switch|p1a: Solgaleo|Solgaleo, L74|325/325\n|move|p2a: Ditto|Scale Shot|p1a: Solgaleo\n|-resisted|p1a: Solgaleo\n|-damage|p1a: Solgaleo|290/325\n|-resisted|p1a: Solgaleo\n|-damage|p1a: Solgaleo|251/325\n|-hitcount|p1a: Solgaleo|2\n|-unboost|p2a: Ditto|def|1\n|-boost|p2a: Ditto|spe|1\n|\n|upkeep\n|turn|48\n|\n|t:|1719033302\n|switch|p2a: Lugia|Lugia, L72|241/272\n|move|p1a: Solgaleo|Knock Off|p2a: Lugia\n|-supereffective|p2a: Lugia\n|-damage|p2a: Lugia|125/272\n|-enditem|p2a: Lugia|Heavy-Duty Boots|[from] move: Knock Off|[of] p1a: Solgaleo\n|\n|upkeep\n|turn|49\n|\n|t:|1719033331\n|switch|p1a: Kilowattrel|Kilowattrel, L83, M|252/252\n|move|p2a: Lugia|Recover|p2a: Lugia\n|-heal|p2a: Lugia|261/272\n|\n|upkeep\n|turn|50\n|\n|t:|1719033348\n|switch|p2a: Ditto|Ditto, L87|138/225\n|-transform|p2a: Ditto|p1a: Kilowattrel|[from] ability: Imposter\n|move|p1a: Kilowattrel|Thunderbolt|p2a: Ditto\n|-heal|p2a: Ditto|194/225|[from] ability: Volt Absorb|[of] p1a: Kilowattrel\n|\n|upkeep\n|turn|51\n|\n|t:|1719033364\n|move|p2a: Ditto|U-turn|p1a: Kilowattrel\n|-resisted|p1a: Kilowattrel\n|-damage|p1a: Kilowattrel|227/252\n|\n|t:|1719033365\n|switch|p2a: Lugia|Lugia, L72|261/272|[from] U-turn\n|move|p1a: Kilowattrel|U-turn|p2a: Lugia\n|-damage|p2a: Lugia|230/272\n|\n|t:|1719033380\n|switch|p1a: Glaceon|Glaceon, L94, F|275/275|[from] U-turn\n|\n|upkeep\n|turn|52\n|inactive|ShineSlays has 120 seconds left.\n|\n|t:|1719033408\n|switch|p2a: Chansey|Chansey, L85, F|564/564\n|move|p1a: Glaceon|Mud Shot|p2a: Chansey\n|-damage|p2a: Chansey|530/564\n|-unboost|p2a: Chansey|spe|1\n|\n|upkeep\n|turn|53\n|\n|t:|1719033418\n|switch|p1a: Garchomp|Garchomp, L74, F|282/282\n|switch|p2a: Ditto|Ditto, L87|194/225\n|-transform|p2a: Ditto|p1a: Garchomp|[from] ability: Imposter\n|\n|upkeep\n|turn|54\n|\n|t:|1719033442\n|-terastallize|p1a: Garchomp|Ground\n|move|p2a: Ditto|Scale Shot|p1a: Garchomp\n|-damage|p1a: Garchomp|249/282\n|-damage|p1a: Garchomp|216/282\n|-damage|p1a: Garchomp|182/282\n|-damage|p1a: Garchomp|149/282\n|-damage|p1a: Garchomp|115/282\n|-hitcount|p1a: Garchomp|5\n|-unboost|p2a: Ditto|def|1\n|-boost|p2a: Ditto|spe|1\n|move|p1a: Garchomp|Scale Shot|p2a: Ditto\n|-supereffective|p2a: Ditto\n|-damage|p2a: Ditto|104/225\n|-supereffective|p2a: Ditto\n|-damage|p2a: Ditto|20/225\n|-supereffective|p2a: Ditto\n|-damage|p2a: Ditto|0 fnt\n|faint|p2a: Ditto\n|-hitcount|p2: Ditto|3\n|-unboost|p1a: Garchomp|def|1\n|-boost|p1a: Garchomp|spe|1\n|\n|upkeep\n|inactive|ShineSlays has 120 seconds left.\n|\n|t:|1719033455\n|switch|p2a: Bellossom|Bellossom, L84, F|263/263\n|turn|55\n|inactive|ShineSlays has 120 seconds left.\n|\n|t:|1719033477\n|switch|p1a: Kilowattrel|Kilowattrel, L83, M|227/252\n|move|p2a: Bellossom|Quiver Dance|p2a: Bellossom\n|-boost|p2a: Bellossom|spa|1\n|-boost|p2a: Bellossom|spd|1\n|-boost|p2a: Bellossom|spe|1\n|\n|upkeep\n|turn|56\n|inactive|ShineSlays has 120 seconds left.\n|\n|t:|1719033488\n|move|p1a: Kilowattrel|Thunder Wave|p2a: Bellossom\n|-status|p2a: Bellossom|par\n|cant|p2a: Bellossom|par\n|\n|upkeep\n|turn|57\n|inactive|ShineSlays has 120 seconds left.\n|\n|t:|1719033494\n|move|p1a: Kilowattrel|U-turn|p2a: Bellossom\n|-supereffective|p2a: Bellossom\n|-damage|p2a: Bellossom|195/263 par\n|\n|t:|1719033500\n|switch|p1a: Glaceon|Glaceon, L94, F|275/275|[from] U-turn\n|move|p2a: Bellossom|Quiver Dance|p2a: Bellossom\n|-boost|p2a: Bellossom|spa|1\n|-boost|p2a: Bellossom|spd|1\n|-boost|p2a: Bellossom|spe|1\n|\n|-heal|p2a: Bellossom|211/263 par|[from] item: Leftovers\n|upkeep\n|turn|58\n|\n|t:|1719033508\n|move|p1a: Glaceon|Freeze-Dry|p2a: Bellossom\n|-supereffective|p2a: Bellossom\n|-damage|p2a: Bellossom|107/263 par\n|move|p2a: Bellossom|Giga Drain|p1a: Glaceon\n|-damage|p1a: Glaceon|158/275\n|-heal|p2a: Bellossom|166/263 par|[from] drain|[of] p1a: Glaceon\n|\n|-heal|p2a: Bellossom|182/263 par|[from] item: Leftovers\n|upkeep\n|turn|59\n|\n|t:|1719033517\n|move|p1a: Glaceon|Freeze-Dry|p2a: Bellossom\n|-supereffective|p2a: Bellossom\n|-damage|p2a: Bellossom|78/263 par\n|cant|p2a: Bellossom|par\n|\n|-heal|p2a: Bellossom|94/263 par|[from] item: Leftovers\n|upkeep\n|turn|60\n|\n|t:|1719033525\n|switch|p2a: Chansey|Chansey, L85, F|530/564\n|move|p1a: Glaceon|Freeze-Dry|p2a: Chansey\n|-damage|p2a: Chansey|467/564\n|\n|upkeep\n|turn|61\n|\n|t:|1719033533\n|switch|p1a: Garchomp|Garchomp, L74, F, tera:Ground|115/282\n|move|p2a: Chansey|Thunder Wave|p1a: Garchomp\n|-immune|p1a: Garchomp\n|\n|upkeep\n|turn|62\n|c| dinkdonk14|shaboing...\n|\n|t:|1719033553\n|move|p1a: Garchomp|Swords Dance|p1a: Garchomp\n|-boost|p1a: Garchomp|atk|2\n|move|p2a: Chansey|Seismic Toss|p1a: Garchomp\n|-damage|p1a: Garchomp|30/282\n|-damage|p2a: Chansey|397/564|[from] ability: Rough Skin|[of] p1a: Garchomp\n|\n|upkeep\n|turn|63\n|\n|t:|1719033569\n|switch|p2a: Bellossom|Bellossom, L84, F|94/263 par\n|move|p1a: Garchomp|Scale Shot|p2a: Bellossom\n|-damage|p2a: Bellossom|48/263 par\n|-damage|p2a: Bellossom|0 fnt\n|faint|p2a: Bellossom\n|-hitcount|p2: Bellossom|2\n|-unboost|p1a: Garchomp|def|1\n|-boost|p1a: Garchomp|spe|1\n|\n|upkeep\n|\n|t:|1719033571\n|switch|p2a: Lugia|Lugia, L72|230/272\n|turn|64\n|inactive|ShineSlays has 120 seconds left.\n|\n|t:|1719033598\n|-terastallize|p2a: Lugia|Steel\n|move|p1a: Garchomp|Scale Shot|p2a: Lugia\n|-resisted|p2a: Lugia\n|-damage|p2a: Lugia|209/272\n|-resisted|p2a: Lugia\n|-damage|p2a: Lugia|188/272\n|-resisted|p2a: Lugia\n|-damage|p2a: Lugia|165/272\n|-resisted|p2a: Lugia\n|-damage|p2a: Lugia|143/272\n|-hitcount|p2a: Lugia|4\n|-unboost|p1a: Garchomp|def|1\n|-boost|p1a: Garchomp|spe|1\n|move|p2a: Lugia|Earth Power|p1a: Garchomp\n|-damage|p1a: Garchomp|0 fnt\n|faint|p1a: Garchomp\n|\n|upkeep\n|inactive|Msgicbounce has 120 seconds left.\n|\n|t:|1719033614\n|switch|p1a: Urshifu|Urshifu, L74, M|270/270\n|turn|65\n|\n|t:|1719033623\n|switch|p1a: Kilowattrel|Kilowattrel, L83, M|227/252\n|move|p2a: Lugia|Recover|p2a: Lugia\n|-heal|p2a: Lugia|272/272\n|\n|upkeep\n|turn|66\n|\n|t:|1719033633\n|switch|p2a: Chansey|Chansey, L85, F|397/564\n|move|p1a: Kilowattrel|Thunder Wave|p2a: Chansey\n|-status|p2a: Chansey|par\n|\n|upkeep\n|turn|67\n|c| dinkdonk14|bro is trolling\n|l| dinkdonk14\n|\n|t:|1719033639\n|move|p1a: Kilowattrel|U-turn|p2a: Chansey\n|-damage|p2a: Chansey|310/564 par\n|\n|t:|1719033644\n|switch|p1a: Arbok|Arbok, L87, F|153/246 slp|[from] U-turn\n|-ability|p1a: Arbok|Intimidate|boost\n|-unboost|p2a: Chansey|atk|1\n|move|p2a: Chansey|Thunder Wave||[still]\n|-fail|p2a: Chansey\n|\n|upkeep\n|turn|68\n|\n|t:|1719033657\n|-curestatus|p2a: Chansey|par|[from] ability: Natural Cure\n|switch|p2a: Lugia|Lugia, L72, tera:Steel|272/272\n|cant|p1a: Arbok|slp\n|\n|upkeep\n|turn|69\n|inactive|ShineSlays has 120 seconds left.\n|\n|t:|1719033688\n|switch|p2a: Chansey|Chansey, L85, F|310/564\n|switch|p1a: Kilowattrel|Kilowattrel, L83, M|227/252\n|\n|upkeep\n|turn|70\n|\n|t:|1719033694\n|move|p1a: Kilowattrel|U-turn|p2a: Chansey\n|-damage|p2a: Chansey|214/564\n|\n|t:|1719033697\n|switch|p1a: Arbok|Arbok, L87, F|153/246 slp|[from] U-turn\n|-ability|p1a: Arbok|Intimidate|boost\n|-unboost|p2a: Chansey|atk|1\n|move|p2a: Chansey|Soft-Boiled|p2a: Chansey\n|-heal|p2a: Chansey|496/564\n|\n|upkeep\n|turn|71\n|\n|t:|1719033718\n|cant|p1a: Arbok|slp\n|move|p2a: Chansey|Seismic Toss|p1a: Arbok\n|-damage|p1a: Arbok|68/246 slp\n|\n|upkeep\n|turn|72\n|\n|t:|1719033725\n|cant|p1a: Arbok|slp\n|move|p2a: Chansey|Seismic Toss|p1a: Arbok\n|-damage|p1a: Arbok|0 fnt\n|faint|p1a: Arbok\n|\n|upkeep\n|\n|t:|1719033734\n|switch|p1a: Urshifu|Urshifu, L74, M|270/270\n|turn|73\n|\n|t:|1719033743\n|move|p1a: Urshifu|Close Combat|p2a: Chansey\n|-supereffective|p2a: Chansey\n|-damage|p2a: Chansey|0 fnt\n|-unboost|p1a: Urshifu|def|1\n|-unboost|p1a: Urshifu|spd|1\n|faint|p2a: Chansey\n|\n|upkeep\n|\n|t:|1719033744\n|switch|p2a: Lugia|Lugia, L72, tera:Steel|272/272\n|turn|74\n|\n|t:|1719033751\n|switch|p1a: Kilowattrel|Kilowattrel, L83, M|227/252\n|move|p2a: Lugia|Calm Mind|p2a: Lugia\n|-boost|p2a: Lugia|spa|1\n|-boost|p2a: Lugia|spd|1\n|\n|upkeep\n|turn|75\n|\n|t:|1719033758\n|move|p1a: Kilowattrel|Thunder Wave|p2a: Lugia\n|-status|p2a: Lugia|par\n|move|p2a: Lugia|Calm Mind|p2a: Lugia\n|-boost|p2a: Lugia|spa|1\n|-boost|p2a: Lugia|spd|1\n|\n|upkeep\n|turn|76\n|\n|t:|1719033768\n|move|p1a: Kilowattrel|U-turn|p2a: Lugia\n|-resisted|p2a: Lugia\n|-damage|p2a: Lugia|263/272 par\n|\n|t:|1719033773\n|switch|p1a: Solgaleo|Solgaleo, L74|251/325|[from] U-turn\n|cant|p2a: Lugia|par\n|\n|upkeep\n|turn|77\n|\n|t:|1719033786\n|move|p1a: Solgaleo|Flame Charge|p2a: Lugia\n|-supereffective|p2a: Lugia\n|-damage|p2a: Lugia|193/272 par\n|-boost|p1a: Solgaleo|spe|1\n|move|p2a: Lugia|Recover|p2a: Lugia\n|-heal|p2a: Lugia|272/272 par\n|\n|upkeep\n|turn|78\n|\n|t:|1719033798\n|move|p1a: Solgaleo|Knock Off|p2a: Lugia\n|-damage|p2a: Lugia|253/272 par\n|cant|p2a: Lugia|par\n|\n|upkeep\n|turn|79\n|\n|t:|1719033805\n|move|p1a: Solgaleo|Close Combat|p2a: Lugia\n|-supereffective|p2a: Lugia\n|-damage|p2a: Lugia|109/272 par\n|-unboost|p1a: Solgaleo|def|1\n|-unboost|p1a: Solgaleo|spd|1\n|move|p2a: Lugia|Calm Mind|p2a: Lugia\n|-boost|p2a: Lugia|spa|1\n|-boost|p2a: Lugia|spd|1\n|\n|upkeep\n|turn|80\n|\n|t:|1719033813\n|move|p1a: Solgaleo|Close Combat|p2a: Lugia\n|-supereffective|p2a: Lugia\n|-damage|p2a: Lugia|0 fnt\n|-unboost|p1a: Solgaleo|def|1\n|-unboost|p1a: Solgaleo|spd|1\n|faint|p2a: Lugia\n|\n|win|Msgicbounce\n|raw|Msgicbounce's rating: 2201 &rarr; <strong>2226</strong><br />(+25 for winning)\n|raw|ShineSlays's rating: 2293 &rarr; <strong>2268</strong><br />(-25 for losing)\n", "inputlog": ">version 8819e60f9a01cede7471b534a2fb53a3a85674fc\n>start {\"formatid\":\"gen9randombattle\",\"seed\":[64149,8187,2732,42285],\"rated\":\"Rated battle\"}\n>player p1 {\"name\":\"Msgicbounce\",\"avatar\":\"102\",\"rating\":2201,\"seed\":[28369,54327,38934,15497]}\n>player p2 {\"name\":\"ShineSlays\",\"avatar\":\"265\",\"rating\":2293,\"seed\":[37771,5117,2424,17447]}\n>p1 move glare\n>p2 switch 3\n>p1 move gunkshot\n>p2 move knockoff\n>p1 move gunkshot\n>p2 move tripleaxel\n>p2 switch 3\n>p1 switch 5\n>p2 move earthquake\n>p1 move uturn\n>p2 switch 2\n>p1 switch 2\n>p1 move scaleshot\n>p2 switch 6\n>p1 switch 6\n>p2 move iciclecrash\n>p1 move wish\n>p2 switch 6\n>p1 switch 6\n>p2 move thunderwave\n>p1 move scaleshot\n>p2 switch 4\n>p1 switch 6\n>p2 move sleeppowder\n>p1 switch 5\n>p2 switch 6\n>p1 switch 4\n>p2 move iciclecrash\n>p1 move uturn\n>p2 switch 5\n>p1 switch 2\n>p1 move thunderbolt\n>p2 switch 2\n>p1 move uturn\n>p2 move hurricane\n>p1 switch 5\n>p1 switch 5\n>p2 switch 5\n>p1 move uturn\n>p2 move iciclecrash\n>p1 switch 5\n>p1 move wish\n>p2 move iciclecrash\n>p1 move wish\n>p2 switch 4\n>p1 move wish\n>p2 move seismictoss\n>p1 move protect\n>p2 switch 5\n>p1 move wish\n>p2 move wish\n>p1 move mudshot\n>p2 switch 4\n>p1 move mudshot\n>p2 switch 5\n>p1 switch 6\n>p2 move thunderwave\n>p1 move scaleshot\n>p2 switch 6\n>p1 move scaleshot\n>p2 move strengthsap\n>p1 switch 5\n>p2 move quiverdance\n>p1 move thunderwave\n>p2 move sleeppowder\n>p1 move uturn\n>p2 move sleeppowder\n>p1 switch 4\n>p1 switch 6\n>p2 move gigadrain\n>p1 move freezedry\n>p2 switch 6\n>p1 switch 5\n>p2 move healbell\n>p1 move scaleshot\n>p2 switch 6\n>p1 move swordsdance\n>p2 move strengthsap\n>p1 move scaleshot\n>p2 move strengthsap\n>p1 switch 5\n>p2 move quiverdance\n>p1 move freezedry\n>p2 switch 4\n>p1 move wish\n>p2 move wish\n>p1 move mudshot\n>p2 switch 5\n>p1 move mudshot\n>p2 switch 6\n>p1 switch 5\n>p2 move softboiled\n>p1 move swordsdance\n>p2 switch 4\n>p1 move swordsdance\n>p2 move strengthsap\n>p1 move scaleshot\n>p2 switch 6\n>p2 switch 5\n>chat  dinkdonk14|!\n>p1 switch 3\n>p2 move scaleshot\n>p1 move knockoff\n>p2 switch 2\n>p1 switch 4\n>p2 move recover\n>p1 move thunderbolt\n>p2 switch 2\n>p1 move uturn\n>p2 move uturn\n>p2 switch 2\n>p1 switch 5\n>p1 move mudshot\n>p2 switch 4\n>p1 switch 3\n>p2 switch 2\n>p1 move scaleshot terastallize\n>p2 move scaleshot\n>p2 switch 6\n>p1 switch 5\n>p2 move quiverdance\n>p1 move thunderwave\n>p2 move quiverdance\n>p1 move uturn\n>p2 move quiverdance\n>p1 switch 3\n>p1 move freezedry\n>p2 move gigadrain\n>p1 move freezedry\n>p2 move gigadrain\n>p1 move freezedry\n>p2 switch 2\n>p1 switch 5\n>p2 move thunderwave\n>chat  dinkdonk14|shaboing...\n>p1 move swordsdance\n>p2 move seismictoss\n>p1 move scaleshot\n>p2 switch 2\n>p2 switch 4\n>p1 move scaleshot\n>p2 move earthpower terastallize\n>p1 switch 2\n>p1 switch 3\n>p2 move recover\n>p1 move thunderwave\n>p2 switch 2\n>chat  dinkdonk14|bro is trolling\n>p1 move uturn\n>p2 move thunderwave\n>p1 switch 6\n>p1 move knockoff\n>p2 switch 2\n>p1 switch 6\n>p2 switch 2\n>p1 move uturn\n>p2 move softboiled\n>p1 switch 6\n>p1 move knockoff\n>p2 move seismictoss\n>p1 move knockoff\n>p2 move seismictoss\n>p1 switch 3\n>p1 move closecombat\n>p2 move thunderwave\n>p2 switch 2\n>p1 switch 6\n>p2 move calmmind\n>p1 move thunderwave\n>p2 move calmmind\n>p1 move uturn\n>p2 move recover\n>p1 switch 4\n>p1 move flamecharge\n>p2 move recover\n>p1 move knockoff\n>p2 move calmmind\n>p1 move closecombat\n>p2 move calmmind\n>p1 move closecombat\n>p2 move aeroblast", "uploadtime": 1719033827, "views": 182, "formatid": "gen9randombattle", "rating": 2226, "private": 0, "password": null}