{"id": "gen9randombattle-2011627918", "format": "[Gen 9] Random Battle", "players": ["TEAM CHARM", "KyogreF4N"], "log": "|j|\u2606TEAM CHARM\n|j|\u2606KyogreF4N\n|t:|1702582622\n|gametype|singles\n|player|p1|TEAM CHARM|misty-gen2|2313\n|player|p2|KyogreF4N|lucas|2307\n|teamsize|p1|6\n|teamsize|p2|6\n|gen|9\n|tier|[Gen 9] Random Battle\n|rated|\n|rule|Species Clause: Limit one of each Pok\u00e9mon\n|rule|HP Percentage Mod: HP is shown in percentages\n|rule|Sleep Clause Mod: Limit one foe put to sleep\n|rule|Illusion Level Mod: Illusion disguises the Pok\u00e9mon's true level\n|\n|t:|1702582622\n|start\n|switch|p1a: Masquerain|Masquerain, L87, M|264/264\n|switch|p2a: Arboliva|Arboliva, L90, F|287/287\n|-ability|p1a: Masquerain|Intimidate|boost\n|-unboost|p2a: Arboliva|atk|1\n|turn|1\n|inactive|Battle timer is ON: inactive players will automatically lose when time's up. (requested by TEAM CHARM)\n|\n|t:|1702582649\n|switch|p2a: Pikachu|Pikachu-Unova, L93, M|216/216\n|move|p1a: Masquerain|Sticky Web|p2a: Pikachu\n|-sidestart|p2: KyogreF4N|move: Sticky Web\n|\n|upkeep\n|turn|2\n|\n|t:|1702582659\n|switch|p1a: Ting-Lu|Ting-Lu, L78|370/370\n|-ability|p1a: Ting-Lu|Vessel of Ruin\n|move|p2a: Pikachu|Volt Tackle|p1a: Ting-Lu\n|-immune|p1a: Ting-Lu\n|\n|upkeep\n|turn|3\n|\n|t:|1702582669\n|switch|p2a: Arboliva|Arboliva, L90, F|287/287\n|-activate|p2a: Arboliva|move: Sticky Web\n|-unboost|p2a: Arboliva|spe|1\n|move|p1a: Ting-Lu|Stealth Rock|p2a: Arboliva\n|-sidestart|p2: KyogreF4N|move: Stealth Rock\n|\n|upkeep\n|turn|4\n|\n|t:|1702582674\n|switch|p1a: Masquerain|Masquerain, L87, M|264/264\n|-ability|p1a: Masquerain|Intimidate|boost\n|-unboost|p2a: Arboliva|atk|1\n|move|p2a: Arboliva|Hyper Voice|p1a: Masquerain\n|-damage|p1a: Masquerain|126/264\n|\n|upkeep\n|turn|5\n|inactive|KyogreF4N has 120 seconds left.\n|\n|t:|1702582711\n|switch|p2a: Dugtrio|Dugtrio-Alola, L85, M|198/198\n|-activate|p2a: Dugtrio|move: Sticky Web\n|-unboost|p2a: Dugtrio|spe|1\n|-damage|p2a: Dugtrio|192/198|[from] Stealth Rock\n|move|p1a: Masquerain|Hurricane|p2a: Dugtrio\n|-resisted|p2a: Dugtrio\n|-damage|p2a: Dugtrio|123/198\n|-start|p2a: Dugtrio|confusion\n|\n|upkeep\n|turn|6\n|inactive|KyogreF4N has 120 seconds left.\n|\n|t:|1702582726\n|switch|p1a: Ting-Lu|Ting-Lu, L78|370/370\n|-ability|p1a: Ting-Lu|Vessel of Ruin\n|-activate|p2a: Dugtrio|confusion\n|-damage|p2a: Dugtrio|82/198|[from] confusion\n|\n|upkeep\n|turn|7\n|inactive|KyogreF4N has 120 seconds left.\n|\n|t:|1702582736\n|switch|p2a: Arboliva|Arboliva, L90, F|287/287\n|-activate|p2a: Arboliva|move: Sticky Web\n|-unboost|p2a: Arboliva|spe|1\n|-damage|p2a: Arboliva|252/287|[from] Stealth Rock\n|move|p1a: Ting-Lu|Throat Chop|p2a: Arboliva\n|-damage|p2a: Arboliva|180/287\n|-start|p2a: Arboliva|Throat Chop|[silent]\n|-fieldstart|move: Grassy Terrain|[from] ability: Seed Sower|[of] p2a: Arboliva\n|\n|-heal|p2a: Arboliva|197/287|[from] Grassy Terrain\n|-heal|p2a: Arboliva|214/287|[from] item: Leftovers\n|upkeep\n|turn|8\n|\n|t:|1702582751\n|switch|p1a: Lurantis|Lurantis, L88, M|266/266\n|move|p2a: Arboliva|Dazzling Gleam|p1a: Lurantis\n|-damage|p1a: Lurantis|194/266\n|\n|-heal|p1a: Lurantis|210/266|[from] Grassy Terrain\n|-heal|p1a: Lurantis|226/266|[from] item: Leftovers\n|-heal|p2a: Arboliva|231/287|[from] Grassy Terrain\n|-heal|p2a: Arboliva|248/287|[from] item: Leftovers\n|-end|p2a: Arboliva|Throat Chop|[silent]\n|upkeep\n|turn|9\n|\n|t:|1702582761\n|switch|p2a: Chandelure|Chandelure, L83, M|235/235\n|move|p1a: Lurantis|Leaf Storm|p2a: Chandelure|[miss]\n|-miss|p1a: Lurantis|p2a: Chandelure\n|\n|-heal|p1a: Lurantis|242/266|[from] Grassy Terrain\n|-heal|p1a: Lurantis|258/266|[from] item: Leftovers\n|upkeep\n|turn|10\n|\n|t:|1702582770\n|switch|p1a: Ting-Lu|Ting-Lu, L78|370/370\n|-ability|p1a: Ting-Lu|Vessel of Ruin\n|move|p2a: Chandelure|Calm Mind|p2a: Chandelure\n|-boost|p2a: Chandelure|spa|1\n|-boost|p2a: Chandelure|spd|1\n|\n|upkeep\n|turn|11\n|\n|t:|1702582778\n|-terastallize|p2a: Chandelure|Grass\n|move|p2a: Chandelure|Energy Ball|p1a: Ting-Lu\n|-supereffective|p1a: Ting-Lu\n|-damage|p1a: Ting-Lu|0 fnt\n|faint|p1a: Ting-Lu\n|\n|-fieldend|move: Grassy Terrain\n|upkeep\n|\n|t:|1702582789\n|switch|p1a: Glimmora|Glimmora, L76, M|251/251\n|-item|p1a: Glimmora|Air Balloon\n|turn|12\n|\n|t:|1702582794\n|move|p2a: Chandelure|Shadow Ball|p1a: Glimmora\n|-damage|p1a: Glimmora|44/251\n|-unboost|p1a: Glimmora|spd|1\n|-enditem|p1a: Glimmora|Air Balloon\n|move|p1a: Glimmora|Toxic|p2a: Chandelure\n|-status|p2a: Chandelure|tox\n|\n|-damage|p2a: Chandelure|221/235 tox|[from] psn\n|upkeep\n|turn|13\n|\n|t:|1702582812\n|move|p2a: Chandelure|Shadow Ball|p1a: Glimmora\n|-damage|p1a: Glimmora|0 fnt\n|faint|p1a: Glimmora\n|\n|-damage|p2a: Chandelure|193/235 tox|[from] psn\n|upkeep\n|\n|t:|1702582813\n|switch|p1a: Masquerain|Masquerain, L87, M|126/264\n|-ability|p1a: Masquerain|Intimidate|boost\n|-unboost|p2a: Chandelure|atk|1\n|turn|14\n|\n|t:|1702582817\n|move|p1a: Masquerain|Hurricane|p2a: Chandelure|[miss]\n|-miss|p1a: Masquerain|p2a: Chandelure\n|move|p2a: Chandelure|Shadow Ball|p1a: Masquerain\n|-damage|p1a: Masquerain|0 fnt\n|faint|p1a: Masquerain\n|\n|-damage|p2a: Chandelure|151/235 tox|[from] psn\n|upkeep\n|\n|t:|1702582826\n|switch|p1a: Tauros|Tauros-Paldea-Combat, L84, M|260/260\n|turn|15\n|\n|t:|1702582840\n|switch|p2a: Dugtrio|Dugtrio-Alola, L85, M|82/198\n|-activate|p2a: Dugtrio|move: Sticky Web\n|-unboost|p2a: Dugtrio|spe|1\n|-damage|p2a: Dugtrio|76/198|[from] Stealth Rock\n|move|p1a: Tauros|Substitute|p1a: Tauros\n|-start|p1a: Tauros|Substitute\n|-damage|p1a: Tauros|195/260\n|\n|upkeep\n|turn|16\n|\n|t:|1702582847\n|move|p1a: Tauros|Raging Bull|p2a: Dugtrio\n|-supereffective|p2a: Dugtrio\n|-damage|p2a: Dugtrio|0 fnt\n|-ability|p2a: Dugtrio|Tangling Hair\n|-unboost|p1a: Tauros|spe|1\n|faint|p2a: Dugtrio\n|\n|upkeep\n|\n|t:|1702582859\n|switch|p2a: Ribombee|Ribombee, L82, F|233/233\n|turn|17\n|\n|t:|1702582873\n|move|p2a: Ribombee|Moonblast|p1a: Tauros\n|-supereffective|p1a: Tauros\n|-end|p1a: Tauros|Substitute\n|move|p1a: Tauros|Stone Edge|p2a: Ribombee\n|-supereffective|p2a: Ribombee\n|-damage|p2a: Ribombee|17/233\n|\n|upkeep\n|turn|18\n|\n|t:|1702582884\n|switch|p1a: Lurantis|Lurantis, L88, M|258/266\n|move|p2a: Ribombee|Moonblast|p1a: Lurantis\n|-damage|p1a: Lurantis|174/266\n|-boost|p1a: Lurantis|spa|1\n|\n|-heal|p1a: Lurantis|190/266|[from] item: Leftovers\n|upkeep\n|turn|19\n|inactive|KyogreF4N has 120 seconds left.\n|\n|t:|1702582918\n|switch|p2a: Pikachu|Pikachu-Unova, L93, M|216/216\n|-activate|p2a: Pikachu|move: Sticky Web\n|-unboost|p2a: Pikachu|spe|1\n|-damage|p2a: Pikachu|189/216|[from] Stealth Rock\n|move|p1a: Lurantis|Leaf Storm|p2a: Pikachu\n|-damage|p2a: Pikachu|0 fnt\n|-boost|p1a: Lurantis|spa|2\n|faint|p2a: Pikachu\n|\n|-heal|p1a: Lurantis|206/266|[from] item: Leftovers\n|upkeep\n|inactive|KyogreF4N has 120 seconds left.\n|\n|t:|1702582929\n|switch|p2a: Chandelure|Chandelure, L83, M, tera:Grass|151/235 tox\n|turn|20\n|\n|t:|1702582935\n|-terastallize|p1a: Lurantis|Fighting\n|move|p2a: Chandelure|Fire Blast|p1a: Lurantis|[miss]\n|-miss|p2a: Chandelure|p1a: Lurantis\n|move|p1a: Lurantis|Leaf Storm|p2a: Chandelure\n|-resisted|p2a: Chandelure\n|-damage|p2a: Chandelure|0 fnt\n|-boost|p1a: Lurantis|spa|2\n|faint|p2a: Chandelure\n|\n|-heal|p1a: Lurantis|222/266|[from] item: Leftovers\n|upkeep\n|\n|t:|1702582942\n|switch|p2a: Ribombee|Ribombee, L82, F|17/233\n|turn|21\n|\n|t:|1702582954\n|move|p2a: Ribombee|Moonblast|p1a: Lurantis\n|-supereffective|p1a: Lurantis\n|-damage|p1a: Lurantis|60/266\n|-boost|p1a: Lurantis|spa|1\n|move|p1a: Lurantis|Knock Off|p2a: Ribombee\n|-resisted|p2a: Ribombee\n|-damage|p2a: Ribombee|0 fnt\n|-enditem|p2a: Ribombee|Heavy-Duty Boots|[from] move: Knock Off|[of] p1a: Lurantis\n|faint|p2a: Ribombee\n|\n|-heal|p1a: Lurantis|76/266|[from] item: Leftovers\n|upkeep\n|\n|t:|1702582969\n|switch|p2a: Arboliva|Arboliva, L90, F|248/287\n|-activate|p2a: Arboliva|move: Sticky Web\n|-unboost|p2a: Arboliva|spe|1\n|-damage|p2a: Arboliva|213/287|[from] Stealth Rock\n|turn|22\n|\n|t:|1702582975\n|move|p1a: Lurantis|Synthesis|p1a: Lurantis\n|-heal|p1a: Lurantis|209/266\n|move|p2a: Arboliva|Hyper Voice|p1a: Lurantis\n|-damage|p1a: Lurantis|77/266\n|\n|-heal|p1a: Lurantis|93/266|[from] item: Leftovers\n|-heal|p2a: Arboliva|230/287|[from] item: Leftovers\n|upkeep\n|turn|23\n|\n|t:|1702582978\n|move|p1a: Lurantis|Synthesis|p1a: Lurantis\n|-heal|p1a: Lurantis|226/266\n|move|p2a: Arboliva|Energy Ball|p1a: Lurantis\n|-damage|p1a: Lurantis|105/266\n|\n|-heal|p1a: Lurantis|121/266|[from] item: Leftovers\n|-heal|p2a: Arboliva|247/287|[from] item: Leftovers\n|upkeep\n|turn|24\n|\n|t:|1702582983\n|move|p1a: Lurantis|Synthesis|p1a: Lurantis\n|-heal|p1a: Lurantis|254/266\n|move|p2a: Arboliva|Hyper Voice|p1a: Lurantis\n|-damage|p1a: Lurantis|125/266\n|\n|-heal|p1a: Lurantis|141/266|[from] item: Leftovers\n|-heal|p2a: Arboliva|264/287|[from] item: Leftovers\n|upkeep\n|turn|25\n|\n|t:|1702582987\n|move|p1a: Lurantis|Superpower|p2a: Arboliva\n|-supereffective|p2a: Arboliva\n|-damage|p2a: Arboliva|12/287\n|-boost|p1a: Lurantis|atk|1\n|-boost|p1a: Lurantis|def|1\n|-fieldstart|move: Grassy Terrain|[from] ability: Seed Sower|[of] p2a: Arboliva\n|move|p2a: Arboliva|Energy Ball|p1a: Lurantis\n|-damage|p1a: Lurantis|0 fnt\n|faint|p1a: Lurantis\n|\n|-heal|p2a: Arboliva|29/287|[from] Grassy Terrain\n|-heal|p2a: Arboliva|46/287|[from] item: Leftovers\n|upkeep\n|\n|t:|1702582992\n|switch|p1a: Tauros|Tauros-Paldea-Combat, L84, M|195/260\n|turn|26\n|\n|t:|1702582998\n|switch|p2a: Dondozo|Dondozo, L78, F|362/362\n|-activate|p2a: Dondozo|move: Sticky Web\n|-unboost|p2a: Dondozo|spe|1\n|-damage|p2a: Dondozo|317/362|[from] Stealth Rock\n|move|p1a: Tauros|Raging Bull|p2a: Dondozo\n|-damage|p2a: Dondozo|221/362\n|\n|-heal|p1a: Tauros|211/260|[from] Grassy Terrain\n|-heal|p2a: Dondozo|243/362|[from] Grassy Terrain\n|-heal|p2a: Dondozo|265/362|[from] item: Leftovers\n|upkeep\n|turn|27\n|\n|t:|1702583010\n|move|p1a: Tauros|Raging Bull|p2a: Dondozo\n|-damage|p2a: Dondozo|168/362\n|move|p2a: Dondozo|Curse|p2a: Dondozo\n|-unboost|p2a: Dondozo|spe|1\n|-boost|p2a: Dondozo|atk|1\n|-boost|p2a: Dondozo|def|1\n|\n|-heal|p1a: Tauros|227/260|[from] Grassy Terrain\n|-heal|p2a: Dondozo|190/362|[from] Grassy Terrain\n|-heal|p2a: Dondozo|212/362|[from] item: Leftovers\n|upkeep\n|turn|28\n|\n|t:|1702583014\n|switch|p1a: Sableye|Sableye, L90, F|236/236\n|move|p2a: Dondozo|Rest|p2a: Dondozo\n|-status|p2a: Dondozo|slp|[from] move: Rest\n|-heal|p2a: Dondozo|362/362 slp|[silent]\n|\n|upkeep\n|turn|29\n|\n|t:|1702583017\n|move|p1a: Sableye|Encore|p2a: Dondozo\n|-start|p2a: Dondozo|Encore\n|cant|p2a: Dondozo|slp\n|\n|-fieldend|move: Grassy Terrain\n|upkeep\n|turn|30\n|\n|t:|1702583020\n|move|p1a: Sableye|Knock Off|p2a: Dondozo\n|-damage|p2a: Dondozo|302/362 slp\n|-enditem|p2a: Dondozo|Leftovers|[from] move: Knock Off|[of] p1a: Sableye\n|cant|p2a: Dondozo|slp\n|\n|upkeep\n|turn|31\n|\n|t:|1702583023\n|move|p1a: Sableye|Knock Off|p2a: Dondozo\n|-damage|p2a: Dondozo|262/362 slp\n|-curestatus|p2a: Dondozo|slp|[msg]\n|move|p2a: Dondozo|Rest|p2a: Dondozo\n|-status|p2a: Dondozo|slp|[from] move: Rest\n|-heal|p2a: Dondozo|362/362 slp|[silent]\n|\n|-end|p2a: Dondozo|Encore\n|upkeep\n|turn|32\n|\n|t:|1702583027\n|move|p1a: Sableye|Encore|p2a: Dondozo\n|-start|p2a: Dondozo|Encore\n|cant|p2a: Dondozo|slp\n|\n|upkeep\n|turn|33\n|\n|t:|1702583029\n|move|p1a: Sableye|Knock Off|p2a: Dondozo\n|-damage|p2a: Dondozo|323/362 slp\n|cant|p2a: Dondozo|slp\n|\n|upkeep\n|turn|34\n|\n|t:|1702583045\n|move|p1a: Sableye|Knock Off|p2a: Dondozo\n|-damage|p2a: Dondozo|284/362 slp\n|-curestatus|p2a: Dondozo|slp|[msg]\n|move|p2a: Dondozo|Rest|p2a: Dondozo\n|-status|p2a: Dondozo|slp|[from] move: Rest\n|-heal|p2a: Dondozo|362/362 slp|[silent]\n|\n|-end|p2a: Dondozo|Encore\n|upkeep\n|turn|35\n|\n|t:|1702583050\n|move|p1a: Sableye|Encore|p2a: Dondozo\n|-start|p2a: Dondozo|Encore\n|cant|p2a: Dondozo|slp\n|\n|upkeep\n|turn|36\n|inactive|TEAM CHARM has 120 seconds left.\n|\n|t:|1702583086\n|move|p1a: Sableye|Knock Off|p2a: Dondozo\n|-damage|p2a: Dondozo|325/362 slp\n|cant|p2a: Dondozo|slp\n|\n|upkeep\n|turn|37\n|\n|t:|1702583093\n|move|p1a: Sableye|Knock Off|p2a: Dondozo\n|-damage|p2a: Dondozo|285/362 slp\n|-curestatus|p2a: Dondozo|slp|[msg]\n|move|p2a: Dondozo|Rest|p2a: Dondozo\n|-status|p2a: Dondozo|slp|[from] move: Rest\n|-heal|p2a: Dondozo|362/362 slp|[silent]\n|\n|-end|p2a: Dondozo|Encore\n|upkeep\n|turn|38\n|j| avggmr\n|\n|t:|1702583098\n|move|p1a: Sableye|Encore|p2a: Dondozo\n|-start|p2a: Dondozo|Encore\n|cant|p2a: Dondozo|slp\n|\n|upkeep\n|turn|39\n|\n|t:|1702583101\n|move|p1a: Sableye|Knock Off|p2a: Dondozo\n|-damage|p2a: Dondozo|322/362 slp\n|cant|p2a: Dondozo|slp\n|\n|upkeep\n|turn|40\n|\n|t:|1702583111\n|move|p1a: Sableye|Knock Off|p2a: Dondozo\n|-damage|p2a: Dondozo|282/362 slp\n|-curestatus|p2a: Dondozo|slp|[msg]\n|move|p2a: Dondozo|Rest|p2a: Dondozo\n|-status|p2a: Dondozo|slp|[from] move: Rest\n|-heal|p2a: Dondozo|362/362 slp|[silent]\n|\n|-end|p2a: Dondozo|Encore\n|upkeep\n|turn|41\n|\n|t:|1702583118\n|move|p1a: Sableye|Encore|p2a: Dondozo\n|-start|p2a: Dondozo|Encore\n|cant|p2a: Dondozo|slp\n|\n|upkeep\n|turn|42\n|\n|t:|1702583128\n|move|p1a: Sableye|Knock Off|p2a: Dondozo\n|-damage|p2a: Dondozo|320/362 slp\n|cant|p2a: Dondozo|slp\n|\n|upkeep\n|turn|43\n|\n|t:|1702583130\n|move|p1a: Sableye|Knock Off|p2a: Dondozo\n|-damage|p2a: Dondozo|283/362 slp\n|-curestatus|p2a: Dondozo|slp|[msg]\n|move|p2a: Dondozo|Rest|p2a: Dondozo\n|-status|p2a: Dondozo|slp|[from] move: Rest\n|-heal|p2a: Dondozo|362/362 slp|[silent]\n|\n|-end|p2a: Dondozo|Encore\n|upkeep\n|turn|44\n|\n|t:|1702583133\n|move|p1a: Sableye|Knock Off|p2a: Dondozo\n|-damage|p2a: Dondozo|325/362 slp\n|cant|p2a: Dondozo|slp\n|move|p2a: Dondozo|Sleep Talk|p2a: Dondozo\n|move|p2a: Dondozo|Curse|p2a: Dondozo|[from]move: Sleep Talk\n|-unboost|p2a: Dondozo|spe|1\n|-boost|p2a: Dondozo|atk|1\n|-boost|p2a: Dondozo|def|1\n|\n|upkeep\n|turn|45\n|\n|t:|1702583136\n|move|p1a: Sableye|Knock Off|p2a: Dondozo\n|-damage|p2a: Dondozo|298/362 slp\n|cant|p2a: Dondozo|slp\n|move|p2a: Dondozo|Sleep Talk|p2a: Dondozo\n|move|p2a: Dondozo|Wave Crash|p1a: Sableye|[from]move: Sleep Talk\n|-damage|p1a: Sableye|1/236\n|-damage|p2a: Dondozo|220/362 slp|[from] Recoil\n|\n|-heal|p1a: Sableye|15/236|[from] item: Leftovers\n|upkeep\n|turn|46\n|\n|t:|1702583141\n|move|p1a: Sableye|Encore||[still]\n|-fail|p1a: Sableye\n|-curestatus|p2a: Dondozo|slp|[msg]\n|move|p2a: Dondozo|Wave Crash|p1a: Sableye\n|-damage|p1a: Sableye|0 fnt\n|faint|p1a: Sableye\n|-damage|p2a: Dondozo|215/362|[from] Recoil\n|\n|upkeep\n|\n|t:|1702583143\n|switch|p1a: Tauros|Tauros-Paldea-Combat, L84, M|227/260\n|turn|47\n|\n|t:|1702583148\n|move|p1a: Tauros|Stone Edge|p2a: Dondozo\n|-damage|p2a: Dondozo|181/362\n|move|p2a: Dondozo|Rest|p2a: Dondozo\n|-status|p2a: Dondozo|slp|[from] move: Rest\n|-heal|p2a: Dondozo|362/362 slp|[silent]\n|\n|upkeep\n|turn|48\n|\n|t:|1702583154\n|move|p1a: Tauros|Substitute|p1a: Tauros\n|-start|p1a: Tauros|Substitute\n|-damage|p1a: Tauros|162/260\n|cant|p2a: Dondozo|slp\n|move|p2a: Dondozo|Sleep Talk|p2a: Dondozo\n|move|p2a: Dondozo|Curse|p2a: Dondozo|[from]move: Sleep Talk\n|-unboost|p2a: Dondozo|spe|1\n|-boost|p2a: Dondozo|atk|1\n|-boost|p2a: Dondozo|def|1\n|\n|upkeep\n|turn|49\n|\n|t:|1702583158\n|move|p1a: Tauros|Stone Edge|p2a: Dondozo\n|-damage|p2a: Dondozo|332/362 slp\n|cant|p2a: Dondozo|slp\n|move|p2a: Dondozo|Sleep Talk|p2a: Dondozo\n|move|p2a: Dondozo|Curse|p2a: Dondozo|[from]move: Sleep Talk\n|-unboost|p2a: Dondozo|spe|1\n|-boost|p2a: Dondozo|atk|1\n|-boost|p2a: Dondozo|def|1\n|\n|upkeep\n|turn|50\n|j| Codyxsavagex\n|\n|t:|1702583161\n|move|p1a: Tauros|Stone Edge|p2a: Dondozo\n|-damage|p2a: Dondozo|310/362 slp\n|-curestatus|p2a: Dondozo|slp|[msg]\n|move|p2a: Dondozo|Wave Crash|p1a: Tauros\n|-end|p1a: Tauros|Substitute\n|-damage|p2a: Dondozo|289/362|[from] Recoil|[of] p1a: Tauros\n|\n|upkeep\n|turn|51\n|\n|t:|1702583164\n|move|p1a: Tauros|Substitute|p1a: Tauros\n|-start|p1a: Tauros|Substitute\n|-damage|p1a: Tauros|97/260\n|-enditem|p1a: Tauros|Sitrus Berry|[eat]\n|-heal|p1a: Tauros|162/260|[from] item: Sitrus Berry\n|move|p2a: Dondozo|Wave Crash|p1a: Tauros\n|-end|p1a: Tauros|Substitute\n|-damage|p2a: Dondozo|268/362|[from] Recoil|[of] p1a: Tauros\n|\n|upkeep\n|turn|52\n|\n|t:|1702583169\n|move|p1a: Tauros|Stone Edge|p2a: Dondozo\n|-damage|p2a: Dondozo|244/362\n|move|p2a: Dondozo|Wave Crash|p1a: Tauros\n|-damage|p1a: Tauros|0 fnt\n|faint|p1a: Tauros\n|-damage|p2a: Dondozo|191/362|[from] Recoil\n|\n|win|KyogreF4N\n|raw|TEAM CHARM's rating: 2325 &rarr; <strong>2304</strong><br />(-21 for losing)\n|raw|KyogreF4N's rating: 2307 &rarr; <strong>2328</strong><br />(+21 for winning)\n|l|\u2606TEAM CHARM\n", "inputlog": ">version 95ce5c3715da640275f4b2c31adef9e30efcc55c\n>start {\"formatid\":\"gen9randombattle\",\"seed\":[6334,28965,60950,64193],\"rated\":\"Rated battle\"}\n>player p1 {\"name\":\"TEAM CHARM\",\"avatar\":\"misty-gen2\",\"rating\":2313,\"seed\":[35671,54727,18008,37056]}\n>player p2 {\"name\":\"KyogreF4N\",\"avatar\":\"lucas\",\"rating\":2307,\"seed\":[62937,23288,39780,61136]}\n>p1 move stickyweb\n>p2 switch 5\n>p1 switch 6\n>p2 move volttackle\n>p1 move stealthrock\n>p2 switch 5\n>p1 switch 6\n>p2 move hypervoice\n>p1 move hurricane\n>p2 switch 3\n>p1 switch 6\n>p2 move ironhead\n>p1 move throatchop\n>p2 switch 3\n>p1 switch 3\n>p2 move dazzlinggleam\n>p1 move leafstorm\n>p2 switch 2\n>p1 switch 3\n>p2 move calmmind\n>p1 move earthquake\n>p2 move energyball terastallize\n>p1 switch 2\n>p1 move toxic\n>p2 move shadowball\n>p1 move sludgewave\n>p2 move shadowball\n>p1 switch 6\n>p1 move hurricane\n>p2 move shadowball\n>p1 switch 4\n>p1 move substitute\n>p2 switch 3\n>p1 move ragingbull\n>p2 move ironhead\n>p2 switch 4\n>p1 move stoneedge\n>p2 move moonblast\n>p1 switch 3\n>p2 move moonblast\n>p1 move leafstorm\n>p2 switch 5\n>p2 switch 3\n>p1 move leafstorm terastallize\n>p2 move fireblast\n>p2 switch 5\n>p1 move knockoff\n>p2 move moonblast\n>p2 switch 2\n>p1 move synthesis\n>p2 move hypervoice\n>p1 move synthesis\n>p2 move energyball\n>p1 move synthesis\n>p2 move hypervoice\n>p1 move superpower\n>p2 move energyball\n>p1 switch 3\n>p1 move ragingbull\n>p2 switch 6\n>p1 move ragingbull\n>p2 move curse\n>p1 switch 5\n>p2 move rest\n>p1 move encore\n>p2 move sleeptalk\n>p1 move knockoff\n>p2 move rest\n>p1 move knockoff\n>p2 move rest\n>p1 move encore\n>p2 move sleeptalk\n>p1 move knockoff\n>p2 move rest\n>p1 move knockoff\n>p2 move rest\n>p1 move encore\n>p2 move sleeptalk\n>p1 move knockoff\n>p2 move rest\n>p1 move knockoff\n>p2 move rest\n>p1 move encore\n>p2 move sleeptalk\n>p1 move knockoff\n>p2 move rest\n>p1 move knockoff\n>p2 move rest\n>p1 move encore\n>p2 move sleeptalk\n>p1 move knockoff\n>p2 move rest\n>p1 move knockoff\n>p2 move rest\n>p1 move knockoff\n>p2 move sleeptalk\n>p1 move knockoff\n>p2 move sleeptalk\n>p1 move encore\n>p2 move wavecrash\n>p1 switch 5\n>p1 move stoneedge\n>p2 move rest\n>p1 move substitute\n>p2 move sleeptalk\n>p1 move stoneedge\n>p2 move sleeptalk\n>p1 move stoneedge\n>p2 move wavecrash\n>p1 move substitute\n>p2 move wavecrash\n>p1 move stoneedge\n>p2 move wavecrash", "uploadtime": 1702583174, "views": 296, "formatid": "gen9randombattle", "rating": 2304, "private": 0, "password": null}