{"id": "gen9randombattle-2260359177", "format": "[Gen 9] Random Battle", "players": ["Schjtbak", "tgghtggg"], "log": "|j|\u203dSchjtbak\n|j|\u2606tgghtggg\n|t:|1733843763\n|gametype|singles\n|player|p1|Schjtbak|101|1000\n|player|p2|tgghtggg|2|1000\n|teamsize|p1|6\n|teamsize|p2|6\n|gen|9\n|tier|[Gen 9] Random Battle\n|rated|\n|rule|Species Clause: Limit one of each Pok\u00e9mon\n|rule|HP Percentage Mod: HP is shown in percentages\n|rule|Sleep Clause Mod: Limit one foe put to sleep\n|rule|Illusion Level Mod: Illusion disguises the Pok\u00e9mon's true level\n|\n|t:|1733843763\n|start\n|switch|p1a: Serperior|Serperior, L79, F|248/248\n|switch|p2a: Kingdra|Kingdra, L84, F|263/263\n|turn|1\n|\n|t:|1733843784\n|move|p1a: Serperior|Glare|p2a: Kingdra\n|-status|p2a: Kingdra|par\n|-enditem|p2a: Kingdra|Lum Berry|[eat]\n|-curestatus|p2a: Kingdra|par|[msg]\n|move|p2a: Kingdra|Outrage|p1a: Serperior\n|-damage|p1a: Serperior|128/248\n|\n|upkeep\n|turn|2\n|inactive|Battle timer is ON: inactive players will automatically lose when time's up. (requested by Schjtbak)\n|\n|t:|1733843796\n|switch|p1a: Dewgong|Dewgong, L94, M|322/322\n|move|p2a: Kingdra|Outrage|p1a: Dewgong|[from]lockedmove\n|-damage|p1a: Dewgong|210/322\n|-start|p2a: Kingdra|confusion|[fatigue]\n|\n|upkeep\n|turn|3\n|\n|t:|1733843809\n|switch|p2a: Lanturn|Lanturn, L89, M|367/367\n|move|p1a: Dewgong|Triple Axel|p2a: Lanturn\n|-resisted|p2a: Lanturn\n|-damage|p2a: Lanturn|352/367\n|-resisted|p2a: Lanturn\n|-damage|p2a: Lanturn|326/367\n|-resisted|p2a: Lanturn\n|-damage|p2a: Lanturn|290/367\n|-hitcount|p2a: Lanturn|3\n|\n|-heal|p2a: Lanturn|312/367|[from] item: Leftovers\n|upkeep\n|turn|4\n|\n|t:|1733843830\n|switch|p1a: Sawsbuck|Sawsbuck-Winter, L88, M|284/284\n|move|p2a: Lanturn|Thunderbolt|p1a: Sawsbuck\n|-resisted|p1a: Sawsbuck\n|-damage|p1a: Sawsbuck|233/284\n|\n|-heal|p2a: Lanturn|334/367|[from] item: Leftovers\n|upkeep\n|turn|5\n|\n|t:|1733843843\n|move|p1a: Sawsbuck|Swords Dance|p1a: Sawsbuck\n|-boost|p1a: Sawsbuck|atk|2\n|move|p2a: Lanturn|Volt Switch|p1a: Sawsbuck\n|-resisted|p1a: Sawsbuck\n|-damage|p1a: Sawsbuck|196/284\n|\n|t:|1733843854\n|switch|p2a: Falinks|Falinks, L84|246/246|[from] Volt Switch\n|\n|upkeep\n|turn|6\n|inactive|tgghtggg has 120 seconds left.\n|\n|t:|1733843871\n|move|p1a: Sawsbuck|High Horsepower|p2a: Falinks\n|-damage|p2a: Falinks|71/246\n|-damage|p1a: Sawsbuck|168/284|[from] item: Life Orb\n|move|p2a: Falinks|No Retreat|p2a: Falinks\n|-boost|p2a: Falinks|atk|1\n|-boost|p2a: Falinks|def|1\n|-boost|p2a: Falinks|spa|1\n|-boost|p2a: Falinks|spd|1\n|-boost|p2a: Falinks|spe|1\n|-start|p2a: Falinks|move: No Retreat\n|\n|upkeep\n|turn|7\n|inactive|tgghtggg has 120 seconds left.\n|\n|t:|1733843883\n|move|p2a: Falinks|Close Combat|p1a: Sawsbuck\n|-supereffective|p1a: Sawsbuck\n|-damage|p1a: Sawsbuck|0 fnt\n|-unboost|p2a: Falinks|def|1\n|-unboost|p2a: Falinks|spd|1\n|faint|p1a: Sawsbuck\n|-damage|p2a: Falinks|47/246|[from] item: Life Orb\n|\n|upkeep\n|\n|t:|1733843890\n|switch|p1a: Zapdos|Zapdos, L78|268/268\n|turn|8\n|\n|t:|1733843898\n|move|p2a: Falinks|Close Combat|p1a: Zapdos\n|-resisted|p1a: Zapdos\n|-damage|p1a: Zapdos|124/268\n|-unboost|p2a: Falinks|def|1\n|-unboost|p2a: Falinks|spd|1\n|-status|p2a: Falinks|par|[from] ability: Static|[of] p1a: Zapdos\n|-damage|p2a: Falinks|23/246 par|[from] item: Life Orb\n|move|p1a: Zapdos|Heat Wave|p2a: Falinks\n|-damage|p2a: Falinks|0 fnt\n|faint|p2a: Falinks\n|\n|upkeep\n|inactive|tgghtggg has 120 seconds left.\n|\n|t:|1733843917\n|switch|p2a: Bombirdier|Bombirdier, L85, F|258/258\n|turn|9\n|\n|t:|1733843924\n|move|p1a: Zapdos|Discharge|p2a: Bombirdier\n|-supereffective|p2a: Bombirdier\n|-damage|p2a: Bombirdier|70/258\n|move|p2a: Bombirdier|Brave Bird|p1a: Zapdos\n|-resisted|p1a: Zapdos\n|-damage|p1a: Zapdos|50/268\n|-damage|p2a: Bombirdier|46/258|[from] Recoil\n|\n|upkeep\n|turn|10\n|\n|t:|1733843935\n|move|p1a: Zapdos|Discharge|p2a: Bombirdier\n|-supereffective|p2a: Bombirdier\n|-damage|p2a: Bombirdier|0 fnt\n|faint|p2a: Bombirdier\n|\n|upkeep\n|\n|t:|1733843944\n|switch|p2a: Ribombee|Ribombee, L82, M|233/233\n|turn|11\n|\n|t:|1733843953\n|move|p2a: Ribombee|Bug Buzz|p1a: Zapdos\n|-resisted|p1a: Zapdos\n|-damage|p1a: Zapdos|6/268\n|move|p1a: Zapdos|Heat Wave|p2a: Ribombee\n|-supereffective|p2a: Ribombee\n|-crit|p2a: Ribombee\n|-damage|p2a: Ribombee|0 fnt\n|faint|p2a: Ribombee\n|\n|upkeep\n|\n|t:|1733843966\n|switch|p2a: Lanturn|Lanturn, L89, M|334/367\n|turn|12\n|\n|t:|1733843972\n|move|p1a: Zapdos|Roost|p1a: Zapdos\n|-heal|p1a: Zapdos|140/268\n|-singleturn|p1a: Zapdos|move: Roost\n|move|p2a: Lanturn|Volt Switch|p1a: Zapdos\n|-resisted|p1a: Zapdos\n|-damage|p1a: Zapdos|104/268\n|\n|t:|1733843983\n|switch|p2a: Kingdra|Kingdra, L84, F|263/263|[from] Volt Switch\n|\n|upkeep\n|turn|13\n|\n|t:|1733843989\n|move|p1a: Zapdos|Roost|p1a: Zapdos\n|-heal|p1a: Zapdos|238/268\n|-singleturn|p1a: Zapdos|move: Roost\n|move|p2a: Kingdra|Outrage|p1a: Zapdos\n|-crit|p1a: Zapdos\n|-damage|p1a: Zapdos|0 fnt\n|faint|p1a: Zapdos\n|\n|upkeep\n|\n|t:|1733844001\n|switch|p1a: Dewgong|Dewgong, L94, M|210/322\n|turn|14\n|\n|t:|1733844004\n|move|p2a: Kingdra|Outrage|p1a: Dewgong|[from]lockedmove\n|-damage|p1a: Dewgong|101/322\n|move|p1a: Dewgong|Triple Axel|p2a: Kingdra\n|-damage|p2a: Kingdra|242/263\n|-damage|p2a: Kingdra|205/263\n|-damage|p2a: Kingdra|141/263\n|-hitcount|p2a: Kingdra|3\n|\n|upkeep\n|turn|15\n|\n|t:|1733844016\n|move|p2a: Kingdra|Outrage|p1a: Dewgong|[from]lockedmove\n|-damage|p1a: Dewgong|0 fnt\n|faint|p1a: Dewgong\n|-start|p2a: Kingdra|confusion|[fatigue]\n|\n|upkeep\n|\n|t:|1733844023\n|switch|p1a: Serperior|Serperior, L79, F|128/248\n|turn|16\n|\n|t:|1733844028\n|move|p1a: Serperior|Synthesis|p1a: Serperior\n|-heal|p1a: Serperior|248/248\n|-activate|p2a: Kingdra|confusion\n|move|p2a: Kingdra|Outrage|p1a: Serperior\n|-damage|p1a: Serperior|130/248\n|\n|upkeep\n|turn|17\n|\n|t:|1733844036\n|move|p1a: Serperior|Leaf Storm|p2a: Kingdra\n|-damage|p2a: Kingdra|15/263\n|-boost|p1a: Serperior|spa|2\n|-damage|p1a: Serperior|106/248|[from] item: Life Orb\n|-end|p2a: Kingdra|confusion\n|move|p2a: Kingdra|Outrage|p1a: Serperior|[from]lockedmove\n|-crit|p1a: Serperior\n|-damage|p1a: Serperior|0 fnt\n|faint|p1a: Serperior\n|-start|p2a: Kingdra|confusion|[fatigue]\n|\n|upkeep\n|\n|t:|1733844047\n|switch|p1a: Clawitzer|Clawitzer, L87, M|265/265\n|turn|18\n|\n|t:|1733844056\n|-activate|p2a: Kingdra|confusion\n|move|p2a: Kingdra|Outrage|p1a: Clawitzer\n|-damage|p1a: Clawitzer|142/265\n|move|p1a: Clawitzer|Dragon Pulse|p2a: Kingdra\n|-supereffective|p2a: Kingdra\n|-damage|p2a: Kingdra|0 fnt\n|faint|p2a: Kingdra\n|\n|upkeep\n|\n|t:|1733844067\n|switch|p2a: Lanturn|Lanturn, L89, M|334/367\n|turn|19\n|\n|t:|1733844071\n|move|p2a: Lanturn|Thunderbolt|p1a: Clawitzer\n|-supereffective|p1a: Clawitzer\n|-damage|p1a: Clawitzer|0 fnt\n|faint|p1a: Clawitzer\n|\n|-heal|p2a: Lanturn|356/367|[from] item: Leftovers\n|upkeep\n|\n|t:|1733844074\n|switch|p1a: Baxcalibur|Baxcalibur, L75, F|295/295\n|turn|20\n|\n|t:|1733844086\n|move|p1a: Baxcalibur|Glaive Rush|p2a: Lanturn\n|-damage|p2a: Lanturn|104/367\n|-singlemove|p1a: Baxcalibur|Glaive Rush|[silent]\n|move|p2a: Lanturn|Scald|p1a: Baxcalibur\n|-resisted|p1a: Baxcalibur\n|-damage|p1a: Baxcalibur|205/295\n|\n|-heal|p2a: Lanturn|126/367|[from] item: Leftovers\n|upkeep\n|turn|21\n|\n|t:|1733844097\n|move|p1a: Baxcalibur|Glaive Rush|p2a: Lanturn\n|-damage|p2a: Lanturn|0 fnt\n|-singlemove|p1a: Baxcalibur|Glaive Rush|[silent]\n|faint|p2a: Lanturn\n|\n|upkeep\n|\n|t:|1733844104\n|switch|p2a: Azelf|Azelf, L82|257/257\n|turn|22\n|\n|t:|1733844110\n|move|p2a: Azelf|Fire Blast|p1a: Baxcalibur\n|-damage|p1a: Baxcalibur|0 fnt\n|faint|p1a: Baxcalibur\n|-damage|p2a: Azelf|232/257|[from] item: Life Orb\n|\n|win|tgghtggg\n|raw|Schjtbak's rating: 1000 &rarr; <strong>1000</strong><br />(+0 for losing)\n|raw|tgghtggg's rating: 1000 &rarr; <strong>1040</strong><br />(+40 for winning)\n|l|\u203dSchjtbak\n|player|p1|\n", "inputlog": ">version bfd83cad13791eb5a5a409923076391caf6fb4d4\n>start {\"formatid\":\"gen9randombattle\",\"seed\":[49258,45952,46393,44969],\"rated\":\"Rated battle\"}\n>player p1 {\"name\":\"Schjtbak\",\"avatar\":\"101\",\"rating\":1000,\"seed\":[57545,12498,40617,40211]}\n>player p2 {\"name\":\"tgghtggg\",\"avatar\":\"2\",\"rating\":1000,\"seed\":[7320,64777,43220,8562]}\n>p1 move glare\n>p2 move outrage\n>p1 switch 3\n>p2 move outrage\n>p1 move tripleaxel\n>p2 switch 5\n>p1 switch 4\n>p2 move thunderbolt\n>p1 move swordsdance\n>p2 move voltswitch\n>p2 switch 2\n>p1 move highhorsepower\n>p2 move noretreat\n>p1 move highhorsepower\n>p2 move closecombat\n>p1 switch 6\n>p1 move heatwave\n>p2 move closecombat\n>p2 switch 6\n>p1 move discharge\n>p2 move bravebird\n>p1 move discharge\n>p2 move roost\n>p2 switch 3\n>p1 move heatwave\n>p2 move bugbuzz\n>p2 switch 2\n>p1 move roost\n>p2 move voltswitch\n>p2 switch 5\n>p1 move roost\n>p2 move outrage\n>p1 switch 4\n>p1 move tripleaxel\n>p2 move outrage\n>p1 move tripleaxel\n>p2 move outrage\n>p1 switch 3\n>p1 move synthesis\n>p2 move outrage\n>p1 move leafstorm\n>p2 move outrage\n>p1 switch 2\n>p1 move dragonpulse\n>p2 move outrage\n>p2 switch 5\n>p1 move dragonpulse\n>p2 move thunderbolt\n>p1 switch 5\n>p1 move glaiverush\n>p2 move scald\n>p1 move glaiverush\n>p2 move voltswitch\n>p2 switch 4\n>p1 move glaiverush\n>p2 move fireblast", "uploadtime": 1733844119, "views": 1, "formatid": "gen9randombattle", "rating": 1000, "private": 0, "password": null}