{"id": "gen9randombattle-2260278143", "format": "[Gen 9] Random Battle", "players": ["Fido00", "YourTeamTrashAsYou"], "log": "|j|\u2606Fido00\n|j|\u2606YourTeamTrashAsYou\n|t:|1733834121\n|gametype|singles\n|player|p1|Fido00|170|1490\n|player|p2|YourTeamTrashAsYou|ninjaboy|1530\n|teamsize|p1|6\n|teamsize|p2|6\n|gen|9\n|tier|[Gen 9] Random Battle\n|rated|\n|rule|Species Clause: Limit one of each Pok\u00e9mon\n|rule|HP Percentage Mod: HP is shown in percentages\n|rule|Sleep Clause Mod: Limit one foe put to sleep\n|rule|Illusion Level Mod: Illusion disguises the Pok\u00e9mon's true level\n|\n|t:|1733834121\n|start\n|switch|p1a: Brambleghast|Brambleghast, L88, M|240/240\n|switch|p2a: Frosmoth|Frosmoth, L82, M|249/249\n|turn|1\n|\n|t:|1733834143\n|move|p1a: Brambleghast|Poltergeist|p2a: Frosmoth\n|-activate|p2a: Frosmoth|move: Poltergeist|Heavy-Duty Boots\n|-damage|p2a: Frosmoth|63/249\n|move|p2a: Frosmoth|Quiver Dance|p2a: Frosmoth\n|-boost|p2a: Frosmoth|spa|1\n|-boost|p2a: Frosmoth|spd|1\n|-boost|p2a: Frosmoth|spe|1\n|\n|upkeep\n|turn|2\n|\n|t:|1733834156\n|switch|p1a: Mightyena|Mightyena, L95, M|287/287\n|-ability|p1a: Mightyena|Intimidate|boost\n|-unboost|p2a: Frosmoth|atk|1\n|move|p2a: Frosmoth|Ice Beam|p1a: Mightyena\n|-damage|p1a: Mightyena|169/287\n|\n|upkeep\n|turn|3\n|\n|t:|1733834163\n|switch|p2a: Ribombee|Ribombee, L82, M|233/233\n|move|p1a: Mightyena|Sucker Punch||[still]\n|-fail|p1a: Mightyena\n|\n|upkeep\n|turn|4\n|\n|t:|1733834170\n|move|p2a: Ribombee|Moonblast|p1a: Mightyena\n|-supereffective|p1a: Mightyena\n|-damage|p1a: Mightyena|29/287\n|move|p1a: Mightyena|Poison Fang|p2a: Ribombee\n|-supereffective|p2a: Ribombee\n|-damage|p2a: Ribombee|117/233\n|\n|upkeep\n|turn|5\n|\n|t:|1733834174\n|move|p2a: Ribombee|Sticky Web|p1a: Mightyena\n|-sidestart|p1: Fido00|move: Sticky Web\n|move|p1a: Mightyena|Poison Fang|p2a: Ribombee\n|-supereffective|p2a: Ribombee\n|-damage|p2a: Ribombee|0 fnt\n|faint|p2a: Ribombee\n|\n|upkeep\n|\n|t:|1733834186\n|switch|p2a: Toxicroak|Toxicroak, L84, M|277/277\n|turn|6\n|\n|t:|1733834193\n|move|p2a: Toxicroak|Knock Off|p1a: Mightyena\n|-resisted|p1a: Mightyena\n|-damage|p1a: Mightyena|0 fnt\n|-enditem|p1a: Mightyena|Assault Vest|[from] move: Knock Off|[of] p2a: Toxicroak\n|faint|p1a: Mightyena\n|\n|upkeep\n|\n|t:|1733834197\n|switch|p1a: Gliscor|Gliscor, L76, M|239/239\n|turn|7\n|\n|t:|1733834206\n|move|p1a: Gliscor|Protect|p1a: Gliscor\n|-singleturn|p1a: Gliscor|Protect\n|move|p2a: Toxicroak|Knock Off|p1a: Gliscor\n|-activate|p1a: Gliscor|move: Protect\n|\n|-status|p1a: Gliscor|tox|[from] item: Toxic Orb\n|upkeep\n|turn|8\n|\n|t:|1733834211\n|switch|p2a: Quagsire|Quagsire, L84, M|297/297\n|move|p1a: Gliscor|Earthquake|p2a: Quagsire\n|-damage|p2a: Quagsire|206/297\n|\n|-heal|p2a: Quagsire|224/297|[from] item: Leftovers\n|upkeep\n|turn|9\n|\n|t:|1733834222\n|switch|p1a: Brambleghast|Brambleghast, L88, M|240/240\n|-activate|p1a: Brambleghast|move: Sticky Web\n|-unboost|p1a: Brambleghast|spe|1\n|move|p2a: Quagsire|Recover|p2a: Quagsire\n|-heal|p2a: Quagsire|297/297\n|\n|upkeep\n|turn|10\n|\n|t:|1733834229\n|move|p1a: Brambleghast|Leech Seed|p2a: Quagsire\n|-start|p2a: Quagsire|move: Leech Seed\n|move|p2a: Quagsire|Ice Beam|p1a: Brambleghast\n|-supereffective|p1a: Brambleghast\n|-damage|p1a: Brambleghast|130/240\n|\n|-heal|p1a: Brambleghast|145/240|[from] item: Leftovers\n|-damage|p2a: Quagsire|260/297|[from] Leech Seed|[of] p1a: Brambleghast\n|-heal|p1a: Brambleghast|182/240|[silent]\n|upkeep\n|turn|11\n|\n|t:|1733834234\n|switch|p2a: Toxicroak|Toxicroak, L84, M|277/277\n|move|p1a: Brambleghast|Power Whip|p2a: Toxicroak\n|-resisted|p2a: Toxicroak\n|-damage|p2a: Toxicroak|169/277\n|\n|-heal|p1a: Brambleghast|197/240|[from] item: Leftovers\n|upkeep\n|turn|12\n|\n|t:|1733834239\n|switch|p1a: Gliscor|Gliscor, L76, M|239/239 tox\n|move|p2a: Toxicroak|Knock Off|p1a: Gliscor\n|-damage|p1a: Gliscor|173/239 tox\n|-enditem|p1a: Gliscor|Toxic Orb|[from] move: Knock Off|[of] p2a: Toxicroak\n|\n|-heal|p1a: Gliscor|202/239 tox|[from] ability: Poison Heal\n|upkeep\n|turn|13\n|\n|t:|1733834244\n|switch|p2a: Bruxish|Bruxish, L85, M|254/254\n|move|p1a: Gliscor|Knock Off|p2a: Bruxish\n|-supereffective|p2a: Bruxish\n|-damage|p2a: Bruxish|124/254\n|-enditem|p2a: Bruxish|Life Orb|[from] move: Knock Off|[of] p1a: Gliscor\n|\n|-heal|p1a: Gliscor|231/239 tox|[from] ability: Poison Heal\n|upkeep\n|turn|14\n|\n|t:|1733834254\n|move|p1a: Gliscor|Protect|p1a: Gliscor\n|-singleturn|p1a: Gliscor|Protect\n|move|p2a: Bruxish|Wave Crash|p1a: Gliscor\n|-activate|p1a: Gliscor|move: Protect\n|\n|-heal|p1a: Gliscor|239/239 tox|[from] ability: Poison Heal\n|upkeep\n|turn|15\n|\n|t:|1733834261\n|switch|p1a: Brambleghast|Brambleghast, L88, M|197/240\n|-activate|p1a: Brambleghast|move: Sticky Web\n|-unboost|p1a: Brambleghast|spe|1\n|move|p2a: Bruxish|Swords Dance|p2a: Bruxish\n|-boost|p2a: Bruxish|atk|2\n|\n|-heal|p1a: Brambleghast|212/240|[from] item: Leftovers\n|upkeep\n|turn|16\n|\n|t:|1733834267\n|move|p2a: Bruxish|Psychic Fangs|p1a: Brambleghast\n|-damage|p1a: Brambleghast|0 fnt\n|faint|p1a: Brambleghast\n|\n|upkeep\n|\n|t:|1733834271\n|switch|p1a: Mimikyu|Mimikyu, L79, F|216/216\n|-activate|p1a: Mimikyu|move: Sticky Web\n|-unboost|p1a: Mimikyu|spe|1\n|turn|17\n|\n|t:|1733834276\n|move|p2a: Bruxish|Aqua Jet|p1a: Mimikyu\n|-activate|p1a: Mimikyu|ability: Disguise\n|-damage|p1a: Mimikyu|216/216\n|detailschange|p1a: Mimikyu|Mimikyu-Busted, L79, F\n|-damage|p1a: Mimikyu|189/216|[from] pokemon: Mimikyu-Busted\n|move|p1a: Mimikyu|Shadow Claw|p2a: Bruxish\n|-supereffective|p2a: Bruxish\n|-damage|p2a: Bruxish|0 fnt\n|faint|p2a: Bruxish\n|-damage|p1a: Mimikyu|168/216|[from] item: Life Orb\n|\n|upkeep\n|\n|t:|1733834285\n|switch|p2a: Quagsire|Quagsire, L84, M|260/297\n|turn|18\n|\n|t:|1733834288\n|move|p1a: Mimikyu|Shadow Claw|p2a: Quagsire\n|-damage|p2a: Quagsire|177/297\n|-damage|p1a: Mimikyu|147/216|[from] item: Life Orb\n|move|p2a: Quagsire|Earthquake|p1a: Mimikyu\n|-damage|p1a: Mimikyu|41/216\n|\n|-heal|p2a: Quagsire|195/297|[from] item: Leftovers\n|upkeep\n|turn|19\n|\n|t:|1733834302\n|move|p1a: Mimikyu|Swords Dance|p1a: Mimikyu\n|-boost|p1a: Mimikyu|atk|2\n|move|p2a: Quagsire|Recover|p2a: Quagsire\n|-heal|p2a: Quagsire|297/297\n|\n|upkeep\n|turn|20\n|\n|t:|1733834306\n|move|p1a: Mimikyu|Shadow Claw|p2a: Quagsire\n|-damage|p2a: Quagsire|222/297\n|-damage|p1a: Mimikyu|20/216|[from] item: Life Orb\n|move|p2a: Quagsire|Earthquake|p1a: Mimikyu\n|-damage|p1a: Mimikyu|0 fnt\n|faint|p1a: Mimikyu\n|\n|-heal|p2a: Quagsire|240/297|[from] item: Leftovers\n|upkeep\n|\n|t:|1733834318\n|switch|p1a: Falinks|Falinks, L84|246/246\n|-activate|p1a: Falinks|move: Sticky Web\n|-unboost|p1a: Falinks|spe|1\n|-ability|p1a: Falinks|Defiant|boost\n|-boost|p1a: Falinks|atk|2\n|turn|21\n|\n|t:|1733834323\n|move|p1a: Falinks|Knock Off|p2a: Quagsire\n|-damage|p2a: Quagsire|146/297\n|-enditem|p2a: Quagsire|Leftovers|[from] move: Knock Off|[of] p1a: Falinks\n|-damage|p1a: Falinks|222/246|[from] item: Life Orb\n|move|p2a: Quagsire|Earthquake|p1a: Falinks\n|-damage|p1a: Falinks|135/246\n|\n|upkeep\n|turn|22\n|\n|t:|1733834333\n|switch|p2a: Toxicroak|Toxicroak, L84, M|169/277\n|move|p1a: Falinks|Close Combat|p2a: Toxicroak\n|-resisted|p2a: Toxicroak\n|-damage|p2a: Toxicroak|0 fnt\n|-unboost|p1a: Falinks|def|1\n|-unboost|p1a: Falinks|spd|1\n|faint|p2a: Toxicroak\n|-damage|p1a: Falinks|111/246|[from] item: Life Orb\n|\n|upkeep\n|\n|t:|1733834339\n|switch|p2a: Frosmoth|Frosmoth, L82, M|63/249\n|turn|23\n|\n|t:|1733834344\n|move|p2a: Frosmoth|Ice Beam|p1a: Falinks\n|-damage|p1a: Falinks|0 fnt\n|faint|p1a: Falinks\n|\n|upkeep\n|\n|t:|1733834347\n|switch|p1a: Gliscor|Gliscor, L76, M|239/239 tox\n|turn|24\n|\n|t:|1733834351\n|move|p1a: Gliscor|Toxic Spikes|p2a: Frosmoth\n|-sidestart|p2: YourTeamTrashAsYou|move: Toxic Spikes\n|move|p2a: Frosmoth|Ice Beam|p1a: Gliscor\n|-supereffective|p1a: Gliscor\n|-damage|p1a: Gliscor|0 fnt\n|faint|p1a: Gliscor\n|\n|upkeep\n|\n|t:|1733834353\n|switch|p1a: Basculin|Basculin, L86, M|261/261\n|-activate|p1a: Basculin|move: Sticky Web\n|-unboost|p1a: Basculin|spe|1\n|turn|25\n|\n|t:|1733834356\n|move|p2a: Frosmoth|Bug Buzz|p1a: Basculin\n|-damage|p1a: Basculin|114/261\n|-unboost|p1a: Basculin|spd|1\n|move|p1a: Basculin|Wave Crash|p2a: Frosmoth\n|-damage|p2a: Frosmoth|0 fnt\n|faint|p2a: Frosmoth\n|-damage|p1a: Basculin|93/261|[from] Recoil\n|\n|upkeep\n|\n|t:|1733834362\n|switch|p2a: Reuniclus|Reuniclus, L88, M|337/337\n|-status|p2a: Reuniclus|psn\n|turn|26\n|\n|t:|1733834364\n|move|p1a: Basculin|Wave Crash|p2a: Reuniclus\n|-damage|p2a: Reuniclus|49/337 psn\n|-damage|p1a: Basculin|0 fnt|[from] Recoil\n|faint|p1a: Basculin\n|\n|win|YourTeamTrashAsYou\n|raw|Fido00's rating: 1490 &rarr; <strong>1472</strong><br />(-18 for losing)\n|raw|YourTeamTrashAsYou's rating: 1530 &rarr; <strong>1548</strong><br />(+18 for winning)\n|l|\u2606Fido00\n|player|p1|\n", "inputlog": ">version bfd83cad13791eb5a5a409923076391caf6fb4d4\n>start {\"formatid\":\"gen9randombattle\",\"seed\":[30667,20400,48464,12331],\"rated\":\"Rated battle\"}\n>player p1 {\"name\":\"Fido00\",\"avatar\":\"170\",\"rating\":1490,\"seed\":[17298,20795,57100,57750]}\n>player p2 {\"name\":\"YourTeamTrashAsYou\",\"avatar\":\"ninjaboy\",\"rating\":1530,\"seed\":[37145,30467,13637,64550]}\n>p1 move poltergeist\n>p2 move quiverdance\n>p1 switch 4\n>p2 move icebeam\n>p1 move suckerpunch\n>p2 switch 3\n>p1 move poisonfang\n>p2 move moonblast\n>p1 move poisonfang\n>p2 move stickyweb\n>p2 switch 2\n>p1 move playrough\n>p2 move knockoff\n>p1 switch 3\n>p1 move protect\n>p2 move knockoff\n>p1 move earthquake\n>p2 switch 4\n>p1 switch 4\n>p2 move recover\n>p1 move leechseed\n>p2 move icebeam\n>p1 move powerwhip\n>p2 switch 4\n>p1 switch 4\n>p2 move knockoff\n>p1 move knockoff\n>p2 switch 6\n>p1 move protect\n>p2 move wavecrash\n>p1 switch 4\n>p2 move swordsdance\n>p1 move powerwhip\n>p2 move psychicfangs\n>p1 switch 5\n>p1 move shadowclaw\n>p2 move aquajet\n>p2 switch 4\n>p1 move shadowclaw\n>p2 move earthquake\n>p1 move swordsdance\n>p2 move recover\n>p1 move shadowclaw\n>p2 move earthquake\n>p1 switch 6\n>p1 move knockoff\n>p2 move earthquake\n>p1 move closecombat\n>p2 switch 6\n>p2 switch 3\n>p1 move ironhead\n>p2 move icebeam\n>p1 switch 4\n>p1 move toxicspikes\n>p2 move icebeam\n>p1 switch 2\n>p1 move wavecrash\n>p2 move bugbuzz\n>p2 switch 5\n>p1 move wavecrash\n>p2 move psychic", "uploadtime": 1733834380, "views": 2, "formatid": "gen9randombattle", "rating": 1472, "private": 0, "password": null}