{"id": "gen9randombattle-2260767875", "format": "[Gen 9] Random Battle", "players": ["xinyazhili", "Zara home 001"], "log": "|j|\u2606xinyazhili\n|j|\u2606Zara home 001\n|t:|1733889117\n|gametype|singles\n|player|p1|xinyazhili|170|\n|player|p2|Zara home 001|266|\n|teamsize|p1|6\n|teamsize|p2|6\n|gen|9\n|tier|[Gen 9] Random Battle\n|rule|Species Clause: Limit one of each Pok\u00e9mon\n|rule|HP Percentage Mod: HP is shown in percentages\n|rule|Sleep Clause Mod: Limit one foe put to sleep\n|rule|Illusion Level Mod: Illusion disguises the Pok\u00e9mon's true level\n|\n|t:|1733889117\n|start\n|switch|p1a: Arboliva|Arboliva, L91, M|288/288\n|switch|p2a: Entei|Entei, L78|307/307\n|turn|1\n|\n|t:|1733889126\n|move|p1a: Arboliva|Protect|p1a: Arboliva\n|-singleturn|p1a: Arboliva|Protect\n|move|p2a: Entei|Sacred Fire|p1a: Arboliva\n|-activate|p1a: Arboliva|move: Protect\n|\n|upkeep\n|turn|2\n|\n|t:|1733889131\n|switch|p1a: Delphox|Delphox, L84, F|263/263\n|move|p2a: Entei|Sacred Fire|p1a: Delphox\n|-resisted|p1a: Delphox\n|-damage|p1a: Delphox|170/263\n|\n|upkeep\n|turn|3\n|inactive|Battle timer is ON: inactive players will automatically lose when time's up. (requested by xinyazhili)\n|\n|t:|1733889140\n|switch|p2a: Typhlosion|Typhlosion-Hisui, L83, M|257/257\n|move|p1a: Delphox|Psyshock|p2a: Typhlosion\n|-damage|p2a: Typhlosion|88/257\n|\n|-heal|p2a: Typhlosion|104/257|[from] item: Leftovers\n|upkeep\n|turn|4\n|\n|t:|1733889144\n|move|p1a: Delphox|Psyshock|p2a: Typhlosion\n|-damage|p2a: Typhlosion|0 fnt\n|faint|p2a: Typhlosion\n|\n|upkeep\n|\n|t:|1733889150\n|switch|p2a: Farigiraf|Farigiraf, L91, F|366/366\n|turn|5\n|\n|t:|1733889155\n|switch|p1a: Arboliva|Arboliva, L91, M|288/288\n|move|p2a: Farigiraf|Body Slam|p1a: Arboliva\n|-damage|p1a: Arboliva|201/288\n|\n|upkeep\n|turn|6\n|\n|t:|1733889158\n|move|p2a: Farigiraf|Psychic Noise|p1a: Arboliva\n|-damage|p1a: Arboliva|116/288\n|-start|p1a: Arboliva|move: Heal Block\n|move|p1a: Arboliva|Hyper Voice|p2a: Farigiraf\n|-damage|p2a: Farigiraf|209/366\n|\n|-heal|p2a: Farigiraf|231/366|[from] item: Leftovers\n|upkeep\n|turn|7\n|\n|t:|1733889163\n|move|p2a: Farigiraf|Body Slam|p1a: Arboliva\n|-damage|p1a: Arboliva|20/288\n|move|p1a: Arboliva|Leech Seed|p2a: Farigiraf\n|-ability|p2a: Farigiraf|Sap Sipper|boost\n|-boost|p2a: Farigiraf|atk|1\n|\n|-heal|p2a: Farigiraf|253/366|[from] item: Leftovers\n|-end|p1a: Arboliva|move: Heal Block\n|upkeep\n|-enditem|p1a: Arboliva|Sitrus Berry|[eat]\n|-heal|p1a: Arboliva|92/288|[from] item: Sitrus Berry\n|turn|8\n|\n|t:|1733889167\n|move|p1a: Arboliva|Protect|p1a: Arboliva\n|-singleturn|p1a: Arboliva|Protect\n|move|p2a: Farigiraf|Body Slam|p1a: Arboliva\n|-activate|p1a: Arboliva|move: Protect\n|\n|-heal|p2a: Farigiraf|275/366|[from] item: Leftovers\n|upkeep\n|turn|9\n|\n|t:|1733889173\n|switch|p1a: Delphox|Delphox, L84, F|170/263\n|move|p2a: Farigiraf|Body Slam|p1a: Delphox\n|-damage|p1a: Delphox|10/263\n|\n|-heal|p2a: Farigiraf|297/366|[from] item: Leftovers\n|upkeep\n|turn|10\n|\n|t:|1733889177\n|move|p2a: Farigiraf|Protect|p2a: Farigiraf\n|-singleturn|p2a: Farigiraf|Protect\n|move|p1a: Delphox|Fire Blast|p2a: Farigiraf\n|-activate|p2a: Farigiraf|move: Protect\n|\n|-heal|p2a: Farigiraf|319/366|[from] item: Leftovers\n|upkeep\n|turn|11\n|\n|t:|1733889180\n|move|p1a: Delphox|Fire Blast|p2a: Farigiraf\n|-damage|p2a: Farigiraf|0 fnt\n|faint|p2a: Farigiraf\n|\n|upkeep\n|\n|t:|1733889188\n|switch|p2a: Electrode|Electrode-Hisui, L87|246/246\n|turn|12\n|\n|t:|1733889192\n|switch|p1a: Arboliva|Arboliva, L91, M|92/288\n|move|p2a: Electrode|Thunderbolt|p1a: Arboliva\n|-resisted|p1a: Arboliva\n|-damage|p1a: Arboliva|59/288\n|\n|-item|p1a: Arboliva|Sitrus Berry|[from] ability: Harvest\n|upkeep\n|-enditem|p1a: Arboliva|Sitrus Berry|[eat]\n|-heal|p1a: Arboliva|131/288|[from] item: Sitrus Berry\n|turn|13\n|\n|t:|1733889200\n|move|p2a: Electrode|Substitute|p2a: Electrode\n|-start|p2a: Electrode|Substitute\n|-damage|p2a: Electrode|185/246\n|move|p1a: Arboliva|Hyper Voice|p2a: Electrode\n|-immune|p2a: Electrode|[from] ability: Soundproof\n|\n|-heal|p2a: Electrode|200/246|[from] item: Leftovers\n|upkeep\n|turn|14\n|\n|t:|1733889213\n|move|p2a: Electrode|Thunderbolt|p1a: Arboliva\n|-resisted|p1a: Arboliva\n|-damage|p1a: Arboliva|97/288\n|move|p1a: Arboliva|Substitute|p1a: Arboliva\n|-start|p1a: Arboliva|Substitute\n|-damage|p1a: Arboliva|25/288\n|\n|-heal|p2a: Electrode|215/246|[from] item: Leftovers\n|upkeep\n|turn|15\n|\n|t:|1733889219\n|move|p1a: Arboliva|Protect|p1a: Arboliva\n|-singleturn|p1a: Arboliva|Protect\n|move|p2a: Electrode|Thunderbolt|p1a: Arboliva\n|-activate|p1a: Arboliva|move: Protect\n|\n|-heal|p2a: Electrode|230/246|[from] item: Leftovers\n|-item|p1a: Arboliva|Sitrus Berry|[from] ability: Harvest\n|upkeep\n|-enditem|p1a: Arboliva|Sitrus Berry|[eat]\n|-heal|p1a: Arboliva|97/288|[from] item: Sitrus Berry\n|turn|16\n|\n|t:|1733889223\n|move|p2a: Electrode|Thunderbolt|p1a: Arboliva\n|-resisted|p1a: Arboliva\n|-activate|p1a: Arboliva|move: Substitute|[damage]\n|move|p1a: Arboliva|Hyper Voice|p2a: Electrode\n|-immune|p2a: Electrode|[from] ability: Soundproof\n|\n|-heal|p2a: Electrode|245/246|[from] item: Leftovers\n|upkeep\n|turn|17\n|\n|t:|1733889226\n|move|p1a: Arboliva|Protect|p1a: Arboliva\n|-singleturn|p1a: Arboliva|Protect\n|move|p2a: Electrode|Thunderbolt|p1a: Arboliva\n|-activate|p1a: Arboliva|move: Protect\n|\n|-heal|p2a: Electrode|246/246|[from] item: Leftovers\n|upkeep\n|turn|18\n|\n|t:|1733889229\n|move|p2a: Electrode|Thunderbolt|p1a: Arboliva\n|-resisted|p1a: Arboliva\n|-end|p1a: Arboliva|Substitute\n|move|p1a: Arboliva|Substitute|p1a: Arboliva\n|-start|p1a: Arboliva|Substitute\n|-damage|p1a: Arboliva|25/288\n|\n|upkeep\n|turn|19\n|\n|t:|1733889233\n|switch|p2a: Entei|Entei, L78|307/307\n|move|p1a: Arboliva|Protect||[still]\n|-fail|p1a: Arboliva\n|\n|upkeep\n|turn|20\n|\n|t:|1733889235\n|move|p2a: Entei|Sacred Fire|p1a: Arboliva\n|-supereffective|p1a: Arboliva\n|-end|p1a: Arboliva|Substitute\n|move|p1a: Arboliva|Leech Seed|p2a: Entei\n|-start|p2a: Entei|move: Leech Seed\n|\n|-damage|p2a: Entei|269/307|[from] Leech Seed|[of] p1a: Arboliva\n|-heal|p1a: Arboliva|63/288|[silent]\n|upkeep\n|turn|21\n|\n|t:|1733889239\n|move|p1a: Arboliva|Protect|p1a: Arboliva\n|-singleturn|p1a: Arboliva|Protect\n|move|p2a: Entei|Sacred Fire|p1a: Arboliva\n|-activate|p1a: Arboliva|move: Protect\n|\n|-damage|p2a: Entei|231/307|[from] Leech Seed|[of] p1a: Arboliva\n|-heal|p1a: Arboliva|101/288|[silent]\n|upkeep\n|turn|22\n|\n|t:|1733889246\n|-terastallize|p1a: Arboliva|Water\n|move|p2a: Entei|Sacred Fire|p1a: Arboliva\n|-resisted|p1a: Arboliva\n|-damage|p1a: Arboliva|32/288\n|-status|p1a: Arboliva|brn\n|move|p1a: Arboliva|Hyper Voice|p2a: Entei\n|-damage|p2a: Entei|80/307\n|\n|-damage|p2a: Entei|42/307|[from] Leech Seed|[of] p1a: Arboliva\n|-heal|p1a: Arboliva|70/288 brn|[silent]\n|-damage|p1a: Arboliva|52/288 brn|[from] brn\n|upkeep\n|turn|23\n|\n|t:|1733889250\n|switch|p2a: Electrode|Electrode-Hisui, L87|246/246\n|move|p1a: Arboliva|Hyper Voice|p2a: Electrode\n|-immune|p2a: Electrode|[from] ability: Soundproof\n|\n|-damage|p1a: Arboliva|34/288 brn|[from] brn\n|-item|p1a: Arboliva|Sitrus Berry|[from] ability: Harvest\n|upkeep\n|-enditem|p1a: Arboliva|Sitrus Berry|[eat]\n|-heal|p1a: Arboliva|106/288 brn|[from] item: Sitrus Berry\n|turn|24\n|\n|t:|1733889256\n|move|p2a: Electrode|Thunderbolt|p1a: Arboliva\n|-supereffective|p1a: Arboliva\n|-damage|p1a: Arboliva|0 fnt\n|faint|p1a: Arboliva\n|\n|upkeep\n|\n|t:|1733889258\n|switch|p1a: Koraidon|Koraidon, L64|235/235\n|-weather|SunnyDay|[from] ability: Orichalcum Pulse|[of] p1a: Koraidon\n|-activate|p1a: Koraidon|Orichalcum Pulse|[source]\n|turn|25\n|\n|t:|1733889262\n|move|p2a: Electrode|Substitute|p2a: Electrode\n|-start|p2a: Electrode|Substitute\n|-damage|p2a: Electrode|185/246\n|move|p1a: Koraidon|Flare Blitz|p2a: Electrode\n|-supereffective|p2a: Electrode\n|-crit|p2a: Electrode\n|-end|p2a: Electrode|Substitute\n|-damage|p1a: Koraidon|215/235|[from] Recoil|[of] p2a: Electrode\n|\n|-weather|SunnyDay|[upkeep]\n|-heal|p2a: Electrode|200/246|[from] item: Leftovers\n|upkeep\n|turn|26\n|\n|t:|1733889267\n|switch|p2a: Phione|Phione, L91|293/293\n|move|p1a: Koraidon|Flare Blitz|p2a: Phione\n|-resisted|p2a: Phione\n|-damage|p2a: Phione|193/293\n|-status|p2a: Phione|brn\n|-damage|p1a: Koraidon|182/235|[from] Recoil\n|\n|-weather|SunnyDay|[upkeep]\n|-heal|p2a: Phione|211/293 brn|[from] item: Leftovers\n|-damage|p2a: Phione|193/293 brn|[from] brn\n|upkeep\n|turn|27\n|\n|t:|1733889272\n|switch|p1a: Delphox|Delphox, L84, F|10/263\n|move|p2a: Phione|Take Heart|p2a: Phione\n|-boost|p2a: Phione|spa|1\n|-boost|p2a: Phione|spd|1\n|-curestatus|p2a: Phione|brn|[msg]\n|\n|-weather|SunnyDay|[upkeep]\n|-heal|p2a: Phione|211/293|[from] item: Leftovers\n|upkeep\n|turn|28\n|\n|t:|1733889283\n|-terastallize|p2a: Phione|Steel\n|move|p1a: Delphox|Psyshock|p2a: Phione\n|-resisted|p2a: Phione\n|-damage|p2a: Phione|145/293\n|move|p2a: Phione|Take Heart|p2a: Phione\n|-boost|p2a: Phione|spa|1\n|-boost|p2a: Phione|spd|1\n|\n|-weather|SunnyDay|[upkeep]\n|-heal|p2a: Phione|163/293|[from] item: Leftovers\n|upkeep\n|turn|29\n|\n|t:|1733889287\n|switch|p1a: Hitmonchan|Hitmonchan, L87, M|229/229\n|move|p2a: Phione|Take Heart|p2a: Phione\n|-boost|p2a: Phione|spa|1\n|-boost|p2a: Phione|spd|1\n|\n|-weather|none\n|-heal|p2a: Phione|181/293|[from] item: Leftovers\n|upkeep\n|turn|30\n|\n|t:|1733889291\n|move|p2a: Phione|Scald|p1a: Hitmonchan\n|-damage|p1a: Hitmonchan|64/229\n|move|p1a: Hitmonchan|Drain Punch|p2a: Phione\n|-supereffective|p2a: Phione\n|-damage|p2a: Phione|0 fnt\n|-heal|p1a: Hitmonchan|155/229|[from] drain|[of] p2a: Phione\n|faint|p2a: Phione\n|\n|-heal|p1a: Hitmonchan|169/229|[from] item: Leftovers\n|upkeep\n|\n|t:|1733889298\n|switch|p2a: Furret|Furret, L94, M|312/312\n|-item|p1a: Hitmonchan|Leftovers|[from] ability: Frisk|[of] p2a: Furret\n|turn|31\n|\n|t:|1733889300\n|move|p2a: Furret|Double-Edge|p1a: Hitmonchan\n|-damage|p1a: Hitmonchan|0 fnt\n|faint|p1a: Hitmonchan\n|-damage|p2a: Furret|256/312|[from] Recoil\n|\n|upkeep\n|\n|t:|1733889307\n|switch|p1a: Dudunsparce|Dudunsparce-Three-Segment, L83, F|343/343\n|turn|32\n|\n|t:|1733889311\n|move|p2a: Furret|Double-Edge|p1a: Dudunsparce\n|-damage|p1a: Dudunsparce|115/343\n|-damage|p2a: Furret|181/312|[from] Recoil\n|move|p1a: Dudunsparce|Boomburst|p2a: Furret\n|-damage|p2a: Furret|15/312\n|\n|-heal|p1a: Dudunsparce|136/343|[from] item: Leftovers\n|upkeep\n|turn|33\n|\n|t:|1733889319\n|switch|p1a: Delphox|Delphox, L84, F|10/263\n|move|p2a: Furret|Double-Edge|p1a: Delphox\n|-damage|p1a: Delphox|0 fnt\n|faint|p1a: Delphox\n|-damage|p2a: Furret|12/312|[from] Recoil\n|\n|upkeep\n|\n|t:|1733889326\n|switch|p1a: Altaria|Altaria, L88, F|275/275\n|turn|34\n|\n|t:|1733889330\n|move|p2a: Furret|Double-Edge|p1a: Altaria\n|-damage|p1a: Altaria|104/275\n|-damage|p2a: Furret|0 fnt|[from] Recoil\n|faint|p2a: Furret\n|move|p1a: Altaria|Dragon Dance|p1a: Altaria\n|-boost|p1a: Altaria|atk|1\n|-boost|p1a: Altaria|spe|1\n|\n|upkeep\n|\n|t:|1733889336\n|switch|p2a: Electrode|Electrode-Hisui, L87|200/246\n|turn|35\n|\n|t:|1733889340\n|move|p2a: Electrode|Thunderbolt|p1a: Altaria\n|-damage|p1a: Altaria|28/275\n|-status|p1a: Altaria|par\n|move|p1a: Altaria|Roost|p1a: Altaria\n|-heal|p1a: Altaria|166/275 par\n|-singleturn|p1a: Altaria|move: Roost\n|\n|-heal|p2a: Electrode|215/246|[from] item: Leftovers\n|upkeep\n|turn|36\n|\n|t:|1733889343\n|move|p2a: Electrode|Leech Seed|p1a: Altaria\n|-start|p1a: Altaria|move: Leech Seed\n|cant|p1a: Altaria|par\n|\n|-heal|p2a: Electrode|230/246|[from] item: Leftovers\n|-damage|p1a: Altaria|132/275 par|[from] Leech Seed|[of] p2a: Electrode\n|-heal|p2a: Electrode|246/246|[silent]\n|upkeep\n|turn|37\n|\n|t:|1733889346\n|move|p2a: Electrode|Substitute|p2a: Electrode\n|-start|p2a: Electrode|Substitute\n|-damage|p2a: Electrode|185/246\n|move|p1a: Altaria|Earthquake|p2a: Electrode\n|-end|p2a: Electrode|Substitute\n|\n|-heal|p2a: Electrode|200/246|[from] item: Leftovers\n|-damage|p1a: Altaria|98/275 par|[from] Leech Seed|[of] p2a: Electrode\n|-heal|p2a: Electrode|234/246|[silent]\n|upkeep\n|turn|38\n|\n|t:|1733889349\n|move|p2a: Electrode|Substitute|p2a: Electrode\n|-start|p2a: Electrode|Substitute\n|-damage|p2a: Electrode|173/246\n|move|p1a: Altaria|Brave Bird|p2a: Electrode\n|-end|p2a: Electrode|Substitute\n|-damage|p1a: Altaria|78/275 par|[from] Recoil|[of] p2a: Electrode\n|\n|-heal|p2a: Electrode|188/246|[from] item: Leftovers\n|-damage|p1a: Altaria|44/275 par|[from] Leech Seed|[of] p2a: Electrode\n|-heal|p2a: Electrode|222/246|[silent]\n|upkeep\n|turn|39\n|\n|t:|1733889354\n|move|p2a: Electrode|Substitute|p2a: Electrode\n|-start|p2a: Electrode|Substitute\n|-damage|p2a: Electrode|161/246\n|cant|p1a: Altaria|par\n|\n|-heal|p2a: Electrode|176/246|[from] item: Leftovers\n|-damage|p1a: Altaria|10/275 par|[from] Leech Seed|[of] p2a: Electrode\n|-heal|p2a: Electrode|210/246|[silent]\n|upkeep\n|turn|40\n|\n|t:|1733889357\n|-curestatus|p1a: Altaria|par|[from] ability: Natural Cure\n|switch|p1a: Dudunsparce|Dudunsparce-Three-Segment, L83, F|136/343\n|move|p2a: Electrode|Thunderbolt|p1a: Dudunsparce\n|-damage|p1a: Dudunsparce|28/343\n|-status|p1a: Dudunsparce|par\n|\n|-heal|p2a: Electrode|225/246|[from] item: Leftovers\n|-heal|p1a: Dudunsparce|49/343 par|[from] item: Leftovers\n|upkeep\n|turn|41\n|\n|t:|1733889361\n|move|p2a: Electrode|Giga Drain|p1a: Dudunsparce\n|-damage|p1a: Dudunsparce|0 fnt\n|-heal|p2a: Electrode|246/246|[from] drain|[of] p1a: Dudunsparce\n|faint|p1a: Dudunsparce\n|\n|upkeep\n|\n|t:|1733889367\n|switch|p1a: Koraidon|Koraidon, L64|182/235\n|-weather|SunnyDay|[from] ability: Orichalcum Pulse|[of] p1a: Koraidon\n|-activate|p1a: Koraidon|Orichalcum Pulse|[source]\n|turn|42\n|\n|t:|1733889370\n|move|p2a: Electrode|Leech Seed|p1a: Koraidon\n|-start|p1a: Koraidon|move: Leech Seed\n|move|p1a: Koraidon|Outrage|p2a: Electrode\n|-end|p2a: Electrode|Substitute\n|\n|-weather|SunnyDay|[upkeep]\n|-damage|p1a: Koraidon|153/235|[from] Leech Seed|[of] p2a: Electrode\n|upkeep\n|turn|43\n|\n|t:|1733889373\n|move|p2a: Electrode|Substitute|p2a: Electrode\n|-start|p2a: Electrode|Substitute\n|-damage|p2a: Electrode|185/246\n|move|p1a: Koraidon|Outrage|p2a: Electrode|[from]lockedmove\n|-crit|p2a: Electrode\n|-end|p2a: Electrode|Substitute\n|\n|-weather|SunnyDay|[upkeep]\n|-heal|p2a: Electrode|200/246|[from] item: Leftovers\n|-damage|p1a: Koraidon|124/235|[from] Leech Seed|[of] p2a: Electrode\n|-heal|p2a: Electrode|229/246|[silent]\n|upkeep\n|turn|44\n|\n|t:|1733889375\n|move|p2a: Electrode|Substitute|p2a: Electrode\n|-start|p2a: Electrode|Substitute\n|-damage|p2a: Electrode|168/246\n|move|p1a: Koraidon|Outrage|p2a: Electrode|[from]lockedmove\n|-end|p2a: Electrode|Substitute\n|-start|p1a: Koraidon|confusion|[fatigue]\n|\n|-weather|SunnyDay|[upkeep]\n|-heal|p2a: Electrode|183/246|[from] item: Leftovers\n|-damage|p1a: Koraidon|95/235|[from] Leech Seed|[of] p2a: Electrode\n|-heal|p2a: Electrode|212/246|[silent]\n|upkeep\n|turn|45\n|\n|t:|1733889379\n|switch|p1a: Altaria|Altaria, L88, F|10/275\n|move|p2a: Electrode|Substitute|p2a: Electrode\n|-start|p2a: Electrode|Substitute\n|-damage|p2a: Electrode|151/246\n|\n|-weather|SunnyDay|[upkeep]\n|-heal|p2a: Electrode|166/246|[from] item: Leftovers\n|upkeep\n|turn|46\n|\n|t:|1733889383\n|move|p2a: Electrode|Giga Drain|p1a: Altaria\n|-resisted|p1a: Altaria\n|-damage|p1a: Altaria|0 fnt\n|-heal|p2a: Electrode|171/246|[from] drain|[of] p1a: Altaria\n|faint|p1a: Altaria\n|\n|-weather|none\n|-heal|p2a: Electrode|186/246|[from] item: Leftovers\n|upkeep\n|\n|t:|1733889386\n|switch|p1a: Koraidon|Koraidon, L64|95/235\n|-weather|SunnyDay|[from] ability: Orichalcum Pulse|[of] p1a: Koraidon\n|-activate|p1a: Koraidon|Orichalcum Pulse|[source]\n|turn|47\n|\n|t:|1733889388\n|move|p2a: Electrode|Leech Seed|p1a: Koraidon\n|-start|p1a: Koraidon|move: Leech Seed\n|move|p1a: Koraidon|U-turn|p2a: Electrode\n|-supereffective|p2a: Electrode\n|-end|p2a: Electrode|Substitute\n|\n|-weather|SunnyDay|[upkeep]\n|-heal|p2a: Electrode|201/246|[from] item: Leftovers\n|-damage|p1a: Koraidon|66/235|[from] Leech Seed|[of] p2a: Electrode\n|-heal|p2a: Electrode|230/246|[silent]\n|upkeep\n|turn|48\n|\n|t:|1733889391\n|move|p2a: Electrode|Substitute|p2a: Electrode\n|-start|p2a: Electrode|Substitute\n|-damage|p2a: Electrode|169/246\n|move|p1a: Koraidon|U-turn|p2a: Electrode\n|-supereffective|p2a: Electrode\n|-end|p2a: Electrode|Substitute\n|\n|-weather|SunnyDay|[upkeep]\n|-heal|p2a: Electrode|184/246|[from] item: Leftovers\n|-damage|p1a: Koraidon|37/235|[from] Leech Seed|[of] p2a: Electrode\n|-heal|p2a: Electrode|213/246|[silent]\n|upkeep\n|turn|49\n|-message|xinyazhili forfeited.\n|\n|win|Zara home 001\n|l|\u2606xinyazhili\n|player|p1|\n", "inputlog": ">version bfd83cad13791eb5a5a409923076391caf6fb4d4\n>start {\"formatid\":\"gen9randombattle\",\"seed\":[35721,15895,16053,2290]}\n>player p1 {\"name\":\"xinyazhili\",\"avatar\":\"170\",\"rating\":0,\"seed\":[6802,20148,60411,31509]}\n>player p2 {\"name\":\"Zara home 001\",\"avatar\":\"266\",\"rating\":0,\"seed\":[15856,22780,14463,56318]}\n>p1 move protect\n>p2 move sacredfire\n>p1 switch 6\n>p2 move sacredfire\n>p1 move psyshock\n>p2 switch 6\n>p1 move psyshock\n>p2 move shadowball\n>p2 switch 4\n>p1 switch 6\n>p2 move bodyslam\n>p1 move hypervoice\n>p2 move psychicnoise\n>p1 move leechseed\n>p2 move bodyslam\n>p1 move protect\n>p2 move bodyslam\n>p1 switch 6\n>p2 move bodyslam\n>p1 move fireblast\n>p2 move protect\n>p1 move fireblast\n>p2 move wish\n>p2 switch 3\n>p1 switch 6\n>p2 move thunderbolt\n>p1 move hypervoice\n>p2 move substitute\n>p1 move substitute\n>p2 move thunderbolt\n>p1 move protect\n>p2 move thunderbolt\n>p1 move hypervoice\n>p2 move thunderbolt\n>p1 move protect\n>p2 move thunderbolt\n>p1 move substitute\n>p2 move thunderbolt\n>p1 move protect\n>p2 switch 6\n>p1 move leechseed\n>p2 move sacredfire\n>p1 move protect\n>p2 move sacredfire\n>p1 move hypervoice terastallize\n>p2 move sacredfire\n>p1 move hypervoice\n>p2 switch 6\n>p1 move leechseed\n>p2 move thunderbolt\n>p1 switch 2\n>p1 move flareblitz\n>p2 move substitute\n>p1 move flareblitz\n>p2 switch 2\n>p1 switch 6\n>p2 move takeheart\n>p1 move psyshock\n>p2 move takeheart terastallize\n>p1 switch 4\n>p2 move takeheart\n>p1 move drainpunch\n>p2 move scald\n>p2 switch 5\n>p1 move drainpunch\n>p2 move doubleedge\n>p1 switch 3\n>p1 move boomburst\n>p2 move doubleedge\n>p1 switch 4\n>p2 move doubleedge\n>p1 switch 5\n>p1 move dragondance\n>p2 move doubleedge\n>p2 switch 2\n>p1 move roost\n>p2 move thunderbolt\n>p1 move roost\n>p2 move leechseed\n>p1 move earthquake\n>p2 move substitute\n>p1 move bravebird\n>p2 move substitute\n>p1 move roost\n>p2 move substitute\n>p1 switch 4\n>p2 move thunderbolt\n>p1 move earthpower\n>p2 move gigadrain\n>p1 switch 6\n>p1 move outrage\n>p2 move leechseed\n>p1 move outrage\n>p2 move substitute\n>p1 move outrage\n>p2 move substitute\n>p1 switch 4\n>p2 move substitute\n>p1 move bravebird\n>p2 move gigadrain\n>p1 switch 4\n>p1 move uturn\n>p2 move leechseed\n>p1 move uturn\n>p2 move substitute\n>forcelose p1", "uploadtime": 1733889394, "views": 9, "formatid": "gen9randombattle", "rating": null, "private": 0, "password": null}