{"id": "gen9randombattle-2260373579", "format": "[Gen 9] Random Battle", "players": ["assassassas", "scritizm"], "log": "|j|\u2606assassassas\n|j|\u2606scritizm\n|t:|1733845241\n|gametype|singles\n|player|p1|assassassas|1|1349\n|player|p2|scritizm|dawn|1366\n|teamsize|p1|6\n|teamsize|p2|6\n|gen|9\n|tier|[Gen 9] Random Battle\n|rated|\n|rule|Species Clause: Limit one of each Pok\u00e9mon\n|rule|HP Percentage Mod: HP is shown in percentages\n|rule|Sleep Clause Mod: Limit one foe put to sleep\n|rule|Illusion Level Mod: Illusion disguises the Pok\u00e9mon's true level\n|\n|t:|1733845241\n|start\n|switch|p1a: Rhydon|Rhydon, L85, M|317/317\n|switch|p2a: Lugia|Lugia, L72|272/272\n|turn|1\n|inactive|Battle timer is ON: inactive players will automatically lose when time's up. (requested by scritizm)\n|\n|t:|1733845251\n|switch|p2a: Dipplin|Dipplin, L88, M|284/284\n|move|p1a: Rhydon|Stone Edge|p2a: Dipplin\n|-crit|p2a: Dipplin\n|-damage|p2a: Dipplin|176/284\n|\n|upkeep\n|turn|2\n|\n|t:|1733845254\n|move|p2a: Dipplin|Giga Drain|p1a: Rhydon\n|-supereffective|p1a: Rhydon\n|-damage|p1a: Rhydon|0 fnt\n|-heal|p2a: Dipplin|284/284|[from] drain|[of] p1a: Rhydon\n|faint|p1a: Rhydon\n|\n|upkeep\n|\n|t:|1733845272\n|switch|p1a: Primarina|Primarina, L83, M|268/268\n|turn|3\n|\n|t:|1733845277\n|-terastallize|p1a: Primarina|Poison\n|move|p1a: Primarina|Calm Mind|p1a: Primarina\n|-boost|p1a: Primarina|spa|1\n|-boost|p1a: Primarina|spd|1\n|move|p2a: Dipplin|Giga Drain|p1a: Primarina\n|-resisted|p1a: Primarina\n|-damage|p1a: Primarina|245/268\n|\n|-heal|p1a: Primarina|261/268|[from] item: Leftovers\n|upkeep\n|turn|4\n|\n|t:|1733845280\n|move|p1a: Primarina|Calm Mind|p1a: Primarina\n|-boost|p1a: Primarina|spa|1\n|-boost|p1a: Primarina|spd|1\n|move|p2a: Dipplin|Dragon Tail|p1a: Primarina\n|-damage|p1a: Primarina|185/268\n|drag|p1a: Persian|Persian, L92, M|238/238\n|\n|upkeep\n|turn|5\n|\n|t:|1733845288\n|move|p1a: Persian|Sludge Bomb|p2a: Dipplin\n|-supereffective|p2a: Dipplin\n|-damage|p2a: Dipplin|136/284\n|-damage|p1a: Persian|215/238|[from] item: Life Orb\n|move|p2a: Dipplin|Dragon Pulse|p1a: Persian\n|-damage|p1a: Persian|77/238\n|replace|p1a: Zoroark|Zoroark, L84, M\n|-end|p1a: Zoroark|Illusion\n|-hint|Illusion Level Mod is active, so this Pok\u00e9mon's true level was hidden.\n|\n|upkeep\n|turn|6\n|\n|t:|1733845296\n|move|p1a: Zoroark|Sludge Bomb|p2a: Dipplin\n|-supereffective|p2a: Dipplin\n|-damage|p2a: Dipplin|1/284\n|-damage|p1a: Zoroark|54/238|[from] item: Life Orb\n|move|p2a: Dipplin|Dragon Pulse|p1a: Zoroark\n|-damage|p1a: Zoroark|0 fnt\n|faint|p1a: Zoroark\n|\n|upkeep\n|c|\u2606assassassas|p0rc0d10 maialeeeeeeeeeeeee\n|n|\u203dassassassas|assassassas\n|c|~|/log assassassas was locked from talking by Artemis for a week. (\u2606assassassas: p0rc0d10 maialeeeeeeeeeeeee)\n|c|~|/raw <small>This action was done automatically. Want to learn more about the AI? <a href=\"https://www.smogon.com/forums/threads/3570628/#post-9056769\">Visit the information thread</a>.</small>\n|inactive|assassassas has 120 seconds left.\n|\n|t:|1733845336\n|switch|p1a: Persian|Persian, L92, M|269/269\n|turn|7\n|\n|t:|1733845341\n|move|p1a: Persian|U-turn|p2a: Dipplin\n|-supereffective|p2a: Dipplin\n|-damage|p2a: Dipplin|0 fnt\n|faint|p2a: Dipplin\n|\n|t:|1733845344\n|switch|p1a: Jumpluff|Jumpluff, L87, M|271/271|[from] U-turn\n|\n|upkeep\n|\n|t:|1733845349\n|switch|p2a: Toxtricity|Toxtricity, L82, M|257/257\n|turn|8\n|\n|t:|1733845361\n|move|p1a: Jumpluff|Substitute|p1a: Jumpluff\n|-start|p1a: Jumpluff|Substitute\n|-damage|p1a: Jumpluff|204/271\n|move|p2a: Toxtricity|Shift Gear|p2a: Toxtricity\n|-boost|p2a: Toxtricity|spe|2\n|-boost|p2a: Toxtricity|atk|1\n|\n|upkeep\n|turn|9\n|\n|t:|1733845365\n|move|p2a: Toxtricity|Boomburst|p1a: Jumpluff\n|-damage|p1a: Jumpluff|78/271\n|-enditem|p2a: Toxtricity|Throat Spray\n|-boost|p2a: Toxtricity|spa|1|[from] item: Throat Spray\n|move|p1a: Jumpluff|Leech Seed|p2a: Toxtricity\n|-start|p2a: Toxtricity|move: Leech Seed\n|\n|-damage|p2a: Toxtricity|225/257|[from] Leech Seed|[of] p1a: Jumpluff\n|-heal|p1a: Jumpluff|110/271|[silent]\n|upkeep\n|turn|10\n|\n|t:|1733845370\n|move|p2a: Toxtricity|Boomburst|p1a: Jumpluff\n|-damage|p1a: Jumpluff|0 fnt\n|faint|p1a: Jumpluff\n|\n|upkeep\n|-message|assassassas forfeited.\n|\n|win|scritizm\n", "inputlog": ">version bfd83cad13791eb5a5a409923076391caf6fb4d4\n>start {\"formatid\":\"gen9randombattle\",\"seed\":[26313,18443,38280,56638],\"rated\":\"Rated battle\"}\n>player p1 {\"name\":\"assassassas\",\"avatar\":\"1\",\"rating\":1349,\"seed\":[50500,12481,30259,40263]}\n>player p2 {\"name\":\"scritizm\",\"avatar\":\"dawn\",\"rating\":1366,\"seed\":[50337,35293,43054,48934]}\n>p1 move stoneedge\n>p2 switch 4\n>p1 move megahorn\n>p2 move gigadrain\n>p1 switch 4\n>p1 move calmmind terastallize\n>p2 move gigadrain\n>p1 move calmmind\n>p2 move dragontail\n>p1 move sludgebomb\n>p2 move dragonpulse\n>p1 move sludgebomb\n>p2 move dragonpulse\n>chat \u2606assassassas|p0rc0d10 maialeeeeeeeeeeeee\n>p1 switch 6\n>p1 move uturn\n>p2 move recover\n>p1 switch 3\n>p2 switch 5\n>p1 move substitute\n>p2 move shiftgear\n>p1 move leechseed\n>p2 move boomburst\n>p1 move strengthsap\n>p2 move boomburst\n>forcelose p1", "uploadtime": 1733845307, "views": 1, "formatid": "gen9randombattle", "rating": null, "private": 0, "password": null}