{"id": "gen9randombattle-2260850409", "format": "[Gen 9] Random Battle", "players": ["Yuiopnnm", "xCunCun"], "log": "|j|\u2606Yuiopnnm\n|j|\u2606xCunCun\n|t:|1733903976\n|gametype|singles\n|player|p1|Yuiopnnm|policeman-gen4|1156\n|player|p2|xCunCun|ghetsis|1162\n|teamsize|p1|6\n|teamsize|p2|6\n|gen|9\n|tier|[Gen 9] Random Battle\n|rated|\n|rule|Species Clause: Limit one of each Pok\u00e9mon\n|rule|HP Percentage Mod: HP is shown in percentages\n|rule|Sleep Clause Mod: Limit one foe put to sleep\n|rule|Illusion Level Mod: Illusion disguises the Pok\u00e9mon's true level\n|\n|t:|1733903976\n|start\n|switch|p1a: Regigigas|Regigigas, L84|322/322\n|switch|p2a: Ludicolo|Ludicolo, L90, M|290/290\n|-start|p1a: Regigigas|ability: Slow Start\n|turn|1\n|inactive|Battle timer is ON: inactive players will automatically lose when time's up. (requested by xCunCun)\n|\n|t:|1733903994\n|move|p1a: Regigigas|Protect|p1a: Regigigas\n|-singleturn|p1a: Regigigas|Protect\n|move|p2a: Ludicolo|Rain Dance|p2a: Ludicolo\n|-weather|RainDance\n|\n|-weather|RainDance|[upkeep]\n|upkeep\n|turn|2\n|\n|t:|1733904015\n|move|p2a: Ludicolo|Giga Drain|p1a: Regigigas\n|-damage|p1a: Regigigas|225/322\n|-damage|p2a: Ludicolo|261/290|[from] item: Life Orb\n|move|p1a: Regigigas|Substitute|p1a: Regigigas\n|-start|p1a: Regigigas|Substitute\n|-damage|p1a: Regigigas|145/322\n|\n|-weather|RainDance|[upkeep]\n|-heal|p1a: Regigigas|165/322|[from] item: Leftovers\n|upkeep\n|turn|3\n|\n|t:|1733904028\n|move|p2a: Ludicolo|Giga Drain|p1a: Regigigas\n|-end|p1a: Regigigas|Substitute\n|-heal|p2a: Ludicolo|290/290|[from] drain|[of] p1a: Regigigas\n|-damage|p2a: Ludicolo|261/290|[from] item: Life Orb\n|move|p1a: Regigigas|Knock Off|p2a: Ludicolo\n|-damage|p2a: Ludicolo|206/290\n|-enditem|p2a: Ludicolo|Life Orb|[from] move: Knock Off|[of] p1a: Regigigas\n|\n|-weather|RainDance|[upkeep]\n|-heal|p1a: Regigigas|185/322|[from] item: Leftovers\n|upkeep\n|turn|4\n|\n|t:|1733904043\n|move|p1a: Regigigas|Protect|p1a: Regigigas\n|-singleturn|p1a: Regigigas|Protect\n|move|p2a: Ludicolo|Giga Drain|p1a: Regigigas\n|-activate|p1a: Regigigas|move: Protect\n|\n|-weather|RainDance|[upkeep]\n|-heal|p1a: Regigigas|205/322|[from] item: Leftovers\n|upkeep\n|turn|5\n|\n|t:|1733904049\n|move|p2a: Ludicolo|Giga Drain|p1a: Regigigas\n|-damage|p1a: Regigigas|126/322\n|-heal|p2a: Ludicolo|246/290|[from] drain|[of] p1a: Regigigas\n|move|p1a: Regigigas|Substitute|p1a: Regigigas\n|-start|p1a: Regigigas|Substitute\n|-damage|p1a: Regigigas|46/322\n|\n|-weather|none\n|-heal|p1a: Regigigas|66/322|[from] item: Leftovers\n|-end|p1a: Regigigas|Slow Start\n|upkeep\n|turn|6\n|\n|t:|1733904060\n|move|p1a: Regigigas|Body Slam|p2a: Ludicolo\n|-damage|p2a: Ludicolo|110/290\n|move|p2a: Ludicolo|Giga Drain|p1a: Regigigas\n|-activate|p1a: Regigigas|move: Substitute|[damage]\n|-heal|p2a: Ludicolo|147/290|[from] drain|[of] p1a: Regigigas\n|\n|-heal|p1a: Regigigas|86/322|[from] item: Leftovers\n|upkeep\n|turn|7\n|\n|t:|1733904070\n|move|p1a: Regigigas|Body Slam|p2a: Ludicolo\n|-damage|p2a: Ludicolo|0 fnt\n|faint|p2a: Ludicolo\n|\n|-heal|p1a: Regigigas|106/322|[from] item: Leftovers\n|upkeep\n|inactive|xCunCun has 120 seconds left.\n|\n|t:|1733904097\n|switch|p2a: Rhydon|Rhydon, L85, M|317/317\n|turn|8\n|\n|t:|1733904103\n|move|p1a: Regigigas|Knock Off|p2a: Rhydon\n|-damage|p2a: Rhydon|268/317\n|-enditem|p2a: Rhydon|Eviolite|[from] move: Knock Off|[of] p1a: Regigigas\n|move|p2a: Rhydon|Earthquake|p1a: Regigigas\n|-end|p1a: Regigigas|Substitute\n|\n|-heal|p1a: Regigigas|126/322|[from] item: Leftovers\n|upkeep\n|turn|9\n|\n|t:|1733904115\n|move|p1a: Regigigas|Protect|p1a: Regigigas\n|-singleturn|p1a: Regigigas|Protect\n|move|p2a: Rhydon|Earthquake|p1a: Regigigas\n|-activate|p1a: Regigigas|move: Protect\n|\n|-heal|p1a: Regigigas|146/322|[from] item: Leftovers\n|upkeep\n|turn|10\n|\n|t:|1733904123\n|move|p1a: Regigigas|Body Slam|p2a: Rhydon\n|-resisted|p2a: Rhydon\n|-damage|p2a: Rhydon|214/317\n|move|p2a: Rhydon|Earthquake|p1a: Regigigas\n|-damage|p1a: Regigigas|28/322\n|\n|-heal|p1a: Regigigas|48/322|[from] item: Leftovers\n|upkeep\n|turn|11\n|\n|t:|1733904135\n|move|p1a: Regigigas|Body Slam|p2a: Rhydon\n|-resisted|p2a: Rhydon\n|-damage|p2a: Rhydon|165/317\n|move|p2a: Rhydon|Swords Dance|p2a: Rhydon\n|-boost|p2a: Rhydon|atk|2\n|\n|-heal|p1a: Regigigas|68/322|[from] item: Leftovers\n|upkeep\n|turn|12\n|\n|t:|1733904144\n|move|p1a: Regigigas|Substitute|p1a: Regigigas\n|-fail|p1a: Regigigas|move: Substitute|[weak]\n|move|p2a: Rhydon|Swords Dance|p2a: Rhydon\n|-boost|p2a: Rhydon|atk|2\n|\n|-heal|p1a: Regigigas|88/322|[from] item: Leftovers\n|upkeep\n|turn|13\n|\n|t:|1733904154\n|move|p1a: Regigigas|Substitute|p1a: Regigigas\n|-start|p1a: Regigigas|Substitute\n|-damage|p1a: Regigigas|8/322\n|move|p2a: Rhydon|Earthquake|p1a: Regigigas\n|-end|p1a: Regigigas|Substitute\n|\n|-heal|p1a: Regigigas|28/322|[from] item: Leftovers\n|upkeep\n|turn|14\n|\n|t:|1733904163\n|move|p1a: Regigigas|Body Slam|p2a: Rhydon\n|-resisted|p2a: Rhydon\n|-damage|p2a: Rhydon|117/317\n|move|p2a: Rhydon|Earthquake|p1a: Regigigas\n|-damage|p1a: Regigigas|0 fnt\n|faint|p1a: Regigigas\n|-end|p1a: Regigigas|Slow Start|[silent]\n|\n|upkeep\n|\n|t:|1733904178\n|switch|p1a: Regieleki|Regieleki, L79|256/256\n|turn|15\n|\n|t:|1733904183\n|move|p1a: Regieleki|Volt Switch|p2a: Rhydon\n|-ability|p2a: Rhydon|Lightning Rod|boost\n|-boost|p2a: Rhydon|spa|1\n|move|p2a: Rhydon|Earthquake|p1a: Regieleki\n|-supereffective|p1a: Regieleki\n|-damage|p1a: Regieleki|0 fnt\n|faint|p1a: Regieleki\n|\n|upkeep\n|\n|t:|1733904197\n|switch|p1a: Arceus|Arceus-Water, L71|288/288\n|turn|16\n|\n|t:|1733904202\n|move|p1a: Arceus|Judgment|p2a: Rhydon\n|-supereffective|p2a: Rhydon\n|-crit|p2a: Rhydon\n|-damage|p2a: Rhydon|0 fnt\n|faint|p2a: Rhydon\n|\n|upkeep\n|inactive|xCunCun has 120 seconds left.\n|\n|t:|1733904247\n|switch|p2a: Oricorio|Oricorio-Sensu, L85, M|266/266\n|turn|17\n|\n|t:|1733904267\n|move|p1a: Arceus|Judgment|p2a: Oricorio\n|-damage|p2a: Oricorio|140/266\n|move|p2a: Oricorio|Revelation Dance|p1a: Arceus\n|-damage|p1a: Arceus|200/288\n|\n|upkeep\n|turn|18\n|\n|t:|1733904278\n|move|p1a: Arceus|Judgment|p2a: Oricorio\n|-damage|p2a: Oricorio|2/266\n|move|p2a: Oricorio|Hurricane|p1a: Arceus\n|-damage|p1a: Arceus|79/288\n|\n|upkeep\n|turn|19\n|\n|t:|1733904286\n|move|p1a: Arceus|Recover|p1a: Arceus\n|-heal|p1a: Arceus|223/288\n|move|p2a: Oricorio|Roost|p2a: Oricorio\n|-heal|p2a: Oricorio|135/266\n|-singleturn|p2a: Oricorio|move: Roost\n|\n|upkeep\n|turn|20\n|\n|t:|1733904294\n|move|p1a: Arceus|Judgment|p2a: Oricorio\n|-damage|p2a: Oricorio|17/266\n|move|p2a: Oricorio|Quiver Dance|p2a: Oricorio\n|-boost|p2a: Oricorio|spa|1\n|-boost|p2a: Oricorio|spd|1\n|-boost|p2a: Oricorio|spe|1\n|\n|upkeep\n|turn|21\n|inactive|xCunCun has 120 seconds left.\n|\n|t:|1733904304\n|move|p2a: Oricorio|Roost|p2a: Oricorio\n|-heal|p2a: Oricorio|150/266\n|-singleturn|p2a: Oricorio|move: Roost\n|move|p1a: Arceus|Judgment|p2a: Oricorio\n|-damage|p2a: Oricorio|71/266\n|\n|upkeep\n|turn|22\n|\n|t:|1733904314\n|move|p2a: Oricorio|Revelation Dance|p1a: Arceus\n|-damage|p1a: Arceus|79/288\n|move|p1a: Arceus|Will-O-Wisp|p2a: Oricorio\n|-status|p2a: Oricorio|brn\n|\n|-damage|p2a: Oricorio|55/266 brn|[from] brn\n|upkeep\n|turn|23\n|\n|t:|1733904324\n|move|p2a: Oricorio|Roost|p2a: Oricorio\n|-heal|p2a: Oricorio|188/266 brn\n|-singleturn|p2a: Oricorio|move: Roost\n|move|p1a: Arceus|Recover|p1a: Arceus\n|-heal|p1a: Arceus|223/288\n|\n|-damage|p2a: Oricorio|172/266 brn|[from] brn\n|upkeep\n|turn|24\n|\n|t:|1733904343\n|move|p2a: Oricorio|Quiver Dance|p2a: Oricorio\n|-boost|p2a: Oricorio|spa|1\n|-boost|p2a: Oricorio|spd|1\n|-boost|p2a: Oricorio|spe|1\n|move|p1a: Arceus|Judgment|p2a: Oricorio\n|-damage|p2a: Oricorio|112/266 brn\n|\n|-damage|p2a: Oricorio|96/266 brn|[from] brn\n|upkeep\n|turn|25\n|\n|t:|1733904361\n|switch|p1a: Squawkabilly|Squawkabilly, L85, M|278/278\n|move|p2a: Oricorio|Revelation Dance|p1a: Squawkabilly\n|-immune|p1a: Squawkabilly\n|\n|-damage|p2a: Oricorio|80/266 brn|[from] brn\n|-status|p1a: Squawkabilly|brn|[from] item: Flame Orb\n|upkeep\n|turn|26\n|\n|t:|1733904374\n|move|p1a: Squawkabilly|Quick Attack|p2a: Oricorio\n|-immune|p2a: Oricorio\n|move|p2a: Oricorio|Hurricane|p1a: Squawkabilly\n|-damage|p1a: Squawkabilly|0 fnt\n|faint|p1a: Squawkabilly\n|\n|-damage|p2a: Oricorio|64/266 brn|[from] brn\n|upkeep\n|\n|t:|1733904384\n|switch|p1a: Arceus|Arceus-Water, L71|223/288\n|turn|27\n|\n|t:|1733904392\n|move|p2a: Oricorio|Revelation Dance|p1a: Arceus\n|-damage|p1a: Arceus|52/288\n|move|p1a: Arceus|Judgment|p2a: Oricorio\n|-damage|p2a: Oricorio|0 fnt\n|faint|p2a: Oricorio\n|\n|upkeep\n|\n|t:|1733904403\n|switch|p2a: Zacian|Zacian-Crowned, L64|225/225\n|-ability|p2a: Zacian|Intrepid Sword|boost\n|-boost|p2a: Zacian|atk|1\n|turn|28\n|\n|t:|1733904414\n|move|p2a: Zacian|Behemoth Blade|p1a: Arceus\n|-resisted|p1a: Arceus\n|-damage|p1a: Arceus|0 fnt\n|faint|p1a: Arceus\n|\n|upkeep\n|\n|t:|1733904422\n|switch|p1a: Vileplume|Vileplume, L85, M|266/266\n|turn|29\n|\n|t:|1733904430\n|move|p2a: Zacian|Behemoth Blade|p1a: Vileplume\n|-damage|p1a: Vileplume|131/266\n|move|p1a: Vileplume|Sleep Powder|p2a: Zacian\n|-status|p2a: Zacian|slp|[from] move: Sleep Powder\n|\n|-heal|p1a: Vileplume|147/266|[from] item: Leftovers\n|upkeep\n|turn|30\n|\n|t:|1733904441\n|cant|p2a: Zacian|slp\n|move|p1a: Vileplume|Sludge Bomb|p2a: Zacian\n|-immune|p2a: Zacian\n|\n|-heal|p1a: Vileplume|163/266|[from] item: Leftovers\n|upkeep\n|turn|31\n|\n|t:|1733904452\n|cant|p2a: Zacian|slp\n|move|p1a: Vileplume|Strength Sap|p2a: Zacian\n|-unboost|p2a: Zacian|atk|1\n|-heal|p1a: Vileplume|266/266\n|\n|upkeep\n|turn|32\n|\n|t:|1733904460\n|-curestatus|p2a: Zacian|slp|[msg]\n|move|p2a: Zacian|Swords Dance|p2a: Zacian\n|-boost|p2a: Zacian|atk|2\n|move|p1a: Vileplume|Sleep Powder|p2a: Zacian|[miss]\n|-miss|p1a: Vileplume|p2a: Zacian\n|\n|upkeep\n|turn|33\n|\n|t:|1733904470\n|move|p2a: Zacian|Behemoth Blade|p1a: Vileplume\n|-damage|p1a: Vileplume|77/266\n|move|p1a: Vileplume|Sleep Powder|p2a: Zacian\n|-status|p2a: Zacian|slp|[from] move: Sleep Powder\n|\n|-heal|p1a: Vileplume|93/266|[from] item: Leftovers\n|upkeep\n|turn|34\n|\n|t:|1733904479\n|cant|p2a: Zacian|slp\n|move|p1a: Vileplume|Strength Sap|p2a: Zacian\n|-unboost|p2a: Zacian|atk|1\n|-heal|p1a: Vileplume|266/266\n|\n|upkeep\n|turn|35\n|\n|t:|1733904492\n|-curestatus|p2a: Zacian|slp|[msg]\n|move|p2a: Zacian|Behemoth Blade|p1a: Vileplume\n|-damage|p1a: Vileplume|140/266\n|move|p1a: Vileplume|Giga Drain|p2a: Zacian\n|-resisted|p2a: Zacian\n|-damage|p2a: Zacian|180/225\n|-heal|p1a: Vileplume|163/266|[from] drain|[of] p2a: Zacian\n|\n|-heal|p1a: Vileplume|179/266|[from] item: Leftovers\n|upkeep\n|turn|36\n|\n|t:|1733904504\n|move|p2a: Zacian|Behemoth Blade|p1a: Vileplume\n|-damage|p1a: Vileplume|32/266\n|-status|p2a: Zacian|par|[from] ability: Effect Spore|[of] p1a: Vileplume\n|move|p1a: Vileplume|Sleep Powder||[still]\n|-fail|p1a: Vileplume\n|\n|-heal|p1a: Vileplume|48/266|[from] item: Leftovers\n|upkeep\n|turn|37\n|\n|t:|1733904514\n|move|p1a: Vileplume|Strength Sap|p2a: Zacian\n|-unboost|p2a: Zacian|atk|1\n|-heal|p1a: Vileplume|266/266\n|cant|p2a: Zacian|par\n|\n|upkeep\n|turn|38\n|\n|t:|1733904525\n|move|p1a: Vileplume|Giga Drain|p2a: Zacian\n|-resisted|p2a: Zacian\n|-damage|p2a: Zacian|133/225 par\n|move|p2a: Zacian|Behemoth Blade|p1a: Vileplume\n|-damage|p1a: Vileplume|176/266\n|\n|-heal|p1a: Vileplume|192/266|[from] item: Leftovers\n|upkeep\n|turn|39\n|\n|t:|1733904535\n|switch|p2a: Volcarona|Volcarona, L77, F|257/257\n|move|p1a: Vileplume|Giga Drain|p2a: Volcarona\n|-resisted|p2a: Volcarona\n|-crit|p2a: Volcarona\n|-damage|p2a: Volcarona|224/257\n|-heal|p1a: Vileplume|209/266|[from] drain|[of] p2a: Volcarona\n|\n|-heal|p1a: Vileplume|225/266|[from] item: Leftovers\n|upkeep\n|turn|40\n|\n|t:|1733904549\n|-terastallize|p1a: Vileplume|Water\n|move|p2a: Volcarona|Fiery Dance|p1a: Vileplume\n|-resisted|p1a: Vileplume\n|-damage|p1a: Vileplume|183/266\n|-boost|p2a: Volcarona|spa|1\n|move|p1a: Vileplume|Sludge Bomb|p2a: Volcarona\n|-damage|p2a: Volcarona|124/257\n|-status|p2a: Volcarona|psn\n|\n|-heal|p1a: Vileplume|199/266|[from] item: Leftovers\n|-damage|p2a: Volcarona|92/257 psn|[from] psn\n|upkeep\n|turn|41\n|\n|t:|1733904569\n|-terastallize|p2a: Volcarona|Water\n|move|p2a: Volcarona|Quiver Dance|p2a: Volcarona\n|-boost|p2a: Volcarona|spa|1\n|-boost|p2a: Volcarona|spd|1\n|-boost|p2a: Volcarona|spe|1\n|move|p1a: Vileplume|Giga Drain|p2a: Volcarona\n|-supereffective|p2a: Volcarona\n|-damage|p2a: Volcarona|0 fnt\n|-heal|p1a: Vileplume|245/266|[from] drain|[of] p2a: Volcarona\n|faint|p2a: Volcarona\n|\n|-heal|p1a: Vileplume|261/266|[from] item: Leftovers\n|upkeep\n|\n|t:|1733904585\n|switch|p2a: Zacian|Zacian-Crowned, L64|133/225 par\n|turn|42\n|\n|t:|1733904596\n|move|p1a: Vileplume|Giga Drain|p2a: Zacian\n|-resisted|p2a: Zacian\n|-crit|p2a: Zacian\n|-damage|p2a: Zacian|60/225 par\n|-heal|p1a: Vileplume|266/266|[from] drain|[of] p2a: Zacian\n|move|p2a: Zacian|Behemoth Blade|p1a: Vileplume\n|-resisted|p1a: Vileplume\n|-damage|p1a: Vileplume|219/266\n|\n|-heal|p1a: Vileplume|235/266|[from] item: Leftovers\n|upkeep\n|turn|43\n|inactive|xCunCun has 120 seconds left.\n|\n|t:|1733904649\n|move|p1a: Vileplume|Giga Drain|p2a: Zacian\n|-resisted|p2a: Zacian\n|-damage|p2a: Zacian|15/225 par\n|-heal|p1a: Vileplume|258/266|[from] drain|[of] p2a: Zacian\n|move|p2a: Zacian|Behemoth Blade|p1a: Vileplume\n|-resisted|p1a: Vileplume\n|-damage|p1a: Vileplume|213/266\n|\n|-heal|p1a: Vileplume|229/266|[from] item: Leftovers\n|upkeep\n|turn|44\n|\n|t:|1733904659\n|move|p1a: Vileplume|Giga Drain|p2a: Zacian\n|-resisted|p2a: Zacian\n|-damage|p2a: Zacian|0 fnt\n|-heal|p1a: Vileplume|237/266|[from] drain|[of] p2a: Zacian\n|faint|p2a: Zacian\n|\n|-heal|p1a: Vileplume|253/266|[from] item: Leftovers\n|upkeep\n|-message|xCunCun forfeited.\n|\n|win|Yuiopnnm\n|raw|Yuiopnnm's rating: 1156 &rarr; <strong>1181</strong><br />(+25 for winning)\n|raw|xCunCun's rating: 1162 &rarr; <strong>1137</strong><br />(-25 for losing)\n|l|\u2606xCunCun\n|player|p2|\n", "inputlog": ">version bfd83cad13791eb5a5a409923076391caf6fb4d4\n>start {\"formatid\":\"gen9randombattle\",\"seed\":[735,866,42831,27677],\"rated\":\"Rated battle\"}\n>player p1 {\"name\":\"Yuiopnnm\",\"avatar\":\"policeman-gen4\",\"rating\":1156,\"seed\":[33913,21884,10231,10703]}\n>player p2 {\"name\":\"xCunCun\",\"avatar\":\"ghetsis\",\"rating\":1162,\"seed\":[13852,5817,58175,46461]}\n>p1 move protect\n>p2 move raindance\n>p1 move substitute\n>p2 move gigadrain\n>p1 move knockoff\n>p2 move gigadrain\n>p1 move protect\n>p2 move gigadrain\n>p1 move substitute\n>p2 move gigadrain\n>p1 move bodyslam\n>p2 move gigadrain\n>p1 move bodyslam\n>p2 move raindance\n>p2 switch 6\n>p1 move knockoff\n>p2 move earthquake\n>p1 move protect\n>p2 move earthquake\n>p1 move bodyslam\n>p2 move earthquake\n>p1 move bodyslam\n>p2 move swordsdance\n>p1 move substitute\n>p2 move swordsdance\n>p1 move substitute\n>p2 move earthquake\n>p1 move bodyslam\n>p2 move earthquake\n>p1 switch 4\n>p1 move voltswitch\n>p2 move earthquake\n>p1 switch 6\n>p1 move judgment\n>p2 move megahorn\n>p2 switch 3\n>p1 move judgment\n>p2 move revelationdance\n>p1 move judgment\n>p2 move hurricane\n>p1 move recover\n>p2 move roost\n>p1 move judgment\n>p2 move quiverdance\n>p1 move judgment\n>p2 move roost\n>p1 move willowisp\n>p2 move revelationdance\n>p1 move recover\n>p2 move roost\n>p1 move judgment\n>p2 move quiverdance\n>p1 switch 2\n>p2 move revelationdance\n>p1 move quickattack\n>p2 move hurricane\n>p1 switch 2\n>p1 move judgment\n>p2 move revelationdance\n>p2 switch 5\n>p1 move recover\n>p2 move behemothblade\n>p1 switch 5\n>p1 move sleeppowder\n>p2 move behemothblade\n>p1 move sludgebomb\n>p2 move swordsdance\n>p1 move strengthsap\n>p2 move swordsdance\n>p1 move sleeppowder\n>p2 move swordsdance\n>p1 move sleeppowder\n>p2 move behemothblade\n>p1 move strengthsap\n>p2 move behemothblade\n>p1 move gigadrain\n>p2 move behemothblade\n>p1 move sleeppowder\n>p2 move behemothblade\n>p1 move strengthsap\n>p2 move behemothblade\n>p1 move gigadrain\n>p2 move behemothblade\n>p1 move gigadrain\n>p2 switch 2\n>p1 move sludgebomb terastallize\n>p2 move fierydance\n>p1 move gigadrain\n>p2 move quiverdance terastallize\n>p2 switch 2\n>p1 move gigadrain\n>p2 move behemothblade\n>p1 move gigadrain\n>p2 move behemothblade\n>p1 move gigadrain\n>p2 move closecombat\n>forcelose p2", "uploadtime": 1733904671, "views": 1, "formatid": "gen9randombattle", "rating": 1137, "private": 0, "password": null}