{"id": "gen9randombattle-2061870729", "format": "[Gen 9] Random Battle", "players": ["we are married bro", "bajram1892"], "log": "|j|\u2606we are married bro\n|j|\u2606bajram1892\n|t:|1708226162\n|gametype|singles\n|player|p1|we are married bro|pokekid|2222\n|player|p2|bajram1892|hilbert|2223\n|teamsize|p1|6\n|teamsize|p2|6\n|gen|9\n|tier|[Gen 9] Random Battle\n|rated|\n|rule|Species Clause: Limit one of each Pok\u00e9mon\n|rule|HP Percentage Mod: HP is shown in percentages\n|rule|Sleep Clause Mod: Limit one foe put to sleep\n|rule|Illusion Level Mod: Illusion disguises the Pok\u00e9mon's true level\n|\n|t:|1708226162\n|start\n|switch|p1a: Zapdos|Zapdos-Galar, L77|265/265\n|switch|p2a: Blissey|Blissey, L84, F|566/566\n|turn|1\n|inactive|Battle timer is ON: inactive players will automatically lose when time's up. (requested by we are married bro)\n|\n|t:|1708226175\n|switch|p2a: Seviper|Seviper, L93, M|287/287\n|move|p1a: Zapdos|Bulk Up|p1a: Zapdos\n|-boost|p1a: Zapdos|atk|1\n|-boost|p1a: Zapdos|def|1\n|\n|upkeep\n|turn|2\n|\n|t:|1708226199\n|move|p1a: Zapdos|Brave Bird|p2a: Seviper\n|-damage|p2a: Seviper|10/287\n|-damage|p1a: Zapdos|174/265|[from] Recoil\n|-damage|p1a: Zapdos|148/265|[from] item: Life Orb\n|move|p2a: Seviper|Gunk Shot|p1a: Zapdos\n|-damage|p1a: Zapdos|0 fnt\n|faint|p1a: Zapdos\n|-damage|p2a: Seviper|0 fnt|[from] item: Life Orb\n|faint|p2a: Seviper\n|\n|upkeep\n|c|\u2606we are married bro|75% chance to kill\n|inactive|we are married bro has 120 seconds left.\n|c|\u2606we are married bro|what a lucky player you are\n|c|\u2606bajram1892|be better at getting rolls\n|inactive|we are married bro has 90 seconds left.\n|c|\u2606we are married bro|oh i know a low elo/gxe player ain\u2019t talking shit to me right now\n|\n|t:|1708226272\n|switch|p1a: Flapple|Flapple, L88, M|266/266\n|switch|p2a: Blissey|Blissey, L84, F|566/566\n|turn|3\n|c|\u2606bajram1892|bro we in the same range righ tnow bud\n|\n|t:|1708226281\n|switch|p2a: Ursaring|Ursaring, L84, F|288/288\n|move|p1a: Flapple|Grav Apple|p2a: Ursaring|[miss]\n|-miss|p1a: Flapple|p2a: Ursaring\n|\n|upkeep\n|turn|4\n|c|\u2606we are married bro|look at this bullshit\n|c|\u2606bajram1892|leave then\n|c|\u2606we are married bro|pathetic game\n|j| Shaky3\n|\n|t:|1708226297\n|switch|p1a: Typhlosion|Typhlosion-Hisui, L83, F|257/257\n|move|p2a: Ursaring|Body Slam|p1a: Typhlosion\n|-immune|p1a: Typhlosion\n|\n|upkeep\n|turn|5\n|\n|t:|1708226305\n|switch|p1a: Flapple|Flapple, L88, M|266/266\n|move|p2a: Ursaring|Earthquake|p1a: Flapple\n|-resisted|p1a: Flapple\n|-damage|p1a: Flapple|220/266\n|\n|upkeep\n|turn|6\n|inactive|we are married bro has 60 seconds left.\n|\n|t:|1708226335\n|move|p1a: Flapple|U-turn|p2a: Ursaring\n|-damage|p2a: Ursaring|187/288\n|inactive|we are married bro has 60 seconds left.\n|\n|t:|1708226363\n|switch|p1a: Typhlosion|Typhlosion-Hisui, L83, F|257/257|[from] U-turn\n|move|p2a: Ursaring|Body Slam|p1a: Typhlosion\n|-immune|p1a: Typhlosion\n|\n|upkeep\n|turn|7\n|\n|t:|1708226377\n|switch|p2a: Blissey|Blissey, L84, F|566/566\n|move|p1a: Typhlosion|Eruption|p2a: Blissey\n|-damage|p2a: Blissey|368/566\n|\n|-heal|p2a: Blissey|403/566|[from] item: Leftovers\n|upkeep\n|turn|8\n|\n|t:|1708226387\n|switch|p1a: Suicune|Suicune, L82|298/298\n|-ability|p1a: Suicune|Pressure\n|move|p2a: Blissey|Thunder Wave|p1a: Suicune|[miss]\n|-miss|p2a: Blissey|p1a: Suicune\n|\n|-heal|p2a: Blissey|438/566|[from] item: Leftovers\n|upkeep\n|turn|9\n|\n|t:|1708226393\n|move|p1a: Suicune|Calm Mind|p1a: Suicune\n|-boost|p1a: Suicune|spa|1\n|-boost|p1a: Suicune|spd|1\n|move|p2a: Blissey|Stealth Rock|p1a: Suicune\n|-sidestart|p1: we are married bro|move: Stealth Rock\n|\n|-heal|p2a: Blissey|473/566|[from] item: Leftovers\n|upkeep\n|turn|10\n|l| Shaky3\n|\n|t:|1708226399\n|move|p1a: Suicune|Scald|p2a: Blissey\n|-damage|p2a: Blissey|385/566\n|move|p2a: Blissey|Thunder Wave|p1a: Suicune\n|-status|p1a: Suicune|par\n|\n|-heal|p2a: Blissey|420/566|[from] item: Leftovers\n|upkeep\n|turn|11\n|\n|t:|1708226401\n|switch|p2a: Ursaring|Ursaring, L84, F|187/288\n|switch|p1a: Zangoose|Zangoose, L86, M|266/266\n|-damage|p1a: Zangoose|233/266|[from] Stealth Rock\n|\n|-status|p1a: Zangoose|tox|[from] item: Toxic Orb\n|upkeep\n|turn|12\n|inactive|we are married bro has 60 seconds left.\n|\n|t:|1708226412\n|-terastallize|p2a: Ursaring|Ghost\n|move|p1a: Zangoose|Facade|p2a: Ursaring\n|-immune|p2a: Ursaring\n|move|p2a: Ursaring|Body Slam|p1a: Zangoose\n|-damage|p1a: Zangoose|86/266 tox\n|\n|-damage|p1a: Zangoose|70/266 tox|[from] psn\n|upkeep\n|turn|13\n|\n|t:|1708226420\n|move|p1a: Zangoose|Knock Off|p2a: Ursaring\n|-supereffective|p2a: Ursaring\n|-damage|p2a: Ursaring|3/288\n|-enditem|p2a: Ursaring|Eviolite|[from] move: Knock Off|[of] p1a: Zangoose\n|move|p2a: Ursaring|Body Slam|p1a: Zangoose\n|-damage|p1a: Zangoose|0 fnt\n|faint|p1a: Zangoose\n|\n|upkeep\n|c|\u2606we are married bro|desperate, desperate player\n|\n|t:|1708226433\n|switch|p1a: Flapple|Flapple, L88, M|220/266\n|-damage|p1a: Flapple|187/266|[from] Stealth Rock\n|turn|14\n|\n|t:|1708226437\n|move|p1a: Flapple|Grav Apple|p2a: Ursaring\n|-damage|p2a: Ursaring|0 fnt\n|faint|p2a: Ursaring\n|\n|upkeep\n|\n|t:|1708226442\n|switch|p2a: Stonjourner|Stonjourner, L91, F|330/330\n|turn|15\n|\n|t:|1708226457\n|switch|p1a: Politoed|Politoed, L88, M|302/302\n|-damage|p1a: Politoed|265/302|[from] Stealth Rock\n|-weather|RainDance|[from] ability: Drizzle|[of] p1a: Politoed\n|move|p2a: Stonjourner|Stone Edge|p1a: Politoed\n|-damage|p1a: Politoed|69/302\n|-damage|p2a: Stonjourner|297/330|[from] item: Life Orb\n|\n|-weather|RainDance|[upkeep]\n|-heal|p1a: Politoed|87/302|[from] item: Leftovers\n|upkeep\n|turn|16\n|\n|t:|1708226462\n|move|p2a: Stonjourner|Earthquake|p1a: Politoed\n|-damage|p1a: Politoed|0 fnt\n|faint|p1a: Politoed\n|-damage|p2a: Stonjourner|264/330|[from] item: Life Orb\n|\n|-weather|RainDance|[upkeep]\n|upkeep\n|\n|t:|1708226466\n|switch|p1a: Typhlosion|Typhlosion-Hisui, L83, F|257/257\n|-damage|p1a: Typhlosion|193/257|[from] Stealth Rock\n|turn|17\n|\n|t:|1708226468\n|switch|p2a: Blissey|Blissey, L84, F|420/566\n|move|p1a: Typhlosion|Focus Blast|p2a: Blissey|[miss]\n|-miss|p1a: Typhlosion|p2a: Blissey\n|\n|-weather|RainDance|[upkeep]\n|-heal|p2a: Blissey|455/566|[from] item: Leftovers\n|upkeep\n|turn|18\n|c|\u2606we are married bro|i fucking can\u2019t with low ladder players and their luck\n|c|\u2606we are married bro|disgusting\n|inactive|we are married bro has 90 seconds left.\n|-message|we are married bro forfeited.\n|\n|win|bajram1892\n|raw|we are married bro's rating: 2222 &rarr; <strong>2202</strong><br />(-20 for losing)\n|raw|bajram1892's rating: 2223 &rarr; <strong>2243</strong><br />(+20 for winning)\n|l|\u2606we are married bro\n|player|p1|\n|c|\u2606bajram1892|you are ass\n|j| foierzoig\n", "inputlog": ">version 02f5d8f18fda56cd0765f6b578223588ff50a3c3\n>start {\"formatid\":\"gen9randombattle\",\"seed\":[41325,29815,29153,47780],\"rated\":\"Rated battle\"}\n>player p1 {\"name\":\"we are married bro\",\"avatar\":\"pokekid\",\"rating\":2222,\"seed\":[57221,22094,30749,46893]}\n>player p2 {\"name\":\"bajram1892\",\"avatar\":\"hilbert\",\"rating\":2223,\"seed\":[38597,7781,38422,49733]}\n>p1 move bulkup\n>p2 switch 2\n>p1 move bravebird\n>p2 move gunkshot\n>chat \u2606we are married bro|75% chance to kill\n>chat \u2606we are married bro|what a lucky player you are\n>chat \u2606bajram1892|be better at getting rolls \n>chat \u2606we are married bro|oh i know a low elo/gxe player ain\u2019t talking shit to me right now\n>p1 switch 2\n>p2 switch 2\n>chat \u2606bajram1892|bro we in the same range righ tnow bud \n>p1 move gravapple\n>p2 switch 5\n>chat \u2606we are married bro|look at this bullshit\n>chat \u2606bajram1892|leave then \n>chat \u2606we are married bro|pathetic game\n>p1 switch 5\n>p2 move bodyslam\n>p1 switch 5\n>p2 move earthquake\n>p1 move uturn\n>p2 move bodyslam\n>p1 switch 5\n>p1 move eruption\n>p2 switch 5\n>p1 switch 6\n>p2 move thunderwave\n>p1 move calmmind\n>p2 move stealthrock\n>p1 move scald\n>p2 move thunderwave\n>p1 switch 3\n>p2 switch 5\n>p1 move facade\n>p2 move bodyslam terastallize\n>p1 move knockoff\n>p2 move bodyslam\n>chat \u2606we are married bro|desperate, desperate player\n>p1 switch 5\n>p1 move gravapple\n>p2 move bodyslam\n>p2 switch 4\n>p1 switch 4\n>p2 move stoneedge\n>p1 move hydropump\n>p2 move earthquake\n>p1 switch 6\n>p1 move focusblast\n>p2 switch 5\n>chat \u2606we are married bro|i fucking can\u2019t with low ladder players and their luck\n>chat \u2606we are married bro|disgusting\n>forcelose p1", "uploadtime": 1708226501, "views": 292, "formatid": "gen9randombattle", "rating": 2202, "private": 0, "password": null}