{"id": "gen9randombattle-2260760968", "format": "[Gen 9] Random Battle", "players": ["djejdejded", "cdwwcef3qevr"], "log": "|j|\u2606djejdejded\n|j|\u2606cdwwcef3qevr\n|t:|1733888157\n|gametype|singles\n|player|p1|djejdejded|265|1056\n|player|p2|cdwwcef3qevr|1|1076\n|teamsize|p1|6\n|teamsize|p2|6\n|gen|9\n|tier|[Gen 9] Random Battle\n|rated|\n|rule|Species Clause: Limit one of each Pok\u00e9mon\n|rule|HP Percentage Mod: HP is shown in percentages\n|rule|Sleep Clause Mod: Limit one foe put to sleep\n|rule|Illusion Level Mod: Illusion disguises the Pok\u00e9mon's true level\n|\n|t:|1733888157\n|start\n|switch|p1a: Raging Bolt|Raging Bolt, L78|323/323\n|switch|p2a: Cinccino|Cinccino, L83, F|260/260\n|turn|1\n|\n|t:|1733888212\n|-end|p1a: Raging Bolt|Protosynthesis|[silent]\n|switch|p1a: Inteleon|Inteleon, L81, F|246/246\n|move|p2a: Cinccino|Triple Axel|p1a: Inteleon\n|-resisted|p1a: Inteleon\n|-damage|p1a: Inteleon|232/246\n|-resisted|p1a: Inteleon\n|-damage|p1a: Inteleon|207/246\n|-resisted|p1a: Inteleon\n|-damage|p1a: Inteleon|169/246\n|-hitcount|p1a: Inteleon|3\n|\n|upkeep\n|turn|2\n|\n|t:|1733888224\n|move|p1a: Inteleon|Scald|p2a: Cinccino\n|-crit|p2a: Cinccino\n|-damage|p2a: Cinccino|0 fnt\n|faint|p2a: Cinccino\n|\n|upkeep\n|\n|t:|1733888238\n|switch|p2a: Thundurus|Thundurus-Therian, L80, M|258/258\n|turn|3\n|\n|t:|1733888270\n|switch|p1a: Iron Thorns|Iron Thorns, L83|302/302\n|-enditem|p1a: Iron Thorns|Booster Energy\n|-activate|p1a: Iron Thorns|ability: Quark Drive|[fromitem]\n|-start|p1a: Iron Thorns|quarkdriveatk\n|move|p2a: Thundurus|Thunderbolt|p1a: Iron Thorns\n|-resisted|p1a: Iron Thorns\n|-damage|p1a: Iron Thorns|244/302\n|\n|upkeep\n|turn|4\n|\n|t:|1733888288\n|move|p2a: Thundurus|Focus Blast|p1a: Iron Thorns\n|-supereffective|p1a: Iron Thorns\n|-damage|p1a: Iron Thorns|8/302\n|move|p1a: Iron Thorns|Dragon Dance|p1a: Iron Thorns\n|-boost|p1a: Iron Thorns|atk|1\n|-boost|p1a: Iron Thorns|spe|1\n|\n|upkeep\n|turn|5\n|\n|t:|1733888294\n|move|p1a: Iron Thorns|Stone Edge|p2a: Thundurus\n|-supereffective|p2a: Thundurus\n|-damage|p2a: Thundurus|0 fnt\n|faint|p2a: Thundurus\n|\n|upkeep\n|\n|t:|1733888301\n|switch|p2a: Espeon|Espeon, L84, M|246/246\n|turn|6\n|\n|t:|1733888305\n|move|p1a: Iron Thorns|Wild Charge|p2a: Espeon\n|-damage|p2a: Espeon|0 fnt\n|faint|p2a: Espeon\n|-damage|p1a: Iron Thorns|0 fnt|[from] Recoil\n|faint|p1a: Iron Thorns\n|-end|p1a: Iron Thorns|Quark Drive|[silent]\n|\n|upkeep\n|inactive|Battle timer is ON: inactive players will automatically lose when time's up. (requested by djejdejded)\n|inactive|cdwwcef3qevr has 120 seconds left.\n|\n|t:|1733888381\n|switch|p2a: Landorus|Landorus, L75, M|257/257\n|switch|p1a: Slaking|Slaking, L84, M|389/389\n|turn|7\n|inactive|cdwwcef3qevr has 120 seconds left.\n|\n|t:|1733888413\n|move|p1a: Slaking|Giga Impact|p2a: Landorus\n|-damage|p2a: Landorus|0 fnt\n|-mustrecharge|p1a: Slaking\n|faint|p2a: Landorus\n|\n|upkeep\n|\n|t:|1733888416\n|switch|p2a: Roaring Moon|Roaring Moon, L72|270/270\n|-enditem|p2a: Roaring Moon|Booster Energy\n|-activate|p2a: Roaring Moon|ability: Protosynthesis|[fromitem]\n|-start|p2a: Roaring Moon|protosynthesisatk\n|turn|8\n|\n|t:|1733888421\n|cant|p1a: Slaking|recharge\n|move|p2a: Roaring Moon|Dragon Dance|p2a: Roaring Moon\n|-boost|p2a: Roaring Moon|atk|1\n|-boost|p2a: Roaring Moon|spe|1\n|\n|upkeep\n|turn|9\n|\n|t:|1733888429\n|move|p1a: Slaking|Giga Impact|p2a: Roaring Moon\n|-damage|p2a: Roaring Moon|0 fnt\n|-mustrecharge|p1a: Slaking\n|faint|p2a: Roaring Moon\n|-end|p2a: Roaring Moon|Protosynthesis|[silent]\n|\n|upkeep\n|-message|cdwwcef3qevr forfeited.\n|\n|win|djejdejded\n|raw|djejdejded's rating: 1074 &rarr; <strong>1103</strong><br />(+29 for winning)\n|raw|cdwwcef3qevr's rating: 1076 &rarr; <strong>1054</strong><br />(-22 for losing)\n|l|\u2606cdwwcef3qevr\n|player|p2|\n", "inputlog": ">version bfd83cad13791eb5a5a409923076391caf6fb4d4\n>start {\"formatid\":\"gen9randombattle\",\"seed\":[27073,870,24614,32582],\"rated\":\"Rated battle\"}\n>player p1 {\"name\":\"djejdejded\",\"avatar\":\"265\",\"rating\":1056,\"seed\":[698,13686,35763,17481]}\n>player p2 {\"name\":\"cdwwcef3qevr\",\"avatar\":\"1\",\"rating\":1076,\"seed\":[17530,59916,10050,17746]}\n>p1 switch 6\n>p2 move tripleaxel\n>p1 move scald\n>p2 move bulletseed\n>p2 switch 2\n>p1 switch 3\n>p2 move thunderbolt\n>p1 move dragondance\n>p2 move focusblast\n>p1 move stoneedge\n>p2 move terablast\n>p2 switch 4\n>p1 move wildcharge\n>p2 move alluringvoice\n>p1 switch 2\n>p2 switch 5\n>p1 move gigaimpact\n>p2 move focusblast\n>p2 switch 6\n>p1 move recharge\n>p2 move dragondance\n>p1 move gigaimpact\n>p2 move dragondance\n>forcelose p2", "uploadtime": 1733888435, "views": 8, "formatid": "gen9randombattle", "rating": 1054, "private": 0, "password": null}