{"id": "gen9randombattle-2112615757", "format": "[Gen 9] Random Battle", "players": ["cute pikachu gang", "Boris Huang - YT"], "log": "|badge|p2|silver|gen9randombattle|30-1\n|html|<div class=\"broadcast-red\"><strong>This battle is required to be public due to one or more player having a season medal.</strong><br />During the public phase, you can discuss the state of the ladder <a href=\"/seasondiscussion\">in a special chatroom.</a></div>\n|uhtml|medal-msg|<div class=\"broadcast-blue\">Curious what those medals under the avatar are? PS now has Ladder Seasons! For more information, check out the <a href=\"https://www.smogon.com/forums/threads/3740067/\">thread on Smogon.</a></div>\n|raw|<div class=\"broadcast-blue\"><strong>This battle is required to be public due to a player having a name starting with 'medal'.</div>\n|j|\u2606cute pikachu gang\n|j|\u2606Boris Huang - YT\n|t:|1714211080\n|gametype|singles\n|player|p1|cute pikachu gang|pokekid-gen8|2186\n|player|p2|Boris Huang - YT|266|2433\n|teamsize|p1|6\n|teamsize|p2|6\n|gen|9\n|tier|[Gen 9] Random Battle\n|rated|\n|rule|Species Clause: Limit one of each Pok\u00e9mon\n|rule|HP Percentage Mod: HP is shown in percentages\n|rule|Sleep Clause Mod: Limit one foe put to sleep\n|rule|Illusion Level Mod: Illusion disguises the Pok\u00e9mon's true level\n|\n|t:|1714211080\n|start\n|switch|p1a: Squawkabilly|Squawkabilly-White, L89, F|291/291\n|switch|p2a: Rotom|Rotom-Frost, L86|226/226\n|turn|1\n|inactive|Battle timer is ON: inactive players will automatically lose when time's up. (requested by Boris Huang - YT)\n|\n|t:|1714211095\n|move|p1a: Squawkabilly|Parting Shot|p2a: Rotom\n|-unboost|p2a: Rotom|atk|1\n|-unboost|p2a: Rotom|spa|1\n|\n|t:|1714211104\n|switch|p1a: Dragapult|Dragapult, L77, M|262/262|[from] Parting Shot\n|move|p2a: Rotom|Volt Switch|p1a: Dragapult\n|-resisted|p1a: Dragapult\n|-damage|p1a: Dragapult|227/262\n|j| xMagic_247\n|\n|t:|1714211112\n|switch|p2a: Illumise|Illumise, L91, F|266/266|[from] Volt Switch\n|\n|upkeep\n|turn|2\n|\n|t:|1714211131\n|move|p2a: Illumise|Thunder Wave|p1a: Dragapult\n|-status|p1a: Dragapult|par\n|move|p1a: Dragapult|Fire Blast|p2a: Illumise\n|-supereffective|p2a: Illumise\n|-damage|p2a: Illumise|68/266\n|\n|upkeep\n|turn|3\n|\n|t:|1714211138\n|move|p2a: Illumise|Roost|p2a: Illumise\n|-heal|p2a: Illumise|201/266\n|-singleturn|p2a: Illumise|move: Roost\n|cant|p1a: Dragapult|par\n|\n|upkeep\n|turn|4\n|\n|t:|1714211153\n|switch|p2a: Zekrom|Zekrom, L71|259/259\n|-ability|p2a: Zekrom|Teravolt\n|cant|p1a: Dragapult|par\n|\n|upkeep\n|turn|5\n|\n|t:|1714211176\n|switch|p1a: Squawkabilly|Squawkabilly-White, L89, F|291/291\n|move|p2a: Zekrom|Substitute|p2a: Zekrom\n|-start|p2a: Zekrom|Substitute\n|-damage|p2a: Zekrom|195/259\n|\n|-heal|p2a: Zekrom|211/259|[from] item: Leftovers\n|upkeep\n|turn|6\n|\n|t:|1714211182\n|move|p1a: Squawkabilly|Foul Play|p2a: Zekrom\n|-end|p2a: Zekrom|Substitute\n|move|p2a: Zekrom|Dragon Dance|p2a: Zekrom\n|-boost|p2a: Zekrom|atk|1\n|-boost|p2a: Zekrom|spe|1\n|\n|-heal|p2a: Zekrom|227/259|[from] item: Leftovers\n|upkeep\n|turn|7\n|inactive|cute pikachu gang has 120 seconds left.\n|\n|t:|1714211209\n|-terastallize|p1a: Squawkabilly|Dark\n|move|p2a: Zekrom|Substitute|p2a: Zekrom\n|-start|p2a: Zekrom|Substitute\n|-damage|p2a: Zekrom|163/259\n|move|p1a: Squawkabilly|Foul Play|p2a: Zekrom\n|-end|p2a: Zekrom|Substitute\n|\n|-heal|p2a: Zekrom|179/259|[from] item: Leftovers\n|upkeep\n|turn|8\n|\n|t:|1714211238\n|move|p2a: Zekrom|Bolt Strike|p1a: Squawkabilly\n|-damage|p1a: Squawkabilly|8/291\n|move|p1a: Squawkabilly|Foul Play|p2a: Zekrom\n|-damage|p2a: Zekrom|0 fnt\n|faint|p2a: Zekrom\n|\n|upkeep\n|\n|t:|1714211246\n|switch|p2a: Sceptile|Sceptile, L87, F|264/264\n|turn|9\n|\n|t:|1714211254\n|switch|p1a: Dragapult|Dragapult, L77, M|227/262 par\n|move|p2a: Sceptile|Giga Drain|p1a: Dragapult\n|-resisted|p1a: Dragapult\n|-damage|p1a: Dragapult|171/262 par\n|\n|upkeep\n|turn|10\n|\n|t:|1714211267\n|move|p2a: Sceptile|Giga Drain|p1a: Dragapult\n|-resisted|p1a: Dragapult\n|-damage|p1a: Dragapult|119/262 par\n|cant|p1a: Dragapult|par\n|\n|upkeep\n|turn|11\n|\n|t:|1714211272\n|move|p2a: Sceptile|Giga Drain|p1a: Dragapult\n|-resisted|p1a: Dragapult\n|-damage|p1a: Dragapult|68/262 par\n|move|p1a: Dragapult|Shadow Ball|p2a: Sceptile\n|-damage|p2a: Sceptile|152/264\n|\n|-heal|p2a: Sceptile|168/264|[from] item: Leftovers\n|upkeep\n|turn|12\n|\n|t:|1714211278\n|move|p2a: Sceptile|Giga Drain|p1a: Dragapult\n|-resisted|p1a: Dragapult\n|-damage|p1a: Dragapult|14/262 par\n|-heal|p2a: Sceptile|195/264|[from] drain|[of] p1a: Dragapult\n|move|p1a: Dragapult|Shadow Ball|p2a: Sceptile\n|-damage|p2a: Sceptile|77/264\n|\n|-heal|p2a: Sceptile|93/264|[from] item: Leftovers\n|upkeep\n|turn|13\n|\n|t:|1714211286\n|move|p2a: Sceptile|Giga Drain|p1a: Dragapult\n|-resisted|p1a: Dragapult\n|-damage|p1a: Dragapult|0 fnt\n|-heal|p2a: Sceptile|100/264|[from] drain|[of] p1a: Dragapult\n|faint|p1a: Dragapult\n|\n|-heal|p2a: Sceptile|116/264|[from] item: Leftovers\n|upkeep\n|\n|t:|1714211288\n|switch|p1a: Volcarona|Volcarona, L77, M|257/257\n|turn|14\n|\n|t:|1714211315\n|switch|p2a: Illumise|Illumise, L91, F|201/266\n|move|p1a: Volcarona|Fiery Dance|p2a: Illumise\n|-supereffective|p2a: Illumise\n|-damage|p2a: Illumise|19/266\n|-boost|p1a: Volcarona|spa|1\n|\n|upkeep\n|turn|15\n|\n|t:|1714211325\n|move|p2a: Illumise|Roost|p2a: Illumise\n|-heal|p2a: Illumise|152/266\n|-singleturn|p2a: Illumise|move: Roost\n|move|p1a: Volcarona|Fiery Dance|p2a: Illumise\n|-supereffective|p2a: Illumise\n|-damage|p2a: Illumise|0 fnt\n|-boost|p1a: Volcarona|spa|1\n|faint|p2a: Illumise\n|\n|upkeep\n|inactive|Boris Huang - YT has 120 seconds left.\n|\n|t:|1714211346\n|switch|p2a: Landorus|Landorus-Therian, L76, M|260/260\n|-ability|p2a: Landorus|Intimidate|boost\n|-unboost|p1a: Volcarona|atk|1\n|turn|16\n|inactive|Boris Huang - YT has 120 seconds left.\n|\n|t:|1714211373\n|switch|p1a: Alomomola|Alomomola, L87, M|429/429\n|move|p2a: Landorus|Stone Edge|p1a: Alomomola\n|-damage|p1a: Alomomola|352/429\n|\n|upkeep\n|turn|17\n|inactive|Boris Huang - YT has 120 seconds left.\n|\n|t:|1714211383\n|move|p2a: Landorus|U-turn|p1a: Alomomola\n|-damage|p1a: Alomomola|297/429\n|\n|t:|1714211385\n|switch|p2a: Rotom|Rotom-Frost, L86|226/226|[from] U-turn\n|move|p1a: Alomomola|Flip Turn|p2a: Rotom\n|-damage|p2a: Rotom|177/226\n|inactive|cute pikachu gang has 120 seconds left.\n|\n|t:|1714211408\n|switch|p1a: Maushold|Maushold, L76|238/238|[from] Flip Turn\n|\n|upkeep\n|turn|18\n|\n|t:|1714211414\n|move|p1a: Maushold|Population Bomb|p2a: Rotom\n|-damage|p2a: Rotom|158/226\n|-damage|p2a: Rotom|139/226\n|-damage|p2a: Rotom|120/226\n|-damage|p2a: Rotom|101/226\n|-damage|p2a: Rotom|80/226\n|-crit|p2a: Rotom\n|-damage|p2a: Rotom|52/226\n|-damage|p2a: Rotom|33/226\n|-damage|p2a: Rotom|12/226\n|-damage|p2a: Rotom|0 fnt\n|faint|p2a: Rotom\n|-hitcount|p2: Rotom|9\n|\n|upkeep\n|inactive|Boris Huang - YT has 120 seconds left.\n|\n|t:|1714211440\n|switch|p2a: Sceptile|Sceptile, L87, F|116/264\n|turn|19\n|j| yemu413\n|\n|t:|1714211455\n|move|p2a: Sceptile|Focus Blast|p1a: Maushold\n|-supereffective|p1a: Maushold\n|-damage|p1a: Maushold|14/238\n|move|p1a: Maushold|Population Bomb|p2a: Sceptile\n|-damage|p2a: Sceptile|91/264\n|-damage|p2a: Sceptile|66/264\n|-damage|p2a: Sceptile|41/264\n|-damage|p2a: Sceptile|11/264\n|-damage|p2a: Sceptile|0 fnt\n|faint|p2a: Sceptile\n|-hitcount|p2: Sceptile|5\n|\n|upkeep\n|\n|t:|1714211459\n|switch|p2a: Landorus|Landorus-Therian, L76, M|260/260\n|-ability|p2a: Landorus|Intimidate|boost\n|-unboost|p1a: Maushold|atk|1\n|turn|20\n|\n|t:|1714211466\n|switch|p1a: Alomomola|Alomomola, L87, M|429/429\n|move|p2a: Landorus|U-turn|p1a: Alomomola\n|-damage|p1a: Alomomola|365/429\n|\n|t:|1714211468\n|switch|p2a: Malamar|Malamar, L82, F|275/275|[from] U-turn\n|\n|upkeep\n|turn|21\n|\n|t:|1714211479\n|move|p2a: Malamar|Superpower|p1a: Alomomola\n|-damage|p1a: Alomomola|292/429\n|-boost|p2a: Malamar|atk|1\n|-boost|p2a: Malamar|def|1\n|move|p1a: Alomomola|Flip Turn|p2a: Malamar\n|-damage|p2a: Malamar|239/275\n|\n|t:|1714211493\n|switch|p1a: Volcarona|Volcarona, L77, M|257/257|[from] Flip Turn\n|\n|upkeep\n|turn|22\n|\n|t:|1714211498\n|-terastallize|p2a: Malamar|Fighting\n|move|p1a: Volcarona|Fiery Dance|p2a: Malamar\n|-damage|p2a: Malamar|127/275\n|-boost|p1a: Volcarona|spa|1\n|move|p2a: Malamar|Superpower|p1a: Volcarona\n|-resisted|p1a: Volcarona\n|-crit|p1a: Volcarona\n|-damage|p1a: Volcarona|76/257\n|-boost|p2a: Malamar|atk|1\n|-boost|p2a: Malamar|def|1\n|-status|p2a: Malamar|brn|[from] ability: Flame Body|[of] p1a: Volcarona\n|\n|-damage|p2a: Malamar|110/275 brn|[from] brn\n|upkeep\n|turn|23\n|c|\u2606cute pikachu gang|lol\n|-message|Boris Huang - YT forfeited.\n|\n|win|cute pikachu gang\n|raw|cute pikachu gang's rating: 2186 &rarr; <strong>2218</strong><br />(+32 for winning)\n|raw|Boris Huang - YT's rating: 2433 &rarr; <strong>2401</strong><br />(-32 for losing)\n|l|\u2606Boris Huang - YT\n|player|p2|\n", "inputlog": ">version 56c3b69fcd3b113ffc796eb8c36c032ea017d75b\n>start {\"formatid\":\"gen9randombattle\",\"seed\":[4915,38333,17075,14171],\"rated\":\"Rated battle\"}\n>player p1 {\"name\":\"cute pikachu gang\",\"avatar\":\"pokekid-gen8\",\"rating\":2186,\"seed\":[46741,20578,30029,44313]}\n>player p2 {\"name\":\"Boris Huang - YT\",\"avatar\":\"266\",\"rating\":2433,\"seed\":[17537,55160,22254,16498]}\n>p1 move partingshot\n>p2 move voltswitch\n>p1 switch 5\n>p2 switch 2\n>p1 move fireblast\n>p2 move thunderwave\n>p1 move fireblast\n>p2 move roost\n>p1 move fireblast\n>p2 switch 3\n>p1 switch 5\n>p2 move substitute\n>p1 move foulplay\n>p2 move dragondance\n>p1 move foulplay terastallize\n>p2 move substitute\n>p1 move foulplay\n>p2 move boltstrike\n>p2 switch 4\n>p1 switch 5\n>p2 move gigadrain\n>p1 move shadowball\n>p2 move gigadrain\n>p1 move shadowball\n>p2 move gigadrain\n>p1 move shadowball\n>p2 move gigadrain\n>p1 move shadowball\n>p2 move gigadrain\n>p1 switch 6\n>p1 move fierydance\n>p2 switch 3\n>p1 move fierydance\n>p2 move roost\n>p2 switch 5\n>p1 switch 4\n>p2 move stoneedge\n>p1 move flipturn\n>p2 move uturn\n>p2 switch 2\n>p1 switch 2\n>p1 move populationbomb\n>p2 move willowisp\n>p2 switch 3\n>p1 move populationbomb\n>p2 move focusblast\n>p2 switch 2\n>p1 switch 2\n>p2 move uturn\n>p2 switch 6\n>p1 move flipturn\n>p2 move superpower\n>p1 switch 4\n>p1 move fierydance\n>p2 move superpower terastallize\n>chat \u2606cute pikachu gang|lol\n>forcelose p2", "uploadtime": 1714212376, "views": 241, "formatid": "gen9randombattle", "rating": 2218, "private": 0, "password": null}