{"id": "gen9randombattle-2260771928", "format": "[Gen 9] Random Battle", "players": ["Mayhem042", "JakSas"], "log": "|j|\u2606Mayhem042\n|j|\u2606JakSas\n|t:|1733889702\n|gametype|singles\n|player|p1|Mayhem042|zinnia|1532\n|player|p2|JakSas|hoopster|1543\n|teamsize|p1|6\n|teamsize|p2|6\n|gen|9\n|tier|[Gen 9] Random Battle\n|rated|\n|rule|Species Clause: Limit one of each Pok\u00e9mon\n|rule|HP Percentage Mod: HP is shown in percentages\n|rule|Sleep Clause Mod: Limit one foe put to sleep\n|rule|Illusion Level Mod: Illusion disguises the Pok\u00e9mon's true level\n|\n|t:|1733889702\n|start\n|switch|p1a: Toxapex|Toxapex, L82, M|216/216\n|switch|p2a: Ludicolo|Ludicolo, L90, F|290/290\n|turn|1\n|inactive|Battle timer is ON: inactive players will automatically lose when time's up. (requested by JakSas)\n|\n|t:|1733889716\n|switch|p2a: Pincurchin|Pincurchin, F|258/258\n|-fieldstart|move: Electric Terrain|[from] ability: Electric Surge|[of] p2a: Pincurchin\n|move|p1a: Toxapex|Toxic|p2a: Pincurchin\n|-status|p2a: Pincurchin|tox\n|\n|-damage|p2a: Pincurchin|242/258 tox|[from] psn\n|upkeep\n|turn|2\n|\n|t:|1733889732\n|switch|p1a: Pikachu|Pikachu-Alola, L93, M|216/216\n|move|p2a: Pincurchin|Curse|p2a: Pincurchin\n|-unboost|p2a: Pincurchin|spe|1\n|-boost|p2a: Pincurchin|atk|1\n|-boost|p2a: Pincurchin|def|1\n|\n|-heal|p2a: Pincurchin|258/258 tox|[from] item: Leftovers\n|-damage|p2a: Pincurchin|226/258 tox|[from] psn\n|upkeep\n|turn|3\n|\n|t:|1733889744\n|switch|p2a: Gogoat|Gogoat, L88, F|360/360\n|move|p1a: Pikachu|Fake Out|p2a: Gogoat\n|-damage|p2a: Gogoat|298/360\n|\n|-heal|p2a: Gogoat|320/360|[from] item: Leftovers\n|upkeep\n|turn|4\n|\n|t:|1733889753\n|switch|p1a: Iron Jugulis|Iron Jugulis, L78|275/275\n|-activate|p1a: Iron Jugulis|ability: Quark Drive\n|-start|p1a: Iron Jugulis|quarkdrivespa\n|move|p2a: Gogoat|Bulk Up|p2a: Gogoat\n|-boost|p2a: Gogoat|atk|1\n|-boost|p2a: Gogoat|def|1\n|\n|-heal|p2a: Gogoat|342/360|[from] item: Leftovers\n|upkeep\n|turn|5\n|\n|t:|1733889769\n|switch|p2a: Lycanroc|Lycanroc-Midnight, L89, M|296/296\n|move|p1a: Iron Jugulis|Hurricane|p2a: Lycanroc\n|-resisted|p2a: Lycanroc\n|-damage|p2a: Lycanroc|215/296\n|\n|-fieldend|move: Electric Terrain\n|-end|p1a: Iron Jugulis|Quark Drive\n|upkeep\n|turn|6\n|\n|t:|1733889782\n|-end|p1a: Iron Jugulis|Quark Drive|[silent]\n|switch|p1a: Toxapex|Toxapex, L82, M|216/216\n|move|p2a: Lycanroc|Stealth Rock|p1a: Toxapex\n|-sidestart|p1: Mayhem042|move: Stealth Rock\n|\n|upkeep\n|turn|7\n|\n|t:|1733889791\n|move|p2a: Lycanroc|Knock Off|p1a: Toxapex\n|-damage|p1a: Toxapex|143/216\n|-damage|p2a: Lycanroc|166/296|[from] item: Rocky Helmet|[of] p1a: Toxapex\n|-enditem|p1a: Toxapex|Rocky Helmet|[from] move: Knock Off|[of] p2a: Lycanroc\n|-damage|p2a: Lycanroc|137/296|[from] item: Life Orb\n|move|p1a: Toxapex|Liquidation|p2a: Lycanroc\n|-supereffective|p2a: Lycanroc\n|-damage|p2a: Lycanroc|0 fnt\n|faint|p2a: Lycanroc\n|\n|upkeep\n|\n|t:|1733889807\n|switch|p2a: Ludicolo|Ludicolo, L90, F|290/290\n|turn|8\n|\n|t:|1733889813\n|move|p2a: Ludicolo|Rain Dance|p2a: Ludicolo\n|-weather|RainDance\n|move|p1a: Toxapex|Toxic|p2a: Ludicolo\n|-status|p2a: Ludicolo|tox\n|\n|-weather|RainDance|[upkeep]\n|-damage|p2a: Ludicolo|272/290 tox|[from] psn\n|upkeep\n|turn|9\n|\n|t:|1733889821\n|move|p2a: Ludicolo|Giga Drain|p1a: Toxapex\n|-damage|p1a: Toxapex|57/216\n|-heal|p2a: Ludicolo|290/290 tox|[from] drain|[of] p1a: Toxapex\n|-damage|p2a: Ludicolo|261/290 tox|[from] item: Life Orb\n|move|p1a: Toxapex|Recover|p1a: Toxapex\n|-heal|p1a: Toxapex|165/216\n|\n|-weather|RainDance|[upkeep]\n|-damage|p2a: Ludicolo|225/290 tox|[from] psn\n|upkeep\n|turn|10\n|\n|t:|1733889830\n|switch|p2a: Pincurchin|Pincurchin, F|226/258 tox\n|-fieldstart|move: Electric Terrain|[from] ability: Electric Surge|[of] p2a: Pincurchin\n|move|p1a: Toxapex|Recover|p1a: Toxapex\n|-heal|p1a: Toxapex|216/216\n|\n|-weather|RainDance|[upkeep]\n|-heal|p2a: Pincurchin|242/258 tox|[from] item: Leftovers\n|-damage|p2a: Pincurchin|226/258 tox|[from] psn\n|upkeep\n|turn|11\n|\n|t:|1733889841\n|switch|p1a: Pikachu|Pikachu-Alola, L93, M|216/216\n|-damage|p1a: Pikachu|189/216|[from] Stealth Rock\n|move|p2a: Pincurchin|Liquidation|p1a: Pikachu\n|-damage|p1a: Pikachu|0 fnt\n|faint|p1a: Pikachu\n|\n|-weather|RainDance|[upkeep]\n|-heal|p2a: Pincurchin|242/258 tox|[from] item: Leftovers\n|-damage|p2a: Pincurchin|210/258 tox|[from] psn\n|upkeep\n|\n|t:|1733889853\n|switch|p1a: Iron Jugulis|Iron Jugulis, L78|275/275\n|-damage|p1a: Iron Jugulis|207/275|[from] Stealth Rock\n|-activate|p1a: Iron Jugulis|ability: Quark Drive\n|-start|p1a: Iron Jugulis|quarkdrivespa\n|turn|12\n|\n|t:|1733889860\n|-terastallize|p1a: Iron Jugulis|Dark\n|move|p1a: Iron Jugulis|Earth Power|p2a: Pincurchin\n|-supereffective|p2a: Pincurchin\n|-damage|p2a: Pincurchin|64/258 tox\n|move|p2a: Pincurchin|Zing Zap|p1a: Iron Jugulis\n|-damage|p1a: Iron Jugulis|24/275\n|\n|-weather|none\n|-heal|p2a: Pincurchin|80/258 tox|[from] item: Leftovers\n|-damage|p2a: Pincurchin|32/258 tox|[from] psn\n|upkeep\n|turn|13\n|\n|t:|1733889874\n|switch|p2a: Honchkrow|Honchkrow, L86, F|312/312\n|move|p1a: Iron Jugulis|Meteor Beam||[still]\n|-prepare|p1a: Iron Jugulis|Meteor Beam\n|-boost|p1a: Iron Jugulis|spa|1\n|-enditem|p1a: Iron Jugulis|Power Herb\n|-anim|p1a: Iron Jugulis|Meteor Beam|p2a: Honchkrow\n|-supereffective|p2a: Honchkrow\n|-damage|p2a: Honchkrow|0 fnt\n|faint|p2a: Honchkrow\n|\n|upkeep\n|\n|t:|1733889897\n|switch|p2a: Ludicolo|Ludicolo, L90, F|225/290 tox\n|turn|14\n|\n|t:|1733889904\n|move|p1a: Iron Jugulis|Hurricane|p2a: Ludicolo\n|-supereffective|p2a: Ludicolo\n|-damage|p2a: Ludicolo|0 fnt\n|faint|p2a: Ludicolo\n|\n|-fieldend|move: Electric Terrain\n|-end|p1a: Iron Jugulis|Quark Drive\n|upkeep\n|\n|t:|1733889917\n|switch|p2a: Masquerain|Masquerain, L87, F|264/264\n|-ability|p2a: Masquerain|Intimidate|boost\n|-unboost|p1a: Iron Jugulis|atk|1\n|turn|15\n|\n|t:|1733889926\n|move|p1a: Iron Jugulis|Hurricane|p2a: Masquerain\n|-supereffective|p2a: Masquerain\n|-damage|p2a: Masquerain|0 fnt\n|faint|p2a: Masquerain\n|\n|upkeep\n|\n|t:|1733889929\n|switch|p2a: Gogoat|Gogoat, L88, F|342/360\n|turn|16\n|\n|t:|1733889932\n|move|p1a: Iron Jugulis|Hurricane|p2a: Gogoat\n|-supereffective|p2a: Gogoat\n|-damage|p2a: Gogoat|0 fnt\n|faint|p2a: Gogoat\n|\n|upkeep\n|\n|t:|1733889936\n|switch|p2a: Pincurchin|Pincurchin, F|32/258 tox\n|-fieldstart|move: Electric Terrain|[from] ability: Electric Surge|[of] p2a: Pincurchin\n|-activate|p1a: Iron Jugulis|ability: Quark Drive\n|-start|p1a: Iron Jugulis|quarkdrivespa\n|turn|17\n|-message|JakSas forfeited.\n|\n|win|Mayhem042\n|raw|Mayhem042's rating: 1532 &rarr; <strong>1553</strong><br />(+21 for winning)\n|raw|JakSas's rating: 1543 &rarr; <strong>1522</strong><br />(-21 for losing)\n|l|\u2606JakSas\n|player|p2|\n", "inputlog": ">version bfd83cad13791eb5a5a409923076391caf6fb4d4\n>start {\"formatid\":\"gen9randombattle\",\"seed\":[64704,28587,25346,60864],\"rated\":\"Rated battle\"}\n>player p1 {\"name\":\"Mayhem042\",\"avatar\":\"zinnia\",\"rating\":1532,\"seed\":[63353,32846,35705,21275]}\n>player p2 {\"name\":\"JakSas\",\"avatar\":\"hoopster\",\"rating\":1543,\"seed\":[65229,42714,55787,14438]}\n>p1 move toxic\n>p2 switch 5\n>p1 switch 2\n>p2 move curse\n>p1 move fakeout\n>p2 switch 3\n>p1 switch 5\n>p2 move bulkup\n>p1 move hurricane\n>p2 switch 6\n>p1 switch 2\n>p2 move stealthrock\n>p1 move liquidation\n>p2 move knockoff\n>p2 switch 5\n>p1 move toxic\n>p2 move raindance\n>p1 move recover\n>p2 move gigadrain\n>p1 move recover\n>p2 switch 3\n>p1 switch 5\n>p2 move liquidation\n>p1 switch 2\n>p1 move earthpower terastallize\n>p2 move zingzap\n>p1 move meteorbeam\n>p2 switch 2\n>p2 switch 3\n>p1 move hurricane\n>p2 move raindance\n>p2 switch 4\n>p1 move hurricane\n>p2 move uturn\n>p2 switch 6\n>p1 move hurricane\n>p2 move hornleech\n>p2 switch 2\n>forcelose p2", "uploadtime": 1733889946, "views": 22, "formatid": "gen9randombattle", "rating": 1522, "private": 0, "password": null}