{"id": "gen9randombattle-2260458818", "format": "[Gen 9] Random Battle", "players": ["Oddfeather", "ZaneCrescentB"], "log": "|j|\u2606Oddfeather\n|j|\u2606ZaneCrescentB\n|t:|1733853625\n|gametype|singles\n|player|p1|Oddfeather|265|1485\n|player|p2|ZaneCrescentB|vessa|1476\n|teamsize|p1|6\n|teamsize|p2|6\n|gen|9\n|tier|[Gen 9] Random Battle\n|rated|\n|rule|Species Clause: Limit one of each Pok\u00e9mon\n|rule|HP Percentage Mod: HP is shown in percentages\n|rule|Sleep Clause Mod: Limit one foe put to sleep\n|rule|Illusion Level Mod: Illusion disguises the Pok\u00e9mon's true level\n|\n|t:|1733853625\n|start\n|switch|p1a: Wo-Chien|Wo-Chien, L83|277/277\n|switch|p2a: Exeggutor|Exeggutor, L89, F|312/312\n|-ability|p1a: Wo-Chien|Tablets of Ruin\n|turn|1\n|c|\u2606ZaneCrescentB|Gl hf.\n|c|\u2606ZaneCrescentB|Let's GO!\n|inactive|Battle timer is ON: inactive players will automatically lose when time's up. (requested by Oddfeather)\n|c|\u2606ZaneCrescentB|Timer...\n|c|\u2606Oddfeather|gl\n|c|\u2606ZaneCrescentB|Le-Sigh...\n|c|\u2606ZaneCrescentB|Don't mind that.\n|c|\u2606ZaneCrescentB|I just say it.\n|\n|t:|1733853654\n|switch|p2a: Copperajah|Copperajah, L86, M|349/349\n|move|p1a: Wo-Chien|Knock Off|p2a: Copperajah\n|-damage|p2a: Copperajah|240/349\n|-enditem|p2a: Copperajah|Choice Band|[from] move: Knock Off|[of] p1a: Wo-Chien\n|\n|upkeep\n|turn|2\n|\n|t:|1733853669\n|move|p1a: Wo-Chien|Stun Spore|p2a: Copperajah\n|-status|p2a: Copperajah|par\n|move|p2a: Copperajah|Heavy Slam|p1a: Wo-Chien\n|-damage|p1a: Wo-Chien|153/277\n|\n|-heal|p1a: Wo-Chien|170/277|[from] item: Leftovers\n|upkeep\n|turn|3\n|\n|t:|1733853683\n|switch|p1a: Medicham|Medicham, L86, F|243/243\n|move|p2a: Copperajah|Heavy Slam|p1a: Medicham\n|-damage|p1a: Medicham|50/243\n|\n|upkeep\n|turn|4\n|\n|t:|1733853698\n|switch|p2a: Exeggutor|Exeggutor, L89, F|312/312\n|move|p1a: Medicham|Close Combat|p2a: Exeggutor\n|-resisted|p2a: Exeggutor\n|-damage|p2a: Exeggutor|181/312\n|-unboost|p1a: Medicham|def|1\n|-unboost|p1a: Medicham|spd|1\n|\n|upkeep\n|turn|5\n|\n|t:|1733853704\n|switch|p1a: Wo-Chien|Wo-Chien, L83|170/277\n|-ability|p1a: Wo-Chien|Tablets of Ruin\n|move|p2a: Exeggutor|Giga Drain|p1a: Wo-Chien\n|-resisted|p1a: Wo-Chien\n|-damage|p1a: Wo-Chien|133/277\n|-heal|p2a: Exeggutor|200/312|[from] drain|[of] p1a: Wo-Chien\n|\n|-heal|p1a: Wo-Chien|150/277|[from] item: Leftovers\n|upkeep\n|turn|6\n|\n|t:|1733853721\n|switch|p2a: Copperajah|Copperajah, L86, M|240/349 par\n|move|p1a: Wo-Chien|Knock Off|p2a: Copperajah\n|-damage|p2a: Copperajah|171/349 par\n|\n|-heal|p1a: Wo-Chien|167/277|[from] item: Leftovers\n|upkeep\n|turn|7\n|\n|t:|1733853728\n|move|p1a: Wo-Chien|Ruination|p2a: Copperajah|[miss]\n|-miss|p1a: Wo-Chien|p2a: Copperajah\n|move|p2a: Copperajah|Heavy Slam|p1a: Wo-Chien\n|-damage|p1a: Wo-Chien|59/277\n|\n|-heal|p1a: Wo-Chien|76/277|[from] item: Leftovers\n|upkeep\n|turn|8\n|\n|t:|1733853735\n|move|p1a: Wo-Chien|Giga Drain|p2a: Copperajah\n|-resisted|p2a: Copperajah\n|-damage|p2a: Copperajah|129/349 par\n|-heal|p1a: Wo-Chien|97/277|[from] drain|[of] p2a: Copperajah\n|move|p2a: Copperajah|Superpower|p1a: Wo-Chien\n|-supereffective|p1a: Wo-Chien\n|-damage|p1a: Wo-Chien|0 fnt\n|-unboost|p2a: Copperajah|atk|1\n|-unboost|p2a: Copperajah|def|1\n|faint|p1a: Wo-Chien\n|\n|upkeep\n|\n|t:|1733853750\n|switch|p1a: Dunsparce|Dunsparce, L86, M|312/312\n|turn|9\n|\n|t:|1733853758\n|switch|p2a: Vigoroth|Vigoroth, L85, M|275/275\n|move|p1a: Dunsparce|Coil|p1a: Dunsparce\n|-boost|p1a: Dunsparce|atk|1\n|-boost|p1a: Dunsparce|def|1\n|-boost|p1a: Dunsparce|accuracy|1\n|\n|upkeep\n|turn|10\n|\n|t:|1733853766\n|move|p2a: Vigoroth|Knock Off|p1a: Dunsparce\n|-damage|p1a: Dunsparce|279/312\n|-enditem|p1a: Dunsparce|Eviolite|[from] move: Knock Off|[of] p2a: Vigoroth\n|move|p1a: Dunsparce|Body Slam|p2a: Vigoroth\n|-damage|p2a: Vigoroth|199/275\n|-status|p2a: Vigoroth|par\n|\n|upkeep\n|turn|11\n|\n|t:|1733853773\n|move|p1a: Dunsparce|Coil|p1a: Dunsparce\n|-boost|p1a: Dunsparce|atk|1\n|-boost|p1a: Dunsparce|def|1\n|-boost|p1a: Dunsparce|accuracy|1\n|cant|p2a: Vigoroth|par\n|\n|upkeep\n|turn|12\n|\n|t:|1733853778\n|move|p1a: Dunsparce|Coil|p1a: Dunsparce\n|-boost|p1a: Dunsparce|atk|1\n|-boost|p1a: Dunsparce|def|1\n|-boost|p1a: Dunsparce|accuracy|1\n|cant|p2a: Vigoroth|par\n|\n|upkeep\n|turn|13\n|\n|t:|1733853786\n|switch|p2a: Copperajah|Copperajah, L86, M|129/349 par\n|move|p1a: Dunsparce|Body Slam|p2a: Copperajah\n|-resisted|p2a: Copperajah\n|-damage|p2a: Copperajah|14/349 par\n|\n|upkeep\n|turn|14\n|\n|t:|1733853794\n|move|p1a: Dunsparce|Body Slam|p2a: Copperajah\n|-resisted|p2a: Copperajah\n|-damage|p2a: Copperajah|0 fnt\n|faint|p2a: Copperajah\n|\n|upkeep\n|\n|t:|1733853803\n|switch|p2a: Exeggutor|Exeggutor, L89, F|200/312\n|turn|15\n|\n|t:|1733853816\n|move|p2a: Exeggutor|Giga Drain|p1a: Dunsparce\n|-damage|p1a: Dunsparce|144/312\n|-heal|p2a: Exeggutor|268/312|[from] drain|[of] p1a: Dunsparce\n|move|p1a: Dunsparce|Body Slam|p2a: Exeggutor\n|-damage|p2a: Exeggutor|91/312\n|-status|p2a: Exeggutor|par\n|-enditem|p2a: Exeggutor|Sitrus Berry|[eat]\n|-heal|p2a: Exeggutor|169/312 par|[from] item: Sitrus Berry\n|\n|upkeep\n|turn|16\n|\n|t:|1733853826\n|move|p1a: Dunsparce|Roost|p1a: Dunsparce\n|-heal|p1a: Dunsparce|300/312\n|-singleturn|p1a: Dunsparce|move: Roost\n|move|p2a: Exeggutor|Giga Drain|p1a: Dunsparce\n|-damage|p1a: Dunsparce|167/312\n|-heal|p2a: Exeggutor|236/312 par|[from] drain|[of] p1a: Dunsparce\n|\n|upkeep\n|turn|17\n|\n|t:|1733853833\n|move|p1a: Dunsparce|Body Slam|p2a: Exeggutor\n|-damage|p2a: Exeggutor|59/312 par\n|move|p2a: Exeggutor|Calm Mind|p2a: Exeggutor\n|-boost|p2a: Exeggutor|spa|1\n|-boost|p2a: Exeggutor|spd|1\n|\n|upkeep\n|turn|18\n|\n|t:|1733853838\n|move|p1a: Dunsparce|Body Slam|p2a: Exeggutor\n|-damage|p2a: Exeggutor|0 fnt\n|faint|p2a: Exeggutor\n|\n|upkeep\n|\n|t:|1733853840\n|switch|p2a: Reshiram|Reshiram, L76|277/277\n|-ability|p2a: Reshiram|Turboblaze\n|turn|19\n|\n|t:|1733853847\n|move|p2a: Reshiram|Blue Flare|p1a: Dunsparce|[miss]\n|-miss|p2a: Reshiram|p1a: Dunsparce\n|move|p1a: Dunsparce|Roost|p1a: Dunsparce\n|-heal|p1a: Dunsparce|312/312\n|-singleturn|p1a: Dunsparce|move: Roost\n|\n|upkeep\n|turn|20\n|\n|t:|1733853853\n|-terastallize|p2a: Reshiram|Fire\n|move|p2a: Reshiram|Blue Flare|p1a: Dunsparce\n|-damage|p1a: Dunsparce|44/312\n|move|p1a: Dunsparce|Body Slam|p2a: Reshiram\n|-crit|p2a: Reshiram\n|-damage|p2a: Reshiram|0 fnt\n|faint|p2a: Reshiram\n|\n|upkeep\n|\n|t:|1733853860\n|switch|p2a: Blissey|Blissey, L84, F|566/566\n|turn|21\n|\n|t:|1733853866\n|move|p2a: Blissey|Seismic Toss|p1a: Dunsparce\n|-damage|p1a: Dunsparce|0 fnt\n|faint|p1a: Dunsparce\n|\n|upkeep\n|\n|t:|1733853871\n|switch|p1a: Medicham|Medicham, L86, F|50/243\n|turn|22\n|\n|t:|1733853878\n|move|p1a: Medicham|Close Combat|p2a: Blissey\n|-supereffective|p2a: Blissey\n|-crit|p2a: Blissey\n|-damage|p2a: Blissey|0 fnt\n|-unboost|p1a: Medicham|def|1\n|-unboost|p1a: Medicham|spd|1\n|faint|p2a: Blissey\n|\n|upkeep\n|\n|t:|1733853882\n|switch|p2a: Haxorus|Haxorus, L77, M|244/244\n|-ability|p2a: Haxorus|Mold Breaker\n|turn|23\n|\n|t:|1733853892\n|-terastallize|p1a: Medicham|Fighting\n|move|p2a: Haxorus|Iron Head|p1a: Medicham\n|-damage|p1a: Medicham|0 fnt\n|faint|p1a: Medicham\n|\n|upkeep\n|\n|t:|1733853899\n|switch|p1a: Fezandipiti|Fezandipiti, L82, M|278/278\n|turn|24\n|\n|t:|1733853906\n|move|p1a: Fezandipiti|Play Rough|p2a: Haxorus\n|-supereffective|p2a: Haxorus\n|-damage|p2a: Haxorus|58/244\n|-status|p2a: Haxorus|tox|[from] ability: Toxic Chain|[of] p1a: Fezandipiti\n|-enditem|p2a: Haxorus|Lum Berry|[eat]\n|-curestatus|p2a: Haxorus|tox|[msg]\n|move|p2a: Haxorus|Dragon Dance|p2a: Haxorus\n|-boost|p2a: Haxorus|atk|1\n|-boost|p2a: Haxorus|spe|1\n|\n|upkeep\n|turn|25\n|\n|t:|1733853918\n|move|p2a: Haxorus|Earthquake|p1a: Fezandipiti\n|-supereffective|p1a: Fezandipiti\n|-damage|p1a: Fezandipiti|22/278\n|move|p1a: Fezandipiti|Play Rough|p2a: Haxorus|[miss]\n|-miss|p1a: Fezandipiti|p2a: Haxorus\n|\n|-heal|p1a: Fezandipiti|39/278|[from] item: Leftovers\n|upkeep\n|turn|26\n|\n|t:|1733853921\n|move|p2a: Haxorus|Earthquake|p1a: Fezandipiti\n|-supereffective|p1a: Fezandipiti\n|-damage|p1a: Fezandipiti|0 fnt\n|faint|p1a: Fezandipiti\n|\n|upkeep\n|\n|t:|1733853927\n|switch|p1a: Mesprit|Mesprit, L85|275/275\n|turn|27\n|\n|t:|1733853932\n|move|p2a: Haxorus|Iron Head|p1a: Mesprit\n|-damage|p1a: Mesprit|183/275\n|move|p1a: Mesprit|Psychic Noise|p2a: Haxorus\n|-damage|p2a: Haxorus|0 fnt\n|faint|p2a: Haxorus\n|\n|upkeep\n|\n|t:|1733853937\n|switch|p2a: Vigoroth|Vigoroth, L85, M|199/275 par\n|turn|28\n|\n|t:|1733853940\n|move|p1a: Mesprit|Knock Off|p2a: Vigoroth\n|-damage|p2a: Vigoroth|144/275 par\n|-enditem|p2a: Vigoroth|Eviolite|[from] move: Knock Off|[of] p1a: Mesprit\n|cant|p2a: Vigoroth|par\n|\n|upkeep\n|turn|29\n|\n|t:|1733853945\n|move|p1a: Mesprit|Drain Punch|p2a: Vigoroth\n|-supereffective|p2a: Vigoroth\n|-damage|p2a: Vigoroth|16/275 par\n|-heal|p1a: Mesprit|247/275|[from] drain|[of] p2a: Vigoroth\n|cant|p2a: Vigoroth|par\n|\n|upkeep\n|turn|30\n|\n|t:|1733853951\n|move|p1a: Mesprit|Psychic Noise|p2a: Vigoroth\n|-damage|p2a: Vigoroth|0 fnt\n|faint|p2a: Vigoroth\n|\n|win|Oddfeather\n|raw|Oddfeather's rating: 1485 &rarr; <strong>1504</strong><br />(+19 for winning)\n|raw|ZaneCrescentB's rating: 1476 &rarr; <strong>1457</strong><br />(-19 for losing)\n|c|\u2606ZaneCrescentB|Gg.\n|c|\u2606Oddfeather|gg\n|c|\u2606ZaneCrescentB|I was robbed.\n", "inputlog": ">version bfd83cad13791eb5a5a409923076391caf6fb4d4\n>start {\"formatid\":\"gen9randombattle\",\"seed\":[36811,52984,43287,9524],\"rated\":\"Rated battle\"}\n>player p1 {\"name\":\"Oddfeather\",\"avatar\":\"265\",\"rating\":1485,\"seed\":[11274,48123,39786,47592]}\n>player p2 {\"name\":\"ZaneCrescentB\",\"avatar\":\"vessa\",\"rating\":1476,\"seed\":[11668,29669,21463,17494]}\n>chat \u2606ZaneCrescentB|Gl hf.\n>chat \u2606ZaneCrescentB|Let's GO!\n>chat \u2606ZaneCrescentB|Timer...\n>chat \u2606Oddfeather|gl\n>chat \u2606ZaneCrescentB|Le-Sigh...\n>chat \u2606ZaneCrescentB|Don't mind that.\n>chat \u2606ZaneCrescentB|I just say it.\n>p1 move knockoff\n>p2 switch 3\n>p1 move stunspore\n>p2 move heavyslam\n>p1 switch 3\n>p2 move heavyslam\n>p1 move closecombat\n>p2 switch 3\n>p1 switch 3\n>p2 move gigadrain\n>p1 move knockoff\n>p2 switch 3\n>p1 move ruination\n>p2 move heavyslam\n>p1 move gigadrain\n>p2 move superpower\n>p1 switch 5\n>p1 move coil\n>p2 switch 5\n>p1 move bodyslam\n>p2 move knockoff\n>p1 move coil\n>p2 move bulkup\n>p1 move coil\n>p2 move bulkup\n>p1 move bodyslam\n>p2 switch 5\n>p1 move bodyslam\n>p2 move superpower\n>p2 switch 3\n>p1 move bodyslam\n>p2 move gigadrain\n>p1 move roost\n>p2 move gigadrain\n>p1 move bodyslam\n>p2 move calmmind\n>p1 move bodyslam\n>p2 move gigadrain\n>p2 switch 6\n>p1 move roost\n>p2 move blueflare\n>p1 move bodyslam\n>p2 move blueflare terastallize\n>p2 switch 2\n>p1 move bodyslam\n>p2 move seismictoss\n>p1 switch 3\n>p1 move closecombat\n>p2 move stealthrock\n>p2 switch 4\n>p1 move closecombat terastallize\n>p2 move ironhead\n>p1 switch 6\n>p1 move playrough\n>p2 move dragondance\n>p1 move playrough\n>p2 move earthquake\n>p1 move playrough\n>p2 move earthquake\n>p1 switch 4\n>p1 move psychicnoise\n>p2 move ironhead\n>p2 switch 5\n>p1 move knockoff\n>p2 move knockoff\n>p1 move drainpunch\n>p2 move knockoff\n>p1 move psychicnoise\n>p2 move knockoff", "uploadtime": 1733853957, "views": 2, "formatid": "gen9randombattle", "rating": 1457, "private": 0, "password": null}