{"id": "gen9randombattle-2118545428", "format": "[Gen 9] Random Battle", "players": ["pokeblade\u2606101", "Delta 2777"], "log": "|badge|p1|gold|gen9randombattle|3-1\n|uhtml|medal-msg|<div class=\"broadcast-blue\">Curious what those medals under the avatar are? PS now has Ladder Seasons! For more information, check out the <a href=\"https://www.smogon.com/forums/threads/3740067/\">thread on Smogon.</a></div>\n|badge|p2|silver|gen9randombattle|30-1\n|uhtml|medal-msg|<div class=\"broadcast-blue\">Curious what those medals under the avatar are? PS now has Ladder Seasons! For more information, check out the <a href=\"https://www.smogon.com/forums/threads/3740067/\">thread on Smogon.</a></div>\n|j|\u2606pokeblade\u2606101\n|j|\u2606Delta 2777\n|t:|1714946565\n|gametype|singles\n|player|p1|pokeblade\u2606101|#rbtt7teamchiyu|2485\n|player|p2|Delta 2777|169|2456\n|teamsize|p1|6\n|teamsize|p2|6\n|gen|9\n|tier|[Gen 9] Random Battle\n|rated|\n|rule|Species Clause: Limit one of each Pok\u00e9mon\n|rule|HP Percentage Mod: HP is shown in percentages\n|rule|Sleep Clause Mod: Limit one foe put to sleep\n|rule|Illusion Level Mod: Illusion disguises the Pok\u00e9mon's true level\n|\n|t:|1714946565\n|start\n|switch|p1a: Floatzel|Floatzel, L85, M|283/283\n|switch|p2a: Primarina|Primarina, L83, F|268/268\n|turn|1\n|inactive|Battle timer is ON: inactive players will automatically lose when time's up. (requested by Delta 2777)\n|\n|t:|1714946591\n|switch|p1a: Eelektross|Eelektross, L87, F|290/290\n|move|p2a: Primarina|Flip Turn|p1a: Eelektross\n|-damage|p1a: Eelektross|232/290\n|\n|t:|1714946613\n|switch|p2a: Urshifu|Urshifu, L74, M|270/270|[from] Flip Turn\n|\n|upkeep\n|turn|2\n|\n|t:|1714946620\n|move|p2a: Urshifu|Wicked Blow|p1a: Eelektross\n|-crit|p1a: Eelektross\n|-damage|p1a: Eelektross|45/290\n|move|p1a: Eelektross|Close Combat|p2a: Urshifu\n|-supereffective|p2a: Urshifu\n|-damage|p2a: Urshifu|52/270\n|-unboost|p1a: Eelektross|def|1\n|-unboost|p1a: Eelektross|spd|1\n|\n|upkeep\n|turn|3\n|\n|t:|1714946626\n|switch|p1a: Poliwrath|Poliwrath, L88, M|302/302\n|move|p2a: Urshifu|Wicked Blow|p1a: Poliwrath\n|-resisted|p1a: Poliwrath\n|-crit|p1a: Poliwrath\n|-damage|p1a: Poliwrath|221/302\n|\n|upkeep\n|turn|4\n|\n|t:|1714946631\n|switch|p2a: Vespiquen|Vespiquen, L98, F|296/296\n|-ability|p2a: Vespiquen|Pressure\n|move|p1a: Poliwrath|Close Combat|p2a: Vespiquen\n|-resisted|p2a: Vespiquen\n|-damage|p2a: Vespiquen|268/296\n|-unboost|p1a: Poliwrath|def|1\n|-unboost|p1a: Poliwrath|spd|1\n|\n|upkeep\n|turn|5\n|\n|t:|1714946644\n|switch|p1a: Eelektross|Eelektross, L87, F|45/290\n|move|p2a: Vespiquen|U-turn|p1a: Eelektross\n|-damage|p1a: Eelektross|0 fnt\n|faint|p1a: Eelektross\n|\n|t:|1714946650\n|switch|p2a: Urshifu|Urshifu, L74, M|52/270|[from] U-turn\n|\n|upkeep\n|\n|t:|1714946658\n|switch|p1a: Floatzel|Floatzel, L85, M|283/283\n|turn|6\n|\n|t:|1714946671\n|switch|p2a: Primarina|Primarina, L83, F|268/268\n|move|p1a: Floatzel|Wave Crash|p2a: Primarina\n|-resisted|p2a: Primarina\n|-damage|p2a: Primarina|183/268\n|-damage|p1a: Floatzel|255/283|[from] Recoil\n|\n|-heal|p1a: Floatzel|272/283|[from] item: Leftovers\n|upkeep\n|turn|7\n|\n|t:|1714946685\n|move|p1a: Floatzel|Wave Crash|p2a: Primarina\n|-resisted|p2a: Primarina\n|-damage|p2a: Primarina|106/268\n|-damage|p1a: Floatzel|247/283|[from] Recoil\n|move|p2a: Primarina|Moonblast|p1a: Floatzel\n|-damage|p1a: Floatzel|0 fnt\n|faint|p1a: Floatzel\n|\n|upkeep\n|inactive|pokeblade\u2606101 has 120 seconds left.\n|\n|t:|1714946712\n|switch|p1a: Volcarona|Volcarona, L77, F|257/257\n|turn|8\n|\n|t:|1714946739\n|switch|p2a: Clawitzer|Clawitzer, L86, M|262/262\n|move|p1a: Volcarona|Quiver Dance|p1a: Volcarona\n|-boost|p1a: Volcarona|spa|1\n|-boost|p1a: Volcarona|spd|1\n|-boost|p1a: Volcarona|spe|1\n|\n|upkeep\n|turn|9\n|\n|t:|1714946746\n|move|p1a: Volcarona|Quiver Dance|p1a: Volcarona\n|-boost|p1a: Volcarona|spa|1\n|-boost|p1a: Volcarona|spd|1\n|-boost|p1a: Volcarona|spe|1\n|move|p2a: Clawitzer|Water Pulse|p1a: Volcarona\n|-supereffective|p1a: Volcarona\n|-damage|p1a: Volcarona|87/257\n|\n|upkeep\n|turn|10\n|\n|t:|1714946752\n|-terastallize|p2a: Clawitzer|Dragon\n|move|p1a: Volcarona|Giga Drain|p2a: Clawitzer\n|-resisted|p2a: Clawitzer\n|-damage|p2a: Clawitzer|205/262\n|-heal|p1a: Volcarona|116/257|[from] drain|[of] p2a: Clawitzer\n|move|p2a: Clawitzer|Water Pulse|p1a: Volcarona\n|-supereffective|p1a: Volcarona\n|-damage|p1a: Volcarona|0 fnt\n|faint|p1a: Volcarona\n|\n|upkeep\n|\n|t:|1714946763\n|switch|p1a: Cinccino|Cinccino, L83, F|260/260\n|turn|11\n|\n|t:|1714946778\n|move|p1a: Cinccino|Triple Axel|p2a: Clawitzer|[miss]\n|-miss|p1a: Cinccino|p2a: Clawitzer\n|move|p2a: Clawitzer|Water Pulse|p1a: Cinccino\n|-damage|p1a: Cinccino|17/260\n|\n|upkeep\n|turn|12\n|inactive|Delta 2777 has 120 seconds left.\n|\n|t:|1714946814\n|switch|p2a: Revavroom|Revavroom, L79, F|256/256\n|move|p1a: Cinccino|Triple Axel|p2a: Revavroom\n|-resisted|p2a: Revavroom\n|-damage|p2a: Revavroom|245/256\n|-resisted|p2a: Revavroom\n|-damage|p2a: Revavroom|224/256\n|-resisted|p2a: Revavroom\n|-damage|p2a: Revavroom|189/256\n|-hitcount|p2a: Revavroom|3\n|\n|upkeep\n|turn|13\n|inactive|Delta 2777 has 120 seconds left.\n|\n|t:|1714946823\n|move|p1a: Cinccino|U-turn|p2a: Revavroom\n|-resisted|p2a: Revavroom\n|-crit|p2a: Revavroom\n|-damage|p2a: Revavroom|171/256\n|\n|t:|1714946825\n|switch|p1a: Sableye|Sableye, L90, M|236/236|[from] U-turn\n|move|p2a: Revavroom|Shift Gear|p2a: Revavroom\n|-boost|p2a: Revavroom|spe|2\n|-boost|p2a: Revavroom|atk|1\n|\n|upkeep\n|turn|14\n|\n|t:|1714946830\n|switch|p2a: Urshifu|Urshifu, L74, M|52/270\n|switch|p1a: Cinccino|Cinccino, L83, F|17/260\n|\n|upkeep\n|turn|15\n|\n|t:|1714946844\n|switch|p1a: Poliwrath|Poliwrath, L88, M|221/302\n|move|p2a: Urshifu|Sucker Punch||[still]\n|-fail|p2a: Urshifu\n|\n|upkeep\n|turn|16\n|\n|t:|1714946849\n|switch|p2a: Vespiquen|Vespiquen, L98, F|268/296\n|-ability|p2a: Vespiquen|Pressure\n|switch|p1a: Cinccino|Cinccino, L83, F|17/260\n|\n|upkeep\n|turn|17\n|\n|t:|1714946856\n|move|p1a: Cinccino|Triple Axel|p2a: Vespiquen\n|-supereffective|p2a: Vespiquen\n|-damage|p2a: Vespiquen|234/296\n|-supereffective|p2a: Vespiquen\n|-damage|p2a: Vespiquen|176/296\n|-supereffective|p2a: Vespiquen\n|-damage|p2a: Vespiquen|82/296\n|-hitcount|p2a: Vespiquen|3\n|move|p2a: Vespiquen|U-turn|p1a: Cinccino\n|-damage|p1a: Cinccino|0 fnt\n|faint|p1a: Cinccino\n|j|+Aqua\n|-message|pokeblade\u2606101 forfeited.\n|\n|win|Delta 2777\n|raw|pokeblade\u2606101's rating: 2485 &rarr; <strong>2463</strong><br />(-22 for losing)\n|raw|Delta 2777's rating: 2456 &rarr; <strong>2478</strong><br />(+22 for winning)\n|l|\u2606pokeblade\u2606101\n|player|p1|\n|l|\u2606Delta 2777\n|player|p2|\n", "inputlog": ">version 2cc90ceb603322b9c7a55380fd27efd5fc357af5\n>start {\"formatid\":\"gen9randombattle\",\"seed\":[55669,45515,40974,20099],\"rated\":\"Rated battle\"}\n>player p1 {\"name\":\"pokeblade\u2606101\",\"avatar\":\"#rbtt7teamchiyu\",\"rating\":2485,\"seed\":[49517,32178,50354,30081]}\n>player p2 {\"name\":\"Delta 2777\",\"avatar\":\"169\",\"rating\":2456,\"seed\":[62973,45225,64945,53488]}\n>p1 switch 6\n>p2 move flipturn\n>p2 switch 6\n>p1 move closecombat\n>p2 move wickedblow\n>p1 switch 2\n>p2 move wickedblow\n>p1 move closecombat\n>p2 switch 4\n>p1 switch 2\n>p2 move uturn\n>p2 switch 4\n>p1 switch 6\n>p1 move wavecrash\n>p2 switch 6\n>p1 move wavecrash\n>p2 move moonblast\n>p1 switch 3\n>p1 move quiverdance\n>p2 switch 5\n>p1 move quiverdance\n>p2 move waterpulse\n>p1 move gigadrain\n>p2 move waterpulse terastallize\n>p1 switch 4\n>p1 move tripleaxel\n>p2 move waterpulse\n>p1 move tripleaxel\n>p2 switch 3\n>p1 move uturn\n>p2 move shiftgear\n>p1 switch 5\n>p1 switch 5\n>p2 switch 6\n>p1 switch 2\n>p2 move suckerpunch\n>p1 switch 2\n>p2 switch 4\n>p1 move tripleaxel\n>p2 move uturn\n>forcelose p1", "uploadtime": 1714946943, "views": 243, "formatid": "gen9randombattle", "rating": 2463, "private": 0, "password": null}