{"id": "gen9randombattle-2104098813", "format": "[Gen 9] Random Battle", "players": ["pokeblade\u2606101", "kandkad"], "log": "|badge|p1|gold|gen9randombattle|3-1\n|uhtml|medal-msg|<div class=\"broadcast-blue\">Curious what those medals under the avatar are? PS now has Ladder Seasons! For more information, check out the <a href=\"https://www.smogon.com/forums/threads/3740067/\">thread on Smogon.</a></div>\n|badge|p2|bronze|gen9randombattle|100-1\n|uhtml|medal-msg|<div class=\"broadcast-blue\">Curious what those medals under the avatar are? PS now has Ladder Seasons! For more information, check out the <a href=\"https://www.smogon.com/forums/threads/3740067/\">thread on Smogon.</a></div>\n|j|\u2606pokeblade\u2606101\n|j|\u203dkandkad\n|t:|1713206180\n|gametype|singles\n|player|p1|pokeblade\u2606101|#rbtt7teamchiyu|2483\n|player|p2|kandkad|clemont|2382\n|teamsize|p1|6\n|teamsize|p2|6\n|gen|9\n|tier|[Gen 9] Random Battle\n|rated|\n|rule|Species Clause: Limit one of each Pok\u00e9mon\n|rule|HP Percentage Mod: HP is shown in percentages\n|rule|Sleep Clause Mod: Limit one foe put to sleep\n|rule|Illusion Level Mod: Illusion disguises the Pok\u00e9mon's true level\n|\n|t:|1713206180\n|start\n|switch|p1a: Zebstrika|Zebstrika, L88, M|275/275\n|switch|p2a: Necrozma|Necrozma-Dusk-Mane, L68|245/245\n|turn|1\n|inactive|Battle timer is ON: inactive players will automatically lose when time's up. (requested by kandkad)\n|\n|t:|1713206209\n|switch|p2a: Sudowoodo|Sudowoodo, L93, F|281/281\n|move|p1a: Zebstrika|Volt Switch|p2a: Sudowoodo\n|-damage|p2a: Sudowoodo|182/281\n|-damage|p1a: Zebstrika|248/275|[from] item: Life Orb\n|\n|t:|1713206220\n|switch|p1a: Mamoswine|Mamoswine, L81, M|311/311|[from] Volt Switch\n|\n|upkeep\n|turn|2\n|\n|t:|1713206227\n|switch|p2a: Tornadus|Tornadus, L82, M|264/264\n|move|p1a: Mamoswine|Icicle Crash|p2a: Tornadus\n|-supereffective|p2a: Tornadus\n|-damage|p2a: Tornadus|0 fnt\n|faint|p2a: Tornadus\n|\n|upkeep\n|\n|t:|1713206233\n|switch|p2a: Basculegion|Basculegion, L81, M|327/327\n|turn|3\n|\n|t:|1713206240\n|switch|p1a: Zarude|Zarude, L78|292/292\n|move|p2a: Basculegion|Flip Turn|p1a: Zarude\n|-resisted|p1a: Zarude\n|-damage|p1a: Zarude|253/292\n|\n|t:|1713206244\n|switch|p2a: Meowscarada|Meowscarada, L78, M|247/247|[from] Flip Turn\n|\n|upkeep\n|turn|4\n|\n|t:|1713206251\n|switch|p1a: Wigglytuff|Wigglytuff, L96, F|424/424\n|move|p2a: Meowscarada|U-turn|p1a: Wigglytuff\n|-start|p2a: Meowscarada|typechange|Bug|[from] ability: Protean\n|-resisted|p1a: Wigglytuff\n|-damage|p1a: Wigglytuff|373/424\n|\n|t:|1713206258\n|switch|p2a: Sudowoodo|Sudowoodo, L93, F|182/281|[from] U-turn\n|\n|-heal|p1a: Wigglytuff|399/424|[from] item: Leftovers\n|upkeep\n|turn|5\n|\n|t:|1713206262\n|move|p1a: Wigglytuff|Protect|p1a: Wigglytuff\n|-singleturn|p1a: Wigglytuff|Protect\n|move|p2a: Sudowoodo|Head Smash|p1a: Wigglytuff\n|-activate|p1a: Wigglytuff|move: Protect\n|\n|-heal|p1a: Wigglytuff|424/424|[from] item: Leftovers\n|upkeep\n|turn|6\n|\n|t:|1713206265\n|move|p1a: Wigglytuff|Knock Off|p2a: Sudowoodo\n|-damage|p2a: Sudowoodo|128/281\n|-enditem|p2a: Sudowoodo|Choice Band|[from] move: Knock Off|[of] p1a: Wigglytuff\n|move|p2a: Sudowoodo|Head Smash|p1a: Wigglytuff\n|-damage|p1a: Wigglytuff|124/424\n|\n|-heal|p1a: Wigglytuff|150/424|[from] item: Leftovers\n|upkeep\n|turn|7\n|\n|t:|1713206269\n|move|p1a: Wigglytuff|Alluring Voice|p2a: Sudowoodo\n|-damage|p2a: Sudowoodo|11/281\n|move|p2a: Sudowoodo|Head Smash|p1a: Wigglytuff\n|-damage|p1a: Wigglytuff|0 fnt\n|faint|p1a: Wigglytuff\n|\n|upkeep\n|j| zekoby\n|\n|t:|1713206279\n|switch|p1a: Zebstrika|Zebstrika, L88, M|248/275\n|turn|8\n|\n|t:|1713206282\n|move|p2a: Sudowoodo|Sucker Punch|p1a: Zebstrika\n|-damage|p1a: Zebstrika|176/275\n|move|p1a: Zebstrika|Wild Charge|p2a: Sudowoodo\n|-damage|p2a: Sudowoodo|0 fnt\n|faint|p2a: Sudowoodo\n|-damage|p1a: Zebstrika|173/275|[from] Recoil\n|-damage|p1a: Zebstrika|146/275|[from] item: Life Orb\n|\n|upkeep\n|\n|t:|1713206293\n|switch|p2a: Necrozma|Necrozma-Dusk-Mane, L68|245/245\n|turn|9\n|j| Inoobis\n|\n|t:|1713206305\n|-terastallize|p2a: Necrozma|Ground\n|move|p1a: Zebstrika|Volt Switch|p2a: Necrozma\n|-immune|p2a: Necrozma\n|move|p2a: Necrozma|Earthquake|p1a: Zebstrika\n|-supereffective|p1a: Zebstrika\n|-damage|p1a: Zebstrika|0 fnt\n|faint|p1a: Zebstrika\n|\n|upkeep\n|\n|t:|1713206318\n|switch|p1a: Zarude|Zarude, L78|253/292\n|turn|10\n|\n|t:|1713206323\n|switch|p2a: Meowscarada|Meowscarada, L78, M|247/247\n|move|p1a: Zarude|Close Combat|p2a: Meowscarada\n|-supereffective|p2a: Meowscarada\n|-damage|p2a: Meowscarada|0 fnt\n|-unboost|p1a: Zarude|def|1\n|-unboost|p1a: Zarude|spd|1\n|faint|p2a: Meowscarada\n|-damage|p1a: Zarude|224/292|[from] item: Life Orb\n|\n|upkeep\n|\n|t:|1713206327\n|switch|p2a: Basculegion|Basculegion, L81, M|327/327\n|turn|11\n|\n|t:|1713206330\n|move|p1a: Zarude|Power Whip|p2a: Basculegion\n|-supereffective|p2a: Basculegion\n|-damage|p2a: Basculegion|0 fnt\n|faint|p2a: Basculegion\n|-damage|p1a: Zarude|195/292|[from] item: Life Orb\n|\n|upkeep\n|j| lknlknyhbb\n|\n|t:|1713206335\n|switch|p2a: Plusle|Plusle, L94, M|265/265\n|turn|12\n|l| lknlknyhbb\n|\n|t:|1713206349\n|switch|p1a: Gothitelle|Gothitelle, L90, F|272/272\n|move|p2a: Plusle|Alluring Voice|p1a: Gothitelle\n|-damage|p1a: Gothitelle|202/272\n|-damage|p2a: Plusle|239/265|[from] item: Life Orb\n|\n|upkeep\n|turn|13\n|\n|t:|1713206352\n|move|p1a: Gothitelle|Trick|p2a: Plusle\n|-activate|p1a: Gothitelle|move: Trick|[of] p2a: Plusle\n|-item|p2a: Plusle|Choice Scarf|[from] move: Trick\n|-item|p1a: Gothitelle|Life Orb|[from] move: Trick\n|move|p2a: Plusle|Nasty Plot|p2a: Plusle\n|-boost|p2a: Plusle|spa|2\n|\n|upkeep\n|turn|14\n|\n|t:|1713206357\n|switch|p1a: Dodrio|Dodrio, L85, F|241/241\n|move|p2a: Plusle|Nasty Plot|p2a: Plusle\n|-boost|p2a: Plusle|spa|2\n|\n|upkeep\n|turn|15\n|\n|t:|1713206360\n|move|p2a: Plusle|Nasty Plot|p2a: Plusle\n|-boost|p2a: Plusle|spa|2\n|move|p1a: Dodrio|Swords Dance|p1a: Dodrio\n|-boost|p1a: Dodrio|atk|2\n|\n|upkeep\n|turn|16\n|-message|kandkad forfeited.\n|\n|win|pokeblade\u2606101\n|raw|pokeblade\u2606101's rating: 2483 &rarr; <strong>2497</strong><br />(+14 for winning)\n|raw|kandkad's rating: 2382 &rarr; <strong>2368</strong><br />(-14 for losing)\n|l|\u203dkandkad\n|player|p2|\n", "inputlog": ">version 94cb14e6e593f9434fd234bef139544825d280b8\n>start {\"formatid\":\"gen9randombattle\",\"seed\":[50971,12876,37698,44920],\"rated\":\"Rated battle\"}\n>player p1 {\"name\":\"pokeblade\u2606101\",\"avatar\":\"#rbtt7teamchiyu\",\"rating\":2483,\"seed\":[12278,1107,41641,21626]}\n>player p2 {\"name\":\"kandkad\",\"avatar\":\"clemont\",\"rating\":2382,\"seed\":[54147,63403,20963,34786]}\n>p1 move voltswitch\n>p2 switch 6\n>p1 switch 4\n>p1 move iciclecrash\n>p2 switch 3\n>p2 switch 2\n>p1 switch 5\n>p2 move flipturn\n>p2 switch 4\n>p1 switch 2\n>p2 move uturn\n>p2 switch 3\n>p1 move protect\n>p2 move headsmash\n>p1 move knockoff\n>p2 move headsmash\n>p1 move alluringvoice\n>p2 move headsmash\n>p1 switch 4\n>p1 move wildcharge\n>p2 move suckerpunch\n>p2 switch 6\n>p1 move voltswitch\n>p2 move earthquake terastallize\n>p1 switch 2\n>p1 move closecombat\n>p2 switch 3\n>p2 switch 4\n>p1 move powerwhip\n>p2 move wavecrash\n>p2 switch 5\n>p1 switch 3\n>p2 move alluringvoice\n>p1 move trick\n>p2 move nastyplot\n>p1 switch 6\n>p2 move nastyplot\n>p1 move swordsdance\n>p2 move nastyplot\n>forcelose p2", "uploadtime": 1713206371, "views": 284, "formatid": "gen9randombattle", "rating": 2368, "private": 0, "password": null}