{"id": "gen9randombattle-2251540719", "format": "[Gen 9] Random Battle", "players": ["Derptile", "horohorovasey"], "log": "|badge|p1|bronze|gen9randombattle|100-3\n|uhtml|medal-msg|<div class=\"broadcast-blue\">Curious what those medals under the avatar are? PS now has Ladder Seasons! For more information, check out the <a href=\"https://www.smogon.com/forums/threads/3740067/\">thread on Smogon.</a></div>\n|j|\u2606Derptile\n|j|\u2606horohorovasey\n|t:|1732640167\n|gametype|singles\n|player|p1|Derptile|265|2324\n|player|p2|horohorovasey|miku-flying|2293\n|teamsize|p1|6\n|teamsize|p2|6\n|gen|9\n|tier|[Gen 9] Random Battle\n|rated|\n|rule|Species Clause: Limit one of each Pok\u00e9mon\n|rule|HP Percentage Mod: HP is shown in percentages\n|rule|Sleep Clause Mod: Limit one foe put to sleep\n|rule|Illusion Level Mod: Illusion disguises the Pok\u00e9mon's true level\n|\n|t:|1732640167\n|start\n|switch|p1a: Inteleon|Inteleon, L81, M|246/246\n|switch|p2a: Slaking|Slaking, L84, F|389/389\n|turn|1\n|inactive|Battle timer is ON: inactive players will automatically lose when time's up. (requested by Derptile)\n|\n|t:|1732640184\n|switch|p1a: Golurk|Golurk, L87|297/297\n|move|p2a: Slaking|Double-Edge|p1a: Golurk\n|-immune|p1a: Golurk\n|\n|upkeep\n|turn|2\n|\n|t:|1732640209\n|switch|p2a: Vileplume|Vileplume, L86, M|269/269\n|move|p1a: Golurk|Dynamic Punch|p2a: Vileplume\n|-resisted|p2a: Vileplume\n|-damage|p2a: Vileplume|204/269\n|-start|p2a: Vileplume|confusion\n|-status|p1a: Golurk|slp|[from] ability: Effect Spore|[of] p2a: Vileplume\n|\n|-heal|p2a: Vileplume|220/269|[from] item: Leftovers\n|upkeep\n|turn|3\n|\n|t:|1732640219\n|switch|p1a: Venomoth|Venomoth, L84, M|255/255\n|-activate|p2a: Vileplume|confusion\n|move|p2a: Vileplume|Giga Drain|p1a: Venomoth\n|-resisted|p1a: Venomoth\n|-damage|p1a: Venomoth|231/255\n|-heal|p2a: Vileplume|232/269|[from] drain|[of] p1a: Venomoth\n|\n|-heal|p2a: Vileplume|248/269|[from] item: Leftovers\n|upkeep\n|turn|4\n|\n|t:|1732640231\n|switch|p2a: Gholdengo|Gholdengo, L77|261/261\n|move|p1a: Venomoth|Quiver Dance|p1a: Venomoth\n|-boost|p1a: Venomoth|spa|1\n|-boost|p1a: Venomoth|spd|1\n|-boost|p1a: Venomoth|spe|1\n|\n|upkeep\n|turn|5\n|\n|t:|1732640238\n|move|p1a: Venomoth|Quiver Dance|p1a: Venomoth\n|-boost|p1a: Venomoth|spa|1\n|-boost|p1a: Venomoth|spd|1\n|-boost|p1a: Venomoth|spe|1\n|move|p2a: Gholdengo|Thunder Wave|p1a: Venomoth\n|-status|p1a: Venomoth|par\n|\n|upkeep\n|turn|6\n|\n|t:|1732640255\n|move|p1a: Venomoth|Bug Buzz|p2a: Gholdengo\n|-resisted|p2a: Gholdengo\n|-damage|p2a: Gholdengo|161/261\n|-unboost|p2a: Gholdengo|spd|1\n|move|p2a: Gholdengo|Shadow Ball|p1a: Venomoth\n|-damage|p1a: Venomoth|183/255 par\n|-unboost|p1a: Venomoth|spd|1\n|\n|-heal|p2a: Gholdengo|177/261|[from] item: Leftovers\n|upkeep\n|turn|7\n|\n|t:|1732640259\n|cant|p1a: Venomoth|par\n|move|p2a: Gholdengo|Make It Rain|p1a: Venomoth\n|-damage|p1a: Venomoth|87/255 par\n|-unboost|p2a: Gholdengo|spa|1\n|\n|-heal|p2a: Gholdengo|193/261|[from] item: Leftovers\n|upkeep\n|turn|8\n|\n|t:|1732640262\n|move|p1a: Venomoth|Quiver Dance|p1a: Venomoth\n|-boost|p1a: Venomoth|spa|1\n|-boost|p1a: Venomoth|spd|1\n|-boost|p1a: Venomoth|spe|1\n|move|p2a: Gholdengo|Make It Rain|p1a: Venomoth\n|-damage|p1a: Venomoth|30/255 par\n|-unboost|p2a: Gholdengo|spa|1\n|\n|-heal|p2a: Gholdengo|209/261|[from] item: Leftovers\n|upkeep\n|turn|9\n|\n|t:|1732640268\n|move|p1a: Venomoth|Bug Buzz|p2a: Gholdengo\n|-resisted|p2a: Gholdengo\n|-damage|p2a: Gholdengo|37/261\n|move|p2a: Gholdengo|Make It Rain|p1a: Venomoth\n|-damage|p1a: Venomoth|0 fnt\n|-unboost|p2a: Gholdengo|spa|1\n|faint|p1a: Venomoth\n|\n|-heal|p2a: Gholdengo|53/261|[from] item: Leftovers\n|upkeep\n|\n|t:|1732640276\n|switch|p1a: Inteleon|Inteleon, L81, M|246/246\n|turn|10\n|\n|t:|1732640281\n|move|p1a: Inteleon|Ice Beam|p2a: Gholdengo\n|-resisted|p2a: Gholdengo\n|-damage|p2a: Gholdengo|0 fnt\n|faint|p2a: Gholdengo\n|\n|upkeep\n|\n|t:|1732640288\n|switch|p2a: Florges|Florges-Yellow, L85, F|271/271\n|turn|11\n|\n|t:|1732640294\n|switch|p1a: Volbeat|Volbeat, L90, M|263/263\n|move|p2a: Florges|Calm Mind|p2a: Florges\n|-boost|p2a: Florges|spa|1\n|-boost|p2a: Florges|spd|1\n|\n|upkeep\n|turn|12\n|\n|t:|1732640300\n|switch|p2a: Chi-Yu|Chi-Yu, L77|211/211\n|-ability|p2a: Chi-Yu|Beads of Ruin\n|move|p1a: Volbeat|Encore|p2a: Chi-Yu\n|-hint|Since gen 7, Dark is immune to Prankster moves.\n|-immune|p2a: Chi-Yu\n|\n|upkeep\n|turn|13\n|\n|t:|1732640309\n|switch|p1a: Inteleon|Inteleon, L81, M|246/246\n|move|p2a: Chi-Yu|Dark Pulse|p1a: Inteleon\n|-damage|p1a: Inteleon|83/246\n|\n|upkeep\n|turn|14\n|\n|t:|1732640324\n|switch|p2a: Florges|Florges-Yellow, L85, F|271/271\n|move|p1a: Inteleon|Hydro Pump|p2a: Florges\n|-damage|p2a: Florges|153/271\n|\n|-heal|p2a: Florges|169/271|[from] item: Leftovers\n|upkeep\n|turn|15\n|\n|t:|1732640328\n|move|p1a: Inteleon|Hydro Pump|p2a: Florges\n|-damage|p2a: Florges|54/271\n|move|p2a: Florges|Wish|p2a: Florges\n|\n|-heal|p2a: Florges|70/271|[from] item: Leftovers\n|upkeep\n|turn|16\n|\n|t:|1732640337\n|switch|p1a: Chimecho|Chimecho, L94, F|293/293\n|move|p2a: Florges|Protect||[still]\n|-fail|p2a: Florges\n|\n|-heal|p2a: Florges|205/271|[from] move: Wish|[wisher] Florges\n|-heal|p2a: Florges|221/271|[from] item: Leftovers\n|upkeep\n|turn|17\n|\n|t:|1732640344\n|switch|p2a: Chi-Yu|Chi-Yu, L77|211/211\n|-ability|p2a: Chi-Yu|Beads of Ruin\n|move|p1a: Chimecho|Calm Mind|p1a: Chimecho\n|-boost|p1a: Chimecho|spa|1\n|-boost|p1a: Chimecho|spd|1\n|\n|upkeep\n|turn|18\n|\n|t:|1732640351\n|-terastallize|p1a: Chimecho|Poison\n|move|p2a: Chi-Yu|Nasty Plot|p2a: Chi-Yu\n|-boost|p2a: Chi-Yu|spa|2\n|move|p1a: Chimecho|Calm Mind|p1a: Chimecho\n|-boost|p1a: Chimecho|spa|1\n|-boost|p1a: Chimecho|spd|1\n|\n|upkeep\n|turn|19\n|\n|t:|1732640356\n|move|p2a: Chi-Yu|Nasty Plot|p2a: Chi-Yu\n|-boost|p2a: Chi-Yu|spa|2\n|move|p1a: Chimecho|Dazzling Gleam|p2a: Chi-Yu\n|-damage|p2a: Chi-Yu|95/211\n|\n|upkeep\n|turn|20\n|\n|t:|1732640363\n|move|p2a: Chi-Yu|Fire Blast|p1a: Chimecho\n|-damage|p1a: Chimecho|77/293\n|move|p1a: Chimecho|Dazzling Gleam|p2a: Chi-Yu\n|-damage|p2a: Chi-Yu|0 fnt\n|faint|p2a: Chi-Yu\n|\n|-heal|p1a: Chimecho|95/293|[from] item: Leftovers\n|upkeep\n|\n|t:|1732640377\n|switch|p2a: Wugtrio|Wugtrio, L91, M|212/212\n|turn|21\n|\n|t:|1732640382\n|move|p2a: Wugtrio|Liquidation|p1a: Chimecho\n|-damage|p1a: Chimecho|0 fnt\n|faint|p1a: Chimecho\n|\n|upkeep\n|\n|t:|1732640389\n|switch|p1a: Volbeat|Volbeat, L90, M|263/263\n|turn|22\n|\n|t:|1732640397\n|switch|p2a: Vileplume|Vileplume, L86, M|248/269\n|move|p1a: Volbeat|Thunder Wave|p2a: Vileplume\n|-status|p2a: Vileplume|par\n|\n|-heal|p2a: Vileplume|264/269 par|[from] item: Leftovers\n|upkeep\n|turn|23\n|\n|t:|1732640402\n|move|p1a: Volbeat|Lunge|p2a: Vileplume\n|-damage|p2a: Vileplume|179/269 par\n|-unboost|p2a: Vileplume|atk|1\n|-message|Sleep Clause Mod activated.\n|-hint|Sleep Clause Mod prevents players from putting more than one of their opponent's Pok\u00e9mon to sleep at a time\n|move|p2a: Vileplume|Strength Sap|p1a: Volbeat\n|-unboost|p1a: Volbeat|atk|1\n|-heal|p2a: Vileplume|269/269 par\n|\n|upkeep\n|turn|24\n|\n|t:|1732640408\n|move|p1a: Volbeat|Encore|p2a: Vileplume\n|-start|p2a: Vileplume|Encore\n|move|p2a: Vileplume|Strength Sap|p1a: Volbeat\n|-unboost|p1a: Volbeat|atk|1\n|\n|upkeep\n|turn|25\n|\n|t:|1732640410\n|switch|p1a: Inteleon|Inteleon, L81, M|83/246\n|switch|p2a: Wugtrio|Wugtrio, L91, M|212/212\n|\n|upkeep\n|turn|26\n|\n|t:|1732640416\n|move|p2a: Wugtrio|Liquidation|p1a: Inteleon\n|-resisted|p1a: Inteleon\n|-damage|p1a: Inteleon|0 fnt\n|faint|p1a: Inteleon\n|\n|upkeep\n|-message|Derptile forfeited.\n|\n|win|horohorovasey\n|raw|Derptile's rating: 2324 &rarr; <strong>2302</strong><br />(-22 for losing)\n|raw|horohorovasey's rating: 2293 &rarr; <strong>2315</strong><br />(+22 for winning)\n|l|\u2606Derptile\n|player|p1|\n", "inputlog": ">version baf9aa68cbe18cf25f290680a08c9ad9c5e3e828\n>start {\"formatid\":\"gen9randombattle\",\"seed\":[5787,39530,60296,58890],\"rated\":\"Rated battle\"}\n>player p1 {\"name\":\"Derptile\",\"avatar\":\"265\",\"rating\":2324,\"seed\":[42743,24196,5714,46530]}\n>player p2 {\"name\":\"horohorovasey\",\"avatar\":\"miku-flying\",\"rating\":2293,\"seed\":[9500,46509,945,53861]}\n>p1 switch 5\n>p2 move doubleedge\n>p1 move dynamicpunch\n>p2 switch 4\n>p1 switch 3\n>p2 move gigadrain\n>p1 move quiverdance\n>p2 switch 6\n>p1 move quiverdance\n>p2 move thunderwave\n>p1 move bugbuzz\n>p2 move shadowball\n>p1 move quiverdance\n>p2 move makeitrain\n>p1 move quiverdance\n>p2 move makeitrain\n>p1 move bugbuzz\n>p2 move makeitrain\n>p1 switch 5\n>p1 move icebeam\n>p2 move thunderwave\n>p2 switch 2\n>p1 switch 4\n>p2 move calmmind\n>p1 move encore\n>p2 switch 5\n>p1 switch 4\n>p2 move darkpulse\n>p1 move hydropump\n>p2 switch 5\n>p1 move hydropump\n>p2 move wish\n>p1 switch 6\n>p2 move protect\n>p1 move calmmind\n>p2 switch 5\n>p1 move calmmind terastallize\n>p2 move nastyplot\n>p1 move dazzlinggleam\n>p2 move nastyplot\n>p1 move dazzlinggleam\n>p2 move fireblast\n>p2 switch 3\n>p1 move recover\n>p2 move liquidation\n>p1 switch 4\n>p1 move thunderwave\n>p2 switch 6\n>p1 move lunge\n>p2 move strengthsap\n>p1 move encore\n>p2 move gigadrain\n>p1 switch 6\n>p2 switch 6\n>p1 move hydropump\n>p2 move liquidation\n>forcelose p1", "uploadtime": 1732640425, "views": 18, "formatid": "gen9randombattle", "rating": 2302, "private": 0, "password": null}