{"id": "gen9randombattle-2260579421", "format": "[Gen 9] Random Battle", "players": ["Pinsir42", "MyriadRivers"], "log": "|j|\u203dPinsir42\n|j|\u2606MyriadRivers\n|t:|1733865612\n|gametype|singles\n|player|p1|Pinsir42|aromalady|1842\n|player|p2|MyriadRivers|miku-water|1876\n|teamsize|p1|6\n|teamsize|p2|6\n|gen|9\n|tier|[Gen 9] Random Battle\n|rated|\n|rule|Species Clause: Limit one of each Pok\u00e9mon\n|rule|HP Percentage Mod: HP is shown in percentages\n|rule|Sleep Clause Mod: Limit one foe put to sleep\n|rule|Illusion Level Mod: Illusion disguises the Pok\u00e9mon's true level\n|\n|t:|1733865612\n|start\n|switch|p1a: Magnezone|Magnezone, L85|258/258\n|switch|p2a: Phione|Phione, L91|293/293\n|turn|1\n|inactive|Battle timer is ON: inactive players will automatically lose when time's up. (requested by MyriadRivers)\n|\n|t:|1733865642\n|switch|p2a: Rhyperior|Rhyperior, L82, M|323/323\n|move|p1a: Magnezone|Discharge|p2a: Rhyperior\n|-immune|p2a: Rhyperior\n|\n|upkeep\n|turn|2\n|inactive|Pinsir42 has 120 seconds left.\n|\n|t:|1733865679\n|-terastallize|p1a: Magnezone|Fighting\n|move|p1a: Magnezone|Iron Defense|p1a: Magnezone\n|-boost|p1a: Magnezone|def|2\n|move|p2a: Rhyperior|Dragon Tail|p1a: Magnezone\n|-damage|p1a: Magnezone|235/258\n|drag|p1a: Gothitelle|Gothitelle, L90, M|272/272\n|\n|upkeep\n|turn|3\n|inactive|Pinsir42 has 120 seconds left.\n|\n|t:|1733865692\n|move|p1a: Gothitelle|Psychic|p2a: Rhyperior\n|-damage|p2a: Rhyperior|215/323\n|move|p2a: Rhyperior|Earthquake|p1a: Gothitelle\n|-damage|p1a: Gothitelle|158/272\n|\n|upkeep\n|turn|4\n|inactive|Pinsir42 has 120 seconds left.\n|\n|t:|1733865701\n|move|p1a: Gothitelle|Psychic|p2a: Rhyperior\n|-damage|p2a: Rhyperior|103/323\n|-unboost|p2a: Rhyperior|spd|1\n|move|p2a: Rhyperior|Earthquake|p1a: Gothitelle\n|-damage|p1a: Gothitelle|31/272\n|\n|upkeep\n|turn|5\n|\n|t:|1733865713\n|move|p1a: Gothitelle|Psychic|p2a: Rhyperior\n|-damage|p2a: Rhyperior|0 fnt\n|faint|p2a: Rhyperior\n|\n|upkeep\n|\n|t:|1733865733\n|switch|p2a: Phione|Phione, L91|293/293\n|turn|6\n|\n|t:|1733865752\n|switch|p1a: Jolteon|Jolteon, L84, F|246/246\n|move|p2a: Phione|Take Heart|p2a: Phione\n|-boost|p2a: Phione|spa|1\n|-boost|p2a: Phione|spd|1\n|\n|upkeep\n|turn|7\n|\n|t:|1733865761\n|move|p1a: Jolteon|Calm Mind|p1a: Jolteon\n|-boost|p1a: Jolteon|spa|1\n|-boost|p1a: Jolteon|spd|1\n|move|p2a: Phione|Take Heart|p2a: Phione\n|-boost|p2a: Phione|spa|1\n|-boost|p2a: Phione|spd|1\n|\n|upkeep\n|turn|8\n|\n|t:|1733865767\n|move|p1a: Jolteon|Calm Mind|p1a: Jolteon\n|-boost|p1a: Jolteon|spa|1\n|-boost|p1a: Jolteon|spd|1\n|move|p2a: Phione|Scald|p1a: Jolteon\n|-damage|p1a: Jolteon|165/246\n|\n|-heal|p1a: Jolteon|180/246|[from] item: Leftovers\n|upkeep\n|turn|9\n|\n|t:|1733865794\n|switch|p2a: Wo-Chien|Wo-Chien, L83|277/277\n|-ability|p2a: Wo-Chien|Tablets of Ruin\n|move|p1a: Jolteon|Thunderbolt|p2a: Wo-Chien\n|-resisted|p2a: Wo-Chien\n|-damage|p2a: Wo-Chien|208/277\n|\n|-heal|p1a: Jolteon|195/246|[from] item: Leftovers\n|-heal|p2a: Wo-Chien|225/277|[from] item: Leftovers\n|upkeep\n|turn|10\n|\n|t:|1733865807\n|switch|p1a: Magnezone|Magnezone, L85, tera:Fighting|235/258\n|move|p2a: Wo-Chien|Knock Off|p1a: Magnezone\n|-resisted|p1a: Magnezone\n|-crit|p1a: Magnezone\n|-damage|p1a: Magnezone|181/258\n|-enditem|p1a: Magnezone|Leftovers|[from] move: Knock Off|[of] p2a: Wo-Chien\n|\n|-heal|p2a: Wo-Chien|242/277|[from] item: Leftovers\n|upkeep\n|turn|11\n|inactive|MyriadRivers has 120 seconds left.\n|\n|t:|1733865823\n|move|p2a: Wo-Chien|Stun Spore|p1a: Magnezone\n|-status|p1a: Magnezone|par\n|cant|p1a: Magnezone|par\n|\n|-heal|p2a: Wo-Chien|259/277|[from] item: Leftovers\n|upkeep\n|turn|12\n|\n|t:|1733865831\n|move|p2a: Wo-Chien|Ruination|p1a: Magnezone\n|-damage|p1a: Magnezone|91/258 par\n|cant|p1a: Magnezone|par\n|\n|-heal|p2a: Wo-Chien|276/277|[from] item: Leftovers\n|upkeep\n|turn|13\n|\n|t:|1733865843\n|switch|p2a: Araquanid|Araquanid, L82, M|246/246\n|move|p1a: Magnezone|Body Press|p2a: Araquanid\n|-resisted|p2a: Araquanid\n|-damage|p2a: Araquanid|198/246\n|\n|upkeep\n|turn|14\n|\n|t:|1733865850\n|move|p2a: Araquanid|Sticky Web|p1a: Magnezone\n|-sidestart|p1: Pinsir42|move: Sticky Web\n|move|p1a: Magnezone|Discharge|p2a: Araquanid\n|-supereffective|p2a: Araquanid\n|-damage|p2a: Araquanid|24/246\n|-status|p2a: Araquanid|par\n|\n|upkeep\n|turn|15\n|\n|t:|1733865860\n|move|p1a: Magnezone|Discharge|p2a: Araquanid\n|-supereffective|p2a: Araquanid\n|-damage|p2a: Araquanid|0 fnt\n|faint|p2a: Araquanid\n|\n|upkeep\n|\n|t:|1733865870\n|switch|p2a: Phione|Phione, L91|293/293\n|turn|16\n|\n|t:|1733865877\n|move|p2a: Phione|Take Heart|p2a: Phione\n|-boost|p2a: Phione|spa|1\n|-boost|p2a: Phione|spd|1\n|move|p1a: Magnezone|Discharge|p2a: Phione\n|-supereffective|p2a: Phione\n|-damage|p2a: Phione|137/293\n|-status|p2a: Phione|par\n|\n|-heal|p2a: Phione|155/293 par|[from] item: Leftovers\n|upkeep\n|turn|17\n|\n|t:|1733865886\n|cant|p2a: Phione|par\n|move|p1a: Magnezone|Discharge|p2a: Phione\n|-supereffective|p2a: Phione\n|-damage|p2a: Phione|15/293 par\n|\n|-heal|p2a: Phione|33/293 par|[from] item: Leftovers\n|upkeep\n|turn|18\n|\n|t:|1733865895\n|cant|p2a: Phione|par\n|cant|p1a: Magnezone|par\n|\n|-heal|p2a: Phione|51/293 par|[from] item: Leftovers\n|upkeep\n|turn|19\n|\n|t:|1733865902\n|cant|p2a: Phione|par\n|cant|p1a: Magnezone|par\n|\n|-heal|p2a: Phione|69/293 par|[from] item: Leftovers\n|upkeep\n|turn|20\n|\n|t:|1733865907\n|cant|p2a: Phione|par\n|move|p1a: Magnezone|Discharge|p2a: Phione\n|-supereffective|p2a: Phione\n|-damage|p2a: Phione|0 fnt\n|faint|p2a: Phione\n|\n|upkeep\n|\n|t:|1733865929\n|switch|p2a: Deoxys|Deoxys-Defense, L84|221/221\n|-ability|p2a: Deoxys|Pressure\n|turn|21\n|\n|t:|1733865939\n|switch|p1a: Gothitelle|Gothitelle, L90, M|31/272\n|-activate|p1a: Gothitelle|move: Sticky Web\n|-unboost|p1a: Gothitelle|spe|1\n|move|p2a: Deoxys|Psychic Noise|p1a: Gothitelle\n|-resisted|p1a: Gothitelle\n|-damage|p1a: Gothitelle|5/272\n|-start|p1a: Gothitelle|move: Heal Block\n|\n|upkeep\n|turn|22\n|inactive|MyriadRivers has 120 seconds left.\n|\n|t:|1733865960\n|move|p2a: Deoxys|Psychic Noise|p1a: Gothitelle\n|-resisted|p1a: Gothitelle\n|-damage|p1a: Gothitelle|0 fnt\n|faint|p1a: Gothitelle\n|\n|upkeep\n|\n|t:|1733865966\n|switch|p1a: Zacian|Zacian-Crowned, L64|225/225\n|-activate|p1a: Zacian|move: Sticky Web\n|-unboost|p1a: Zacian|spe|1\n|-ability|p1a: Zacian|Intrepid Sword|boost\n|-boost|p1a: Zacian|atk|1\n|turn|23\n|\n|t:|1733865980\n|move|p1a: Zacian|Swords Dance|p1a: Zacian\n|-boost|p1a: Zacian|atk|2\n|move|p2a: Deoxys|Teleport|p2a: Deoxys\n|inactive|MyriadRivers has 120 seconds left.\n|\n|t:|1733866004\n|switch|p2a: Oinkologne|Oinkologne-F, L92, F|361/361|[from] Teleport\n|\n|upkeep\n|turn|24\n|\n|t:|1733866016\n|-terastallize|p2a: Oinkologne|Ground\n|move|p2a: Oinkologne|High Horsepower|p1a: Zacian\n|-supereffective|p1a: Zacian\n|-damage|p1a: Zacian|0 fnt\n|faint|p1a: Zacian\n|\n|upkeep\n|\n|t:|1733866023\n|switch|p1a: Politoed|Politoed, L88, F|302/302\n|-activate|p1a: Politoed|move: Sticky Web\n|-unboost|p1a: Politoed|spe|1\n|-weather|RainDance|[from] ability: Drizzle|[of] p1a: Politoed\n|turn|25\n|\n|t:|1733866032\n|switch|p2a: Wo-Chien|Wo-Chien, L83|276/277\n|-ability|p2a: Wo-Chien|Tablets of Ruin\n|move|p1a: Politoed|Surf|p2a: Wo-Chien\n|-resisted|p2a: Wo-Chien\n|-damage|p2a: Wo-Chien|219/277\n|\n|-weather|RainDance|[upkeep]\n|-heal|p2a: Wo-Chien|236/277|[from] item: Leftovers\n|upkeep\n|turn|26\n|\n|t:|1733866043\n|move|p2a: Wo-Chien|Giga Drain|p1a: Politoed\n|-supereffective|p1a: Politoed\n|-damage|p1a: Politoed|176/302\n|-heal|p2a: Wo-Chien|277/277|[from] drain|[of] p1a: Politoed\n|move|p1a: Politoed|Hypnosis|p2a: Wo-Chien\n|-status|p2a: Wo-Chien|slp|[from] move: Hypnosis\n|\n|-weather|RainDance|[upkeep]\n|upkeep\n|turn|27\n|\n|t:|1733866050\n|cant|p2a: Wo-Chien|slp\n|move|p1a: Politoed|Ice Beam|p2a: Wo-Chien\n|-supereffective|p2a: Wo-Chien\n|-damage|p2a: Wo-Chien|179/277 slp\n|\n|-weather|RainDance|[upkeep]\n|-heal|p2a: Wo-Chien|196/277 slp|[from] item: Leftovers\n|upkeep\n|turn|28\n|\n|t:|1733866057\n|switch|p1a: Magnezone|Magnezone, L85, tera:Fighting|91/258 par\n|-activate|p1a: Magnezone|move: Sticky Web\n|-unboost|p1a: Magnezone|spe|1\n|cant|p2a: Wo-Chien|slp\n|\n|-weather|RainDance|[upkeep]\n|-heal|p2a: Wo-Chien|213/277 slp|[from] item: Leftovers\n|upkeep\n|turn|29\n|\n|t:|1733866066\n|-curestatus|p2a: Wo-Chien|slp|[msg]\n|move|p2a: Wo-Chien|Giga Drain|p1a: Magnezone\n|-damage|p1a: Magnezone|19/258 par\n|-heal|p2a: Wo-Chien|249/277|[from] drain|[of] p1a: Magnezone\n|move|p1a: Magnezone|Body Press|p2a: Wo-Chien\n|-supereffective|p2a: Wo-Chien\n|-damage|p2a: Wo-Chien|109/277\n|\n|-weather|none\n|-heal|p2a: Wo-Chien|126/277|[from] item: Leftovers\n|upkeep\n|turn|30\n|\n|t:|1733866076\n|move|p2a: Wo-Chien|Giga Drain|p1a: Magnezone\n|-damage|p1a: Magnezone|0 fnt\n|-heal|p2a: Wo-Chien|136/277|[from] drain|[of] p1a: Magnezone\n|faint|p1a: Magnezone\n|\n|-heal|p2a: Wo-Chien|153/277|[from] item: Leftovers\n|upkeep\n|\n|t:|1733866083\n|switch|p1a: Urshifu|Urshifu, L74, M|270/270\n|-activate|p1a: Urshifu|move: Sticky Web\n|-unboost|p1a: Urshifu|spe|1\n|turn|31\n|\n|t:|1733866109\n|switch|p2a: Deoxys|Deoxys-Defense, L84|221/221\n|-ability|p2a: Deoxys|Pressure\n|move|p1a: Urshifu|U-turn|p2a: Deoxys\n|-supereffective|p2a: Deoxys\n|-crit|p2a: Deoxys\n|-damage|p2a: Deoxys|85/221\n|-damage|p1a: Urshifu|225/270|[from] item: Rocky Helmet|[of] p2a: Deoxys\n|\n|t:|1733866130\n|switch|p1a: Jolteon|Jolteon, L84, F|195/246|[from] U-turn\n|-activate|p1a: Jolteon|move: Sticky Web\n|-unboost|p1a: Jolteon|spe|1\n|\n|-heal|p1a: Jolteon|210/246|[from] item: Leftovers\n|upkeep\n|turn|32\n|inactive|MyriadRivers has 120 seconds left.\n|\n|t:|1733866153\n|move|p1a: Jolteon|Calm Mind|p1a: Jolteon\n|-boost|p1a: Jolteon|spa|1\n|-boost|p1a: Jolteon|spd|1\n|move|p2a: Deoxys|Teleport|p2a: Deoxys\n|\n|t:|1733866157\n|switch|p2a: Wo-Chien|Wo-Chien, L83|153/277|[from] Teleport\n|-ability|p2a: Wo-Chien|Tablets of Ruin\n|\n|-heal|p1a: Jolteon|225/246|[from] item: Leftovers\n|-heal|p2a: Wo-Chien|170/277|[from] item: Leftovers\n|upkeep\n|turn|33\n|\n|t:|1733866167\n|move|p1a: Jolteon|Substitute|p1a: Jolteon\n|-start|p1a: Jolteon|Substitute\n|-damage|p1a: Jolteon|164/246\n|move|p2a: Wo-Chien|Knock Off|p1a: Jolteon\n|-end|p1a: Jolteon|Substitute\n|\n|-heal|p1a: Jolteon|179/246|[from] item: Leftovers\n|-heal|p2a: Wo-Chien|187/277|[from] item: Leftovers\n|upkeep\n|turn|34\n|\n|t:|1733866175\n|move|p1a: Jolteon|Tera Blast|p2a: Wo-Chien\n|-damage|p2a: Wo-Chien|121/277\n|move|p2a: Wo-Chien|Knock Off|p1a: Jolteon\n|-damage|p1a: Jolteon|47/246\n|-enditem|p1a: Jolteon|Leftovers|[from] move: Knock Off|[of] p2a: Wo-Chien\n|\n|-heal|p2a: Wo-Chien|138/277|[from] item: Leftovers\n|upkeep\n|turn|35\n|\n|t:|1733866184\n|move|p1a: Jolteon|Tera Blast|p2a: Wo-Chien\n|-damage|p2a: Wo-Chien|66/277\n|move|p2a: Wo-Chien|Knock Off|p1a: Jolteon\n|-damage|p1a: Jolteon|0 fnt\n|faint|p1a: Jolteon\n|\n|-heal|p2a: Wo-Chien|83/277|[from] item: Leftovers\n|upkeep\n|\n|t:|1733866187\n|switch|p1a: Urshifu|Urshifu, L74, M|225/270\n|-activate|p1a: Urshifu|move: Sticky Web\n|-unboost|p1a: Urshifu|spe|1\n|turn|36\n|\n|t:|1733866205\n|switch|p2a: Deoxys|Deoxys-Defense, L84|85/221\n|-ability|p2a: Deoxys|Pressure\n|move|p1a: Urshifu|Poison Jab|p2a: Deoxys\n|-damage|p2a: Deoxys|35/221\n|-status|p2a: Deoxys|psn\n|-damage|p1a: Urshifu|180/270|[from] item: Rocky Helmet|[of] p2a: Deoxys\n|\n|-damage|p2a: Deoxys|8/221 psn|[from] psn\n|upkeep\n|turn|37\n|\n|t:|1733866217\n|switch|p1a: Politoed|Politoed, L88, F|176/302\n|-activate|p1a: Politoed|move: Sticky Web\n|-unboost|p1a: Politoed|spe|1\n|-weather|RainDance|[from] ability: Drizzle|[of] p1a: Politoed\n|move|p2a: Deoxys|Spikes|p1a: Politoed\n|-sidestart|p1: Pinsir42|Spikes\n|\n|-weather|RainDance|[upkeep]\n|-damage|p2a: Deoxys|0 fnt|[from] psn\n|faint|p2a: Deoxys\n|upkeep\n|\n|t:|1733866226\n|switch|p2a: Wo-Chien|Wo-Chien, L83|83/277\n|-ability|p2a: Wo-Chien|Tablets of Ruin\n|turn|38\n|\n|t:|1733866233\n|move|p2a: Wo-Chien|Giga Drain|p1a: Politoed\n|-supereffective|p1a: Politoed\n|-damage|p1a: Politoed|48/302\n|-heal|p2a: Wo-Chien|147/277|[from] drain|[of] p1a: Politoed\n|move|p1a: Politoed|Ice Beam|p2a: Wo-Chien\n|-supereffective|p2a: Wo-Chien\n|-damage|p2a: Wo-Chien|53/277\n|\n|-weather|RainDance|[upkeep]\n|-heal|p2a: Wo-Chien|70/277|[from] item: Leftovers\n|upkeep\n|turn|39\n|\n|t:|1733866243\n|move|p2a: Wo-Chien|Giga Drain|p1a: Politoed\n|-supereffective|p1a: Politoed\n|-damage|p1a: Politoed|0 fnt\n|-heal|p2a: Wo-Chien|94/277|[from] drain|[of] p1a: Politoed\n|faint|p1a: Politoed\n|\n|-weather|RainDance|[upkeep]\n|-heal|p2a: Wo-Chien|111/277|[from] item: Leftovers\n|upkeep\n|\n|t:|1733866246\n|switch|p1a: Urshifu|Urshifu, L74, M|180/270\n|-activate|p1a: Urshifu|move: Sticky Web\n|-unboost|p1a: Urshifu|spe|1\n|-damage|p1a: Urshifu|147/270|[from] Spikes\n|turn|40\n|\n|t:|1733866255\n|move|p2a: Wo-Chien|Giga Drain|p1a: Urshifu\n|-damage|p1a: Urshifu|38/270\n|-heal|p2a: Wo-Chien|166/277|[from] drain|[of] p1a: Urshifu\n|move|p1a: Urshifu|Close Combat|p2a: Wo-Chien\n|-supereffective|p2a: Wo-Chien\n|-damage|p2a: Wo-Chien|0 fnt\n|-unboost|p1a: Urshifu|def|1\n|-unboost|p1a: Urshifu|spd|1\n|faint|p2a: Wo-Chien\n|\n|-weather|RainDance|[upkeep]\n|upkeep\n|\n|t:|1733866264\n|switch|p2a: Oinkologne|Oinkologne-F, L92, F, tera:Ground|361/361\n|turn|41\n|\n|t:|1733866271\n|move|p2a: Oinkologne|Body Slam|p1a: Urshifu\n|-damage|p1a: Urshifu|0 fnt\n|faint|p1a: Urshifu\n|\n|win|MyriadRivers\n|raw|Pinsir42's rating: 1842 &rarr; <strong>1824</strong><br />(-18 for losing)\n|raw|MyriadRivers's rating: 1876 &rarr; <strong>1894</strong><br />(+18 for winning)\n|l|\u203dPinsir42\n|player|p1|\n", "inputlog": ">version bfd83cad13791eb5a5a409923076391caf6fb4d4\n>start {\"formatid\":\"gen9randombattle\",\"seed\":[35474,52766,30714,49675],\"rated\":\"Rated battle\"}\n>player p1 {\"name\":\"Pinsir42\",\"avatar\":\"aromalady\",\"rating\":1842,\"seed\":[63310,6588,54558,8484]}\n>player p2 {\"name\":\"MyriadRivers\",\"avatar\":\"miku-water\",\"rating\":1876,\"seed\":[23569,33359,61909,26604]}\n>p1 move discharge\n>p2 switch 4\n>p1 move irondefense terastallize\n>p2 move dragontail\n>p1 move psychic\n>p2 move earthquake\n>p1 move psychic\n>p2 move earthquake\n>p1 move psychic\n>p2 move earthquake\n>p2 switch 4\n>p1 switch 2\n>p2 move takeheart\n>p1 move calmmind\n>p2 move takeheart\n>p1 move calmmind\n>p2 move scald\n>p1 move thunderbolt\n>p2 switch 2\n>p1 switch 4\n>p2 move knockoff\n>p1 move bodypress\n>p2 move stunspore\n>p1 move discharge\n>p2 move ruination\n>p1 move bodypress\n>p2 switch 3\n>p1 move discharge\n>p2 move stickyweb\n>p1 move discharge\n>p2 move hydropump\n>p2 switch 2\n>p1 move discharge\n>p2 move takeheart\n>p1 move discharge\n>p2 move takeheart\n>p1 move bodypress\n>p2 move scald\n>p1 move discharge\n>p2 move scald\n>p1 move discharge\n>p2 move scald\n>p2 switch 6\n>p1 switch 2\n>p2 move psychicnoise\n>p1 move trick\n>p2 move psychicnoise\n>p1 switch 5\n>p1 move swordsdance\n>p2 move teleport\n>p2 switch 5\n>p1 move closecombat\n>p2 move highhorsepower terastallize\n>p1 switch 3\n>p1 move surf\n>p2 switch 3\n>p1 move hypnosis\n>p2 move gigadrain\n>p1 move icebeam\n>p2 move knockoff\n>p1 switch 2\n>p2 move knockoff\n>p1 move bodypress\n>p2 move gigadrain\n>p1 move discharge\n>p2 move gigadrain\n>p1 switch 6\n>p1 move uturn\n>p2 switch 5\n>p1 switch 4\n>p1 move calmmind\n>p2 move teleport\n>p2 switch 5\n>p1 move substitute\n>p2 move knockoff\n>p1 move terablast\n>p2 move knockoff\n>p1 move terablast\n>p2 move knockoff\n>p1 switch 4\n>p1 move poisonjab\n>p2 switch 5\n>p1 switch 2\n>p2 move spikes\n>p2 switch 5\n>p1 move icebeam\n>p2 move gigadrain\n>p1 move icebeam\n>p2 move gigadrain\n>p1 switch 2\n>p1 move closecombat\n>p2 move gigadrain\n>p2 switch 3\n>p1 move closecombat\n>p2 move bodyslam", "uploadtime": 1733866278, "views": 3, "formatid": "gen9randombattle", "rating": 1824, "private": 0, "password": null}