{"id": "gen9randombattle-2150928906", "format": "[Gen 9] Random Battle", "players": ["Referrals", "inertialinitiative"], "log": "|badge|p1|silver|gen9randombattle|30-1\n|html|<div class=\"broadcast-red\"><strong>This battle is required to be public due to one or more player having a season medal.</strong><br />During the public phase, you can discuss the state of the ladder <a href=\"/seasondiscussion\">in a special chatroom.</a></div>\n|uhtml|medal-msg|<div class=\"broadcast-blue\">Curious what those medals under the avatar are? PS now has Ladder Seasons! For more information, check out the <a href=\"https://www.smogon.com/forums/threads/3740067/\">thread on Smogon.</a></div>\n|badge|p2|silver|gen9randombattle|30-1\n|uhtml|medal-msg|<div class=\"broadcast-blue\">Curious what those medals under the avatar are? PS now has Ladder Seasons! For more information, check out the <a href=\"https://www.smogon.com/forums/threads/3740067/\">thread on Smogon.</a></div>\n|raw|<div class=\"broadcast-blue\"><strong>This battle is required to be public due to a player having a name starting with 'medal'.</div>\n|j|\u2606Referrals\n|j|\u2606inertialinitiative\n|t:|1719487185\n|gametype|singles\n|player|p1|Referrals|aetherfoundationf|2453\n|player|p2|inertialinitiative|#wcop2024bangladesh|2454\n|teamsize|p1|6\n|teamsize|p2|6\n|gen|9\n|tier|[Gen 9] Random Battle\n|rated|\n|rule|Species Clause: Limit one of each Pok\u00e9mon\n|rule|HP Percentage Mod: HP is shown in percentages\n|rule|Sleep Clause Mod: Limit one foe put to sleep\n|rule|Illusion Level Mod: Illusion disguises the Pok\u00e9mon's true level\n|\n|t:|1719487185\n|start\n|switch|p1a: Okidogi|Okidogi, L77, M|262/262\n|switch|p2a: Kommo-o|Kommo-o, L78, M|245/245\n|turn|1\n|inactive|Battle timer is ON: inactive players will automatically lose when time's up. (requested by Referrals)\n|\n|t:|1719487213\n|move|p2a: Kommo-o|Swords Dance|p2a: Kommo-o\n|-boost|p2a: Kommo-o|atk|2\n|move|p1a: Okidogi|Gunk Shot|p2a: Kommo-o\n|-damage|p2a: Kommo-o|140/245\n|\n|upkeep\n|turn|2\n|\n|t:|1719487229\n|move|p2a: Kommo-o|Iron Head|p1a: Okidogi\n|-damage|p1a: Okidogi|162/262\n|move|p1a: Okidogi|Gunk Shot|p2a: Kommo-o\n|-damage|p2a: Kommo-o|23/245\n|-status|p2a: Kommo-o|psn\n|\n|-heal|p1a: Okidogi|178/262|[from] item: Leftovers\n|-damage|p2a: Kommo-o|0 fnt|[from] psn\n|faint|p2a: Kommo-o\n|upkeep\n|\n|t:|1719487236\n|switch|p2a: Raichu|Raichu-Alola, L87, F|246/246\n|turn|3\n|\n|t:|1719487245\n|switch|p1a: Tsareena|Tsareena, L87, F|267/267\n|move|p2a: Raichu|Psyshock|p1a: Tsareena\n|-damage|p1a: Tsareena|140/267\n|\n|upkeep\n|turn|4\n|\n|t:|1719487254\n|switch|p2a: Glaceon|Glaceon, L94, M|275/275\n|move|p1a: Tsareena|Knock Off|p2a: Glaceon\n|-damage|p2a: Glaceon|210/275\n|-enditem|p2a: Glaceon|Heavy-Duty Boots|[from] move: Knock Off|[of] p1a: Tsareena\n|\n|upkeep\n|turn|5\n|\n|t:|1719487261\n|switch|p1a: Torkoal|Torkoal, L88, M|266/266\n|-weather|SunnyDay|[from] ability: Drought|[of] p1a: Torkoal\n|move|p2a: Glaceon|Freeze-Dry|p1a: Torkoal\n|-resisted|p1a: Torkoal\n|-damage|p1a: Torkoal|204/266\n|\n|-weather|SunnyDay|[upkeep]\n|upkeep\n|turn|6\n|\n|t:|1719487268\n|move|p2a: Glaceon|Wish|p2a: Glaceon\n|move|p1a: Torkoal|Stealth Rock|p2a: Glaceon\n|-sidestart|p2: inertialinitiative|move: Stealth Rock\n|\n|-weather|SunnyDay|[upkeep]\n|upkeep\n|turn|7\n|\n|t:|1719487284\n|switch|p2a: Kyogre|Kyogre, L71|259/259\n|-damage|p2a: Kyogre|227/259|[from] Stealth Rock\n|-weather|RainDance|[from] ability: Drizzle|[of] p2a: Kyogre\n|move|p1a: Torkoal|Yawn|p2a: Kyogre\n|-start|p2a: Kyogre|move: Yawn|[of] p1a: Torkoal\n|\n|-weather|RainDance|[upkeep]\n|-heal|p2a: Kyogre|259/259|[from] move: Wish|[wisher] Glaceon\n|upkeep\n|turn|8\n|\n|t:|1719487293\n|switch|p2a: Glaceon|Glaceon, L94, M|210/275\n|-damage|p2a: Glaceon|142/275|[from] Stealth Rock\n|switch|p1a: Sceptile|Sceptile, L87, M|264/264\n|\n|-weather|RainDance|[upkeep]\n|upkeep\n|turn|9\n|\n|t:|1719487300\n|move|p1a: Sceptile|Focus Blast|p2a: Glaceon\n|-supereffective|p2a: Glaceon\n|-damage|p2a: Glaceon|0 fnt\n|faint|p2a: Glaceon\n|-damage|p1a: Sceptile|238/264|[from] item: Life Orb\n|\n|-weather|RainDance|[upkeep]\n|upkeep\n|\n|t:|1719487306\n|switch|p2a: Lurantis|Lurantis, L87, M|264/264\n|-damage|p2a: Lurantis|231/264|[from] Stealth Rock\n|turn|10\n|\n|t:|1719487311\n|switch|p1a: Okidogi|Okidogi, L77, M|178/262\n|move|p2a: Lurantis|Leaf Storm|p1a: Okidogi\n|-resisted|p1a: Okidogi\n|-damage|p1a: Okidogi|109/262\n|-boost|p2a: Lurantis|spa|2\n|\n|-weather|RainDance|[upkeep]\n|-heal|p1a: Okidogi|125/262|[from] item: Leftovers\n|-heal|p2a: Lurantis|247/264|[from] item: Leftovers\n|upkeep\n|turn|11\n|\n|t:|1719487326\n|switch|p2a: Weavile|Weavile, L79, M|240/240\n|move|p1a: Okidogi|Gunk Shot|p2a: Weavile\n|-damage|p2a: Weavile|50/240\n|-status|p2a: Weavile|tox|[from] ability: Toxic Chain|[of] p1a: Okidogi\n|\n|-weather|none\n|-heal|p1a: Okidogi|141/262|[from] item: Leftovers\n|-damage|p2a: Weavile|35/240 tox|[from] psn\n|upkeep\n|turn|12\n|\n|t:|1719487331\n|switch|p1a: Torkoal|Torkoal, L88, M|204/266\n|-weather|SunnyDay|[from] ability: Drought|[of] p1a: Torkoal\n|move|p2a: Weavile|Triple Axel|p1a: Torkoal\n|-resisted|p1a: Torkoal\n|-damage|p1a: Torkoal|197/266\n|-resisted|p1a: Torkoal\n|-damage|p1a: Torkoal|182/266\n|-resisted|p1a: Torkoal\n|-damage|p1a: Torkoal|160/266\n|-hitcount|p1a: Torkoal|3\n|\n|-weather|SunnyDay|[upkeep]\n|-damage|p2a: Weavile|5/240 tox|[from] psn\n|upkeep\n|turn|13\n|\n|t:|1719487335\n|switch|p2a: Kyogre|Kyogre, L71|259/259\n|-damage|p2a: Kyogre|227/259|[from] Stealth Rock\n|-weather|RainDance|[from] ability: Drizzle|[of] p2a: Kyogre\n|move|p1a: Torkoal|Lava Plume|p2a: Kyogre\n|-resisted|p2a: Kyogre\n|-damage|p2a: Kyogre|210/259\n|\n|-weather|RainDance|[upkeep]\n|-heal|p2a: Kyogre|226/259|[from] item: Leftovers\n|upkeep\n|turn|14\n|\n|t:|1719487341\n|switch|p1a: Tsareena|Tsareena, L87, F|140/267\n|move|p2a: Kyogre|Ice Beam|p1a: Tsareena\n|-supereffective|p1a: Tsareena\n|-damage|p1a: Tsareena|60/267\n|\n|-weather|RainDance|[upkeep]\n|-heal|p2a: Kyogre|242/259|[from] item: Leftovers\n|upkeep\n|turn|15\n|\n|t:|1719487346\n|switch|p2a: Lurantis|Lurantis, L87, M|247/264\n|-damage|p2a: Lurantis|214/264|[from] Stealth Rock\n|move|p1a: Tsareena|U-turn|p2a: Lurantis\n|-supereffective|p2a: Lurantis\n|-damage|p2a: Lurantis|104/264\n|\n|t:|1719487350\n|switch|p1a: Okidogi|Okidogi, L77, M|141/262|[from] U-turn\n|\n|-weather|RainDance|[upkeep]\n|-heal|p1a: Okidogi|157/262|[from] item: Leftovers\n|-heal|p2a: Lurantis|120/264|[from] item: Leftovers\n|upkeep\n|turn|16\n|\n|t:|1719487353\n|switch|p2a: Weavile|Weavile, L79, M|5/240 tox\n|move|p1a: Okidogi|Drain Punch|p2a: Weavile\n|-supereffective|p2a: Weavile\n|-damage|p2a: Weavile|0 fnt\n|-heal|p1a: Okidogi|160/262|[from] drain|[of] p2a: Weavile\n|faint|p2a: Weavile\n|\n|-weather|RainDance|[upkeep]\n|-heal|p1a: Okidogi|176/262|[from] item: Leftovers\n|upkeep\n|\n|t:|1719487355\n|switch|p2a: Raichu|Raichu-Alola, L87, F|246/246\n|-damage|p2a: Raichu|216/246|[from] Stealth Rock\n|turn|17\n|inactive|Referrals has 120 seconds left.\n|\n|t:|1719487410\n|switch|p1a: Torkoal|Torkoal, L88, M|160/266\n|-weather|SunnyDay|[from] ability: Drought|[of] p1a: Torkoal\n|move|p2a: Raichu|Thunderbolt|p1a: Torkoal\n|-damage|p1a: Torkoal|0 fnt\n|faint|p1a: Torkoal\n|\n|-weather|SunnyDay|[upkeep]\n|upkeep\n|\n|t:|1719487418\n|switch|p1a: Sceptile|Sceptile, L87, M|238/264\n|turn|18\n|\n|t:|1719487427\n|switch|p2a: Kyogre|Kyogre, L71|242/259\n|-damage|p2a: Kyogre|210/259|[from] Stealth Rock\n|-weather|RainDance|[from] ability: Drizzle|[of] p2a: Kyogre\n|move|p1a: Sceptile|Earthquake|p2a: Kyogre\n|-damage|p2a: Kyogre|105/259\n|-damage|p1a: Sceptile|212/264|[from] item: Life Orb\n|\n|-weather|RainDance|[upkeep]\n|-heal|p2a: Kyogre|121/259|[from] item: Leftovers\n|upkeep\n|turn|19\n|\n|t:|1719487432\n|-terastallize|p2a: Kyogre|Electric\n|move|p1a: Sceptile|Giga Drain|p2a: Kyogre\n|-damage|p2a: Kyogre|26/259\n|-heal|p1a: Sceptile|260/264|[from] drain|[of] p2a: Kyogre\n|-damage|p1a: Sceptile|234/264|[from] item: Life Orb\n|move|p2a: Kyogre|Ice Beam|p1a: Sceptile\n|-supereffective|p1a: Sceptile\n|-damage|p1a: Sceptile|114/264\n|\n|-weather|RainDance|[upkeep]\n|-heal|p2a: Kyogre|42/259|[from] item: Leftovers\n|upkeep\n|turn|20\n|-message|inertialinitiative forfeited.\n|\n|win|Referrals\n|raw|Referrals's rating: 2453 &rarr; <strong>2473</strong><br />(+20 for winning)\n|raw|inertialinitiative's rating: 2454 &rarr; <strong>2434</strong><br />(-20 for losing)\n|l|\u2606inertialinitiative\n|player|p2|\n|l|\u2606Referrals\n|player|p1|\n", "inputlog": ">version 021bb6b4147d783a3aa9da22896c4e1e173f1b61\n>start {\"formatid\":\"gen9randombattle\",\"seed\":[55241,42824,1964,53018],\"rated\":\"Rated battle\"}\n>player p1 {\"name\":\"Referrals\",\"avatar\":\"aetherfoundationf\",\"rating\":2453,\"seed\":[28678,35850,4329,62376]}\n>player p2 {\"name\":\"inertialinitiative\",\"avatar\":\"#wcop2024bangladesh\",\"rating\":2454,\"seed\":[61443,25656,56774,37067]}\n>p1 move gunkshot\n>p2 move swordsdance\n>p1 move gunkshot\n>p2 move ironhead\n>p2 switch 6\n>p1 switch 5\n>p2 move psyshock\n>p1 move knockoff\n>p2 switch 4\n>p1 switch 6\n>p2 move freezedry\n>p1 move stealthrock\n>p2 move wish\n>p1 move yawn\n>p2 switch 3\n>p1 switch 4\n>p2 switch 3\n>p1 move focusblast\n>p2 move wish\n>p2 switch 2\n>p1 switch 5\n>p2 move leafstorm\n>p1 move gunkshot\n>p2 switch 5\n>p1 switch 4\n>p2 move tripleaxel\n>p1 move lavaplume\n>p2 switch 3\n>p1 switch 6\n>p2 move icebeam\n>p1 move uturn\n>p2 switch 5\n>p1 switch 4\n>p1 move drainpunch\n>p2 switch 3\n>p2 switch 4\n>p1 switch 6\n>p2 move thunderbolt\n>p1 switch 5\n>p1 move earthquake\n>p2 switch 5\n>p1 move gigadrain\n>p2 move icebeam terastallize\n>forcelose p2", "uploadtime": 1719487457, "views": 246, "formatid": "gen9randombattle", "rating": 2434, "private": 0, "password": null}