{"id": "gen9randombattle-2253369206", "format": "[Gen 9] Random Battle", "players": ["GCarlo", "wanted fame=got it"], "log": "|j|\u2606GCarlo\n|j|\u2606wanted fame=got it\n|t:|1732884266\n|gametype|singles\n|player|p1|GCarlo|artist|2245\n|player|p2|wanted fame=got it|elesa-masters|2261\n|teamsize|p1|6\n|teamsize|p2|6\n|gen|9\n|tier|[Gen 9] Random Battle\n|rated|\n|rule|Species Clause: Limit one of each Pok\u00e9mon\n|rule|HP Percentage Mod: HP is shown in percentages\n|rule|Sleep Clause Mod: Limit one foe put to sleep\n|rule|Illusion Level Mod: Illusion disguises the Pok\u00e9mon's true level\n|\n|t:|1732884266\n|start\n|switch|p1a: Zangoose|Zangoose, L85, F|263/263\n|switch|p2a: Virizion|Virizion, L82|283/283\n|turn|1\n|inactive|Battle timer is ON: inactive players will automatically lose when time's up. (requested by wanted fame=got it)\n|inactive|GCarlo has 120 seconds left.\n|\n|t:|1732884304\n|switch|p1a: Ribombee|Ribombee, L82, F|233/233\n|move|p2a: Virizion|Swords Dance|p2a: Virizion\n|-boost|p2a: Virizion|atk|2\n|\n|upkeep\n|turn|2\n|\n|t:|1732884314\n|move|p1a: Ribombee|Moonblast|p2a: Virizion\n|-supereffective|p2a: Virizion\n|-damage|p2a: Virizion|143/283\n|-unboost|p2a: Virizion|spa|1\n|move|p2a: Virizion|Stone Edge|p1a: Ribombee\n|-supereffective|p1a: Ribombee\n|-damage|p1a: Ribombee|0 fnt\n|faint|p1a: Ribombee\n|-damage|p2a: Virizion|115/283|[from] item: Life Orb\n|\n|upkeep\n|\n|t:|1732884326\n|switch|p1a: Magnezone|Magnezone, L85|258/258\n|turn|3\n|\n|t:|1732884336\n|move|p1a: Magnezone|Flash Cannon|p2a: Virizion\n|-damage|p2a: Virizion|30/283\n|move|p2a: Virizion|Close Combat|p1a: Magnezone\n|-supereffective|p1a: Magnezone\n|-damage|p1a: Magnezone|0 fnt\n|-unboost|p2a: Virizion|def|1\n|-unboost|p2a: Virizion|spd|1\n|faint|p1a: Magnezone\n|-damage|p2a: Virizion|2/283|[from] item: Life Orb\n|\n|upkeep\n|\n|t:|1732884343\n|switch|p1a: Zangoose|Zangoose, L85, F|263/263\n|turn|4\n|inactive|wanted fame=got it has 120 seconds left.\n|\n|t:|1732884379\n|switch|p2a: Pecharunt|Pecharunt, L77|262/262\n|move|p1a: Zangoose|Swords Dance|p1a: Zangoose\n|-boost|p1a: Zangoose|atk|2\n|\n|-status|p1a: Zangoose|tox|[from] item: Toxic Orb\n|upkeep\n|turn|5\n|inactive|wanted fame=got it has 120 seconds left.\n|\n|t:|1732884387\n|switch|p2a: Virizion|Virizion, L82|2/283\n|move|p1a: Zangoose|Knock Off|p2a: Virizion\n|-resisted|p2a: Virizion\n|-damage|p2a: Virizion|0 fnt\n|-enditem|p2a: Virizion|Life Orb|[from] move: Knock Off|[of] p1a: Zangoose\n|faint|p2a: Virizion\n|\n|-damage|p1a: Zangoose|247/263 tox|[from] psn\n|upkeep\n|inactive|wanted fame=got it has 120 seconds left.\n|\n|t:|1732884398\n|switch|p2a: Iron Leaves|Iron Leaves, L80|275/275\n|turn|6\n|\n|t:|1732884406\n|move|p1a: Zangoose|Quick Attack|p2a: Iron Leaves\n|-damage|p2a: Iron Leaves|104/275\n|move|p2a: Iron Leaves|Close Combat|p1a: Zangoose\n|-supereffective|p1a: Zangoose\n|-damage|p1a: Zangoose|0 fnt\n|-unboost|p2a: Iron Leaves|def|1\n|-unboost|p2a: Iron Leaves|spd|1\n|faint|p1a: Zangoose\n|\n|upkeep\n|\n|t:|1732884410\n|switch|p1a: Gyarados|Gyarados, L79, M|280/280\n|-ability|p1a: Gyarados|Intimidate|boost\n|-unboost|p2a: Iron Leaves|atk|1\n|turn|7\n|\n|t:|1732884417\n|-end|p2a: Iron Leaves|Quark Drive|[silent]\n|switch|p2a: Dunsparce|Dunsparce, L86, F|312/312\n|move|p1a: Gyarados|Dragon Dance|p1a: Gyarados\n|-boost|p1a: Gyarados|atk|1\n|-boost|p1a: Gyarados|spe|1\n|\n|upkeep\n|turn|8\n|\n|t:|1732884426\n|switch|p1a: Rotom|Rotom-Frost, L87|229/229\n|move|p2a: Dunsparce|Coil|p2a: Dunsparce\n|-boost|p2a: Dunsparce|atk|1\n|-boost|p2a: Dunsparce|def|1\n|-boost|p2a: Dunsparce|accuracy|1\n|\n|upkeep\n|turn|9\n|inactive|wanted fame=got it has 120 seconds left.\n|\n|t:|1732884457\n|switch|p2a: Pecharunt|Pecharunt, L77|262/262\n|move|p1a: Rotom|Nasty Plot|p1a: Rotom\n|-boost|p1a: Rotom|spa|2\n|\n|upkeep\n|turn|10\n|\n|t:|1732884462\n|move|p1a: Rotom|Blizzard|p2a: Pecharunt\n|-damage|p2a: Pecharunt|0 fnt\n|faint|p2a: Pecharunt\n|\n|upkeep\n|\n|t:|1732884471\n|switch|p2a: Iron Leaves|Iron Leaves, L80|104/275\n|turn|11\n|\n|t:|1732884477\n|-terastallize|p1a: Rotom|Electric\n|move|p2a: Iron Leaves|Close Combat|p1a: Rotom\n|-damage|p1a: Rotom|103/229\n|-unboost|p2a: Iron Leaves|def|1\n|-unboost|p2a: Iron Leaves|spd|1\n|move|p1a: Rotom|Thunderbolt|p2a: Iron Leaves\n|-resisted|p2a: Iron Leaves\n|-damage|p2a: Iron Leaves|0 fnt\n|faint|p2a: Iron Leaves\n|-end|p2a: Iron Leaves|Quark Drive|[silent]\n|\n|upkeep\n|\n|t:|1732884486\n|switch|p2a: Koraidon|Koraidon, L64|235/235\n|-weather|SunnyDay|[from] ability: Orichalcum Pulse|[of] p2a: Koraidon\n|-activate|p2a: Koraidon|Orichalcum Pulse|[source]\n|turn|12\n|\n|t:|1732884492\n|switch|p1a: Gyarados|Gyarados, L79, M|280/280\n|-ability|p1a: Gyarados|Intimidate|boost\n|-unboost|p2a: Koraidon|atk|1\n|move|p2a: Koraidon|Flare Blitz|p1a: Gyarados\n|-resisted|p1a: Gyarados\n|-damage|p1a: Gyarados|228/280\n|-damage|p2a: Koraidon|218/235|[from] Recoil\n|\n|-weather|SunnyDay|[upkeep]\n|upkeep\n|turn|13\n|\n|t:|1732884508\n|switch|p2a: Dunsparce|Dunsparce, L86, F|312/312\n|move|p1a: Gyarados|Dragon Dance|p1a: Gyarados\n|-boost|p1a: Gyarados|atk|1\n|-boost|p1a: Gyarados|spe|1\n|\n|-weather|SunnyDay|[upkeep]\n|upkeep\n|turn|14\n|j| Max Schrbr\n|\n|t:|1732884511\n|move|p1a: Gyarados|Temper Flare|p2a: Dunsparce\n|-damage|p2a: Dunsparce|206/312\n|move|p2a: Dunsparce|Body Slam|p1a: Gyarados\n|-damage|p1a: Gyarados|143/280\n|\n|-weather|SunnyDay|[upkeep]\n|upkeep\n|turn|15\n|\n|t:|1732884517\n|move|p1a: Gyarados|Temper Flare|p2a: Dunsparce\n|-damage|p2a: Dunsparce|115/312\n|move|p2a: Dunsparce|Roost|p2a: Dunsparce\n|-heal|p2a: Dunsparce|271/312\n|-singleturn|p2a: Dunsparce|move: Roost\n|\n|-weather|SunnyDay|[upkeep]\n|upkeep\n|turn|16\n|\n|t:|1732884522\n|move|p1a: Gyarados|Waterfall|p2a: Dunsparce\n|-damage|p2a: Dunsparce|222/312\n|cant|p2a: Dunsparce|flinch\n|\n|-weather|none\n|upkeep\n|turn|17\n|\n|t:|1732884527\n|move|p1a: Gyarados|Waterfall|p2a: Dunsparce\n|-damage|p2a: Dunsparce|111/312\n|move|p2a: Dunsparce|Body Slam|p1a: Gyarados\n|-damage|p1a: Gyarados|64/280\n|-status|p1a: Gyarados|par\n|\n|upkeep\n|turn|18\n|\n|t:|1732884532\n|move|p1a: Gyarados|Waterfall|p2a: Dunsparce\n|-damage|p2a: Dunsparce|11/312\n|cant|p2a: Dunsparce|flinch\n|\n|upkeep\n|turn|19\n|\n|t:|1732884536\n|move|p1a: Gyarados|Waterfall|p2a: Dunsparce\n|-damage|p2a: Dunsparce|0 fnt\n|faint|p2a: Dunsparce\n|\n|upkeep\n|\n|t:|1732884541\n|switch|p2a: Koraidon|Koraidon, L64|218/235\n|-weather|SunnyDay|[from] ability: Orichalcum Pulse|[of] p2a: Koraidon\n|-activate|p2a: Koraidon|Orichalcum Pulse|[source]\n|turn|20\n|\n|t:|1732884545\n|switch|p1a: Rotom|Rotom-Frost, L87, tera:Electric|103/229\n|move|p2a: Koraidon|Swords Dance|p2a: Koraidon\n|-boost|p2a: Koraidon|atk|2\n|\n|-weather|SunnyDay|[upkeep]\n|upkeep\n|turn|21\n|\n|t:|1732884550\n|-terastallize|p2a: Koraidon|Fire\n|move|p2a: Koraidon|Scale Shot|p1a: Rotom\n|-damage|p1a: Rotom|58/229\n|-damage|p1a: Rotom|16/229\n|-damage|p1a: Rotom|0 fnt\n|faint|p1a: Rotom\n|-hitcount|p1: Rotom|3\n|-unboost|p2a: Koraidon|def|1\n|-boost|p2a: Koraidon|spe|1\n|\n|-weather|SunnyDay|[upkeep]\n|upkeep\n|\n|t:|1732884554\n|switch|p1a: Gyarados|Gyarados, L79, M|64/280 par\n|-ability|p1a: Gyarados|Intimidate|boost\n|-unboost|p2a: Koraidon|atk|1\n|turn|22\n|\n|t:|1732884557\n|move|p2a: Koraidon|Collision Course|p1a: Gyarados\n|-resisted|p1a: Gyarados\n|-crit|p1a: Gyarados\n|-damage|p1a: Gyarados|0 fnt\n|faint|p1a: Gyarados\n|\n|-weather|SunnyDay|[upkeep]\n|upkeep\n|\n|t:|1732884559\n|switch|p1a: Suicune|Suicune, L82|298/298\n|-ability|p1a: Suicune|Pressure\n|turn|23\n|\n|t:|1732884566\n|move|p2a: Koraidon|Collision Course|p1a: Suicune\n|-damage|p1a: Suicune|166/298\n|move|p1a: Suicune|Substitute|p1a: Suicune\n|-start|p1a: Suicune|Substitute\n|-damage|p1a: Suicune|92/298\n|\n|-weather|SunnyDay|[upkeep]\n|-heal|p1a: Suicune|110/298|[from] item: Leftovers\n|upkeep\n|turn|24\n|\n|t:|1732884574\n|move|p2a: Koraidon|Scale Shot|p1a: Suicune\n|-activate|p1a: Suicune|move: Substitute|[damage]\n|-activate|p1a: Suicune|move: Substitute|[damage]\n|-end|p1a: Suicune|Substitute\n|-damage|p1a: Suicune|74/298\n|-hitcount|p1a: Suicune|4\n|-unboost|p2a: Koraidon|def|1\n|-boost|p2a: Koraidon|spe|1\n|move|p1a: Suicune|Substitute|p1a: Suicune\n|-fail|p1a: Suicune|move: Substitute|[weak]\n|\n|-weather|none\n|-heal|p1a: Suicune|92/298|[from] item: Leftovers\n|upkeep\n|turn|25\n|\n|t:|1732884584\n|move|p2a: Koraidon|Collision Course|p1a: Suicune\n|-damage|p1a: Suicune|0 fnt\n|faint|p1a: Suicune\n|\n|win|wanted fame=got it\n|raw|GCarlo's rating: 2245 &rarr; <strong>2226</strong><br />(-19 for losing)\n|raw|wanted fame=got it's rating: 2261 &rarr; <strong>2280</strong><br />(+19 for winning)\n|l|\u2606GCarlo\n|player|p1|\n", "inputlog": ">version b107d77f5c90bd6555267ae244a6264823309ead\n>start {\"formatid\":\"gen9randombattle\",\"seed\":[59201,2788,23396,51201],\"rated\":\"Rated battle\"}\n>player p1 {\"name\":\"GCarlo\",\"avatar\":\"artist\",\"rating\":2245,\"seed\":[14012,52284,27397,26730]}\n>player p2 {\"name\":\"wanted fame=got it\",\"avatar\":\"elesa-masters\",\"rating\":2261,\"seed\":[56256,13613,47480,55225]}\n>p1 switch 2\n>p2 move swordsdance\n>p1 move moonblast\n>p2 move stoneedge\n>p1 switch 4\n>p1 move flashcannon\n>p2 move closecombat\n>p1 switch 2\n>p1 move swordsdance\n>p2 switch 6\n>p1 move knockoff\n>p2 switch 6\n>p2 switch 3\n>p1 move quickattack\n>p2 move closecombat\n>p1 switch 5\n>p1 move dragondance\n>p2 switch 2\n>p1 switch 3\n>p2 move coil\n>p1 move nastyplot\n>p2 switch 6\n>p1 move blizzard\n>p2 move malignantchain\n>p2 switch 2\n>p1 move thunderbolt terastallize\n>p2 move closecombat\n>p2 switch 5\n>p1 switch 3\n>p2 move flareblitz\n>p1 move dragondance\n>p2 switch 6\n>p1 move temperflare\n>p2 move bodyslam\n>p1 move temperflare\n>p2 move roost\n>p1 move waterfall\n>p2 move bodyslam\n>p1 move waterfall\n>p2 move bodyslam\n>p1 move waterfall\n>p2 move roost\n>p1 move waterfall\n>p2 move roost\n>p2 switch 6\n>p1 switch 3\n>p2 move swordsdance\n>p1 move blizzard\n>p2 move scaleshot terastallize\n>p1 switch 3\n>p1 move earthquake\n>p2 move collisioncourse\n>p1 switch 6\n>p1 move substitute\n>p2 move collisioncourse\n>p1 move substitute\n>p2 move scaleshot\n>p1 move scald\n>p2 move collisioncourse", "uploadtime": 1732884607, "views": 22, "formatid": "gen9randombattle", "rating": 2226, "private": 0, "password": null}