{"id": "gen9randombattle-2003246933", "format": "[Gen 9] Random Battle", "players": ["yes or no my dude\u2740", "pokeblade\u2606101"], "log": "|j|\u2606yes or no my dude\u2740\n|j|\u2606pokeblade\u2606101\n|t:|1701536486\n|gametype|singles\n|player|p1|yes or no my dude\u2740|#rbtt6teamchienpaof|2268\n|player|p2|pokeblade\u2606101|#helpstaffxmas|2314\n|teamsize|p1|6\n|teamsize|p2|6\n|gen|9\n|tier|[Gen 9] Random Battle\n|rated|\n|rule|Species Clause: Limit one of each Pok\u00e9mon\n|rule|HP Percentage Mod: HP is shown in percentages\n|rule|Sleep Clause Mod: Limit one foe put to sleep\n|rule|Illusion Level Mod: Illusion disguises the Pok\u00e9mon's true level\n|\n|t:|1701536486\n|start\n|switch|p1a: Victreebel|Victreebel, L90, M|290/290\n|switch|p2a: Dugtrio|Dugtrio, L84, F|196/196\n|turn|1\n|inactive|Battle timer is ON: inactive players will automatically lose when time's up. (requested by yes or no my dude\u2740)\n|\n|t:|1701536498\n|switch|p2a: Masquerain|Masquerain, L87, F|264/264\n|-ability|p2a: Masquerain|Intimidate|boost\n|-unboost|p1a: Victreebel|atk|1\n|move|p1a: Victreebel|Power Whip|p2a: Masquerain\n|-resisted|p2a: Masquerain\n|-damage|p2a: Masquerain|222/264\n|-damage|p1a: Victreebel|261/290|[from] item: Life Orb\n|\n|upkeep\n|turn|2\n|\n|t:|1701536508\n|switch|p1a: Beartic|Beartic, L90, F|317/317\n|move|p2a: Masquerain|Hurricane|p1a: Beartic|[miss]\n|-miss|p2a: Masquerain|p1a: Beartic\n|\n|upkeep\n|turn|3\n|\n|t:|1701536512\n|switch|p2a: Slowbro|Slowbro, L84, F|297/297\n|move|p1a: Beartic|Snowscape|p1a: Beartic\n|-weather|Snow\n|\n|-weather|Snow|[upkeep]\n|upkeep\n|turn|4\n|\n|t:|1701536525\n|switch|p1a: Sableye|Sableye, L90, M|236/236\n|move|p2a: Slowbro|Future Sight|p1a: Sableye\n|-start|p2a: Slowbro|move: Future Sight\n|\n|-weather|Snow|[upkeep]\n|upkeep\n|turn|5\n|\n|t:|1701536543\n|switch|p2a: Iron Valiant|Iron Valiant, L79|247/247\n|move|p1a: Sableye|Knock Off|p2a: Iron Valiant\n|-resisted|p2a: Iron Valiant\n|-damage|p2a: Iron Valiant|223/247\n|-enditem|p2a: Iron Valiant|Life Orb|[from] move: Knock Off|[of] p1a: Sableye\n|\n|-weather|Snow|[upkeep]\n|upkeep\n|turn|6\n|\n|t:|1701536558\n|move|p1a: Sableye|Thunder Wave|p2a: Iron Valiant\n|-status|p2a: Iron Valiant|par\n|cant|p2a: Iron Valiant|par\n|\n|-weather|Snow|[upkeep]\n|-end|p1a: Sableye|move: Future Sight\n|-immune|p1a: Sableye\n|upkeep\n|turn|7\n|c|\u2606yes or no my dude\u2740|ez\n|\n|t:|1701536575\n|switch|p1a: Victreebel|Victreebel, L90, M|261/290\n|-end|p2a: Iron Valiant|Quark Drive|[silent]\n|switch|p2a: Masquerain|Masquerain, L87, F|222/264\n|-ability|p2a: Masquerain|Intimidate|boost\n|-unboost|p1a: Victreebel|atk|1\n|\n|-weather|none\n|upkeep\n|turn|8\n|\n|t:|1701536580\n|switch|p1a: Beartic|Beartic, L90, F|317/317\n|move|p2a: Masquerain|Sticky Web|p1a: Beartic\n|-sidestart|p1: yes or no my dude\u2740|move: Sticky Web\n|\n|upkeep\n|turn|9\n|j| rngcontrol\n|\n|t:|1701536586\n|switch|p2a: Slowbro|Slowbro, L84, F|297/297\n|move|p1a: Beartic|Icicle Crash|p2a: Slowbro\n|-resisted|p2a: Slowbro\n|-crit|p2a: Slowbro\n|-damage|p2a: Slowbro|208/297\n|\n|upkeep\n|turn|10\n|\n|t:|1701536591\n|switch|p1a: Sableye|Sableye, L90, M|236/236\n|-activate|p1a: Sableye|move: Sticky Web\n|-unboost|p1a: Sableye|spe|1\n|move|p2a: Slowbro|Scald|p1a: Sableye\n|-crit|p1a: Sableye\n|-damage|p1a: Sableye|82/236\n|\n|-heal|p1a: Sableye|96/236|[from] item: Leftovers\n|upkeep\n|turn|11\n|\n|t:|1701536596\n|switch|p2a: Iron Valiant|Iron Valiant, L79|223/247 par\n|move|p1a: Sableye|Recover|p1a: Sableye\n|-heal|p1a: Sableye|214/236\n|\n|-heal|p1a: Sableye|228/236|[from] item: Leftovers\n|upkeep\n|turn|12\n|\n|t:|1701536600\n|switch|p1a: Victreebel|Victreebel, L90, M|261/290\n|-activate|p1a: Victreebel|move: Sticky Web\n|-unboost|p1a: Victreebel|spe|1\n|cant|p2a: Iron Valiant|par\n|\n|upkeep\n|turn|13\n|\n|t:|1701536609\n|-end|p2a: Iron Valiant|Quark Drive|[silent]\n|switch|p2a: Masquerain|Masquerain, L87, F|222/264\n|-ability|p2a: Masquerain|Intimidate|boost\n|-unboost|p1a: Victreebel|atk|1\n|move|p1a: Victreebel|Poison Jab|p2a: Masquerain\n|-damage|p2a: Masquerain|104/264\n|-damage|p1a: Victreebel|232/290|[from] item: Life Orb\n|\n|upkeep\n|turn|14\n|\n|t:|1701536620\n|switch|p1a: Beartic|Beartic, L90, F|317/317\n|move|p2a: Masquerain|Hurricane|p1a: Beartic\n|-damage|p1a: Beartic|185/317\n|\n|upkeep\n|turn|15\n|\n|t:|1701536626\n|move|p2a: Masquerain|Hurricane|p1a: Beartic\n|-damage|p1a: Beartic|61/317\n|-start|p1a: Beartic|confusion\n|-activate|p1a: Beartic|confusion\n|move|p1a: Beartic|Icicle Crash|p2a: Masquerain|[miss]\n|-miss|p1a: Beartic|p2a: Masquerain\n|\n|upkeep\n|turn|16\n|\n|t:|1701536631\n|-activate|p1a: Beartic|confusion\n|-damage|p1a: Beartic|21/317|[from] confusion\n|move|p2a: Masquerain|Bug Buzz|p1a: Beartic\n|-crit|p1a: Beartic\n|-damage|p1a: Beartic|0 fnt\n|faint|p1a: Beartic\n|\n|upkeep\n|c|\u2606pokeblade\u2606101|easy?\n|\n|t:|1701536638\n|switch|p1a: Sableye|Sableye, L90, M|228/236\n|-activate|p1a: Sableye|move: Sticky Web\n|-unboost|p1a: Sableye|spe|1\n|turn|17\n|\n|t:|1701536644\n|switch|p2a: Iron Valiant|Iron Valiant, L79|223/247 par\n|move|p1a: Sableye|Knock Off|p2a: Iron Valiant\n|-resisted|p2a: Iron Valiant\n|-crit|p2a: Iron Valiant\n|-damage|p2a: Iron Valiant|199/247 par\n|\n|-heal|p1a: Sableye|236/236|[from] item: Leftovers\n|upkeep\n|turn|18\n|\n|t:|1701536650\n|move|p2a: Iron Valiant|Psychic|p1a: Sableye\n|-immune|p1a: Sableye\n|move|p1a: Sableye|Knock Off|p2a: Iron Valiant\n|-resisted|p2a: Iron Valiant\n|-damage|p2a: Iron Valiant|183/247 par\n|\n|upkeep\n|turn|19\n|c|\u2606pokeblade\u2606101|hm\n|c|\u2606pokeblade\u2606101|rude\n|c|\u2606yes or no my dude\u2740|you're ruder\n|\n|t:|1701536664\n|move|p2a: Iron Valiant|Psychic|p1a: Sableye\n|-immune|p1a: Sableye\n|move|p1a: Sableye|Knock Off|p2a: Iron Valiant\n|-resisted|p2a: Iron Valiant\n|-damage|p2a: Iron Valiant|165/247 par\n|\n|upkeep\n|turn|20\n|c|\u2606pokeblade\u2606101|double rude\n|\n|t:|1701536670\n|switch|p1a: Victreebel|Victreebel, L90, M|232/290\n|-activate|p1a: Victreebel|move: Sticky Web\n|-unboost|p1a: Victreebel|spe|1\n|move|p2a: Iron Valiant|Psychic|p1a: Victreebel\n|-supereffective|p1a: Victreebel\n|-damage|p1a: Victreebel|84/290\n|\n|upkeep\n|turn|21\n|\n|t:|1701536691\n|-end|p2a: Iron Valiant|Quark Drive|[silent]\n|switch|p2a: Masquerain|Masquerain, L87, F|104/264\n|-ability|p2a: Masquerain|Intimidate|boost\n|-unboost|p1a: Victreebel|atk|1\n|move|p1a: Victreebel|Power Whip|p2a: Masquerain\n|-resisted|p2a: Masquerain\n|-damage|p2a: Masquerain|61/264\n|-damage|p1a: Victreebel|55/290|[from] item: Life Orb\n|\n|upkeep\n|turn|22\n|\n|t:|1701536697\n|switch|p2a: Dugtrio|Dugtrio, L84, F|196/196\n|move|p1a: Victreebel|Sucker Punch||[still]\n|-fail|p1a: Victreebel\n|\n|upkeep\n|turn|23\n|\n|t:|1701536700\n|move|p2a: Dugtrio|Stealth Rock|p1a: Victreebel\n|-sidestart|p1: yes or no my dude\u2740|move: Stealth Rock\n|move|p1a: Victreebel|Swords Dance|p1a: Victreebel\n|-boost|p1a: Victreebel|atk|2\n|\n|upkeep\n|turn|24\n|\n|t:|1701536709\n|move|p2a: Dugtrio|Sucker Punch||[still]\n|-fail|p2a: Dugtrio\n|move|p1a: Victreebel|Swords Dance|p1a: Victreebel\n|-boost|p1a: Victreebel|atk|2\n|\n|upkeep\n|turn|25\n|\n|t:|1701536714\n|move|p2a: Dugtrio|Sucker Punch||[still]\n|-fail|p2a: Dugtrio\n|move|p1a: Victreebel|Swords Dance|p1a: Victreebel\n|-boost|p1a: Victreebel|atk|2\n|\n|upkeep\n|turn|26\n|j| DELTA_1152\n|\n|t:|1701536718\n|move|p2a: Dugtrio|Sucker Punch||[still]\n|-fail|p2a: Dugtrio\n|move|p1a: Victreebel|Swords Dance|p1a: Victreebel\n|-boost|p1a: Victreebel|atk|1\n|\n|upkeep\n|turn|27\n|\n|t:|1701536720\n|move|p2a: Dugtrio|Sucker Punch||[still]\n|-fail|p2a: Dugtrio\n|move|p1a: Victreebel|Swords Dance|p1a: Victreebel\n|-boost|p1a: Victreebel|atk|0\n|\n|upkeep\n|turn|28\n|\n|t:|1701536722\n|move|p2a: Dugtrio|Sucker Punch||[still]\n|-fail|p2a: Dugtrio\n|move|p1a: Victreebel|Swords Dance|p1a: Victreebel\n|-boost|p1a: Victreebel|atk|0\n|\n|upkeep\n|turn|29\n|\n|t:|1701536724\n|move|p2a: Dugtrio|Earthquake|p1a: Victreebel\n|-damage|p1a: Victreebel|0 fnt\n|faint|p1a: Victreebel\n|\n|upkeep\n|c|\u2606pokeblade\u2606101|enough of that\n|\n|t:|1701536735\n|switch|p1a: Sableye|Sableye, L90, M|236/236\n|-activate|p1a: Sableye|move: Sticky Web\n|-unboost|p1a: Sableye|spe|1\n|-damage|p1a: Sableye|207/236|[from] Stealth Rock\n|turn|30\n|\n|t:|1701536740\n|switch|p2a: Iron Valiant|Iron Valiant, L79|165/247 par\n|move|p1a: Sableye|Knock Off|p2a: Iron Valiant\n|-resisted|p2a: Iron Valiant\n|-damage|p2a: Iron Valiant|149/247 par\n|\n|-heal|p1a: Sableye|221/236|[from] item: Leftovers\n|upkeep\n|turn|31\n|\n|t:|1701536743\n|switch|p1a: Mewtwo|Mewtwo, L72|272/272\n|-ability|p1a: Mewtwo|Unnerve\n|-activate|p1a: Mewtwo|move: Sticky Web\n|-unboost|p1a: Mewtwo|spe|1\n|-damage|p1a: Mewtwo|238/272|[from] Stealth Rock\n|move|p2a: Iron Valiant|Moonblast|p1a: Mewtwo\n|-damage|p1a: Mewtwo|111/272\n|-unboost|p1a: Mewtwo|spa|1\n|\n|upkeep\n|turn|32\n|\n|t:|1701536752\n|-end|p2a: Iron Valiant|Quark Drive|[silent]\n|switch|p2a: Espathra|Espathra, L80, M|283/283\n|move|p1a: Mewtwo|Nasty Plot|p1a: Mewtwo\n|-boost|p1a: Mewtwo|spa|2\n|\n|upkeep\n|turn|33\n|\n|t:|1701536757\n|move|p2a: Espathra|Shadow Ball|p1a: Mewtwo\n|-supereffective|p1a: Mewtwo\n|-damage|p1a: Mewtwo|0 fnt\n|faint|p1a: Mewtwo\n|\n|-ability|p2a: Espathra|Speed Boost|boost\n|-boost|p2a: Espathra|spe|1\n|upkeep\n|\n|t:|1701536764\n|switch|p1a: Lilligant|Lilligant, L86, F|261/261\n|-activate|p1a: Lilligant|move: Sticky Web\n|-unboost|p1a: Lilligant|spe|1\n|-damage|p1a: Lilligant|229/261|[from] Stealth Rock\n|turn|34\n|\n|t:|1701536768\n|switch|p2a: Noivern|Noivern, L82, F|274/274\n|move|p1a: Lilligant|Quiver Dance|p1a: Lilligant\n|-boost|p1a: Lilligant|spa|1\n|-boost|p1a: Lilligant|spd|1\n|-boost|p1a: Lilligant|spe|1\n|\n|upkeep\n|turn|35\n|l| DELTA_1152\n|inactive|yes or no my dude\u2740 has 120 seconds left.\n|\n|t:|1701536807\n|move|p2a: Noivern|Hurricane|p1a: Lilligant\n|-supereffective|p1a: Lilligant\n|-damage|p1a: Lilligant|0 fnt\n|faint|p1a: Lilligant\n|\n|upkeep\n|\n|t:|1701536810\n|switch|p1a: Sableye|Sableye, L90, M|221/236\n|-activate|p1a: Sableye|move: Sticky Web\n|-unboost|p1a: Sableye|spe|1\n|-damage|p1a: Sableye|192/236|[from] Stealth Rock\n|turn|36\n|\n|t:|1701536815\n|switch|p2a: Iron Valiant|Iron Valiant, L79|149/247 par\n|switch|p1a: Rayquaza|Rayquaza, L72|270/270\n|-ability|p1a: Rayquaza|Air Lock\n|\n|upkeep\n|turn|37\n|\n|t:|1701536820\n|-end|p2a: Iron Valiant|Quark Drive|[silent]\n|switch|p2a: Slowbro|Slowbro, L84, F|297/297\n|move|p1a: Rayquaza|Dragon Ascent|p2a: Slowbro\n|-damage|p2a: Slowbro|180/297\n|-unboost|p1a: Rayquaza|def|1\n|-unboost|p1a: Rayquaza|spd|1\n|\n|upkeep\n|turn|38\n|\n|t:|1701536823\n|switch|p1a: Sableye|Sableye, L90, M|192/236\n|-activate|p1a: Sableye|move: Sticky Web\n|-unboost|p1a: Sableye|spe|1\n|-damage|p1a: Sableye|163/236|[from] Stealth Rock\n|move|p2a: Slowbro|Ice Beam|p1a: Sableye\n|-damage|p1a: Sableye|85/236\n|-status|p1a: Sableye|frz\n|\n|-heal|p1a: Sableye|99/236 frz|[from] item: Leftovers\n|upkeep\n|turn|39\n|\n|t:|1701536833\n|switch|p2a: Espathra|Espathra, L80, M|283/283\n|switch|p1a: Rayquaza|Rayquaza, L72|270/270\n|-ability|p1a: Rayquaza|Air Lock\n|\n|upkeep\n|turn|40\n|\n|t:|1701536837\n|move|p2a: Espathra|Dazzling Gleam|p1a: Rayquaza\n|-supereffective|p1a: Rayquaza\n|-damage|p1a: Rayquaza|98/270\n|move|p1a: Rayquaza|Swords Dance|p1a: Rayquaza\n|-boost|p1a: Rayquaza|atk|2\n|\n|-ability|p2a: Espathra|Speed Boost|boost\n|-boost|p2a: Espathra|spe|1\n|upkeep\n|turn|41\n|\n|t:|1701536843\n|-terastallize|p2a: Espathra|Ghost\n|-terastallize|p1a: Rayquaza|Normal\n|move|p1a: Rayquaza|Extreme Speed|p2a: Espathra\n|-immune|p2a: Espathra\n|move|p2a: Espathra|Dazzling Gleam|p1a: Rayquaza\n|-damage|p1a: Rayquaza|9/270\n|\n|-ability|p2a: Espathra|Speed Boost|boost\n|-boost|p2a: Espathra|spe|1\n|upkeep\n|turn|42\n|c|\u2606pokeblade\u2606101|lmao\n|c|\u2606yes or no my dude\u2740|meh\n|\n|t:|1701536849\n|move|p2a: Espathra|Dazzling Gleam|p1a: Rayquaza\n|-damage|p1a: Rayquaza|0 fnt\n|faint|p1a: Rayquaza\n|\n|-ability|p2a: Espathra|Speed Boost|boost\n|-boost|p2a: Espathra|spe|1\n|upkeep\n|c|\u2606yes or no my dude\u2740|gg\n|-message|yes or no my dude\u2740 forfeited.\n|\n|win|pokeblade\u2606101\n|raw|yes or no my dude\u2740's rating: 2268 &rarr; <strong>2249</strong><br />(-19 for losing)\n|raw|pokeblade\u2606101's rating: 2284 &rarr; <strong>2303</strong><br />(+19 for winning)\n|l|\u2606yes or no my dude\u2740\n", "inputlog": ">version 13c8c190640db44383e729cb060ae5378271d604\n>version-origin 603e3cd82fdfe84d212deced846c29c90e430d2b\n>start {\"formatid\":\"gen9randombattle\",\"seed\":[46636,35464,30722,53228],\"rated\":\"Rated battle\"}\n>player p1 {\"name\":\"yes or no my dude\u2740\",\"avatar\":\"#rbtt6teamchienpaof\",\"rating\":2268,\"seed\":[49849,47981,54741,43093]}\n>player p2 {\"name\":\"pokeblade\u2606101\",\"avatar\":\"#helpstaffxmas\",\"rating\":2314,\"seed\":[3860,48106,36931,25839]}\n>p1 move powerwhip\n>p2 switch 2\n>p1 switch 5\n>p2 move hurricane\n>p1 move snowscape\n>p2 switch 4\n>p1 switch 2\n>p2 move futuresight\n>p1 move knockoff\n>p2 switch 5\n>p1 move thunderwave\n>p2 move moonblast\n>chat \u2606yes or no my dude\u2740|ez\n>p1 switch 5\n>p2 switch 4\n>p1 switch 2\n>p2 move stickyweb\n>p1 move iciclecrash\n>p2 switch 5\n>p1 switch 5\n>p2 move scald\n>p1 move recover\n>p2 switch 4\n>p1 switch 2\n>p2 move moonblast\n>p1 move poisonjab\n>p2 switch 5\n>p1 switch 5\n>p2 move hurricane\n>p1 move iciclecrash\n>p2 move hurricane\n>p1 move aquajet\n>p2 move bugbuzz\n>chat \u2606pokeblade\u2606101|easy?\n>p1 switch 2\n>p1 move knockoff\n>p2 switch 5\n>p1 move knockoff\n>p2 move psychic\n>chat \u2606pokeblade\u2606101|hm\n>chat \u2606pokeblade\u2606101|rude\n>chat \u2606yes or no my dude\u2740|you're ruder\n>p1 move knockoff\n>p2 move psychic\n>chat \u2606pokeblade\u2606101|double rude\n>p1 switch 5\n>p2 move psychic\n>p1 move powerwhip\n>p2 switch 5\n>p1 move suckerpunch\n>p2 switch 2\n>p1 move swordsdance\n>p2 move stealthrock\n>p1 move swordsdance\n>p2 move suckerpunch\n>p1 move swordsdance\n>p2 move suckerpunch\n>p1 move swordsdance\n>p2 move suckerpunch\n>p1 move swordsdance\n>p2 move suckerpunch\n>p1 move swordsdance\n>p2 move suckerpunch\n>p1 move swordsdance\n>p2 move earthquake\n>chat \u2606pokeblade\u2606101|enough of that\n>p1 switch 5\n>p1 move knockoff\n>p2 switch 5\n>p1 switch 6\n>p2 move moonblast\n>p1 move nastyplot\n>p2 switch 6\n>p1 move darkpulse\n>p2 move shadowball\n>p1 switch 3\n>p1 move quiverdance\n>p2 switch 3\n>chat  sadklmasldkmsad|bro said easy\n>p1 move quiverdance\n>p2 move hurricane\n>p1 switch 6\n>p1 switch 4\n>p2 switch 6\n>p1 move dragonascent\n>p2 switch 4\n>p1 switch 4\n>p2 move icebeam\n>p1 switch 4\n>p2 switch 3\n>p1 move swordsdance\n>p2 move dazzlinggleam\n>p1 move extremespeed terastallize\n>p2 move dazzlinggleam terastallize\n>chat \u2606pokeblade\u2606101|lmao\n>chat \u2606yes or no my dude\u2740|meh\n>p1 move dragonascent\n>p2 move dazzlinggleam\n>chat \u2606yes or no my dude\u2740|gg\n>forcelose p1", "uploadtime": 1701536854, "views": 269, "formatid": "gen9randombattle", "rating": 2249, "private": 0, "password": null}