{"id": "gen9randombattle-2184911271", "format": "[Gen 9] Random Battle", "players": ["TeAmoBadBunny", "Gaaraks"], "log": "|j|\u2606TeAmoBadBunny\n|j|\u2606Gaaraks\n|t:|1724270459\n|gametype|singles\n|player|p1|TeAmoBadBunny|169|2228\n|player|p2|Gaaraks|1|2305\n|teamsize|p1|6\n|teamsize|p2|6\n|gen|9\n|tier|[Gen 9] Random Battle\n|rated|\n|rule|Species Clause: Limit one of each Pok\u00e9mon\n|rule|HP Percentage Mod: HP is shown in percentages\n|rule|Sleep Clause Mod: Limit one foe put to sleep\n|rule|Illusion Level Mod: Illusion disguises the Pok\u00e9mon's true level\n|\n|t:|1724270459\n|start\n|switch|p1a: Ambipom|Ambipom, L84, F|263/263\n|switch|p2a: Ribombee|Ribombee, L82, F|233/233\n|turn|1\n|\n|t:|1724270467\n|move|p1a: Ambipom|Fake Out|p2a: Ribombee\n|-damage|p2a: Ribombee|125/233\n|move|p2a: Ribombee|Sticky Web|p1a: Ambipom\n|-sidestart|p1: TeAmoBadBunny|move: Sticky Web\n|\n|upkeep\n|turn|2\n|\n|t:|1724270473\n|move|p2a: Ribombee|Moonblast|p1a: Ambipom\n|-damage|p1a: Ambipom|145/263\n|move|p1a: Ambipom|Double-Edge|p2a: Ribombee\n|-damage|p2a: Ribombee|0 fnt\n|faint|p2a: Ribombee\n|-damage|p1a: Ambipom|104/263|[from] Recoil\n|\n|upkeep\n|\n|t:|1724270486\n|switch|p2a: Gardevoir|Gardevoir, L83, F|249/249\n|-ability|p2a: Gardevoir|Technician|[from] ability: Trace|[of] p1a: Ambipom\n|turn|3\n|\n|t:|1724270501\n|switch|p1a: Perrserker|Perrserker, L89, M|269/269\n|-activate|p1a: Perrserker|move: Sticky Web\n|-unboost|p1a: Perrserker|spe|1\n|move|p2a: Gardevoir|Moonblast|p1a: Perrserker\n|-resisted|p1a: Perrserker\n|-damage|p1a: Perrserker|200/269\n|-unboost|p1a: Perrserker|spa|1\n|\n|upkeep\n|turn|4\n|\n|t:|1724270511\n|switch|p2a: Scrafty|Scrafty, L84, M|246/246\n|-ability|p2a: Scrafty|Intimidate|boost\n|-unboost|p1a: Perrserker|atk|1\n|move|p1a: Perrserker|Stealth Rock|p2a: Scrafty\n|-sidestart|p2: Gaaraks|move: Stealth Rock\n|\n|upkeep\n|turn|5\n|\n|t:|1724270518\n|switch|p1a: Yanmega|Yanmega, L82, M|275/275\n|move|p2a: Scrafty|Dragon Dance|p2a: Scrafty\n|-boost|p2a: Scrafty|atk|1\n|-boost|p2a: Scrafty|spe|1\n|\n|upkeep\n|turn|6\n|\n|t:|1724270527\n|move|p2a: Scrafty|Knock Off|p1a: Yanmega\n|-damage|p1a: Yanmega|96/275\n|-enditem|p1a: Yanmega|Heavy-Duty Boots|[from] move: Knock Off|[of] p2a: Scrafty\n|-damage|p2a: Scrafty|222/246|[from] item: Life Orb\n|move|p1a: Yanmega|Air Slash|p2a: Scrafty|[miss]\n|-miss|p1a: Yanmega|p2a: Scrafty\n|\n|-ability|p1a: Yanmega|Speed Boost|boost\n|-boost|p1a: Yanmega|spe|1\n|upkeep\n|turn|7\n|\n|t:|1724270534\n|move|p1a: Yanmega|Air Slash|p2a: Scrafty\n|-supereffective|p2a: Scrafty\n|-damage|p2a: Scrafty|72/246\n|move|p2a: Scrafty|Knock Off|p1a: Yanmega\n|-damage|p1a: Yanmega|0 fnt\n|faint|p1a: Yanmega\n|-damage|p2a: Scrafty|48/246|[from] item: Life Orb\n|\n|upkeep\n|\n|t:|1724270541\n|switch|p1a: Ambipom|Ambipom, L84, F|104/263\n|-activate|p1a: Ambipom|move: Sticky Web\n|-unboost|p1a: Ambipom|spe|1\n|turn|8\n|\n|t:|1724270545\n|move|p1a: Ambipom|Fake Out|p2a: Scrafty\n|-damage|p2a: Scrafty|0 fnt\n|faint|p2a: Scrafty\n|\n|upkeep\n|\n|t:|1724270568\n|switch|p2a: Gliscor|Gliscor, L76, F|239/239\n|-damage|p2a: Gliscor|210/239|[from] Stealth Rock\n|turn|9\n|\n|t:|1724270597\n|switch|p1a: Perrserker|Perrserker, L89, M|200/269\n|-activate|p1a: Perrserker|move: Sticky Web\n|-unboost|p1a: Perrserker|spe|1\n|move|p2a: Gliscor|Earthquake|p1a: Perrserker\n|-supereffective|p1a: Perrserker\n|-damage|p1a: Perrserker|50/269\n|\n|-status|p2a: Gliscor|tox|[from] item: Toxic Orb\n|upkeep\n|turn|10\n|\n|t:|1724270611\n|move|p2a: Gliscor|Earthquake|p1a: Perrserker\n|-supereffective|p1a: Perrserker\n|-damage|p1a: Perrserker|0 fnt\n|faint|p1a: Perrserker\n|\n|-heal|p2a: Gliscor|239/239 tox|[from] ability: Poison Heal\n|upkeep\n|\n|t:|1724270613\n|switch|p1a: Tatsugiri|Tatsugiri-Droopy, L86, M|257/257\n|turn|11\n|\n|t:|1724270624\n|move|p1a: Tatsugiri|Rapid Spin|p2a: Gliscor\n|-damage|p2a: Gliscor|217/239 tox\n|-boost|p1a: Tatsugiri|spe|1\n|-sideend|p1: TeAmoBadBunny|Sticky Web|[from] move: Rapid Spin|[of] p1a: Tatsugiri\n|move|p2a: Gliscor|Toxic|p1a: Tatsugiri\n|-status|p1a: Tatsugiri|tox\n|\n|-damage|p1a: Tatsugiri|241/257 tox|[from] psn\n|-heal|p2a: Gliscor|239/239 tox|[from] ability: Poison Heal\n|upkeep\n|turn|12\n|\n|t:|1724270635\n|switch|p1a: Grimmsnarl|Grimmsnarl, L83, M|293/293\n|move|p2a: Gliscor|Protect||[still]\n|-fail|p2a: Gliscor\n|\n|upkeep\n|turn|13\n|\n|t:|1724270641\n|move|p1a: Grimmsnarl|Taunt|p2a: Gliscor\n|-start|p2a: Gliscor|move: Taunt\n|cant|p2a: Gliscor|move: Taunt|Toxic\n|\n|upkeep\n|turn|14\n|\n|t:|1724270646\n|move|p2a: Gliscor|Earthquake|p1a: Grimmsnarl\n|-damage|p1a: Grimmsnarl|181/293\n|move|p1a: Grimmsnarl|Spirit Break|p2a: Gliscor\n|-damage|p2a: Gliscor|161/239 tox\n|-unboost|p2a: Gliscor|spa|1\n|\n|-heal|p1a: Grimmsnarl|199/293|[from] item: Leftovers\n|-heal|p2a: Gliscor|190/239 tox|[from] ability: Poison Heal\n|upkeep\n|turn|15\n|\n|t:|1724270652\n|move|p2a: Gliscor|Earthquake|p1a: Grimmsnarl\n|-damage|p1a: Grimmsnarl|84/293\n|move|p1a: Grimmsnarl|Spirit Break|p2a: Gliscor\n|-damage|p2a: Gliscor|109/239 tox\n|-unboost|p2a: Gliscor|spa|1\n|\n|-heal|p1a: Grimmsnarl|102/293|[from] item: Leftovers\n|-heal|p2a: Gliscor|138/239 tox|[from] ability: Poison Heal\n|-end|p2a: Gliscor|move: Taunt\n|upkeep\n|turn|16\n|\n|t:|1724270657\n|move|p2a: Gliscor|Protect|p2a: Gliscor\n|-singleturn|p2a: Gliscor|Protect\n|move|p1a: Grimmsnarl|Spirit Break|p2a: Gliscor\n|-activate|p2a: Gliscor|move: Protect\n|\n|-heal|p1a: Grimmsnarl|120/293|[from] item: Leftovers\n|-heal|p2a: Gliscor|167/239 tox|[from] ability: Poison Heal\n|upkeep\n|turn|17\n|\n|t:|1724270659\n|move|p2a: Gliscor|Earthquake|p1a: Grimmsnarl\n|-damage|p1a: Grimmsnarl|14/293\n|move|p1a: Grimmsnarl|Spirit Break|p2a: Gliscor\n|-damage|p2a: Gliscor|89/239 tox\n|-unboost|p2a: Gliscor|spa|1\n|\n|-heal|p1a: Grimmsnarl|32/293|[from] item: Leftovers\n|-heal|p2a: Gliscor|118/239 tox|[from] ability: Poison Heal\n|upkeep\n|turn|18\n|\n|t:|1724270666\n|switch|p1a: Garganacl|Garganacl, L80, F|291/291\n|move|p2a: Gliscor|Protect||[still]\n|-fail|p2a: Gliscor\n|\n|-heal|p2a: Gliscor|147/239 tox|[from] ability: Poison Heal\n|upkeep\n|turn|19\n|\n|t:|1724270675\n|-terastallize|p1a: Garganacl|Dragon\n|move|p2a: Gliscor|Substitute|p2a: Gliscor\n|-start|p2a: Gliscor|Substitute\n|-damage|p2a: Gliscor|88/239 tox\n|move|p1a: Garganacl|Salt Cure|p2a: Gliscor\n|-activate|p2a: Gliscor|move: Substitute|[damage]\n|\n|-heal|p2a: Gliscor|117/239 tox|[from] ability: Poison Heal\n|upkeep\n|turn|20\n|-message|TeAmoBadBunny forfeited.\n|\n|win|Gaaraks\n|raw|TeAmoBadBunny's rating: 2228 &rarr; <strong>2212</strong><br />(-16 for losing)\n|raw|Gaaraks's rating: 2305 &rarr; <strong>2321</strong><br />(+16 for winning)\n|l|\u2606TeAmoBadBunny\n|player|p1|\n", "inputlog": ">version 6a1360c35b8aa5f7d54e32a492626d5298caa6f7\n>start {\"formatid\":\"gen9randombattle\",\"seed\":[19296,25519,42377,7237],\"rated\":\"Rated battle\"}\n>player p1 {\"name\":\"TeAmoBadBunny\",\"avatar\":\"169\",\"rating\":2228,\"seed\":[33634,9339,49392,32308]}\n>player p2 {\"name\":\"Gaaraks\",\"avatar\":\"1\",\"rating\":2305,\"seed\":[49016,64680,18289,4578]}\n>p1 move fakeout\n>p2 move stickyweb\n>p1 move doubleedge\n>p2 move moonblast\n>p2 switch 6\n>p1 switch 6\n>p2 move moonblast\n>p1 move stealthrock\n>p2 switch 4\n>p1 switch 2\n>p2 move dragondance\n>p1 move airslash\n>p2 move knockoff\n>p1 move airslash\n>p2 move knockoff\n>p1 switch 6\n>p1 move fakeout\n>p2 move closecombat\n>p2 switch 5\n>p1 switch 2\n>p2 move earthquake\n>p1 move knockoff\n>p2 move earthquake\n>p1 switch 5\n>p1 move rapidspin\n>p2 move toxic\n>p1 switch 3\n>p2 move protect\n>p1 move taunt\n>p2 move toxic\n>p1 move spiritbreak\n>p2 move earthquake\n>p1 move spiritbreak\n>p2 move earthquake\n>p1 move spiritbreak\n>p2 move protect\n>p1 move spiritbreak\n>p2 move earthquake\n>p1 switch 4\n>p2 move protect\n>p1 move saltcure terastallize\n>p2 move substitute\n>forcelose p1", "uploadtime": 1724270691, "views": 117, "formatid": "gen9randombattle", "rating": 2212, "private": 0, "password": null}