{"id": "gen9randombattle-2107401308", "format": "[Gen 9] Random Battle", "players": ["l0goff", "Aqua"], "log": "|uhtml|medal-msg|<div class=\"broadcast-blue\">Curious what those medals under the avatar are? PS now has Ladder Seasons! For more information, check out the <a href=\"https://www.smogon.com/forums/threads/3740067/\">thread on Smogon.</a></div>\n|badge|p2|silver|gen9randombattle|30-1\n|uhtml|medal-msg|<div class=\"broadcast-blue\">Curious what those medals under the avatar are? PS now has Ladder Seasons! For more information, check out the <a href=\"https://www.smogon.com/forums/threads/3740067/\">thread on Smogon.</a></div>\n|j|\u2606l0goff\n|j|\u2606Aqua\n|t:|1713572577\n|gametype|singles\n|player|p1|l0goff|2|2296\n|player|p2|Aqua|#rbtt6teamlatiasf|2425\n|teamsize|p1|6\n|teamsize|p2|6\n|gen|9\n|tier|[Gen 9] Random Battle\n|rated|\n|rule|Species Clause: Limit one of each Pok\u00e9mon\n|rule|HP Percentage Mod: HP is shown in percentages\n|rule|Sleep Clause Mod: Limit one foe put to sleep\n|rule|Illusion Level Mod: Illusion disguises the Pok\u00e9mon's true level\n|\n|t:|1713572577\n|start\n|switch|p1a: Hydrapple|Hydrapple, L83, F|312/312\n|switch|p2a: Mimikyu|Mimikyu, L79, M|216/216\n|turn|1\n|\n|t:|1713572601\n|switch|p2a: Cobalion|Cobalion, L80|277/277\n|move|p1a: Hydrapple|Earth Power|p2a: Cobalion\n|-supereffective|p2a: Cobalion\n|-damage|p2a: Cobalion|0 fnt\n|faint|p2a: Cobalion\n|\n|upkeep\n|\n|t:|1713572608\n|switch|p2a: Hydreigon|Hydreigon, L79, F|275/275\n|turn|2\n|\n|t:|1713572613\n|switch|p1a: Flutter Mane|Flutter Mane, L74|203/203\n|move|p2a: Hydreigon|U-turn|p1a: Flutter Mane\n|-resisted|p1a: Flutter Mane\n|-damage|p1a: Flutter Mane|184/203\n|\n|t:|1713572623\n|switch|p2a: Ogerpon|Ogerpon-Cornerstone, L76, F|247/247|[from] U-turn\n|\n|upkeep\n|turn|3\n|\n|t:|1713572636\n|-end|p1a: Flutter Mane|Protosynthesis|[silent]\n|switch|p1a: Weezing|Weezing, L88, M|258/258\n|move|p2a: Ogerpon|Ivy Cudgel|p1a: Weezing|[anim] Ivy Cudgel Rock\n|-crit|p1a: Weezing\n|-damage|p1a: Weezing|122/258\n|\n|-heal|p1a: Weezing|138/258|[from] item: Leftovers\n|upkeep\n|turn|4\n|\n|t:|1713572647\n|switch|p2a: Reshiram|Reshiram, L76|277/277\n|-ability|p2a: Reshiram|Turboblaze\n|move|p1a: Weezing|Pain Split|p2a: Reshiram\n|-sethp|p2a: Reshiram|207/277|[from] move: Pain Split|[silent]\n|-sethp|p1a: Weezing|207/258|[from] move: Pain Split\n|\n|-heal|p1a: Weezing|223/258|[from] item: Leftovers\n|upkeep\n|turn|5\n|\n|t:|1713572663\n|move|p2a: Reshiram|Blue Flare|p1a: Weezing\n|-damage|p1a: Weezing|28/258\n|move|p1a: Weezing|Gunk Shot|p2a: Reshiram|[miss]\n|-miss|p1a: Weezing|p2a: Reshiram\n|\n|-heal|p1a: Weezing|44/258|[from] item: Leftovers\n|upkeep\n|turn|6\n|\n|t:|1713572673\n|switch|p1a: Lanturn|Lanturn, L89, M|367/367\n|move|p2a: Reshiram|Earth Power|p1a: Lanturn\n|-supereffective|p1a: Lanturn\n|-damage|p1a: Lanturn|207/367\n|\n|upkeep\n|turn|7\n|\n|t:|1713572683\n|move|p2a: Reshiram|Earth Power|p1a: Lanturn\n|-supereffective|p1a: Lanturn\n|-damage|p1a: Lanturn|43/367\n|move|p1a: Lanturn|Thunder Wave|p2a: Reshiram\n|-status|p2a: Reshiram|par\n|\n|upkeep\n|turn|8\n|\n|t:|1713572690\n|move|p1a: Lanturn|Volt Switch|p2a: Reshiram\n|-resisted|p2a: Reshiram\n|-damage|p2a: Reshiram|180/277 par\n|\n|t:|1713572698\n|switch|p1a: Hoopa|Hoopa, L85|275/275|[from] Volt Switch\n|move|p2a: Reshiram|Blue Flare|p1a: Hoopa\n|-damage|p1a: Hoopa|166/275\n|\n|upkeep\n|turn|9\n|\n|t:|1713572715\n|move|p1a: Hoopa|Focus Blast|p2a: Reshiram\n|-damage|p2a: Reshiram|46/277 par\n|-damage|p1a: Hoopa|139/275|[from] item: Life Orb\n|move|p2a: Reshiram|Blue Flare|p1a: Hoopa|[miss]\n|-miss|p2a: Reshiram|p1a: Hoopa\n|\n|upkeep\n|turn|10\n|j|+pokeblade\u2606101\n|\n|t:|1713572723\n|move|p1a: Hoopa|Shadow Ball|p2a: Reshiram\n|-damage|p2a: Reshiram|0 fnt\n|faint|p2a: Reshiram\n|-damage|p1a: Hoopa|112/275|[from] item: Life Orb\n|\n|upkeep\n|\n|t:|1713572738\n|switch|p2a: Ogerpon|Ogerpon-Cornerstone, L76, F|247/247\n|turn|11\n|\n|t:|1713572746\n|move|p2a: Ogerpon|Ivy Cudgel|p1a: Hoopa|[anim] Ivy Cudgel Rock\n|-damage|p1a: Hoopa|0 fnt\n|faint|p1a: Hoopa\n|\n|upkeep\n|\n|t:|1713572756\n|switch|p1a: Komala|Komala, L89, M|260/260\n|-ability|p1a: Komala|Comatose\n|turn|12\n|\n|t:|1713572771\n|move|p1a: Komala|U-turn|p2a: Ogerpon\n|-supereffective|p2a: Ogerpon\n|-damage|p2a: Ogerpon|103/247\n|\n|t:|1713572776\n|switch|p1a: Lanturn|Lanturn, L89, M|43/367|[from] U-turn\n|move|p2a: Ogerpon|Ivy Cudgel|p1a: Lanturn|[anim] Ivy Cudgel Rock\n|-crit|p1a: Lanturn\n|-damage|p1a: Lanturn|0 fnt\n|faint|p1a: Lanturn\n|\n|upkeep\n|\n|t:|1713572787\n|switch|p1a: Flutter Mane|Flutter Mane, L74|184/203\n|turn|13\n|\n|t:|1713572801\n|move|p1a: Flutter Mane|Moonblast|p2a: Ogerpon\n|-damage|p2a: Ogerpon|0 fnt\n|faint|p2a: Ogerpon\n|\n|upkeep\n|\n|t:|1713572807\n|switch|p2a: Mimikyu|Mimikyu, L79, M|216/216\n|turn|14\n|\n|t:|1713572814\n|move|p1a: Flutter Mane|Moonblast|p2a: Mimikyu\n|-activate|p2a: Mimikyu|ability: Disguise\n|-damage|p2a: Mimikyu|216/216\n|detailschange|p2a: Mimikyu|Mimikyu-Busted, L79, M\n|-damage|p2a: Mimikyu|189/216|[from] pokemon: Mimikyu-Busted\n|move|p2a: Mimikyu|Swords Dance|p2a: Mimikyu\n|-boost|p2a: Mimikyu|atk|2\n|\n|upkeep\n|turn|15\n|\n|t:|1713572829\n|-end|p1a: Flutter Mane|Protosynthesis|[silent]\n|switch|p1a: Weezing|Weezing, L88, M|44/258\n|move|p2a: Mimikyu|Swords Dance|p2a: Mimikyu\n|-boost|p2a: Mimikyu|atk|2\n|\n|-heal|p1a: Weezing|60/258|[from] item: Leftovers\n|upkeep\n|turn|16\n|\n|t:|1713572837\n|move|p2a: Mimikyu|Shadow Sneak|p1a: Weezing\n|-damage|p1a: Weezing|0 fnt\n|faint|p1a: Weezing\n|-damage|p2a: Mimikyu|168/216|[from] item: Life Orb\n|\n|upkeep\n|\n|t:|1713572842\n|switch|p1a: Komala|Komala, L89, M|260/260\n|-ability|p1a: Komala|Comatose\n|turn|17\n|\n|t:|1713572855\n|-terastallize|p1a: Komala|Dark\n|move|p1a: Komala|Knock Off|p2a: Mimikyu\n|-damage|p2a: Mimikyu|29/216\n|-enditem|p2a: Mimikyu|Life Orb|[from] move: Knock Off|[of] p1a: Komala\n|move|p2a: Mimikyu|Play Rough|p1a: Komala\n|-supereffective|p1a: Komala\n|-damage|p1a: Komala|0 fnt\n|faint|p1a: Komala\n|\n|upkeep\n|-message|l0goff forfeited.\n|\n|win|Aqua\n|raw|l0goff's rating: 2296 &rarr; <strong>2283</strong><br />(-13 for losing)\n|raw|Aqua's rating: 2425 &rarr; <strong>2438</strong><br />(+13 for winning)\n|l|\u2606l0goff\n|player|p1|\n", "inputlog": ">version 353afcba8edc3ce061b3a30b18dec61a8b98d08c\n>start {\"formatid\":\"gen9randombattle\",\"seed\":[25643,18749,33478,62872],\"rated\":\"Rated battle\"}\n>player p1 {\"name\":\"l0goff\",\"avatar\":\"2\",\"rating\":2296,\"seed\":[9557,41405,30187,63127]}\n>player p2 {\"name\":\"Aqua\",\"avatar\":\"#rbtt6teamlatiasf\",\"rating\":2425,\"seed\":[13599,61681,36610,50727]}\n>p1 move earthpower\n>p2 switch 2\n>p2 switch 3\n>p1 switch 2\n>p2 move uturn\n>p2 switch 4\n>p1 switch 4\n>p2 move ivycudgel\n>p1 move painsplit\n>p2 switch 6\n>p1 move gunkshot\n>p2 move blueflare\n>p1 switch 3\n>p2 move earthpower\n>p1 move thunderwave\n>p2 move earthpower\n>p1 move voltswitch\n>p2 move blueflare\n>p1 switch 5\n>p1 move focusblast\n>p2 move blueflare\n>p1 move shadowball\n>p2 move blueflare\n>p2 switch 6\n>p1 move shadowball\n>p2 move ivycudgel\n>p1 switch 6\n>p1 move uturn\n>p2 move ivycudgel\n>p1 switch 5\n>p1 switch 4\n>p1 move moonblast\n>p2 move ivycudgel\n>p2 switch 2\n>p1 move moonblast\n>p2 move swordsdance\n>p1 switch 3\n>p2 move swordsdance\n>p1 move gunkshot\n>p2 move shadowsneak\n>p1 switch 5\n>p1 move knockoff terastallize\n>p2 move playrough\n>forcelose p1", "uploadtime": 1713572878, "views": 247, "formatid": "gen9randombattle", "rating": 2283, "private": 0, "password": null}