{"id": "gen9randombattle-2259800067", "format": "[Gen 9] Random Battle", "players": ["Laritate", "pokeslayyy"], "log": "|j|\u2606Laritate\n|j|\u2606pokeslayyy\n|t:|1733767963\n|gametype|singles\n|player|p1|Laritate|170|1726\n|player|p2|pokeslayyy|265|1680\n|teamsize|p1|6\n|teamsize|p2|6\n|gen|9\n|tier|[Gen 9] Random Battle\n|rated|\n|rule|Species Clause: Limit one of each Pok\u00e9mon\n|rule|HP Percentage Mod: HP is shown in percentages\n|rule|Sleep Clause Mod: Limit one foe put to sleep\n|rule|Illusion Level Mod: Illusion disguises the Pok\u00e9mon's true level\n|\n|t:|1733767963\n|start\n|switch|p1a: Meowscarada|Meowscarada, L78, M|247/247\n|switch|p2a: Virizion|Virizion, L82|283/283\n|turn|1\n|inactive|Battle timer is ON: inactive players will automatically lose when time's up. (requested by Laritate)\n|\n|t:|1733767972\n|move|p1a: Meowscarada|Toxic Spikes|p2a: Virizion\n|-start|p1a: Meowscarada|typechange|Poison|[from] ability: Protean\n|-sidestart|p2: pokeslayyy|move: Toxic Spikes\n|move|p2a: Virizion|Close Combat|p1a: Meowscarada\n|-resisted|p1a: Meowscarada\n|-damage|p1a: Meowscarada|151/247\n|-unboost|p2a: Virizion|def|1\n|-unboost|p2a: Virizion|spd|1\n|-damage|p2a: Virizion|255/283|[from] item: Life Orb\n|\n|upkeep\n|turn|2\n|\n|t:|1733767989\n|switch|p2a: Vespiquen|Vespiquen, L98, F|296/296\n|-ability|p2a: Vespiquen|Pressure\n|move|p1a: Meowscarada|Triple Axel|p2a: Vespiquen\n|-supereffective|p2a: Vespiquen\n|-damage|p2a: Vespiquen|272/296\n|-supereffective|p2a: Vespiquen\n|-damage|p2a: Vespiquen|230/296\n|-supereffective|p2a: Vespiquen\n|-damage|p2a: Vespiquen|164/296\n|-hitcount|p2a: Vespiquen|3\n|\n|upkeep\n|turn|3\n|inactive|pokeslayyy has 120 seconds left.\n|\n|t:|1733768016\n|-terastallize|p2a: Vespiquen|Steel\n|move|p1a: Meowscarada|Triple Axel|p2a: Vespiquen\n|-resisted|p2a: Vespiquen\n|-damage|p2a: Vespiquen|159/296\n|-resisted|p2a: Vespiquen\n|-damage|p2a: Vespiquen|149/296\n|-resisted|p2a: Vespiquen\n|-damage|p2a: Vespiquen|132/296\n|-hitcount|p2a: Vespiquen|3\n|move|p2a: Vespiquen|Roost|p2a: Vespiquen\n|-heal|p2a: Vespiquen|280/296\n|\n|upkeep\n|turn|4\n|inactive|pokeslayyy has 120 seconds left.\n|\n|t:|1733768027\n|move|p1a: Meowscarada|Toxic Spikes|p2a: Vespiquen\n|-sidestart|p2: pokeslayyy|move: Toxic Spikes\n|move|p2a: Vespiquen|Spikes|p1a: Meowscarada\n|-sidestart|p1: Laritate|Spikes\n|\n|upkeep\n|turn|5\n|\n|t:|1733768034\n|switch|p1a: Iron Crown|Iron Crown, L78|268/268\n|-damage|p1a: Iron Crown|235/268|[from] Spikes\n|move|p2a: Vespiquen|Spikes|p1a: Iron Crown\n|-sidestart|p1: Laritate|Spikes\n|\n|-heal|p1a: Iron Crown|251/268|[from] item: Leftovers\n|upkeep\n|turn|6\n|\n|t:|1733768047\n|switch|p2a: Grafaiai|Grafaiai, L86, F|249/249\n|-sideend|p2: pokeslayyy|move: Toxic Spikes|[of] p2a: Grafaiai\n|move|p1a: Iron Crown|Calm Mind|p1a: Iron Crown\n|-boost|p1a: Iron Crown|spa|1\n|-boost|p1a: Iron Crown|spd|1\n|\n|-heal|p1a: Iron Crown|267/268|[from] item: Leftovers\n|upkeep\n|turn|7\n|\n|t:|1733768062\n|move|p2a: Grafaiai|Encore|p1a: Iron Crown\n|-start|p1a: Iron Crown|Encore\n|move|p1a: Iron Crown|Calm Mind|p1a: Iron Crown\n|-boost|p1a: Iron Crown|spa|1\n|-boost|p1a: Iron Crown|spd|1\n|\n|-heal|p1a: Iron Crown|268/268|[from] item: Leftovers\n|upkeep\n|turn|8\n|\n|t:|1733768068\n|-end|p1a: Iron Crown|Quark Drive|[silent]\n|switch|p1a: Corviknight|Corviknight, L80, F|288/288\n|-ability|p1a: Corviknight|Pressure\n|move|p2a: Grafaiai|Knock Off|p1a: Corviknight\n|-damage|p1a: Corviknight|220/288\n|-damage|p2a: Grafaiai|208/249|[from] item: Rocky Helmet|[of] p1a: Corviknight\n|-enditem|p1a: Corviknight|Rocky Helmet|[from] move: Knock Off|[of] p2a: Grafaiai\n|\n|upkeep\n|turn|9\n|\n|t:|1733768089\n|move|p2a: Grafaiai|Knock Off|p1a: Corviknight\n|-crit|p1a: Corviknight\n|-damage|p1a: Corviknight|151/288\n|move|p1a: Corviknight|Defog|p2a: Grafaiai\n|-unboost|p2a: Grafaiai|evasion|1\n|-sideend|p1: Laritate|Spikes|[from] move: Defog|[of] p1a: Corviknight\n|\n|upkeep\n|turn|10\n|\n|t:|1733768096\n|move|p2a: Grafaiai|Parting Shot|p1a: Corviknight\n|-unboost|p1a: Corviknight|atk|1\n|-unboost|p1a: Corviknight|spa|1\n|\n|t:|1733768103\n|switch|p2a: Raichu|Raichu-Alola, L87, M|246/246|[from] Parting Shot\n|move|p1a: Corviknight|U-turn|p2a: Raichu\n|-supereffective|p2a: Raichu\n|-damage|p2a: Raichu|162/246\n|\n|t:|1733768111\n|switch|p1a: Iron Crown|Iron Crown, L78|268/268|[from] U-turn\n|\n|upkeep\n|turn|11\n|\n|t:|1733768124\n|move|p2a: Raichu|Thunderbolt|p1a: Iron Crown\n|-crit|p1a: Iron Crown\n|-damage|p1a: Iron Crown|77/268\n|-damage|p2a: Raichu|138/246|[from] item: Life Orb\n|move|p1a: Iron Crown|Psyshock|p2a: Raichu\n|-resisted|p2a: Raichu\n|-damage|p2a: Raichu|73/246\n|\n|-heal|p1a: Iron Crown|93/268|[from] item: Leftovers\n|upkeep\n|turn|12\n|\n|t:|1733768135\n|move|p2a: Raichu|Thunderbolt|p1a: Iron Crown\n|-damage|p1a: Iron Crown|0 fnt\n|faint|p1a: Iron Crown\n|-end|p1a: Iron Crown|Quark Drive|[silent]\n|-damage|p2a: Raichu|49/246|[from] item: Life Orb\n|\n|upkeep\n|\n|t:|1733768143\n|switch|p1a: Kleavor|Kleavor, L78, M|237/237\n|turn|13\n|\n|t:|1733768148\n|switch|p2a: Vespiquen|Vespiquen, L98, F, tera:Steel|280/296\n|-ability|p2a: Vespiquen|Pressure\n|move|p1a: Kleavor|X-Scissor|p2a: Vespiquen\n|-resisted|p2a: Vespiquen\n|-damage|p2a: Vespiquen|226/296\n|\n|upkeep\n|turn|14\n|\n|t:|1733768167\n|move|p1a: Kleavor|Swords Dance|p1a: Kleavor\n|-boost|p1a: Kleavor|atk|2\n|move|p2a: Vespiquen|Spikes|p1a: Kleavor\n|-sidestart|p1: Laritate|Spikes\n|\n|upkeep\n|turn|15\n|\n|t:|1733768174\n|move|p1a: Kleavor|Close Combat|p2a: Vespiquen\n|-supereffective|p2a: Vespiquen\n|-damage|p2a: Vespiquen|0 fnt\n|-unboost|p1a: Kleavor|def|1\n|-unboost|p1a: Kleavor|spd|1\n|faint|p2a: Vespiquen\n|\n|upkeep\n|\n|t:|1733768192\n|switch|p2a: Iron Jugulis|Iron Jugulis, L78|275/275\n|turn|16\n|\n|t:|1733768195\n|move|p2a: Iron Jugulis|Meteor Beam||[still]\n|-prepare|p2a: Iron Jugulis|Meteor Beam\n|-boost|p2a: Iron Jugulis|spa|1\n|-enditem|p2a: Iron Jugulis|Power Herb\n|-anim|p2a: Iron Jugulis|Meteor Beam|p1a: Kleavor\n|-supereffective|p1a: Kleavor\n|-damage|p1a: Kleavor|0 fnt\n|faint|p1a: Kleavor\n|\n|upkeep\n|\n|t:|1733768199\n|switch|p1a: Meowscarada|Meowscarada, L78, M|151/247\n|-damage|p1a: Meowscarada|121/247|[from] Spikes\n|turn|17\n|\n|t:|1733768229\n|move|p1a: Meowscarada|Triple Axel|p2a: Iron Jugulis\n|-start|p1a: Meowscarada|typechange|Ice|[from] ability: Protean\n|-supereffective|p2a: Iron Jugulis\n|-damage|p2a: Iron Jugulis|227/275\n|-supereffective|p2a: Iron Jugulis\n|-damage|p2a: Iron Jugulis|141/275\n|-supereffective|p2a: Iron Jugulis\n|-damage|p2a: Iron Jugulis|3/275\n|-hitcount|p2a: Iron Jugulis|3\n|move|p2a: Iron Jugulis|Hurricane|p1a: Meowscarada\n|-damage|p1a: Meowscarada|0 fnt\n|faint|p1a: Meowscarada\n|\n|upkeep\n|\n|t:|1733768241\n|switch|p1a: Corviknight|Corviknight, L80, F|151/288\n|-ability|p1a: Corviknight|Pressure\n|turn|18\n|\n|t:|1733768249\n|move|p2a: Iron Jugulis|Dark Pulse|p1a: Corviknight\n|-damage|p1a: Corviknight|0 fnt\n|faint|p1a: Corviknight\n|\n|upkeep\n|\n|t:|1733768252\n|switch|p1a: Salamence|Salamence, L77, M|273/273\n|-ability|p1a: Salamence|Intimidate|boost\n|-unboost|p2a: Iron Jugulis|atk|1\n|turn|19\n|\n|t:|1733768261\n|move|p2a: Iron Jugulis|Dark Pulse|p1a: Salamence\n|-damage|p1a: Salamence|110/273\n|move|p1a: Salamence|Dragon Dance|p1a: Salamence\n|-boost|p1a: Salamence|atk|1\n|-boost|p1a: Salamence|spe|1\n|\n|upkeep\n|turn|20\n|\n|t:|1733768267\n|move|p1a: Salamence|Dual Wingbeat|p2a: Iron Jugulis\n|-damage|p2a: Iron Jugulis|0 fnt\n|faint|p2a: Iron Jugulis\n|-end|p2a: Iron Jugulis|Quark Drive|[silent]\n|-hitcount|p2: Iron Jugulis|1\n|\n|upkeep\n|\n|t:|1733768271\n|switch|p2a: Grafaiai|Grafaiai, L86, F|208/249\n|turn|21\n|\n|t:|1733768276\n|move|p2a: Grafaiai|Parting Shot|p1a: Salamence\n|-unboost|p1a: Salamence|atk|1\n|-unboost|p1a: Salamence|spa|1\n|\n|t:|1733768297\n|switch|p2a: Darkrai|Darkrai, L77|234/234|[from] Parting Shot\n|move|p1a: Salamence|Earthquake|p2a: Darkrai\n|-damage|p2a: Darkrai|158/234\n|\n|upkeep\n|turn|22\n|\n|t:|1733768309\n|move|p1a: Salamence|Dual Wingbeat|p2a: Darkrai\n|-damage|p2a: Darkrai|106/234\n|-damage|p2a: Darkrai|52/234\n|-hitcount|p2a: Darkrai|2\n|move|p2a: Darkrai|Hypnosis|p1a: Salamence|[miss]\n|-miss|p2a: Darkrai|p1a: Salamence\n|\n|upkeep\n|turn|23\n|\n|t:|1733768316\n|move|p1a: Salamence|Dual Wingbeat|p2a: Darkrai\n|-crit|p2a: Darkrai\n|-damage|p2a: Darkrai|0 fnt\n|faint|p2a: Darkrai\n|-hitcount|p2: Darkrai|1\n|\n|upkeep\n|\n|t:|1733768321\n|switch|p2a: Grafaiai|Grafaiai, L86, F|208/249\n|turn|24\n|\n|t:|1733768328\n|move|p1a: Salamence|Earthquake|p2a: Grafaiai\n|-supereffective|p2a: Grafaiai\n|-damage|p2a: Grafaiai|12/249\n|move|p2a: Grafaiai|Gunk Shot|p1a: Salamence\n|-damage|p1a: Salamence|0 fnt\n|faint|p1a: Salamence\n|\n|upkeep\n|\n|t:|1733768331\n|switch|p1a: Arceus|Arceus-Poison, L70|284/284\n|-damage|p1a: Arceus|249/284|[from] Spikes\n|turn|25\n|\n|t:|1733768339\n|move|p2a: Grafaiai|Parting Shot|p1a: Arceus\n|-unboost|p1a: Arceus|atk|1\n|-unboost|p1a: Arceus|spa|1\n|\n|t:|1733768342\n|switch|p2a: Virizion|Virizion, L82|255/283|[from] Parting Shot\n|move|p1a: Arceus|Dragon Dance|p1a: Arceus\n|-boost|p1a: Arceus|atk|1\n|-boost|p1a: Arceus|spe|1\n|\n|upkeep\n|turn|26\n|\n|t:|1733768356\n|move|p1a: Arceus|Gunk Shot|p2a: Virizion\n|-supereffective|p2a: Virizion\n|-damage|p2a: Virizion|0 fnt\n|faint|p2a: Virizion\n|\n|upkeep\n|\n|t:|1733768361\n|switch|p2a: Grafaiai|Grafaiai, L86, F|12/249\n|turn|27\n|\n|t:|1733768380\n|move|p2a: Grafaiai|Parting Shot|p1a: Arceus\n|-unboost|p1a: Arceus|atk|1\n|-unboost|p1a: Arceus|spa|1\n|\n|t:|1733768383\n|switch|p2a: Raichu|Raichu-Alola, L87, M|49/246|[from] Parting Shot\n|move|p1a: Arceus|Earthquake|p2a: Raichu\n|-supereffective|p2a: Raichu\n|-damage|p2a: Raichu|0 fnt\n|faint|p2a: Raichu\n|\n|upkeep\n|\n|t:|1733768390\n|switch|p2a: Grafaiai|Grafaiai, L86, F|12/249\n|turn|28\n|\n|t:|1733768392\n|move|p1a: Arceus|Earthquake|p2a: Grafaiai\n|-supereffective|p2a: Grafaiai\n|-damage|p2a: Grafaiai|0 fnt\n|faint|p2a: Grafaiai\n|\n|win|Laritate\n|raw|Laritate's rating: 1726 &rarr; <strong>1743</strong><br />(+17 for winning)\n|raw|pokeslayyy's rating: 1680 &rarr; <strong>1663</strong><br />(-17 for losing)\n|l|\u2606pokeslayyy\n|player|p2|\n", "inputlog": ">version bfd83cad13791eb5a5a409923076391caf6fb4d4\n>start {\"formatid\":\"gen9randombattle\",\"seed\":[30097,19158,64428,31313],\"rated\":\"Rated battle\"}\n>player p1 {\"name\":\"Laritate\",\"avatar\":\"170\",\"rating\":1726,\"seed\":[53609,40948,28150,2303]}\n>player p2 {\"name\":\"pokeslayyy\",\"avatar\":\"265\",\"rating\":1680,\"seed\":[26327,50953,6440,4690]}\n>p1 move toxicspikes\n>p2 move closecombat\n>p1 move tripleaxel\n>p2 switch 2\n>p1 move tripleaxel\n>p2 move roost terastallize\n>p1 move toxicspikes\n>p2 move spikes\n>p1 switch 3\n>p2 move spikes\n>p1 move calmmind\n>p2 switch 6\n>p1 move psyshock\n>p2 move encore\n>p1 switch 2\n>p2 move knockoff\n>p1 move defog\n>p2 move knockoff\n>p1 move uturn\n>p2 move partingshot\n>p2 switch 5\n>p1 switch 2\n>p1 move psyshock\n>p2 move thunderbolt\n>p1 move focusblast\n>p2 move thunderbolt\n>p1 switch 6\n>p1 move xscissor\n>p2 switch 6\n>p1 move swordsdance\n>p2 move spikes\n>p1 move closecombat\n>p2 move spikes\n>p2 switch 4\n>p1 move stoneaxe\n>p2 move meteorbeam\n>p1 switch 3\n>p1 move tripleaxel\n>p2 move hurricane\n>p1 switch 2\n>p1 move uturn\n>p2 move darkpulse\n>p1 switch 4\n>p1 move dragondance\n>p2 move darkpulse\n>p1 move dualwingbeat\n>p2 move darkpulse\n>p2 switch 5\n>p1 move earthquake\n>p2 move partingshot\n>p2 switch 3\n>p1 move dualwingbeat\n>p2 move hypnosis\n>p1 move dualwingbeat\n>p2 move darkpulse\n>p2 switch 3\n>p1 move earthquake\n>p2 move gunkshot\n>p1 switch 5\n>p1 move dragondance\n>p2 move partingshot\n>p2 switch 2\n>p1 move gunkshot\n>p2 move stoneedge\n>p2 switch 2\n>p1 move earthquake\n>p2 move partingshot\n>p2 switch 6\n>p2 switch 6\n>p1 move earthquake\n>p2 move knockoff", "uploadtime": 1733768405, "views": 1, "formatid": "gen9randombattle", "rating": 1663, "private": 0, "password": null}