{"id": "gen9randombattle-2259778398", "format": "[Gen 9] Random Battle", "players": ["5star", "useemstohavefun"], "log": "|badge|p1|bronze|gen9randombattle|100-3\n|uhtml|medal-msg|<div class=\"broadcast-blue\">Curious what those medals under the avatar are? PS now has Ladder Seasons! For more information, check out the <a href=\"https://www.smogon.com/forums/threads/3740067/\">thread on Smogon.</a></div>\n|badge|p2|bronze|gen9randombattle|100-3\n|uhtml|medal-msg|<div class=\"broadcast-blue\">Curious what those medals under the avatar are? PS now has Ladder Seasons! For more information, check out the <a href=\"https://www.smogon.com/forums/threads/3740067/\">thread on Smogon.</a></div>\n|j|\u26065star\n|j|\u2606useemstohavefun\n|t:|1733765807\n|gametype|singles\n|player|p1|5star|eusine|2309\n|player|p2|useemstohavefun|thorton|2274\n|teamsize|p1|6\n|teamsize|p2|6\n|gen|9\n|tier|[Gen 9] Random Battle\n|rated|\n|rule|Species Clause: Limit one of each Pok\u00e9mon\n|rule|HP Percentage Mod: HP is shown in percentages\n|rule|Sleep Clause Mod: Limit one foe put to sleep\n|rule|Illusion Level Mod: Illusion disguises the Pok\u00e9mon's true level\n|\n|t:|1733765807\n|start\n|switch|p1a: Granbull|Granbull, L88, F|302/302\n|switch|p2a: Ursaring|Ursaring, L84, M|288/288\n|-ability|p1a: Granbull|Intimidate|boost\n|-unboost|p2a: Ursaring|atk|1\n|turn|1\n|inactive|Battle timer is ON: inactive players will automatically lose when time's up. (requested by useemstohavefun)\n|\n|t:|1733765823\n|switch|p2a: Camerupt|Camerupt, L91, F|275/275\n|move|p1a: Granbull|Play Rough|p2a: Camerupt\n|-resisted|p2a: Camerupt\n|-damage|p2a: Camerupt|208/275\n|\n|-heal|p2a: Camerupt|225/275|[from] item: Leftovers\n|upkeep\n|turn|2\n|\n|t:|1733765827\n|move|p1a: Granbull|Earthquake|p2a: Camerupt\n|-supereffective|p2a: Camerupt\n|-damage|p2a: Camerupt|71/275\n|move|p2a: Camerupt|Stealth Rock|p1a: Granbull\n|-sidestart|p1: 5star|move: Stealth Rock\n|\n|-heal|p2a: Camerupt|88/275|[from] item: Leftovers\n|upkeep\n|turn|3\n|\n|t:|1733765846\n|switch|p2a: Cacturne|Cacturne, L92, M|278/278\n|move|p1a: Granbull|Earthquake|p2a: Cacturne\n|-resisted|p2a: Cacturne\n|-damage|p2a: Cacturne|226/278\n|\n|upkeep\n|turn|4\n|\n|t:|1733765851\n|move|p2a: Cacturne|Leaf Storm|p1a: Granbull\n|-damage|p1a: Granbull|0 fnt\n|-unboost|p2a: Cacturne|spa|2\n|faint|p1a: Granbull\n|-damage|p2a: Cacturne|199/278|[from] item: Life Orb\n|\n|upkeep\n|\n|t:|1733765864\n|switch|p1a: Medicham|Medicham, L86, F|243/243\n|-damage|p1a: Medicham|228/243|[from] Stealth Rock\n|turn|5\n|\n|t:|1733765873\n|switch|p2a: Camerupt|Camerupt, L91, F|88/275\n|move|p1a: Medicham|Close Combat|p2a: Camerupt\n|-damage|p2a: Camerupt|0 fnt\n|-unboost|p1a: Medicham|def|1\n|-unboost|p1a: Medicham|spd|1\n|faint|p2a: Camerupt\n|\n|upkeep\n|\n|t:|1733765879\n|switch|p2a: Froslass|Froslass, L87, F|263/263\n|turn|6\n|\n|t:|1733765883\n|switch|p1a: Furret|Furret, L94, M|312/312\n|-damage|p1a: Furret|273/312|[from] Stealth Rock\n|-item|p2a: Froslass|Wide Lens|[from] ability: Frisk|[of] p1a: Furret\n|move|p2a: Froslass|Spikes|p1a: Furret\n|-sidestart|p1: 5star|Spikes\n|\n|upkeep\n|turn|7\n|\n|t:|1733765889\n|switch|p2a: Arbok|Arbok, L87, M|246/246\n|-ability|p2a: Arbok|Intimidate|boost\n|-unboost|p1a: Furret|atk|1\n|move|p1a: Furret|Tidy Up|p1a: Furret\n|-sideend|p1: 5star|Spikes\n|-sideend|p1: 5star|Stealth Rock\n|-activate|p1a: Furret|move: Tidy Up\n|-boost|p1a: Furret|atk|1\n|-boost|p1a: Furret|spe|1\n|\n|upkeep\n|turn|8\n|\n|t:|1733765896\n|move|p1a: Furret|Knock Off|p2a: Arbok\n|-damage|p2a: Arbok|136/246\n|-enditem|p2a: Arbok|Choice Band|[from] move: Knock Off|[of] p1a: Furret\n|-damage|p1a: Furret|242/312|[from] item: Life Orb\n|move|p2a: Arbok|Gunk Shot|p1a: Furret\n|-damage|p1a: Furret|88/312\n|\n|upkeep\n|turn|9\n|\n|t:|1733765905\n|move|p2a: Arbok|Sucker Punch|p1a: Furret\n|-damage|p1a: Furret|24/312\n|move|p1a: Furret|Double-Edge|p2a: Arbok\n|-damage|p2a: Arbok|0 fnt\n|faint|p2a: Arbok\n|-damage|p1a: Furret|0 fnt|[from] Recoil\n|faint|p1a: Furret\n|\n|upkeep\n|\n|t:|1733765915\n|switch|p1a: Greninja|Greninja, L80, M|246/246\n|switch|p2a: Ursaring|Ursaring, L84, M|288/288\n|turn|10\n|\n|t:|1733765935\n|switch|p1a: Medicham|Medicham, L86, F|228/243\n|move|p2a: Ursaring|Close Combat|p1a: Medicham\n|-resisted|p1a: Medicham\n|-damage|p1a: Medicham|165/243\n|-unboost|p2a: Ursaring|def|1\n|-unboost|p2a: Ursaring|spd|1\n|\n|-status|p2a: Ursaring|tox|[from] item: Toxic Orb\n|upkeep\n|turn|11\n|\n|t:|1733765943\n|move|p2a: Ursaring|Facade|p1a: Medicham\n|-damage|p1a: Medicham|0 fnt\n|faint|p1a: Medicham\n|\n|-damage|p2a: Ursaring|270/288 tox|[from] psn\n|upkeep\n|\n|t:|1733765961\n|switch|p1a: Kommo-o|Kommo-o, L78, M|245/245\n|turn|12\n|\n|t:|1733765975\n|switch|p2a: Froslass|Froslass, L87, F|263/263\n|move|p1a: Kommo-o|Clanging Scales|p2a: Froslass\n|-damage|p2a: Froslass|139/263\n|-unboost|p1a: Kommo-o|def|1\n|-enditem|p1a: Kommo-o|Throat Spray\n|-boost|p1a: Kommo-o|spa|1|[from] item: Throat Spray\n|\n|upkeep\n|turn|13\n|\n|t:|1733765983\n|switch|p1a: Greninja|Greninja, L80, M|246/246\n|move|p2a: Froslass|Triple Axel|p1a: Greninja\n|-resisted|p1a: Greninja\n|-crit|p1a: Greninja\n|-damage|p1a: Greninja|226/246\n|-resisted|p1a: Greninja\n|-damage|p1a: Greninja|200/246\n|-resisted|p1a: Greninja\n|-damage|p1a: Greninja|162/246\n|-hitcount|p1a: Greninja|3\n|\n|upkeep\n|turn|14\n|\n|t:|1733765995\n|switch|p2a: Cacturne|Cacturne, L92, M|199/278\n|move|p1a: Greninja|Dark Pulse|p2a: Cacturne\n|-resisted|p2a: Cacturne\n|-damage|p2a: Cacturne|133/278\n|-damage|p1a: Greninja|138/246|[from] item: Life Orb\n|\n|upkeep\n|turn|15\n|\n|t:|1733766003\n|move|p2a: Cacturne|Sucker Punch|p1a: Greninja\n|-resisted|p1a: Greninja\n|-damage|p1a: Greninja|61/246\n|-damage|p2a: Cacturne|106/278|[from] item: Life Orb\n|move|p1a: Greninja|Ice Beam|p2a: Cacturne\n|-supereffective|p2a: Cacturne\n|-damage|p2a: Cacturne|0 fnt\n|faint|p2a: Cacturne\n|-ability|p1a: Greninja|Battle Bond|boost\n|-boost|p1a: Greninja|atk|1\n|-boost|p1a: Greninja|spa|1\n|-boost|p1a: Greninja|spe|1\n|-activate|p1a: Greninja|ability: Battle Bond\n|-damage|p1a: Greninja|37/246|[from] item: Life Orb\n|\n|upkeep\n|\n|t:|1733766012\n|switch|p2a: Ursaring|Ursaring, L84, M|270/288 tox\n|turn|16\n|\n|t:|1733766019\n|move|p1a: Greninja|Dark Pulse|p2a: Ursaring\n|-damage|p2a: Ursaring|91/288 tox\n|-damage|p1a: Greninja|13/246|[from] item: Life Orb\n|move|p2a: Ursaring|Facade|p1a: Greninja\n|-damage|p1a: Greninja|0 fnt\n|faint|p1a: Greninja\n|\n|-damage|p2a: Ursaring|73/288 tox|[from] psn\n|upkeep\n|\n|t:|1733766028\n|switch|p1a: Bellossom|Bellossom, L84, M|263/263\n|turn|17\n|\n|t:|1733766037\n|move|p2a: Ursaring|Swords Dance|p2a: Ursaring\n|-boost|p2a: Ursaring|atk|2\n|move|p1a: Bellossom|Strength Sap|p2a: Ursaring\n|-unboost|p2a: Ursaring|atk|1\n|\n|-damage|p2a: Ursaring|37/288 tox|[from] psn\n|upkeep\n|turn|18\n|\n|t:|1733766045\n|switch|p1a: Kommo-o|Kommo-o, L78, M|245/245\n|move|p2a: Ursaring|Facade|p1a: Kommo-o\n|-damage|p1a: Kommo-o|26/245\n|\n|-damage|p2a: Ursaring|0 fnt|[from] psn\n|faint|p2a: Ursaring\n|upkeep\n|\n|t:|1733766050\n|switch|p2a: Froslass|Froslass, L87, F|139/263\n|turn|19\n|\n|t:|1733766058\n|move|p2a: Froslass|Triple Axel|p1a: Kommo-o\n|-supereffective|p1a: Kommo-o\n|-damage|p1a: Kommo-o|0 fnt\n|faint|p1a: Kommo-o\n|-hitcount|p1: Kommo-o|1\n|\n|upkeep\n|j| diempie\n|\n|t:|1733766060\n|switch|p1a: Bellossom|Bellossom, L84, M|263/263\n|turn|20\n|\n|t:|1733766074\n|-terastallize|p1a: Bellossom|Fire\n|move|p2a: Froslass|Poltergeist|p1a: Bellossom\n|-activate|p1a: Bellossom|move: Poltergeist|Leftovers\n|-damage|p1a: Bellossom|154/263\n|move|p1a: Bellossom|Strength Sap|p2a: Froslass\n|-unboost|p2a: Froslass|atk|1\n|-heal|p1a: Bellossom|263/263\n|\n|upkeep\n|turn|21\n|\n|t:|1733766083\n|switch|p2a: Clawitzer|Clawitzer, L87, M|265/265\n|move|p1a: Bellossom|Quiver Dance|p1a: Bellossom\n|-boost|p1a: Bellossom|spa|1\n|-boost|p1a: Bellossom|spd|1\n|-boost|p1a: Bellossom|spe|1\n|\n|upkeep\n|turn|22\n|inactive|5star has 120 seconds left.\n|\n|t:|1733766132\n|-terastallize|p2a: Clawitzer|Fighting\n|move|p1a: Bellossom|Quiver Dance|p1a: Bellossom\n|-boost|p1a: Bellossom|spa|1\n|-boost|p1a: Bellossom|spd|1\n|-boost|p1a: Bellossom|spe|1\n|move|p2a: Clawitzer|Water Pulse|p1a: Bellossom\n|-supereffective|p1a: Bellossom\n|-damage|p1a: Bellossom|101/263\n|\n|-heal|p1a: Bellossom|117/263|[from] item: Leftovers\n|upkeep\n|turn|23\n|\n|t:|1733766142\n|move|p1a: Bellossom|Giga Drain|p2a: Clawitzer\n|-damage|p2a: Clawitzer|111/265\n|-heal|p1a: Bellossom|194/263|[from] drain|[of] p2a: Clawitzer\n|move|p2a: Clawitzer|Water Pulse|p1a: Bellossom\n|-supereffective|p1a: Bellossom\n|-damage|p1a: Bellossom|36/263\n|-start|p1a: Bellossom|confusion\n|\n|-heal|p1a: Bellossom|52/263|[from] item: Leftovers\n|upkeep\n|turn|24\n|\n|t:|1733766146\n|-activate|p1a: Bellossom|confusion\n|-damage|p1a: Bellossom|34/263|[from] confusion\n|move|p2a: Clawitzer|Water Pulse|p1a: Bellossom\n|-supereffective|p1a: Bellossom\n|-damage|p1a: Bellossom|0 fnt\n|faint|p1a: Bellossom\n|\n|win|useemstohavefun\n|raw|5star's rating: 2309 &rarr; <strong>2287</strong><br />(-22 for losing)\n|raw|useemstohavefun's rating: 2274 &rarr; <strong>2296</strong><br />(+22 for winning)\n|c|\u2606useemstohavefun|gg\n", "inputlog": ">version bfd83cad13791eb5a5a409923076391caf6fb4d4\n>start {\"formatid\":\"gen9randombattle\",\"seed\":[17246,36205,16426,57407],\"rated\":\"Rated battle\"}\n>player p1 {\"name\":\"5star\",\"avatar\":\"eusine\",\"rating\":2309,\"seed\":[54054,20989,41662,47456]}\n>player p2 {\"name\":\"useemstohavefun\",\"avatar\":\"thorton\",\"rating\":2274,\"seed\":[60668,13162,48595,61937]}\n>p1 move playrough\n>p2 switch 6\n>p1 move earthquake\n>p2 move stealthrock\n>p1 move earthquake\n>p2 switch 3\n>p1 move thunderwave\n>p2 move leafstorm\n>p1 switch 2\n>p1 move closecombat\n>p2 switch 3\n>p2 switch 2\n>p1 switch 5\n>p2 move spikes\n>p1 move tidyup\n>p2 switch 4\n>p1 move knockoff\n>p2 move gunkshot\n>p1 move doubleedge\n>p2 move suckerpunch\n>p1 switch 4\n>p2 switch 6\n>p1 switch 5\n>p2 move closecombat\n>p1 move closecombat\n>p2 move facade\n>p1 switch 3\n>p1 move clangingscales\n>p2 switch 4\n>p1 switch 5\n>p2 move tripleaxel\n>p1 move darkpulse\n>p2 switch 3\n>p1 move icebeam\n>p2 move suckerpunch\n>p2 switch 4\n>p1 move darkpulse\n>p2 move facade\n>p1 switch 6\n>p1 move strengthsap\n>p2 move swordsdance\n>p1 switch 5\n>p2 move facade\n>p2 switch 3\n>p1 move clangingscales\n>p2 move tripleaxel\n>p1 switch 5\n>p1 move strengthsap terastallize\n>p2 move poltergeist\n>p1 move quiverdance\n>p2 switch 5\n>p1 move quiverdance\n>p2 move waterpulse terastallize\n>p1 move gigadrain\n>p2 move waterpulse\n>p1 move gigadrain\n>p2 move waterpulse", "uploadtime": 1733766155, "views": 8, "formatid": "gen9randombattle", "rating": 2287, "private": 0, "password": null}