{"id": "gen9randombattle-2260782680", "format": "[Gen 9] Random Battle", "players": ["ChadJA", "Audinoenjoyer"], "log": "|j|\u2606ChadJA\n|j|\u2606Audinoenjoyer\n|t:|1733891309\n|gametype|singles\n|player|p1|ChadJA|2|\n|player|p2|Audinoenjoyer|2|\n|teamsize|p1|6\n|teamsize|p2|6\n|gen|9\n|tier|[Gen 9] Random Battle\n|rule|Species Clause: Limit one of each Pok\u00e9mon\n|rule|HP Percentage Mod: HP is shown in percentages\n|rule|Sleep Clause Mod: Limit one foe put to sleep\n|rule|Illusion Level Mod: Illusion disguises the Pok\u00e9mon's true level\n|\n|t:|1733891309\n|start\n|switch|p1a: Raikou|Raikou, L81|278/278\n|switch|p2a: Spectrier|Spectrier, L75|274/274\n|-ability|p1a: Raikou|Pressure\n|turn|1\n|j| datbigbootyguy\n|\n|t:|1733891329\n|move|p2a: Spectrier|Nasty Plot|p2a: Spectrier\n|-boost|p2a: Spectrier|spa|2\n|move|p1a: Raikou|Calm Mind|p1a: Raikou\n|-boost|p1a: Raikou|spa|1\n|-boost|p1a: Raikou|spd|1\n|\n|upkeep\n|turn|2\n|\n|t:|1733891341\n|move|p2a: Spectrier|Shadow Ball|p1a: Raikou\n|-damage|p1a: Raikou|136/278\n|-unboost|p1a: Raikou|spd|1\n|-damage|p2a: Spectrier|247/274|[from] item: Life Orb\n|move|p1a: Raikou|Thunderbolt|p2a: Spectrier\n|-damage|p2a: Spectrier|52/274\n|\n|-heal|p1a: Raikou|153/278|[from] item: Leftovers\n|upkeep\n|turn|3\n|\n|t:|1733891360\n|switch|p1a: Maushold|Maushold, L76|238/238\n|move|p2a: Spectrier|Shadow Ball|p1a: Maushold\n|-immune|p1a: Maushold\n|\n|upkeep\n|turn|4\n|\n|t:|1733891382\n|switch|p1a: Raikou|Raikou, L81|153/278\n|-ability|p1a: Raikou|Pressure\n|-terastallize|p2a: Spectrier|Fighting\n|move|p2a: Spectrier|Tera Blast|p1a: Raikou|[anim] Tera Blast Fighting\n|-crit|p1a: Raikou\n|-damage|p1a: Raikou|0 fnt\n|faint|p1a: Raikou\n|-ability|p2a: Spectrier|Grim Neigh|boost\n|-boost|p2a: Spectrier|spa|1\n|-damage|p2a: Spectrier|25/274|[from] item: Life Orb\n|\n|upkeep\n|\n|t:|1733891403\n|switch|p1a: Arbok|Arbok, L87, F|246/246\n|-ability|p1a: Arbok|Intimidate|boost\n|-unboost|p2a: Spectrier|atk|1\n|turn|5\n|\n|t:|1733891411\n|move|p1a: Arbok|Sucker Punch|p2a: Spectrier\n|-resisted|p2a: Spectrier\n|-damage|p2a: Spectrier|0 fnt\n|faint|p2a: Spectrier\n|-damage|p1a: Arbok|222/246|[from] item: Life Orb\n|\n|upkeep\n|\n|t:|1733891428\n|switch|p2a: Ambipom|Ambipom, L84, M|263/263\n|turn|6\n|\n|t:|1733891436\n|move|p2a: Ambipom|Knock Off|p1a: Arbok\n|-damage|p1a: Arbok|99/246\n|-enditem|p1a: Arbok|Life Orb|[from] move: Knock Off|[of] p2a: Ambipom\n|move|p1a: Arbok|Glare|p2a: Ambipom\n|-status|p2a: Ambipom|par\n|\n|upkeep\n|turn|7\n|\n|t:|1733891449\n|move|p1a: Arbok|Gunk Shot|p2a: Ambipom\n|-damage|p2a: Ambipom|98/263 par\n|move|p2a: Ambipom|Knock Off|p1a: Arbok\n|-damage|p1a: Arbok|21/246\n|\n|upkeep\n|turn|8\n|\n|t:|1733891458\n|move|p1a: Arbok|Earthquake|p2a: Ambipom\n|-damage|p2a: Ambipom|3/263 par\n|move|p2a: Ambipom|Knock Off|p1a: Arbok\n|-damage|p1a: Arbok|0 fnt\n|faint|p1a: Arbok\n|\n|upkeep\n|\n|t:|1733891472\n|switch|p1a: Maushold|Maushold, L76|238/238\n|turn|9\n|\n|t:|1733891477\n|move|p1a: Maushold|Population Bomb|p2a: Ambipom\n|-damage|p2a: Ambipom|0 fnt\n|faint|p2a: Ambipom\n|-hitcount|p2: Ambipom|1\n|\n|upkeep\n|\n|t:|1733891508\n|switch|p2a: Empoleon|Empoleon, L84, M|278/278\n|turn|10\n|\n|t:|1733891526\n|switch|p1a: Lapras|Lapras, L87, M|367/367\n|move|p2a: Empoleon|Yawn|p1a: Lapras\n|-start|p1a: Lapras|move: Yawn|[of] p2a: Empoleon\n|\n|upkeep\n|turn|11\n|\n|t:|1733891546\n|switch|p2a: Dachsbun|Dachsbun, L92, M|254/254\n|move|p1a: Lapras|Dragon Dance|p1a: Lapras\n|-boost|p1a: Lapras|atk|1\n|-boost|p1a: Lapras|spe|1\n|\n|-end|p1a: Lapras|move: Yawn|[silent]\n|-status|p1a: Lapras|slp\n|upkeep\n|turn|12\n|\n|t:|1733891563\n|cant|p1a: Lapras|slp\n|move|p2a: Dachsbun|Wish|p2a: Dachsbun\n|\n|upkeep\n|turn|13\n|\n|t:|1733891570\n|cant|p1a: Lapras|slp\n|move|p2a: Dachsbun|Stomping Tantrum|p1a: Lapras\n|-damage|p1a: Lapras|315/367 slp\n|\n|upkeep\n|turn|14\n|\n|t:|1733891578\n|-curestatus|p1a: Lapras|slp|[msg]\n|move|p1a: Lapras|Dragon Dance|p1a: Lapras\n|-boost|p1a: Lapras|atk|1\n|-boost|p1a: Lapras|spe|1\n|move|p2a: Dachsbun|Play Rough|p1a: Lapras\n|-damage|p1a: Lapras|215/367\n|\n|upkeep\n|turn|15\n|\n|t:|1733891588\n|move|p1a: Lapras|Waterfall|p2a: Dachsbun\n|-damage|p2a: Dachsbun|134/254\n|move|p2a: Dachsbun|Play Rough|p1a: Lapras|[miss]\n|-miss|p2a: Dachsbun|p1a: Lapras\n|\n|-heal|p2a: Dachsbun|149/254|[from] item: Leftovers\n|upkeep\n|turn|16\n|\n|t:|1733891599\n|move|p1a: Lapras|Waterfall|p2a: Dachsbun\n|-damage|p2a: Dachsbun|34/254\n|move|p2a: Dachsbun|Play Rough|p1a: Lapras\n|-damage|p1a: Lapras|116/367\n|\n|-heal|p2a: Dachsbun|49/254|[from] item: Leftovers\n|upkeep\n|turn|17\n|\n|t:|1733891609\n|move|p1a: Lapras|Waterfall|p2a: Dachsbun\n|-damage|p2a: Dachsbun|0 fnt\n|faint|p2a: Dachsbun\n|\n|upkeep\n|\n|t:|1733891631\n|switch|p2a: Mewtwo|Mewtwo, L72|272/272\n|-ability|p2a: Mewtwo|Unnerve\n|turn|18\n|c| datbigbootyguy|sigma sigma boy sigma boy sigma boy\n|\n|t:|1733891650\n|move|p1a: Lapras|Waterfall|p2a: Mewtwo\n|-damage|p2a: Mewtwo|88/272\n|move|p2a: Mewtwo|Aura Sphere|p1a: Lapras\n|-supereffective|p1a: Lapras\n|-damage|p1a: Lapras|0 fnt\n|faint|p1a: Lapras\n|\n|upkeep\n|\n|t:|1733891658\n|switch|p1a: Yanmega|Yanmega, L82, F|275/275\n|turn|19\n|\n|t:|1733891666\n|switch|p2a: Empoleon|Empoleon, L84, M|278/278\n|move|p1a: Yanmega|Protect||[still]\n|-fail|p1a: Yanmega\n|\n|-ability|p1a: Yanmega|Speed Boost|boost\n|-boost|p1a: Yanmega|spe|1\n|upkeep\n|turn|20\n|\n|t:|1733891678\n|-terastallize|p1a: Yanmega|Ground\n|move|p1a: Yanmega|Tera Blast|p2a: Empoleon|[anim] Tera Blast Ground\n|-supereffective|p2a: Empoleon\n|-damage|p2a: Empoleon|102/278\n|move|p2a: Empoleon|Yawn|p1a: Yanmega\n|-start|p1a: Yanmega|move: Yawn|[of] p2a: Empoleon\n|\n|-heal|p2a: Empoleon|119/278|[from] item: Leftovers\n|-ability|p1a: Yanmega|Speed Boost|boost\n|-boost|p1a: Yanmega|spe|1\n|upkeep\n|turn|21\n|\n|t:|1733891698\n|move|p1a: Yanmega|Tera Blast|p2a: Empoleon|[anim] Tera Blast Ground\n|-supereffective|p2a: Empoleon\n|-damage|p2a: Empoleon|0 fnt\n|faint|p2a: Empoleon\n|\n|-end|p1a: Yanmega|move: Yawn|[silent]\n|-status|p1a: Yanmega|slp\n|-ability|p1a: Yanmega|Speed Boost|boost\n|-boost|p1a: Yanmega|spe|1\n|upkeep\n|\n|t:|1733891708\n|switch|p2a: Froslass|Froslass, L87, F|263/263\n|turn|22\n|\n|t:|1733891724\n|switch|p1a: Magmortar|Magmortar, L88, F|275/275\n|move|p2a: Froslass|Triple Axel|p1a: Magmortar\n|-resisted|p1a: Magmortar\n|-damage|p1a: Magmortar|264/275\n|-resisted|p1a: Magmortar\n|-damage|p1a: Magmortar|240/275\n|-status|p2a: Froslass|brn|[from] ability: Flame Body|[of] p1a: Magmortar\n|-resisted|p1a: Magmortar\n|-damage|p1a: Magmortar|222/275\n|-hitcount|p1a: Magmortar|3\n|\n|-damage|p2a: Froslass|247/263 brn|[from] brn\n|upkeep\n|turn|23\n|\n|t:|1733891744\n|move|p2a: Froslass|Destiny Bond|p2a: Froslass\n|-singlemove|p2a: Froslass|Destiny Bond\n|move|p1a: Magmortar|Knock Off|p2a: Froslass\n|-supereffective|p2a: Froslass\n|-damage|p2a: Froslass|71/263 brn\n|-enditem|p2a: Froslass|Wide Lens|[from] move: Knock Off|[of] p1a: Magmortar\n|\n|-damage|p2a: Froslass|55/263 brn|[from] brn\n|upkeep\n|turn|24\n|\n|t:|1733891765\n|move|p2a: Froslass|Poltergeist|p1a: Magmortar\n|-activate|p1a: Magmortar|move: Poltergeist|Heavy-Duty Boots\n|-damage|p1a: Magmortar|162/275\n|move|p1a: Magmortar|Knock Off|p2a: Froslass\n|-supereffective|p2a: Froslass\n|-damage|p2a: Froslass|0 fnt\n|faint|p2a: Froslass\n|\n|upkeep\n|\n|t:|1733891776\n|switch|p2a: Mewtwo|Mewtwo, L72|88/272\n|-ability|p2a: Mewtwo|Unnerve\n|turn|25\n|\n|t:|1733891785\n|move|p2a: Mewtwo|Psystrike|p1a: Magmortar\n|-damage|p1a: Magmortar|0 fnt\n|faint|p1a: Magmortar\n|\n|upkeep\n|\n|t:|1733891795\n|switch|p1a: Maushold|Maushold, L76|238/238\n|turn|26\n|\n|t:|1733891798\n|move|p2a: Mewtwo|Psystrike|p1a: Maushold\n|-damage|p1a: Maushold|28/238\n|move|p1a: Maushold|Bite|p2a: Mewtwo\n|-supereffective|p2a: Mewtwo\n|-damage|p2a: Mewtwo|0 fnt\n|faint|p2a: Mewtwo\n|\n|win|ChadJA\n|l| datbigbootyguy\n", "inputlog": ">version bfd83cad13791eb5a5a409923076391caf6fb4d4\n>start {\"formatid\":\"gen9randombattle\",\"seed\":[49772,55649,30123,16259]}\n>player p1 {\"name\":\"ChadJA\",\"avatar\":\"2\",\"rating\":0,\"seed\":[25730,57463,37062,43073]}\n>player p2 {\"name\":\"Audinoenjoyer\",\"avatar\":\"2\",\"rating\":0,\"seed\":[23240,5495,20220,42126]}\n>p1 move calmmind\n>p2 move nastyplot\n>p1 move thunderbolt\n>p2 move shadowball\n>p1 switch 6\n>p2 move shadowball\n>p1 switch 6\n>p2 move terablast terastallize\n>p1 switch 5\n>p1 move suckerpunch\n>p2 move shadowball\n>p2 switch 6\n>p1 move glare\n>p2 move knockoff\n>p1 move gunkshot\n>p2 move knockoff\n>p1 move earthquake\n>p2 move knockoff\n>p1 switch 6\n>p1 move populationbomb\n>p2 move knockoff\n>p2 switch 5\n>p1 switch 3\n>p2 move yawn\n>p1 move dragondance\n>p2 switch 2\n>p1 move dragondance\n>p2 move wish\n>p1 move dragondance\n>p2 move stompingtantrum\n>p1 move dragondance\n>p2 move playrough\n>p1 move waterfall\n>p2 move playrough\n>p1 move waterfall\n>p2 move playrough\n>p1 move waterfall\n>p2 move playrough\n>p2 switch 3\n>chat  datbigbootyguy|sigma sigma boy sigma boy sigma boy\n>p1 move waterfall\n>p2 move aurasphere\n>p1 switch 4\n>p1 move protect\n>p2 switch 2\n>p1 move terablast terastallize\n>p2 move yawn\n>p1 move terablast\n>p2 move roost\n>p2 switch 4\n>p1 switch 2\n>p2 move tripleaxel\n>p1 move knockoff\n>p2 move destinybond\n>p1 move knockoff\n>p2 move poltergeist\n>p2 switch 2\n>p1 move knockoff\n>p2 move psystrike\n>p1 switch 3\n>p1 move bite\n>p2 move psystrike", "uploadtime": 1733891805, "views": 13, "formatid": "gen9randombattle", "rating": null, "private": 0, "password": null}