{"id": "gen9randombattle-2210308168", "format": "[Gen 9] Random Battle", "players": ["R3LT Star Wheel", "velvestrade"], "log": "|j|\u2606R3LT Star Wheel\n|j|\u2606velvestrade\n|t:|1727374941\n|gametype|singles\n|player|p1|R3LT Star Wheel|darach-caitlin|2310\n|player|p2|velvestrade|miku-ground|2259\n|teamsize|p1|6\n|teamsize|p2|6\n|gen|9\n|tier|[Gen 9] Random Battle\n|rated|\n|rule|Species Clause: Limit one of each Pok\u00e9mon\n|rule|HP Percentage Mod: HP is shown in percentages\n|rule|Sleep Clause Mod: Limit one foe put to sleep\n|rule|Illusion Level Mod: Illusion disguises the Pok\u00e9mon's true level\n|\n|t:|1727374941\n|start\n|switch|p1a: Diancie|Diancie, L82|216/216\n|switch|p2a: Torterra|Torterra, L78, F|276/276\n|turn|1\n|inactive|Battle timer is ON: inactive players will automatically lose when time's up. (requested by velvestrade)\n|inactive|R3LT Star Wheel also wants the timer to be on.\n|\n|t:|1727374963\n|switch|p1a: Rillaboom|Rillaboom, L79, M|288/288\n|-fieldstart|move: Grassy Terrain|[from] ability: Grassy Surge|[of] p1a: Rillaboom\n|move|p2a: Torterra|Shell Smash|p2a: Torterra\n|-unboost|p2a: Torterra|def|1\n|-unboost|p2a: Torterra|spd|1\n|-boost|p2a: Torterra|atk|2\n|-boost|p2a: Torterra|spa|2\n|-boost|p2a: Torterra|spe|2\n|\n|upkeep\n|turn|2\n|inactive|velvestrade has 120 seconds left.\n|\n|t:|1727374997\n|move|p2a: Torterra|Rock Blast|p1a: Rillaboom\n|-damage|p1a: Rillaboom|254/288\n|-damage|p1a: Rillaboom|220/288\n|-damage|p1a: Rillaboom|187/288\n|-damage|p1a: Rillaboom|150/288\n|-damage|p1a: Rillaboom|115/288\n|-hitcount|p1a: Rillaboom|5\n|move|p1a: Rillaboom|Wood Hammer|p2a: Torterra\n|-damage|p2a: Torterra|0 fnt\n|faint|p2a: Torterra\n|-damage|p1a: Rillaboom|24/288|[from] Recoil\n|-damage|p1a: Rillaboom|0 fnt|[from] item: Life Orb\n|faint|p1a: Rillaboom\n|\n|upkeep\n|inactive|velvestrade has 120 seconds left.\n|\n|t:|1727375020\n|switch|p1a: Lanturn|Lanturn, L89, M|367/367\n|switch|p2a: Ludicolo|Ludicolo, L90, M|290/290\n|turn|3\n|\n|t:|1727375038\n|switch|p1a: Eternatus|Eternatus, L69|308/308\n|-ability|p1a: Eternatus|Pressure\n|move|p2a: Ludicolo|Leaf Storm|p1a: Eternatus\n|-resisted|p1a: Eternatus\n|-damage|p1a: Eternatus|221/308\n|-unboost|p2a: Ludicolo|spa|2\n|\n|-heal|p1a: Eternatus|240/308|[from] Grassy Terrain\n|-heal|p1a: Eternatus|259/308|[from] item: Leftovers\n|upkeep\n|turn|4\n|\n|t:|1727375048\n|switch|p2a: Dugtrio|Dugtrio-Alola, L84, M|196/196\n|move|p1a: Eternatus|Fire Blast|p2a: Dugtrio\n|-supereffective|p2a: Dugtrio\n|-damage|p2a: Dugtrio|20/196\n|-status|p2a: Dugtrio|brn\n|\n|-heal|p2a: Dugtrio|32/196 brn|[from] Grassy Terrain\n|-heal|p1a: Eternatus|278/308|[from] Grassy Terrain\n|-heal|p1a: Eternatus|297/308|[from] item: Leftovers\n|-damage|p2a: Dugtrio|20/196 brn|[from] brn\n|upkeep\n|turn|5\n|\n|t:|1727375061\n|move|p2a: Dugtrio|Iron Head|p1a: Eternatus\n|-damage|p1a: Eternatus|228/308\n|cant|p1a: Eternatus|flinch\n|\n|-heal|p2a: Dugtrio|32/196 brn|[from] Grassy Terrain\n|-heal|p1a: Eternatus|247/308|[from] Grassy Terrain\n|-heal|p1a: Eternatus|266/308|[from] item: Leftovers\n|-damage|p2a: Dugtrio|20/196 brn|[from] brn\n|-fieldend|move: Grassy Terrain\n|upkeep\n|turn|6\n|\n|t:|1727375083\n|move|p2a: Dugtrio|Iron Head|p1a: Eternatus\n|-damage|p1a: Eternatus|195/308\n|move|p1a: Eternatus|Recover|p1a: Eternatus\n|-heal|p1a: Eternatus|308/308\n|\n|-damage|p2a: Dugtrio|8/196 brn|[from] brn\n|upkeep\n|turn|7\n|\n|t:|1727375095\n|switch|p2a: Mabosstiff|Mabosstiff, L86, F|278/278\n|move|p1a: Eternatus|Dynamax Cannon|p2a: Mabosstiff\n|-damage|p2a: Mabosstiff|157/278\n|\n|upkeep\n|turn|8\n|\n|t:|1727375106\n|move|p1a: Eternatus|Sludge Bomb|p2a: Mabosstiff\n|-damage|p2a: Mabosstiff|63/278\n|move|p2a: Mabosstiff|Psychic Fangs|p1a: Eternatus\n|-supereffective|p1a: Eternatus\n|-damage|p1a: Eternatus|50/308\n|\n|-heal|p1a: Eternatus|69/308|[from] item: Leftovers\n|upkeep\n|turn|9\n|\n|t:|1727375112\n|switch|p2a: Dugtrio|Dugtrio-Alola, L84, M|8/196 brn\n|move|p1a: Eternatus|Dynamax Cannon|p2a: Dugtrio\n|-resisted|p2a: Dugtrio\n|-damage|p2a: Dugtrio|0 fnt\n|faint|p2a: Dugtrio\n|\n|-heal|p1a: Eternatus|88/308|[from] item: Leftovers\n|upkeep\n|\n|t:|1727375117\n|switch|p2a: Ditto|Ditto, L87|225/225\n|-transform|p2a: Ditto|p1a: Eternatus|[from] ability: Imposter\n|-ability|p2a: Ditto|Pressure\n|turn|10\n|\n|t:|1727375125\n|switch|p1a: Diancie|Diancie, L82|216/216\n|move|p2a: Ditto|Dynamax Cannon|p1a: Diancie\n|-immune|p1a: Diancie\n|\n|upkeep\n|turn|11\n|\n|t:|1727375136\n|switch|p2a: Ludicolo|Ludicolo, L90, M|290/290\n|switch|p1a: Rayquaza|Rayquaza, L72|270/270\n|-ability|p1a: Rayquaza|Air Lock\n|\n|upkeep\n|turn|12\n|inactive|velvestrade has 120 seconds left.\n|\n|t:|1727375160\n|move|p1a: Rayquaza|Dragon Ascent|p2a: Ludicolo\n|-supereffective|p2a: Ludicolo\n|-damage|p2a: Ludicolo|18/290\n|-unboost|p1a: Rayquaza|def|1\n|-unboost|p1a: Rayquaza|spd|1\n|move|p2a: Ludicolo|Ice Beam|p1a: Rayquaza\n|-supereffective|p1a: Rayquaza\n|-damage|p1a: Rayquaza|0 fnt\n|faint|p1a: Rayquaza\n|\n|upkeep\n|\n|t:|1727375180\n|switch|p1a: Eternatus|Eternatus, L69|88/308\n|-ability|p1a: Eternatus|Pressure\n|turn|13\n|\n|t:|1727375185\n|move|p1a: Eternatus|Dynamax Cannon|p2a: Ludicolo\n|-damage|p2a: Ludicolo|0 fnt\n|faint|p2a: Ludicolo\n|\n|-heal|p1a: Eternatus|107/308|[from] item: Leftovers\n|upkeep\n|inactive|velvestrade has 120 seconds left.\n|\n|t:|1727375206\n|switch|p2a: Blaziken|Blaziken, L76, M|247/247\n|turn|14\n|\n|t:|1727375215\n|move|p1a: Eternatus|Sludge Bomb|p2a: Blaziken\n|-damage|p2a: Blaziken|136/247\n|-status|p2a: Blaziken|psn\n|move|p2a: Blaziken|Swords Dance|p2a: Blaziken\n|-boost|p2a: Blaziken|atk|2\n|\n|-heal|p1a: Eternatus|126/308|[from] item: Leftovers\n|-damage|p2a: Blaziken|106/247 psn|[from] psn\n|-ability|p2a: Blaziken|Speed Boost|boost\n|-boost|p2a: Blaziken|spe|1\n|upkeep\n|turn|15\n|inactive|velvestrade has 120 seconds left.\n|\n|t:|1727375235\n|switch|p1a: Lanturn|Lanturn, L89, M|367/367\n|move|p2a: Blaziken|Knock Off|p1a: Lanturn\n|-damage|p1a: Lanturn|138/367\n|-enditem|p1a: Lanturn|Heavy-Duty Boots|[from] move: Knock Off|[of] p2a: Blaziken\n|-damage|p2a: Blaziken|82/247 psn|[from] item: Life Orb\n|\n|-damage|p2a: Blaziken|52/247 psn|[from] psn\n|-ability|p2a: Blaziken|Speed Boost|boost\n|-boost|p2a: Blaziken|spe|1\n|upkeep\n|turn|16\n|\n|t:|1727375244\n|move|p2a: Blaziken|Close Combat|p1a: Lanturn\n|-damage|p1a: Lanturn|0 fnt\n|-unboost|p2a: Blaziken|def|1\n|-unboost|p2a: Blaziken|spd|1\n|faint|p1a: Lanturn\n|-damage|p2a: Blaziken|28/247 psn|[from] item: Life Orb\n|\n|-damage|p2a: Blaziken|0 fnt|[from] psn\n|faint|p2a: Blaziken\n|upkeep\n|\n|t:|1727375250\n|switch|p1a: Diancie|Diancie, L82|216/216\n|switch|p2a: Ditto|Ditto, L87|225/225\n|-transform|p2a: Ditto|p1a: Diancie|[from] ability: Imposter\n|turn|17\n|inactive|velvestrade has 120 seconds left.\n|\n|t:|1727375296\n|move|p2a: Ditto|Earth Power|p1a: Diancie\n|-supereffective|p1a: Diancie\n|-damage|p1a: Diancie|152/216\n|move|p1a: Diancie|Earth Power|p2a: Ditto\n|-supereffective|p2a: Ditto\n|-damage|p2a: Ditto|137/225\n|\n|upkeep\n|turn|18\n|inactive|velvestrade has 90 seconds left.\n|\n|t:|1727375312\n|move|p2a: Ditto|Earth Power|p1a: Diancie\n|-supereffective|p1a: Diancie\n|-damage|p1a: Diancie|94/216\n|move|p1a: Diancie|Earth Power|p2a: Ditto\n|-supereffective|p2a: Ditto\n|-damage|p2a: Ditto|57/225\n|\n|upkeep\n|turn|19\n|inactive|velvestrade has 90 seconds left.\n|\n|t:|1727375333\n|move|p2a: Ditto|Earth Power|p1a: Diancie\n|-supereffective|p1a: Diancie\n|-crit|p1a: Diancie\n|-damage|p1a: Diancie|4/216\n|move|p1a: Diancie|Earth Power|p2a: Ditto\n|-supereffective|p2a: Ditto\n|-damage|p2a: Ditto|0 fnt\n|faint|p2a: Ditto\n|\n|upkeep\n|\n|t:|1727375338\n|switch|p2a: Mabosstiff|Mabosstiff, L86, F|63/278\n|turn|20\n|\n|t:|1727375357\n|-terastallize|p2a: Mabosstiff|Dark\n|move|p2a: Mabosstiff|Crunch|p1a: Diancie\n|-resisted|p1a: Diancie\n|-damage|p1a: Diancie|0 fnt\n|faint|p1a: Diancie\n|\n|upkeep\n|\n|t:|1727375360\n|switch|p1a: Iron Valiant|Iron Valiant, L79|247/247\n|turn|21\n|inactive|velvestrade has 90 seconds left.\n|\n|t:|1727375368\n|move|p1a: Iron Valiant|Moonblast|p2a: Mabosstiff\n|-supereffective|p2a: Mabosstiff\n|-damage|p2a: Mabosstiff|0 fnt\n|faint|p2a: Mabosstiff\n|-damage|p1a: Iron Valiant|223/247|[from] item: Life Orb\n|\n|win|R3LT Star Wheel\n|raw|R3LT Star Wheel's rating: 2310 &rarr; <strong>2327</strong><br />(+17 for winning)\n|raw|velvestrade's rating: 2259 &rarr; <strong>2242</strong><br />(-17 for losing)\n", "inputlog": ">version d155b4937d18dfffda2dee3f1f762535b4a408ed\n>start {\"formatid\":\"gen9randombattle\",\"seed\":[41685,6952,54625,17900],\"rated\":\"Rated battle\"}\n>player p1 {\"name\":\"R3LT Star Wheel\",\"avatar\":\"darach-caitlin\",\"rating\":2310,\"seed\":[46031,23095,63358,52741]}\n>player p2 {\"name\":\"velvestrade\",\"avatar\":\"miku-ground\",\"rating\":2259,\"seed\":[35956,54254,12379,41634]}\n>p1 switch 3\n>p2 move shellsmash\n>p1 move woodhammer\n>p2 move rockblast\n>p1 switch 5\n>p2 switch 3\n>p1 switch 6\n>p2 move leafstorm\n>p1 move fireblast\n>p2 switch 6\n>p1 move dynamaxcannon\n>p2 move ironhead\n>p1 move recover\n>p2 move ironhead\n>p1 move dynamaxcannon\n>p2 switch 4\n>p1 move sludgebomb\n>p2 move psychicfangs\n>p1 move dynamaxcannon\n>p2 switch 4\n>p2 switch 5\n>p1 switch 3\n>p2 move dynamaxcannon\n>p1 switch 4\n>p2 switch 6\n>p1 move dragonascent\n>p2 move icebeam\n>p1 switch 3\n>p1 move dynamaxcannon\n>p2 move icebeam\n>p2 switch 2\n>p1 move sludgebomb\n>p2 move swordsdance\n>p1 switch 6\n>p2 move knockoff\n>p1 move scald\n>p2 move closecombat\n>p1 switch 4\n>p2 switch 6\n>p1 move earthpower\n>p2 move earthpower\n>p1 move earthpower\n>p2 move earthpower\n>p1 move earthpower\n>p2 move earthpower\n>p2 switch 4\n>p1 move bodypress\n>p2 move crunch terastallize\n>p1 switch 2\n>p1 move moonblast\n>p2 move crunch", "uploadtime": 1727375370, "views": 79, "formatid": "gen9randombattle", "rating": 2242, "private": 0, "password": null}