{"id": "gen9randombattle-2260611145", "format": "[Gen 9] Random Battle", "players": ["sakusei sha o jiku", "Kilatas"], "log": "|j|\u2606sakusei sha o jiku\n|j|\u2606Kilatas\n|t:|1733869073\n|gametype|singles\n|player|p1|sakusei sha o jiku|doctor|1330\n|player|p2|Kilatas|policeman|1287\n|teamsize|p1|6\n|teamsize|p2|6\n|gen|9\n|tier|[Gen 9] Random Battle\n|rated|\n|rule|Species Clause: Limit one of each Pok\u00e9mon\n|rule|HP Percentage Mod: HP is shown in percentages\n|rule|Sleep Clause Mod: Limit one foe put to sleep\n|rule|Illusion Level Mod: Illusion disguises the Pok\u00e9mon's true level\n|\n|t:|1733869073\n|start\n|switch|p1a: Groudon|Groudon, L72|263/263\n|switch|p2a: Tatsugiri|Tatsugiri-Stretchy, L87, F|260/260\n|-weather|SunnyDay|[from] ability: Drought|[of] p1a: Groudon\n|turn|1\n|inactive|Battle timer is ON: inactive players will automatically lose when time's up. (requested by Kilatas)\n|\n|t:|1733869102\n|move|p2a: Tatsugiri|Nasty Plot|p2a: Tatsugiri\n|-boost|p2a: Tatsugiri|spa|2\n|move|p1a: Groudon|Precipice Blades|p2a: Tatsugiri\n|-damage|p2a: Tatsugiri|106/260\n|\n|-weather|SunnyDay|[upkeep]\n|upkeep\n|turn|2\n|\n|t:|1733869116\n|switch|p1a: Ogerpon|Ogerpon-Hearthflame, L74, F|239/239\n|-ability|p1a: Ogerpon|Mold Breaker\n|move|p2a: Tatsugiri|Draco Meteor|p1a: Ogerpon\n|-damage|p1a: Ogerpon|0 fnt\n|-unboost|p2a: Tatsugiri|spa|2\n|faint|p1a: Ogerpon\n|\n|-weather|SunnyDay|[upkeep]\n|upkeep\n|\n|t:|1733869127\n|switch|p1a: Medicham|Medicham, L86, F|243/243\n|turn|3\n|\n|t:|1733869147\n|move|p2a: Tatsugiri|Nasty Plot|p2a: Tatsugiri\n|-boost|p2a: Tatsugiri|spa|2\n|move|p1a: Medicham|Zen Headbutt|p2a: Tatsugiri\n|-damage|p2a: Tatsugiri|0 fnt\n|faint|p2a: Tatsugiri\n|\n|-weather|SunnyDay|[upkeep]\n|upkeep\n|inactive|Kilatas has 120 seconds left.\n|\n|t:|1733869168\n|switch|p2a: Ampharos|Ampharos, L88, F|302/302\n|turn|4\n|\n|t:|1733869174\n|move|p1a: Medicham|Zen Headbutt|p2a: Ampharos\n|-damage|p2a: Ampharos|119/302\n|move|p2a: Ampharos|Discharge|p1a: Medicham\n|-damage|p1a: Medicham|123/243\n|\n|-weather|SunnyDay|[upkeep]\n|upkeep\n|turn|5\n|\n|t:|1733869184\n|move|p1a: Medicham|Zen Headbutt|p2a: Ampharos\n|-damage|p2a: Ampharos|0 fnt\n|faint|p2a: Ampharos\n|\n|-weather|none\n|upkeep\n|\n|t:|1733869189\n|switch|p2a: Palafin|Palafin, L77, M|281/281\n|turn|6\n|\n|t:|1733869191\n|move|p2a: Palafin|Flip Turn|p1a: Medicham\n|-damage|p1a: Medicham|56/243\n|\n|t:|1733869195\n|detailschange|p2a: Palafin|Palafin-Hero, L77, M\n|switch|p2a: Raging Bolt|Raging Bolt, L78|323/323|[from] Flip Turn\n|move|p1a: Medicham|Zen Headbutt|p2a: Raging Bolt\n|-damage|p2a: Raging Bolt|130/323\n|\n|-heal|p2a: Raging Bolt|150/323|[from] item: Leftovers\n|upkeep\n|turn|7\n|\n|t:|1733869202\n|move|p2a: Raging Bolt|Thunderclap|p1a: Medicham\n|-damage|p1a: Medicham|0 fnt\n|faint|p1a: Medicham\n|\n|-heal|p2a: Raging Bolt|170/323|[from] item: Leftovers\n|upkeep\n|\n|t:|1733869206\n|switch|p1a: Groudon|Groudon, L72|263/263\n|-weather|SunnyDay|[from] ability: Drought|[of] p1a: Groudon\n|-activate|p2a: Raging Bolt|ability: Protosynthesis\n|-start|p2a: Raging Bolt|protosynthesisspa\n|turn|8\n|\n|t:|1733869212\n|move|p1a: Groudon|Precipice Blades|p2a: Raging Bolt\n|-supereffective|p2a: Raging Bolt\n|-damage|p2a: Raging Bolt|0 fnt\n|faint|p2a: Raging Bolt\n|-end|p2a: Raging Bolt|Protosynthesis|[silent]\n|\n|-weather|SunnyDay|[upkeep]\n|upkeep\n|\n|t:|1733869228\n|switch|p2a: Porygon-Z|Porygon-Z, L83|277/277\n|turn|9\n|\n|t:|1733869236\n|move|p2a: Porygon-Z|Nasty Plot|p2a: Porygon-Z\n|-boost|p2a: Porygon-Z|spa|2\n|move|p1a: Groudon|Heat Crash|p2a: Porygon-Z\n|-damage|p2a: Porygon-Z|124/277\n|\n|-weather|SunnyDay|[upkeep]\n|upkeep\n|turn|10\n|\n|t:|1733869251\n|move|p2a: Porygon-Z|Tera Blast|p1a: Groudon\n|-damage|p1a: Groudon|0 fnt\n|faint|p1a: Groudon\n|-damage|p2a: Porygon-Z|97/277|[from] item: Life Orb\n|\n|-weather|SunnyDay|[upkeep]\n|upkeep\n|\n|t:|1733869275\n|switch|p1a: Raikou|Raikou, L81|278/278\n|-ability|p1a: Raikou|Pressure\n|turn|11\n|\n|t:|1733869287\n|move|p1a: Raikou|Thunderbolt|p2a: Porygon-Z\n|-damage|p2a: Porygon-Z|0 fnt\n|faint|p2a: Porygon-Z\n|\n|-weather|SunnyDay|[upkeep]\n|upkeep\n|\n|t:|1733869291\n|switch|p2a: Sudowoodo|Sudowoodo, L94, F|284/284\n|turn|12\n|\n|t:|1733869297\n|move|p1a: Raikou|Calm Mind|p1a: Raikou\n|-boost|p1a: Raikou|spa|1\n|-boost|p1a: Raikou|spd|1\n|move|p2a: Sudowoodo|Head Smash|p1a: Raikou|[miss]\n|-miss|p2a: Sudowoodo|p1a: Raikou\n|\n|-weather|none\n|upkeep\n|turn|13\n|\n|t:|1733869303\n|move|p1a: Raikou|Scald|p2a: Sudowoodo\n|-supereffective|p2a: Sudowoodo\n|-damage|p2a: Sudowoodo|94/284\n|move|p2a: Sudowoodo|Head Smash|p1a: Raikou\n|-damage|p1a: Raikou|46/278\n|\n|-heal|p1a: Raikou|63/278|[from] item: Leftovers\n|-heal|p2a: Sudowoodo|111/284|[from] item: Leftovers\n|upkeep\n|turn|14\n|\n|t:|1733869309\n|move|p2a: Sudowoodo|Sucker Punch|p1a: Raikou\n|-damage|p1a: Raikou|0 fnt\n|faint|p1a: Raikou\n|\n|-heal|p2a: Sudowoodo|128/284|[from] item: Leftovers\n|upkeep\n|\n|t:|1733869317\n|switch|p1a: Lunala|Lunala, L70|308/308\n|turn|15\n|\n|t:|1733869321\n|move|p2a: Sudowoodo|Sucker Punch|p1a: Lunala\n|-supereffective|p1a: Lunala\n|-damage|p1a: Lunala|164/308\n|move|p1a: Lunala|Moongeist Beam|p2a: Sudowoodo\n|-damage|p2a: Sudowoodo|11/284\n|\n|-heal|p1a: Lunala|183/308|[from] item: Leftovers\n|-heal|p2a: Sudowoodo|28/284|[from] item: Leftovers\n|upkeep\n|turn|16\n|\n|t:|1733869332\n|move|p2a: Sudowoodo|Sucker Punch|p1a: Lunala\n|-supereffective|p1a: Lunala\n|-damage|p1a: Lunala|0 fnt\n|faint|p1a: Lunala\n|\n|-heal|p2a: Sudowoodo|45/284|[from] item: Leftovers\n|upkeep\n|\n|t:|1733869335\n|switch|p1a: Iron Valiant|Iron Valiant, L78|244/244\n|turn|17\n|\n|t:|1733869346\n|move|p2a: Sudowoodo|Sucker Punch||[still]\n|-fail|p2a: Sudowoodo\n|move|p1a: Iron Valiant|Swords Dance|p1a: Iron Valiant\n|-boost|p1a: Iron Valiant|atk|2\n|\n|-heal|p2a: Sudowoodo|62/284|[from] item: Leftovers\n|upkeep\n|turn|18\n|\n|t:|1733869359\n|move|p2a: Sudowoodo|Sucker Punch|p1a: Iron Valiant\n|-resisted|p1a: Iron Valiant\n|-damage|p1a: Iron Valiant|226/244\n|move|p1a: Iron Valiant|Spirit Break|p2a: Sudowoodo\n|-damage|p2a: Sudowoodo|0 fnt\n|faint|p2a: Sudowoodo\n|-damage|p1a: Iron Valiant|202/244|[from] item: Life Orb\n|\n|upkeep\n|\n|t:|1733869361\n|switch|p2a: Palafin|Palafin-Hero, L77, M|281/281\n|-activate|p2a: Palafin|ability: Zero to Hero\n|turn|19\n|\n|t:|1733869369\n|-terastallize|p1a: Iron Valiant|Fighting\n|-terastallize|p2a: Palafin|Water\n|move|p2a: Palafin|Jet Punch|p1a: Iron Valiant\n|-damage|p1a: Iron Valiant|44/244\n|move|p1a: Iron Valiant|Close Combat|p2a: Palafin\n|-damage|p2a: Palafin|0 fnt\n|-unboost|p1a: Iron Valiant|def|1\n|-unboost|p1a: Iron Valiant|spd|1\n|faint|p2a: Palafin\n|-damage|p1a: Iron Valiant|20/244|[from] item: Life Orb\n|\n|win|sakusei sha o jiku\n|raw|sakusei sha o jiku's rating: 1330 &rarr; <strong>1348</strong><br />(+18 for winning)\n|raw|Kilatas's rating: 1287 &rarr; <strong>1265</strong><br />(-22 for losing)\n", "inputlog": ">version bfd83cad13791eb5a5a409923076391caf6fb4d4\n>start {\"formatid\":\"gen9randombattle\",\"seed\":[23221,58746,51166,18125],\"rated\":\"Rated battle\"}\n>player p1 {\"name\":\"sakusei sha o jiku\",\"avatar\":\"doctor\",\"rating\":1330,\"seed\":[24853,22038,43055,14994]}\n>player p2 {\"name\":\"Kilatas\",\"avatar\":\"policeman\",\"rating\":1287,\"seed\":[33000,41703,50906,6698]}\n>p1 move precipiceblades\n>p2 move nastyplot\n>p1 switch 2\n>p2 move dracometeor\n>p1 switch 4\n>p1 move zenheadbutt\n>p2 move nastyplot\n>p2 switch 4\n>p1 move zenheadbutt\n>p2 move discharge\n>p1 move zenheadbutt\n>p2 move discharge\n>p2 switch 6\n>p1 move zenheadbutt\n>p2 move flipturn\n>p2 switch 2\n>p1 move zenheadbutt\n>p2 move thunderclap\n>p1 switch 2\n>p1 move precipiceblades\n>p2 move dragonpulse\n>p2 switch 3\n>p1 move heatcrash\n>p2 move nastyplot\n>p1 move heatcrash\n>p2 move terablast\n>p1 switch 3\n>p1 move thunderbolt\n>p2 move terablast\n>p2 switch 5\n>p1 move calmmind\n>p2 move headsmash\n>p1 move scald\n>p2 move headsmash\n>p1 move scald\n>p2 move suckerpunch\n>p1 switch 6\n>p1 move moongeistbeam\n>p2 move suckerpunch\n>p1 move moongeistbeam\n>p2 move suckerpunch\n>p1 switch 5\n>p1 move swordsdance\n>p2 move suckerpunch\n>p1 move spiritbreak\n>p2 move suckerpunch\n>p2 switch 2\n>p1 move closecombat terastallize\n>p2 move jetpunch terastallize", "uploadtime": 1733869371, "views": 1, "formatid": "gen9randombattle", "rating": 1265, "private": 0, "password": null}