{"id": "gen9randombattle-2072027639", "format": "[Gen 9] Random Battle", "players": ["Iceman8911", "MichaelderBeste2"], "log": "|j|\u2606Iceman8911\n|j|\u2606MichaelderBeste2\n|t:|1709415401\n|gametype|singles\n|player|p1|Iceman8911|lysandre-masters|2343\n|player|p2|MichaelderBeste2|#smogonxnpa2024draftee2|2424\n|teamsize|p1|6\n|teamsize|p2|6\n|gen|9\n|tier|[Gen 9] Random Battle\n|rated|\n|rule|Species Clause: Limit one of each Pok\u00e9mon\n|rule|HP Percentage Mod: HP is shown in percentages\n|rule|Sleep Clause Mod: Limit one foe put to sleep\n|rule|Illusion Level Mod: Illusion disguises the Pok\u00e9mon's true level\n|\n|t:|1709415401\n|start\n|switch|p1a: Gengar|Gengar, L81, M|230/230\n|switch|p2a: Keldeo|Keldeo-Resolute, L79|273/273\n|turn|1\n|inactive|Battle timer is ON: inactive players will automatically lose when time's up. (requested by Iceman8911)\n|inactive|Iceman8911 has 120 seconds left.\n|inactive|MichaelderBeste2 has 120 seconds left.\n|inactive|Iceman8911 has 90 seconds left.\n|inactive|MichaelderBeste2 has 90 seconds left.\n|inactive|Iceman8911 has 60 seconds left.\n|\n|t:|1709415495\n|move|p1a: Gengar|Toxic Spikes|p2a: Keldeo\n|-sidestart|p2: MichaelderBeste2|move: Toxic Spikes\n|move|p2a: Keldeo|Hydro Pump|p1a: Gengar\n|-damage|p1a: Gengar|0 fnt\n|faint|p1a: Gengar\n|\n|upkeep\n|inactive|Iceman8911 has 120 seconds left.\n|\n|t:|1709415508\n|switch|p1a: Comfey|Comfey, L85, M|225/225\n|turn|2\n|inactive|Iceman8911 has 120 seconds left.\n|\n|t:|1709415521\n|switch|p2a: Slowbro|Slowbro-Galar, L87, M|307/307\n|-sideend|p2: MichaelderBeste2|move: Toxic Spikes|[of] p2a: Slowbro\n|move|p1a: Comfey|Calm Mind|p1a: Comfey\n|-boost|p1a: Comfey|spa|1\n|-boost|p1a: Comfey|spd|1\n|\n|upkeep\n|turn|3\n|inactive|Iceman8911 has 120 seconds left.\n|\n|t:|1709415541\n|switch|p1a: Ditto|Ditto, L87|225/225\n|-transform|p1a: Ditto|p2a: Slowbro|[from] ability: Imposter\n|move|p2a: Slowbro|Shell Side Arm|p1a: Ditto|[anim] Shell Side Arm Special\n|-resisted|p1a: Ditto\n|-damage|p1a: Ditto|150/225\n|-hint|Special Shell Side Arm\n|-damage|p2a: Slowbro|277/307|[from] item: Life Orb\n|\n|upkeep\n|turn|4\n|\n|t:|1709415565\n|switch|p1a: Coalossal|Coalossal, L89, M|341/341\n|move|p2a: Slowbro|Psychic|p1a: Coalossal\n|-damage|p1a: Coalossal|207/341\n|-unboost|p1a: Coalossal|spd|1\n|-damage|p2a: Slowbro|247/307|[from] item: Life Orb\n|\n|upkeep\n|turn|5\n|inactive|Iceman8911 has 90 seconds left.\n|\n|t:|1709415588\n|move|p1a: Coalossal|Stone Edge|p2a: Slowbro\n|-damage|p2a: Slowbro|162/307\n|move|p2a: Slowbro|Psychic|p1a: Coalossal\n|-damage|p1a: Coalossal|12/341\n|-damage|p2a: Slowbro|132/307|[from] item: Life Orb\n|\n|upkeep\n|turn|6\n|inactive|Iceman8911 has 90 seconds left.\n|\n|t:|1709415601\n|switch|p2a: Keldeo|Keldeo-Resolute, L79|273/273\n|move|p1a: Coalossal|Overheat|p2a: Keldeo\n|-resisted|p2a: Keldeo\n|-damage|p2a: Keldeo|207/273\n|-unboost|p1a: Coalossal|spa|2\n|\n|upkeep\n|turn|7\n|inactive|Iceman8911 has 90 seconds left.\n|\n|t:|1709415615\n|move|p2a: Keldeo|Flip Turn|p1a: Coalossal\n|-supereffective|p1a: Coalossal\n|-damage|p1a: Coalossal|0 fnt\n|faint|p1a: Coalossal\n|\n|t:|1709415617\n|switch|p2a: Slowbro|Slowbro-Galar, L87, M|234/307|[from] Flip Turn\n|\n|upkeep\n|inactive|Iceman8911 has 90 seconds left.\n|\n|t:|1709415638\n|switch|p1a: Thundurus|Thundurus-Therian, L80, M|258/258\n|turn|8\n|\n|t:|1709415650\n|move|p1a: Thundurus|Nasty Plot|p1a: Thundurus\n|-boost|p1a: Thundurus|spa|2\n|move|p2a: Slowbro|Shell Side Arm|p1a: Thundurus|[anim] Shell Side Arm Physical\n|-damage|p1a: Thundurus|89/258\n|-hint|Physical Shell Side Arm\n|-damage|p2a: Slowbro|204/307|[from] item: Life Orb\n|\n|upkeep\n|turn|9\n|inactive|Iceman8911 has 90 seconds left.\n|\n|t:|1709415660\n|switch|p2a: Plusle|Plusle, L94, F|265/265\n|move|p1a: Thundurus|Thunderbolt|p2a: Plusle\n|-ability|p2a: Plusle|Lightning Rod|boost\n|-boost|p2a: Plusle|spa|1\n|\n|upkeep\n|turn|10\n|inactive|Iceman8911 has 90 seconds left.\n|\n|t:|1709415680\n|switch|p1a: Ditto|Ditto, L87|225/225\n|-transform|p1a: Ditto|p2a: Plusle|[from] ability: Imposter\n|move|p2a: Plusle|Alluring Voice|p1a: Ditto\n|-damage|p1a: Ditto|104/225\n|-damage|p2a: Plusle|239/265|[from] item: Life Orb\n|\n|upkeep\n|turn|11\n|inactive|Iceman8911 has 90 seconds left.\n|\n|t:|1709415692\n|move|p1a: Ditto|Alluring Voice|p2a: Plusle\n|-damage|p2a: Plusle|154/265\n|move|p2a: Plusle|Alluring Voice|p1a: Ditto\n|-damage|p1a: Ditto|0 fnt\n|faint|p1a: Ditto\n|-damage|p2a: Plusle|128/265|[from] item: Life Orb\n|\n|upkeep\n|inactive|Iceman8911 has 90 seconds left.\n|\n|t:|1709415700\n|switch|p1a: Comfey|Comfey, L85, M|225/225\n|turn|12\n|\n|t:|1709415705\n|move|p2a: Plusle|Thunderbolt|p1a: Comfey\n|-damage|p1a: Comfey|38/225\n|-damage|p2a: Plusle|102/265|[from] item: Life Orb\n|move|p1a: Comfey|Calm Mind|p1a: Comfey\n|-boost|p1a: Comfey|spa|1\n|-boost|p1a: Comfey|spd|1\n|\n|-heal|p1a: Comfey|52/225|[from] item: Leftovers\n|upkeep\n|turn|13\n|\n|t:|1709415711\n|switch|p2a: Slowbro|Slowbro-Galar, L87, M|306/307\n|move|p1a: Comfey|Draining Kiss|p2a: Slowbro\n|-resisted|p2a: Slowbro\n|-damage|p2a: Slowbro|265/307\n|-heal|p1a: Comfey|83/225|[from] drain|[of] p2a: Slowbro\n|\n|-heal|p1a: Comfey|97/225|[from] item: Leftovers\n|upkeep\n|turn|14\n|\n|t:|1709415717\n|-terastallize|p1a: Comfey|Steel\n|move|p1a: Comfey|Calm Mind|p1a: Comfey\n|-boost|p1a: Comfey|spa|1\n|-boost|p1a: Comfey|spd|1\n|move|p2a: Slowbro|Shell Side Arm|p1a: Comfey|[anim] Shell Side Arm Physical\n|-immune|p1a: Comfey\n|\n|-heal|p1a: Comfey|111/225|[from] item: Leftovers\n|upkeep\n|turn|15\n|\n|t:|1709415732\n|switch|p2a: Toxtricity|Toxtricity, L82, M|257/257\n|move|p1a: Comfey|Calm Mind|p1a: Comfey\n|-boost|p1a: Comfey|spa|1\n|-boost|p1a: Comfey|spd|1\n|\n|-heal|p1a: Comfey|125/225|[from] item: Leftovers\n|upkeep\n|turn|16\n|inactive|Iceman8911 has 120 seconds left.\n|\n|t:|1709415751\n|move|p2a: Toxtricity|Overdrive|p1a: Comfey\n|-damage|p1a: Comfey|86/225\n|move|p1a: Comfey|Calm Mind|p1a: Comfey\n|-boost|p1a: Comfey|spa|1\n|-boost|p1a: Comfey|spd|1\n|\n|-heal|p1a: Comfey|100/225|[from] item: Leftovers\n|upkeep\n|turn|17\n|\n|t:|1709415757\n|switch|p2a: Plusle|Plusle, L94, F|102/265\n|move|p1a: Comfey|Calm Mind|p1a: Comfey\n|-boost|p1a: Comfey|spa|1\n|-boost|p1a: Comfey|spd|1\n|\n|-heal|p1a: Comfey|114/225|[from] item: Leftovers\n|upkeep\n|turn|18\n|inactive|Iceman8911 has 120 seconds left.\n|\n|t:|1709415766\n|move|p2a: Plusle|Thunderbolt|p1a: Comfey\n|-damage|p1a: Comfey|78/225\n|-damage|p2a: Plusle|76/265|[from] item: Life Orb\n|move|p1a: Comfey|Calm Mind|p1a: Comfey\n|-boost|p1a: Comfey|spa|1\n|-boost|p1a: Comfey|spd|1\n|\n|-heal|p1a: Comfey|92/225|[from] item: Leftovers\n|upkeep\n|turn|19\n|\n|t:|1709415771\n|move|p1a: Comfey|Draining Kiss|p2a: Plusle\n|-damage|p2a: Plusle|0 fnt\n|-heal|p1a: Comfey|149/225|[from] drain|[of] p2a: Plusle\n|faint|p2a: Plusle\n|\n|-heal|p1a: Comfey|163/225|[from] item: Leftovers\n|upkeep\n|\n|t:|1709415790\n|switch|p2a: Urshifu|Urshifu-Rapid-Strike, L75, M|274/274\n|turn|20\n|\n|t:|1709415798\n|-terastallize|p2a: Urshifu|Water\n|move|p1a: Comfey|Giga Drain|p2a: Urshifu\n|-supereffective|p2a: Urshifu\n|-damage|p2a: Urshifu|0 fnt\n|-heal|p1a: Comfey|225/225|[from] drain|[of] p2a: Urshifu\n|faint|p2a: Urshifu\n|\n|upkeep\n|-message|MichaelderBeste2 forfeited.\n|\n|win|Iceman8911\n|raw|Iceman8911's rating: 2343 &rarr; <strong>2368</strong><br />(+25 for winning)\n|raw|MichaelderBeste2's rating: 2424 &rarr; <strong>2399</strong><br />(-25 for losing)\n|l|\u2606MichaelderBeste2\n|player|p2|\n", "inputlog": ">version c4ae0cf9f41f905e887269426d9f7fc3e478d0c6\n>start {\"formatid\":\"gen9randombattle\",\"seed\":[48457,52076,3184,19297],\"rated\":\"Rated battle\"}\n>player p1 {\"name\":\"Iceman8911\",\"avatar\":\"lysandre-masters\",\"rating\":2343,\"seed\":[18128,38114,43304,25717]}\n>player p2 {\"name\":\"MichaelderBeste2\",\"avatar\":\"#smogonxnpa2024draftee2\",\"rating\":2424,\"seed\":[27099,19692,20094,35306]}\n>p1 move toxicspikes\n>p2 move hydropump\n>p1 switch 6\n>p1 move calmmind\n>p2 switch 4\n>p1 switch 2\n>p2 move shellsidearm\n>p1 switch 3\n>p2 move psychic\n>p1 move stoneedge\n>p2 move psychic\n>p1 move overheat\n>p2 switch 4\n>p1 move rapidspin\n>p2 move flipturn\n>p2 switch 4\n>p1 switch 5\n>p1 move nastyplot\n>p2 move shellsidearm\n>p1 move thunderbolt\n>p2 switch 6\n>p1 switch 3\n>p2 move alluringvoice\n>p1 move alluringvoice\n>p2 move alluringvoice\n>p1 switch 2\n>p1 move calmmind\n>p2 move thunderbolt\n>p1 move drainingkiss\n>p2 switch 6\n>p1 move calmmind terastallize\n>p2 move shellsidearm\n>p1 move calmmind\n>p2 switch 2\n>p1 move calmmind\n>p2 move overdrive\n>p1 move calmmind\n>p2 switch 6\n>p1 move calmmind\n>p2 move thunderbolt\n>p1 move drainingkiss\n>p2 move thunderbolt\n>p2 switch 3\n>p1 move gigadrain\n>p2 move closecombat terastallize\n>forcelose p2", "uploadtime": 1709415810, "views": 324, "formatid": "gen9randombattle", "rating": 2368, "private": 0, "password": null}