{"id": "gen9randombattle-2095898226", "format": "[Gen 9] Random Battle", "players": ["Soren-sage", "BlitzBurn1992"], "log": "|badge|p1|bronze|gen9randombattle|100-1\n|uhtml|medal-msg|<div class=\"broadcast-blue\">Curious what those medals under the avatar are? PS now has Ladder Seasons! For more information, check out the <a href=\"https://www.smogon.com/forums/threads/3740067/\">thread on Smogon.</a></div>\n|uhtml|medal-msg|<div class=\"broadcast-blue\">Curious what those medals under the avatar are? PS now has Ladder Seasons! For more information, check out the <a href=\"https://www.smogon.com/forums/threads/3740067/\">thread on Smogon.</a></div>\n|j|\u2606Soren-sage\n|j|\u2606BlitzBurn1992\n|t:|1712240991\n|gametype|singles\n|player|p1|Soren-sage|chili|2302\n|player|p2|BlitzBurn1992|tate|2248\n|teamsize|p1|6\n|teamsize|p2|6\n|gen|9\n|tier|[Gen 9] Random Battle\n|rated|\n|rule|Species Clause: Limit one of each Pok\u00e9mon\n|rule|HP Percentage Mod: HP is shown in percentages\n|rule|Sleep Clause Mod: Limit one foe put to sleep\n|rule|Illusion Level Mod: Illusion disguises the Pok\u00e9mon's true level\n|\n|t:|1712240991\n|start\n|switch|p1a: Dusknoir|Dusknoir, L88, M|222/222\n|switch|p2a: Suicune|Suicune, L82|298/298\n|-ability|p2a: Suicune|Pressure\n|-item|p2a: Suicune|Leftovers|[from] ability: Frisk|[of] p1a: Dusknoir|[identify]\n|turn|1\n|\n|t:|1712241009\n|switch|p1a: Grafaiai|Grafaiai, L86, M|249/249\n|move|p2a: Suicune|Substitute|p2a: Suicune\n|-start|p2a: Suicune|Substitute\n|-damage|p2a: Suicune|224/298\n|\n|-heal|p2a: Suicune|242/298|[from] item: Leftovers\n|upkeep\n|turn|2\n|\n|t:|1712241017\n|move|p2a: Suicune|Protect|p2a: Suicune\n|-singleturn|p2a: Suicune|Protect\n|move|p1a: Grafaiai|Encore|p2a: Suicune\n|-activate|p2a: Suicune|move: Protect\n|\n|-heal|p2a: Suicune|260/298|[from] item: Leftovers\n|upkeep\n|turn|3\n|\n|t:|1712241025\n|move|p1a: Grafaiai|Encore|p2a: Suicune\n|-start|p2a: Suicune|Encore\n|move|p2a: Suicune|Protect||[still]\n|-fail|p2a: Suicune\n|\n|-heal|p2a: Suicune|278/298|[from] item: Leftovers\n|upkeep\n|turn|4\n|\n|t:|1712241041\n|move|p2a: Suicune|Protect|p2a: Suicune\n|-singleturn|p2a: Suicune|Protect\n|move|p1a: Grafaiai|Parting Shot|p2a: Suicune\n|-activate|p2a: Suicune|move: Protect\n|\n|-heal|p2a: Suicune|296/298|[from] item: Leftovers\n|upkeep\n|turn|5\n|\n|t:|1712241049\n|move|p2a: Suicune|Protect|p2a: Suicune\n|-singleturn|p2a: Suicune|Protect\n|move|p1a: Grafaiai|Knock Off|p2a: Suicune\n|-activate|p2a: Suicune|move: Protect\n|\n|-heal|p2a: Suicune|298/298|[from] item: Leftovers\n|-end|p2a: Suicune|Encore\n|upkeep\n|turn|6\n|\n|t:|1712241058\n|move|p1a: Grafaiai|Encore|p2a: Suicune\n|-start|p2a: Suicune|Encore\n|move|p2a: Suicune|Protect||[still]\n|-fail|p2a: Suicune\n|\n|upkeep\n|turn|7\n|\n|t:|1712241066\n|switch|p1a: Shiftry|Shiftry, L89, F|305/305\n|move|p2a: Suicune|Protect||[still]\n|-fail|p2a: Suicune\n|\n|upkeep\n|turn|8\n|\n|t:|1712241075\n|switch|p2a: Scizor|Scizor, L79, M|240/240\n|move|p1a: Shiftry|Swords Dance|p1a: Shiftry\n|-boost|p1a: Shiftry|atk|2\n|\n|upkeep\n|turn|9\n|\n|t:|1712241085\n|move|p1a: Shiftry|Knock Off|p2a: Scizor\n|-damage|p2a: Scizor|0 fnt\n|-enditem|p2a: Scizor|Life Orb|[from] move: Knock Off|[of] p1a: Shiftry\n|faint|p2a: Scizor\n|-damage|p1a: Shiftry|275/305|[from] item: Life Orb\n|\n|upkeep\n|\n|t:|1712241088\n|switch|p2a: Mienshao|Mienshao, L83, M|244/244\n|turn|10\n|\n|t:|1712241095\n|switch|p1a: Dusknoir|Dusknoir, L88, M|222/222\n|-item|p2a: Mienshao|Life Orb|[from] ability: Frisk|[of] p1a: Dusknoir|[identify]\n|move|p2a: Mienshao|Close Combat|p1a: Dusknoir\n|-immune|p1a: Dusknoir\n|\n|upkeep\n|turn|11\n|\n|t:|1712241105\n|move|p2a: Mienshao|Knock Off|p1a: Dusknoir\n|-supereffective|p1a: Dusknoir\n|-damage|p1a: Dusknoir|69/222\n|-enditem|p1a: Dusknoir|Choice Band|[from] move: Knock Off|[of] p2a: Mienshao\n|-damage|p2a: Mienshao|220/244|[from] item: Life Orb\n|move|p1a: Dusknoir|Poltergeist|p2a: Mienshao\n|-activate|p2a: Mienshao|move: Poltergeist|Life Orb\n|-damage|p2a: Mienshao|36/244\n|\n|upkeep\n|turn|12\n|\n|t:|1712241115\n|switch|p2a: Stonjourner|Stonjourner, L91, F|330/330\n|move|p1a: Dusknoir|Shadow Sneak|p2a: Stonjourner\n|-damage|p2a: Stonjourner|299/330\n|\n|upkeep\n|turn|13\n|\n|t:|1712241131\n|switch|p1a: Kingdra|Kingdra, L84, M|263/263\n|move|p2a: Stonjourner|Rock Polish|p2a: Stonjourner\n|-boost|p2a: Stonjourner|spe|2\n|\n|upkeep\n|turn|14\n|\n|t:|1712241145\n|move|p2a: Stonjourner|Stone Edge|p1a: Kingdra\n|-damage|p1a: Kingdra|67/263\n|-damage|p2a: Stonjourner|266/330|[from] item: Life Orb\n|move|p1a: Kingdra|Wave Crash|p2a: Stonjourner\n|-supereffective|p2a: Stonjourner\n|-damage|p2a: Stonjourner|90/330\n|-damage|p1a: Kingdra|9/263|[from] Recoil\n|\n|upkeep\n|turn|15\n|\n|t:|1712241154\n|move|p2a: Stonjourner|Heat Crash|p1a: Kingdra\n|-resisted|p1a: Kingdra\n|-damage|p1a: Kingdra|0 fnt\n|faint|p1a: Kingdra\n|-damage|p2a: Stonjourner|57/330|[from] item: Life Orb\n|\n|upkeep\n|\n|t:|1712241171\n|switch|p1a: Grafaiai|Grafaiai, L86, M|249/249\n|turn|16\n|\n|t:|1712241182\n|move|p1a: Grafaiai|Encore|p2a: Stonjourner\n|-start|p2a: Stonjourner|Encore\n|move|p2a: Stonjourner|Heat Crash|p1a: Grafaiai\n|-damage|p1a: Grafaiai|48/249\n|-damage|p2a: Stonjourner|24/330|[from] item: Life Orb\n|\n|upkeep\n|turn|17\n|\n|t:|1712241194\n|move|p1a: Grafaiai|Parting Shot|p2a: Stonjourner\n|-unboost|p2a: Stonjourner|atk|1\n|-unboost|p2a: Stonjourner|spa|1\n|\n|t:|1712241203\n|switch|p1a: Dusknoir|Dusknoir, L88, M|69/222|[from] Parting Shot\n|-item|p2a: Stonjourner|Life Orb|[from] ability: Frisk|[of] p1a: Dusknoir|[identify]\n|move|p2a: Stonjourner|Heat Crash|p1a: Dusknoir\n|-damage|p1a: Dusknoir|5/222\n|-damage|p2a: Stonjourner|0 fnt|[from] item: Life Orb\n|faint|p2a: Stonjourner\n|\n|upkeep\n|\n|t:|1712241214\n|switch|p2a: Mienshao|Mienshao, L83, M|117/244\n|turn|18\n|\n|t:|1712241217\n|move|p1a: Dusknoir|Shadow Sneak|p2a: Mienshao\n|-damage|p2a: Mienshao|53/244\n|move|p2a: Mienshao|Knock Off|p1a: Dusknoir\n|-supereffective|p1a: Dusknoir\n|-damage|p1a: Dusknoir|0 fnt\n|faint|p1a: Dusknoir\n|-damage|p2a: Mienshao|29/244|[from] item: Life Orb\n|\n|upkeep\n|\n|t:|1712241226\n|switch|p1a: Grafaiai|Grafaiai, L86, M|48/249\n|turn|19\n|\n|t:|1712241237\n|switch|p2a: Suicune|Suicune, L82|298/298\n|-ability|p2a: Suicune|Pressure\n|move|p1a: Grafaiai|Knock Off|p2a: Suicune\n|-damage|p2a: Suicune|239/298\n|-enditem|p2a: Suicune|Leftovers|[from] move: Knock Off|[of] p1a: Grafaiai\n|\n|upkeep\n|turn|20\n|\n|t:|1712241247\n|move|p1a: Grafaiai|Parting Shot|p2a: Suicune\n|-unboost|p2a: Suicune|atk|1\n|-unboost|p2a: Suicune|spa|1\n|\n|t:|1712241250\n|switch|p1a: Shiftry|Shiftry, L89, F|275/305|[from] Parting Shot\n|move|p2a: Suicune|Scald|p1a: Shiftry\n|-resisted|p1a: Shiftry\n|-damage|p1a: Shiftry|245/305\n|-status|p1a: Shiftry|brn\n|\n|-damage|p1a: Shiftry|226/305 brn|[from] brn\n|upkeep\n|turn|21\n|\n|t:|1712241265\n|switch|p2a: Sylveon|Sylveon, L84, F|297/297\n|move|p1a: Shiftry|Leaf Blade|p2a: Sylveon\n|-damage|p2a: Sylveon|207/297\n|-damage|p1a: Shiftry|196/305 brn|[from] item: Life Orb\n|\n|-heal|p2a: Sylveon|225/297|[from] item: Leftovers\n|-damage|p1a: Shiftry|177/305 brn|[from] brn\n|upkeep\n|turn|22\n|\n|t:|1712241276\n|switch|p1a: Arcanine|Arcanine-Hisui, L82, M|290/290\n|move|p2a: Sylveon|Wish|p2a: Sylveon\n|\n|-heal|p2a: Sylveon|243/297|[from] item: Leftovers\n|upkeep\n|turn|23\n|\n|t:|1712241284\n|switch|p2a: Suicune|Suicune, L82|239/298\n|-ability|p2a: Suicune|Pressure\n|move|p1a: Arcanine|Head Smash|p2a: Suicune\n|-damage|p2a: Suicune|83/298\n|\n|-heal|p2a: Suicune|231/298|[from] move: Wish|[wisher] Sylveon\n|upkeep\n|turn|24\n|\n|t:|1712241301\n|switch|p1a: Shiftry|Shiftry, L89, F|177/305 brn\n|move|p2a: Suicune|Substitute|p2a: Suicune\n|-start|p2a: Suicune|Substitute\n|-damage|p2a: Suicune|157/298\n|\n|-damage|p1a: Shiftry|158/305 brn|[from] brn\n|upkeep\n|turn|25\n|\n|t:|1712241309\n|move|p2a: Suicune|Protect|p2a: Suicune\n|-singleturn|p2a: Suicune|Protect\n|move|p1a: Shiftry|Leaf Blade|p2a: Suicune\n|-activate|p2a: Suicune|move: Protect\n|\n|-damage|p1a: Shiftry|139/305 brn|[from] brn\n|upkeep\n|turn|26\n|\n|t:|1712241319\n|move|p1a: Shiftry|Leaf Blade|p2a: Suicune\n|-supereffective|p2a: Suicune\n|-end|p2a: Suicune|Substitute\n|-damage|p1a: Shiftry|109/305 brn|[from] item: Life Orb\n|move|p2a: Suicune|Scald|p1a: Shiftry\n|-resisted|p1a: Shiftry\n|-damage|p1a: Shiftry|64/305 brn\n|\n|-damage|p1a: Shiftry|45/305 brn|[from] brn\n|upkeep\n|turn|27\n|\n|t:|1712241334\n|switch|p1a: Grafaiai|Grafaiai, L86, M|48/249\n|switch|p2a: Sylveon|Sylveon, L84, F|243/297\n|\n|-heal|p2a: Sylveon|261/297|[from] item: Leftovers\n|upkeep\n|turn|28\n|j| Hatdestroyer3XD\n|\n|t:|1712241343\n|move|p2a: Sylveon|Protect|p2a: Sylveon\n|-singleturn|p2a: Sylveon|Protect\n|move|p1a: Grafaiai|Parting Shot|p2a: Sylveon\n|-activate|p2a: Sylveon|move: Protect\n|\n|-heal|p2a: Sylveon|279/297|[from] item: Leftovers\n|upkeep\n|turn|29\n|\n|t:|1712241352\n|switch|p2a: Suicune|Suicune, L82|157/298\n|-ability|p2a: Suicune|Pressure\n|move|p1a: Grafaiai|Gunk Shot|p2a: Suicune\n|-damage|p2a: Suicune|49/298\n|\n|upkeep\n|turn|30\n|\n|t:|1712241367\n|move|p2a: Suicune|Protect|p2a: Suicune\n|-singleturn|p2a: Suicune|Protect\n|move|p1a: Grafaiai|Gunk Shot|p2a: Suicune\n|-activate|p2a: Suicune|move: Protect\n|\n|upkeep\n|turn|31\n|\n|t:|1712241380\n|-terastallize|p2a: Suicune|Steel\n|move|p1a: Grafaiai|Parting Shot|p2a: Suicune\n|-unboost|p2a: Suicune|atk|1\n|-unboost|p2a: Suicune|spa|1\n|\n|t:|1712241384\n|switch|p1a: Shiftry|Shiftry, L89, F|45/305 brn|[from] Parting Shot\n|move|p2a: Suicune|Scald|p1a: Shiftry\n|-resisted|p1a: Shiftry\n|-damage|p1a: Shiftry|15/305 brn\n|\n|-damage|p1a: Shiftry|0 fnt|[from] brn\n|faint|p1a: Shiftry\n|upkeep\n|\n|t:|1712241406\n|switch|p1a: Arcanine|Arcanine-Hisui, L82, M|290/290\n|turn|32\n|\n|t:|1712241411\n|move|p2a: Suicune|Protect|p2a: Suicune\n|-singleturn|p2a: Suicune|Protect\n|move|p1a: Arcanine|Flare Blitz|p2a: Suicune\n|-activate|p2a: Suicune|move: Protect\n|\n|upkeep\n|turn|33\n|\n|t:|1712241418\n|move|p1a: Arcanine|Flare Blitz|p2a: Suicune\n|-supereffective|p2a: Suicune\n|-crit|p2a: Suicune\n|-damage|p2a: Suicune|0 fnt\n|faint|p2a: Suicune\n|\n|upkeep\n|\n|t:|1712241421\n|switch|p2a: Mienshao|Mienshao, L83, M|110/244\n|turn|34\n|\n|t:|1712241431\n|move|p2a: Mienshao|Close Combat|p1a: Arcanine\n|-supereffective|p1a: Arcanine\n|-damage|p1a: Arcanine|0 fnt\n|-unboost|p2a: Mienshao|def|1\n|-unboost|p2a: Mienshao|spd|1\n|faint|p1a: Arcanine\n|-damage|p2a: Mienshao|86/244|[from] item: Life Orb\n|\n|upkeep\n|\n|t:|1712241439\n|switch|p1a: Grafaiai|Grafaiai, L86, M|48/249\n|turn|35\n|\n|t:|1712241444\n|move|p1a: Grafaiai|Gunk Shot|p2a: Mienshao\n|-damage|p2a: Mienshao|0 fnt\n|faint|p2a: Mienshao\n|\n|upkeep\n|\n|t:|1712241449\n|switch|p2a: Azelf|Azelf, L82|257/257\n|turn|36\n|\n|t:|1712241457\n|move|p1a: Grafaiai|Knock Off|p2a: Azelf\n|-supereffective|p2a: Azelf\n|-damage|p2a: Azelf|89/257\n|-enditem|p2a: Azelf|Assault Vest|[from] move: Knock Off|[of] p1a: Grafaiai\n|move|p2a: Azelf|Knock Off|p1a: Grafaiai\n|-damage|p1a: Grafaiai|0 fnt\n|-enditem|p1a: Grafaiai|Heavy-Duty Boots|[from] move: Knock Off|[of] p2a: Azelf\n|faint|p1a: Grafaiai\n|\n|upkeep\n|\n|t:|1712241466\n|switch|p1a: Tyranitar|Tyranitar, L79, F|288/288\n|-weather|Sandstorm|[from] ability: Sand Stream|[of] p1a: Tyranitar\n|turn|37\n|\n|t:|1712241471\n|move|p2a: Azelf|Knock Off|p1a: Tyranitar\n|-resisted|p1a: Tyranitar\n|-damage|p1a: Tyranitar|256/288\n|-enditem|p1a: Tyranitar|Leftovers|[from] move: Knock Off|[of] p2a: Azelf\n|move|p1a: Tyranitar|Dragon Dance|p1a: Tyranitar\n|-boost|p1a: Tyranitar|atk|1\n|-boost|p1a: Tyranitar|spe|1\n|\n|-weather|Sandstorm|[upkeep]\n|-damage|p2a: Azelf|73/257|[from] Sandstorm\n|upkeep\n|turn|38\n|\n|t:|1712241482\n|move|p2a: Azelf|U-turn|p1a: Tyranitar\n|-supereffective|p1a: Tyranitar\n|-damage|p1a: Tyranitar|150/288\n|\n|t:|1712241484\n|switch|p2a: Sylveon|Sylveon, L84, F|279/297|[from] U-turn\n|move|p1a: Tyranitar|Dragon Dance|p1a: Tyranitar\n|-boost|p1a: Tyranitar|atk|1\n|-boost|p1a: Tyranitar|spe|1\n|\n|-weather|Sandstorm|[upkeep]\n|-damage|p2a: Sylveon|261/297|[from] Sandstorm\n|-heal|p2a: Sylveon|279/297|[from] item: Leftovers\n|upkeep\n|turn|39\n|\n|t:|1712241496\n|-terastallize|p1a: Tyranitar|Rock\n|move|p2a: Sylveon|Protect|p2a: Sylveon\n|-singleturn|p2a: Sylveon|Protect\n|move|p1a: Tyranitar|Stone Edge|p2a: Sylveon\n|-activate|p2a: Sylveon|move: Protect\n|\n|-weather|Sandstorm|[upkeep]\n|-damage|p2a: Sylveon|261/297|[from] Sandstorm\n|-heal|p2a: Sylveon|279/297|[from] item: Leftovers\n|upkeep\n|turn|40\n|\n|t:|1712241514\n|switch|p2a: Azelf|Azelf, L82|73/257\n|move|p1a: Tyranitar|Stone Edge|p2a: Azelf\n|-damage|p2a: Azelf|0 fnt\n|faint|p2a: Azelf\n|\n|-weather|Sandstorm|[upkeep]\n|upkeep\n|\n|t:|1712241515\n|switch|p2a: Sylveon|Sylveon, L84, F|279/297\n|turn|41\n|\n|t:|1712241525\n|move|p1a: Tyranitar|Dragon Dance|p1a: Tyranitar\n|-boost|p1a: Tyranitar|atk|1\n|-boost|p1a: Tyranitar|spe|1\n|move|p2a: Sylveon|Hyper Voice|p1a: Tyranitar\n|-damage|p1a: Tyranitar|62/288\n|\n|-weather|none\n|-heal|p2a: Sylveon|297/297|[from] item: Leftovers\n|upkeep\n|turn|42\n|\n|t:|1712241534\n|move|p2a: Sylveon|Protect|p2a: Sylveon\n|-singleturn|p2a: Sylveon|Protect\n|move|p1a: Tyranitar|Stone Edge|p2a: Sylveon\n|-activate|p2a: Sylveon|move: Protect\n|\n|upkeep\n|turn|43\n|\n|t:|1712241540\n|move|p1a: Tyranitar|Stone Edge|p2a: Sylveon\n|-damage|p2a: Sylveon|0 fnt\n|faint|p2a: Sylveon\n|\n|win|Soren-sage\n|raw|Soren-sage's rating: 2302 &rarr; <strong>2319</strong><br />(+17 for winning)\n|raw|BlitzBurn1992's rating: 2248 &rarr; <strong>2231</strong><br />(-17 for losing)\n|c| Hatdestroyer3XD|gg\n|c|\u2606BlitzBurn1992|gg\n|c|\u2606Soren-sage|Gg\n|l|\u2606BlitzBurn1992\n|player|p2|\n|l| Hatdestroyer3XD\n", "inputlog": ">version 5e6884075e425dc5b64255756e621f094dcccacd\n>start {\"formatid\":\"gen9randombattle\",\"seed\":[29230,47901,2678,26695],\"rated\":\"Rated battle\"}\n>player p1 {\"name\":\"Soren-sage\",\"avatar\":\"chili\",\"rating\":2302,\"seed\":[55486,56266,2761,57806]}\n>player p2 {\"name\":\"BlitzBurn1992\",\"avatar\":\"tate\",\"rating\":2248,\"seed\":[10211,22748,27320,43743]}\n>p1 switch 4\n>p2 move substitute\n>p1 move encore\n>p2 move protect\n>p1 move encore\n>p2 move scald\n>p1 move partingshot\n>p2 move protect\n>p1 move knockoff\n>p2 move protect\n>p1 move encore\n>p2 move calmmind\n>p1 switch 6\n>p2 move protect\n>p1 move swordsdance\n>p2 switch 4\n>p1 move knockoff\n>p2 move closecombat\n>p2 switch 2\n>p1 switch 4\n>p2 move closecombat\n>p1 move poltergeist\n>p2 move knockoff\n>p1 move shadowsneak\n>p2 switch 6\n>p1 switch 5\n>p2 move rockpolish\n>p1 move wavecrash\n>p2 move stoneedge\n>p1 move wavecrash\n>p2 move heatcrash\n>p1 switch 6\n>p1 move encore\n>p2 move stoneedge\n>p1 move partingshot\n>p2 move heatcrash\n>p1 switch 5\n>p2 switch 6\n>p1 move shadowsneak\n>p2 move knockoff\n>p1 switch 5\n>p1 move knockoff\n>p2 switch 4\n>p1 move partingshot\n>p2 move scald\n>p1 switch 4\n>p1 move leafblade\n>p2 switch 3\n>p1 switch 2\n>p2 move wish\n>p1 move headsmash\n>p2 switch 3\n>p1 switch 2\n>p2 move substitute\n>p1 move leafblade\n>p2 move protect\n>p1 move leafblade\n>p2 move scald\n>p1 switch 4\n>p2 switch 3\n>p1 move partingshot\n>p2 move protect\n>p1 move gunkshot\n>p2 switch 3\n>p1 move gunkshot\n>p2 move protect\n>p1 move partingshot\n>p2 move scald terastallize\n>p1 switch 4\n>p1 switch 2\n>p1 move flareblitz\n>p2 move protect\n>p1 move flareblitz\n>p2 move scald\n>p2 switch 4\n>p1 move flareblitz\n>p2 move closecombat\n>p1 switch 4\n>p1 move gunkshot\n>p2 move knockoff\n>p2 switch 5\n>p1 move knockoff\n>p2 move knockoff\n>p1 switch 3\n>p1 move dragondance\n>p2 move knockoff\n>p1 move dragondance\n>p2 move uturn\n>p2 switch 3\n>p1 move stoneedge terastallize\n>p2 move protect\n>p1 move stoneedge\n>p2 switch 3\n>p2 switch 3\n>p1 move dragondance\n>p2 move hypervoice\n>p1 move stoneedge\n>p2 move protect\n>p1 move stoneedge\n>p2 move hypervoice", "uploadtime": 1712241559, "views": 245, "formatid": "gen9randombattle", "rating": 2231, "private": 0, "password": null}