{"id": "gen9randombattle-2191550337", "format": "[Gen 9] Random Battle", "players": ["Yoshicuddles", "Qiuescent"], "log": "|j|\u2606Yoshicuddles\n|j|\u203dQiuescent\n|t:|1725086581\n|gametype|singles\n|player|p1|Yoshicuddles|266|2249\n|player|p2|Qiuescent|266|2254\n|teamsize|p1|6\n|teamsize|p2|6\n|gen|9\n|tier|[Gen 9] Random Battle\n|rated|\n|rule|Species Clause: Limit one of each Pok\u00e9mon\n|rule|HP Percentage Mod: HP is shown in percentages\n|rule|Sleep Clause Mod: Limit one foe put to sleep\n|rule|Illusion Level Mod: Illusion disguises the Pok\u00e9mon's true level\n|\n|t:|1725086581\n|start\n|switch|p1a: Tyranitar|Tyranitar, L79, F|288/288\n|switch|p2a: Mesprit|Mesprit, L85|275/275\n|-weather|Sandstorm|[from] ability: Sand Stream|[of] p1a: Tyranitar\n|turn|1\n|\n|t:|1725086587\n|move|p2a: Mesprit|Drain Punch|p1a: Tyranitar\n|-supereffective|p1a: Tyranitar\n|-damage|p1a: Tyranitar|76/288\n|move|p1a: Tyranitar|Thunder Wave|p2a: Mesprit\n|-status|p2a: Mesprit|par\n|\n|-weather|Sandstorm|[upkeep]\n|-damage|p2a: Mesprit|258/275 par|[from] Sandstorm\n|-heal|p1a: Tyranitar|94/288|[from] item: Leftovers\n|upkeep\n|turn|2\n|\n|t:|1725086591\n|move|p1a: Tyranitar|Knock Off|p2a: Mesprit\n|-supereffective|p2a: Mesprit\n|-damage|p2a: Mesprit|64/275 par\n|-enditem|p2a: Mesprit|Assault Vest|[from] move: Knock Off|[of] p1a: Tyranitar\n|move|p2a: Mesprit|Drain Punch|p1a: Tyranitar\n|-supereffective|p1a: Tyranitar\n|-damage|p1a: Tyranitar|0 fnt\n|-heal|p2a: Mesprit|111/275 par|[from] drain|[of] p1a: Tyranitar\n|faint|p1a: Tyranitar\n|\n|-weather|Sandstorm|[upkeep]\n|-damage|p2a: Mesprit|94/275 par|[from] Sandstorm\n|upkeep\n|\n|t:|1725086607\n|switch|p1a: Zangoose|Zangoose, L85, M|263/263\n|turn|3\n|\n|t:|1725086611\n|move|p1a: Zangoose|Swords Dance|p1a: Zangoose\n|-boost|p1a: Zangoose|atk|2\n|move|p2a: Mesprit|Drain Punch|p1a: Zangoose\n|-supereffective|p1a: Zangoose\n|-damage|p1a: Zangoose|107/263\n|-heal|p2a: Mesprit|172/275 par|[from] drain|[of] p1a: Zangoose\n|\n|-weather|Sandstorm|[upkeep]\n|-damage|p1a: Zangoose|91/263|[from] Sandstorm\n|-damage|p2a: Mesprit|155/275 par|[from] Sandstorm\n|-status|p1a: Zangoose|tox|[from] item: Toxic Orb\n|upkeep\n|turn|4\n|\n|t:|1725086616\n|move|p1a: Zangoose|Facade|p2a: Mesprit\n|-damage|p2a: Mesprit|0 fnt\n|faint|p2a: Mesprit\n|\n|-weather|Sandstorm|[upkeep]\n|-damage|p1a: Zangoose|75/263 tox|[from] Sandstorm\n|-damage|p1a: Zangoose|59/263 tox|[from] psn\n|upkeep\n|\n|t:|1725086627\n|switch|p2a: Fezandipiti|Fezandipiti, L82, M|278/278\n|turn|5\n|\n|t:|1725086631\n|move|p1a: Zangoose|Quick Attack|p2a: Fezandipiti\n|-damage|p2a: Fezandipiti|112/278\n|move|p2a: Fezandipiti|Play Rough|p1a: Zangoose\n|-damage|p1a: Zangoose|0 fnt\n|faint|p1a: Zangoose\n|\n|-weather|none\n|-heal|p2a: Fezandipiti|129/278|[from] item: Leftovers\n|upkeep\n|\n|t:|1725086635\n|switch|p1a: Azelf|Azelf, L82|257/257\n|turn|6\n|\n|t:|1725086647\n|move|p1a: Azelf|Psyshock|p2a: Fezandipiti\n|-supereffective|p2a: Fezandipiti\n|-damage|p2a: Fezandipiti|0 fnt\n|faint|p2a: Fezandipiti\n|\n|upkeep\n|\n|t:|1725086655\n|switch|p2a: Shiftry|Shiftry, L89, F|305/305\n|turn|7\n|\n|t:|1725086657\n|switch|p1a: Hitmontop|Hitmontop, L88, M|231/231\n|-ability|p1a: Hitmontop|Intimidate|boost\n|-unboost|p2a: Shiftry|atk|1\n|move|p2a: Shiftry|Leaf Storm|p1a: Hitmontop\n|-damage|p1a: Hitmontop|156/231\n|-unboost|p2a: Shiftry|spa|2\n|\n|upkeep\n|turn|8\n|\n|t:|1725086663\n|switch|p2a: Masquerain|Masquerain, L87, F|264/264\n|-ability|p2a: Masquerain|Intimidate|boost\n|-unboost|p1a: Hitmontop|atk|1\n|move|p1a: Hitmontop|Rapid Spin|p2a: Masquerain\n|-damage|p2a: Masquerain|230/264\n|-boost|p1a: Hitmontop|spe|1\n|\n|upkeep\n|turn|9\n|\n|t:|1725086669\n|switch|p1a: Gholdengo|Gholdengo, L77|261/261\n|move|p2a: Masquerain|Hurricane|p1a: Gholdengo|[miss]\n|-miss|p2a: Masquerain|p1a: Gholdengo\n|\n|upkeep\n|turn|10\n|\n|t:|1725086673\n|switch|p2a: Camerupt|Camerupt, L91, F|275/275\n|move|p1a: Gholdengo|Nasty Plot|p1a: Gholdengo\n|-boost|p1a: Gholdengo|spa|2\n|\n|upkeep\n|turn|11\n|\n|t:|1725086680\n|switch|p1a: Azelf|Azelf, L82|257/257\n|move|p2a: Camerupt|Overheat|p1a: Azelf\n|-damage|p1a: Azelf|58/257\n|-unboost|p2a: Camerupt|spa|2\n|\n|upkeep\n|turn|12\n|\n|t:|1725086686\n|switch|p2a: Masquerain|Masquerain, L87, F|230/264\n|-ability|p2a: Masquerain|Intimidate|boost\n|-unboost|p1a: Azelf|atk|1\n|move|p1a: Azelf|U-turn|p2a: Masquerain\n|-resisted|p2a: Masquerain\n|-damage|p2a: Masquerain|206/264\n|\n|t:|1725086692\n|switch|p1a: Gholdengo|Gholdengo, L77|261/261|[from] U-turn\n|\n|upkeep\n|turn|13\n|\n|t:|1725086698\n|switch|p2a: Camerupt|Camerupt, L91, F|275/275\n|move|p1a: Gholdengo|Nasty Plot|p1a: Gholdengo\n|-boost|p1a: Gholdengo|spa|2\n|\n|upkeep\n|turn|14\n|inactive|Battle timer is ON: inactive players will automatically lose when time's up. (requested by Qiuescent)\n|\n|t:|1725086712\n|-terastallize|p1a: Gholdengo|Water\n|move|p1a: Gholdengo|Shadow Ball|p2a: Camerupt\n|-damage|p2a: Camerupt|73/275\n|move|p2a: Camerupt|Overheat|p1a: Gholdengo\n|-resisted|p1a: Gholdengo\n|-damage|p1a: Gholdengo|177/261\n|-unboost|p2a: Camerupt|spa|2\n|\n|-heal|p1a: Gholdengo|193/261|[from] item: Leftovers\n|-heal|p2a: Camerupt|90/275|[from] item: Leftovers\n|upkeep\n|turn|15\n|\n|t:|1725086717\n|move|p1a: Gholdengo|Shadow Ball|p2a: Camerupt\n|-damage|p2a: Camerupt|0 fnt\n|faint|p2a: Camerupt\n|\n|-heal|p1a: Gholdengo|209/261|[from] item: Leftovers\n|upkeep\n|\n|t:|1725086720\n|switch|p2a: Shiftry|Shiftry, L89, F|305/305\n|turn|16\n|\n|t:|1725086726\n|switch|p1a: Hitmontop|Hitmontop, L88, M|156/231\n|-ability|p1a: Hitmontop|Intimidate|boost\n|-unboost|p2a: Shiftry|atk|1\n|move|p2a: Shiftry|Leaf Storm|p1a: Hitmontop\n|-damage|p1a: Hitmontop|71/231\n|-unboost|p2a: Shiftry|spa|2\n|\n|upkeep\n|turn|17\n|\n|t:|1725086731\n|switch|p2a: Masquerain|Masquerain, L87, F|206/264\n|-ability|p2a: Masquerain|Intimidate|boost\n|-unboost|p1a: Hitmontop|atk|1\n|move|p1a: Hitmontop|Close Combat|p2a: Masquerain\n|-resisted|p2a: Masquerain\n|-damage|p2a: Masquerain|179/264\n|-unboost|p1a: Hitmontop|def|1\n|-unboost|p1a: Hitmontop|spd|1\n|\n|upkeep\n|turn|18\n|\n|t:|1725086735\n|switch|p1a: Gholdengo|Gholdengo, L77, tera:Water|209/261\n|move|p2a: Masquerain|Sticky Web|p1a: Gholdengo\n|-sidestart|p1: Yoshicuddles|move: Sticky Web\n|\n|-heal|p1a: Gholdengo|225/261|[from] item: Leftovers\n|upkeep\n|turn|19\n|\n|t:|1725086740\n|switch|p2a: Shiftry|Shiftry, L89, F|305/305\n|move|p1a: Gholdengo|Make It Rain|p2a: Shiftry\n|-damage|p2a: Shiftry|139/305\n|-unboost|p1a: Gholdengo|spa|1\n|\n|-heal|p1a: Gholdengo|241/261|[from] item: Leftovers\n|upkeep\n|turn|20\n|\n|t:|1725086748\n|switch|p1a: Hitmontop|Hitmontop, L88, M|71/231\n|-activate|p1a: Hitmontop|move: Sticky Web\n|-unboost|p1a: Hitmontop|spe|1\n|-ability|p1a: Hitmontop|Intimidate|boost\n|-unboost|p2a: Shiftry|atk|1\n|move|p2a: Shiftry|Leaf Storm|p1a: Hitmontop\n|-damage|p1a: Hitmontop|0 fnt\n|-unboost|p2a: Shiftry|spa|2\n|faint|p1a: Hitmontop\n|\n|upkeep\n|\n|t:|1725086751\n|switch|p1a: Gholdengo|Gholdengo, L77, tera:Water|241/261\n|-activate|p1a: Gholdengo|move: Sticky Web\n|-unboost|p1a: Gholdengo|spe|1\n|turn|21\n|\n|t:|1725086758\n|switch|p2a: Oricorio|Oricorio-Pom-Pom, L82, M|257/257\n|move|p1a: Gholdengo|Recover|p1a: Gholdengo\n|-heal|p1a: Gholdengo|261/261\n|\n|upkeep\n|turn|22\n|\n|t:|1725086766\n|move|p2a: Oricorio|Quiver Dance|p2a: Oricorio\n|-boost|p2a: Oricorio|spa|1\n|-boost|p2a: Oricorio|spd|1\n|-boost|p2a: Oricorio|spe|1\n|move|p1a: Gholdengo|Nasty Plot|p1a: Gholdengo\n|-boost|p1a: Gholdengo|spa|2\n|\n|upkeep\n|turn|23\n|\n|t:|1725086768\n|move|p2a: Oricorio|Quiver Dance|p2a: Oricorio\n|-boost|p2a: Oricorio|spa|1\n|-boost|p2a: Oricorio|spd|1\n|-boost|p2a: Oricorio|spe|1\n|move|p1a: Gholdengo|Shadow Ball|p2a: Oricorio\n|-damage|p2a: Oricorio|155/257\n|-unboost|p2a: Oricorio|spd|1\n|\n|upkeep\n|turn|24\n|-message|Yoshicuddles forfeited.\n|\n|win|Qiuescent\n|raw|Yoshicuddles's rating: 2249 &rarr; <strong>2229</strong><br />(-20 for losing)\n|raw|Qiuescent's rating: 2254 &rarr; <strong>2274</strong><br />(+20 for winning)\n|l|\u2606Yoshicuddles\n|player|p1|\n", "inputlog": ">version b487ee646cb6fecaf610a76141b0ec5b10a125c1\n>start {\"formatid\":\"gen9randombattle\",\"seed\":[49169,1998,23517,40648],\"rated\":\"Rated battle\"}\n>player p1 {\"name\":\"Yoshicuddles\",\"avatar\":\"266\",\"rating\":2249,\"seed\":[3358,876,28288,51634]}\n>player p2 {\"name\":\"Qiuescent\",\"avatar\":\"266\",\"rating\":2254,\"seed\":[16909,29298,55169,37047]}\n>p1 move thunderwave\n>p2 move drainpunch\n>p1 move knockoff\n>p2 move drainpunch\n>p1 switch 3\n>p1 move swordsdance\n>p2 move drainpunch\n>p1 move facade\n>p2 move drainpunch\n>p2 switch 6\n>p1 move quickattack\n>p2 move playrough\n>p1 switch 6\n>p1 move psyshock\n>p2 move gunkshot\n>p2 switch 3\n>p1 switch 5\n>p2 move leafstorm\n>p1 move rapidspin\n>p2 switch 4\n>p1 switch 2\n>p2 move hurricane\n>p1 move nastyplot\n>p2 switch 2\n>p1 switch 5\n>p2 move overheat\n>p1 move uturn\n>p2 switch 2\n>p1 switch 5\n>p1 move nastyplot\n>p2 switch 2\n>p1 move shadowball terastallize\n>p2 move overheat\n>p1 move shadowball\n>p2 move stealthrock\n>p2 switch 4\n>p1 switch 2\n>p2 move leafstorm\n>p1 move closecombat\n>p2 switch 2\n>p1 switch 2\n>p2 move stickyweb\n>p1 move makeitrain\n>p2 switch 2\n>p1 switch 2\n>p2 move leafstorm\n>p1 switch 2\n>p1 move recover\n>p2 switch 5\n>p1 move nastyplot\n>p2 move quiverdance\n>p1 move shadowball\n>p2 move quiverdance\n>forcelose p1", "uploadtime": 1725086775, "views": 147, "formatid": "gen9randombattle", "rating": 2229, "private": 0, "password": null}