{"id": "gen9randombattle-2127666925", "format": "[Gen 9] Random Battle", "players": ["ScottsTotts", "scyther225"], "log": "|badge|p2|bronze|gen9randombattle|100-1\n|uhtml|medal-msg|<div class=\"broadcast-blue\">Curious what those medals under the avatar are? PS now has Ladder Seasons! For more information, check out the <a href=\"https://www.smogon.com/forums/threads/3740067/\">thread on Smogon.</a></div>\n|j|\u2606ScottsTotts\n|j|\u2606scyther225\n|t:|1716318194\n|gametype|singles\n|player|p1|ScottsTotts|1|2237\n|player|p2|scyther225|acetrainer-gen4dp|2270\n|teamsize|p1|6\n|teamsize|p2|6\n|gen|9\n|tier|[Gen 9] Random Battle\n|rated|\n|rule|Species Clause: Limit one of each Pok\u00e9mon\n|rule|HP Percentage Mod: HP is shown in percentages\n|rule|Sleep Clause Mod: Limit one foe put to sleep\n|rule|Illusion Level Mod: Illusion disguises the Pok\u00e9mon's true level\n|\n|t:|1716318194\n|start\n|switch|p1a: Stonjourner|Stonjourner, L91, M|330/330\n|switch|p2a: Flareon|Flareon, L90, M|263/263\n|turn|1\n|inactive|Battle timer is ON: inactive players will automatically lose when time's up. (requested by ScottsTotts)\n|j| rudraa211\n|\n|t:|1716318215\n|switch|p2a: Munkidori|Munkidori, L79, M|269/269\n|move|p1a: Stonjourner|Earthquake|p2a: Munkidori\n|-supereffective|p2a: Munkidori\n|-damage|p2a: Munkidori|0 fnt\n|faint|p2a: Munkidori\n|-damage|p1a: Stonjourner|297/330|[from] item: Life Orb\n|\n|upkeep\n|\n|t:|1716318223\n|switch|p2a: Jolteon|Jolteon, L84, M|246/246\n|turn|2\n|inactive|ScottsTotts has 120 seconds left.\n|\n|t:|1716318266\n|switch|p1a: Amoonguss|Amoonguss, L82, F|321/321\n|move|p2a: Jolteon|Substitute|p2a: Jolteon\n|-start|p2a: Jolteon|Substitute\n|-damage|p2a: Jolteon|185/246\n|\n|-heal|p2a: Jolteon|200/246|[from] item: Leftovers\n|upkeep\n|turn|3\n|\n|t:|1716318277\n|move|p2a: Jolteon|Calm Mind|p2a: Jolteon\n|-boost|p2a: Jolteon|spa|1\n|-boost|p2a: Jolteon|spd|1\n|move|p1a: Amoonguss|Sludge Bomb|p2a: Jolteon\n|-activate|p2a: Jolteon|move: Substitute|[damage]\n|\n|-heal|p2a: Jolteon|215/246|[from] item: Leftovers\n|upkeep\n|turn|4\n|\n|t:|1716318285\n|switch|p1a: Baxcalibur|Baxcalibur, L75, F|295/295\n|move|p2a: Jolteon|Calm Mind|p2a: Jolteon\n|-boost|p2a: Jolteon|spa|1\n|-boost|p2a: Jolteon|spd|1\n|\n|-heal|p2a: Jolteon|230/246|[from] item: Leftovers\n|upkeep\n|turn|5\n|\n|t:|1716318296\n|-terastallize|p2a: Jolteon|Ice\n|-terastallize|p1a: Baxcalibur|Ground\n|move|p2a: Jolteon|Tera Blast|p1a: Baxcalibur|[anim] Tera Blast Ice\n|-supereffective|p1a: Baxcalibur\n|-crit|p1a: Baxcalibur\n|-damage|p1a: Baxcalibur|0 fnt\n|faint|p1a: Baxcalibur\n|\n|-heal|p2a: Jolteon|245/246|[from] item: Leftovers\n|upkeep\n|inactive|ScottsTotts has 120 seconds left.\n|\n|t:|1716318307\n|switch|p1a: Persian|Persian, L93, M|272/272\n|turn|6\n|\n|t:|1716318310\n|move|p1a: Persian|U-turn|p2a: Jolteon\n|-end|p2a: Jolteon|Substitute\n|\n|t:|1716318313\n|switch|p1a: Tinkaton|Tinkaton, L82, F|274/274|[from] U-turn\n|-ability|p1a: Tinkaton|Mold Breaker\n|move|p2a: Jolteon|Thunderbolt|p1a: Tinkaton\n|-damage|p1a: Tinkaton|78/274\n|\n|-heal|p2a: Jolteon|246/246|[from] item: Leftovers\n|upkeep\n|turn|7\n|\n|t:|1716318316\n|move|p2a: Jolteon|Thunderbolt|p1a: Tinkaton\n|-damage|p1a: Tinkaton|0 fnt\n|faint|p1a: Tinkaton\n|\n|upkeep\n|\n|t:|1716318318\n|switch|p1a: Persian|Persian, L93, M|272/272\n|turn|8\n|\n|t:|1716318320\n|move|p1a: Persian|Fake Out|p2a: Jolteon\n|-damage|p2a: Jolteon|158/246\n|cant|p2a: Jolteon|flinch\n|\n|-heal|p2a: Jolteon|173/246|[from] item: Leftovers\n|upkeep\n|turn|9\n|\n|t:|1716318322\n|move|p1a: Persian|Double-Edge|p2a: Jolteon\n|-damage|p2a: Jolteon|0 fnt\n|faint|p2a: Jolteon\n|-damage|p1a: Persian|215/272|[from] Recoil\n|\n|upkeep\n|\n|t:|1716318329\n|switch|p2a: Flareon|Flareon, L90, M|263/263\n|turn|10\n|\n|t:|1716318334\n|move|p1a: Persian|Knock Off|p2a: Flareon\n|-damage|p2a: Flareon|183/263\n|-enditem|p2a: Flareon|Toxic Orb|[from] move: Knock Off|[of] p1a: Persian\n|move|p2a: Flareon|Trailblaze|p1a: Persian\n|-crit|p1a: Persian\n|-damage|p1a: Persian|122/272\n|-boost|p2a: Flareon|spe|1\n|\n|upkeep\n|turn|11\n|\n|t:|1716318345\n|move|p2a: Flareon|Quick Attack|p1a: Persian\n|-damage|p1a: Persian|74/272\n|move|p1a: Persian|U-turn|p2a: Flareon\n|-resisted|p2a: Flareon\n|-damage|p2a: Flareon|151/263\n|\n|t:|1716318347\n|switch|p1a: Stonjourner|Stonjourner, L91, M|297/330|[from] U-turn\n|\n|upkeep\n|turn|12\n|\n|t:|1716318355\n|move|p2a: Flareon|Flare Blitz|p1a: Stonjourner\n|-resisted|p1a: Stonjourner\n|-damage|p1a: Stonjourner|241/330\n|-damage|p2a: Flareon|133/263|[from] Recoil\n|move|p1a: Stonjourner|Rock Polish|p1a: Stonjourner\n|-boost|p1a: Stonjourner|spe|2\n|\n|upkeep\n|turn|13\n|\n|t:|1716318361\n|move|p2a: Flareon|Quick Attack|p1a: Stonjourner\n|-resisted|p1a: Stonjourner\n|-crit|p1a: Stonjourner\n|-damage|p1a: Stonjourner|219/330\n|move|p1a: Stonjourner|Earthquake|p2a: Flareon\n|-supereffective|p2a: Flareon\n|-damage|p2a: Flareon|0 fnt\n|faint|p2a: Flareon\n|-damage|p1a: Stonjourner|186/330|[from] item: Life Orb\n|\n|upkeep\n|\n|t:|1716318366\n|switch|p2a: Hydrapple|Hydrapple, L83, F|312/312\n|turn|14\n|\n|t:|1716318375\n|switch|p1a: Amoonguss|Amoonguss, L82, F|321/321\n|move|p2a: Hydrapple|Earth Power|p1a: Amoonguss\n|-damage|p1a: Amoonguss|239/321\n|\n|-heal|p1a: Amoonguss|259/321|[from] item: Leftovers\n|upkeep\n|turn|15\n|\n|t:|1716318381\n|move|p2a: Hydrapple|Fickle Beam|p1a: Amoonguss\n|-damage|p1a: Amoonguss|145/321\n|move|p1a: Amoonguss|Toxic|p2a: Hydrapple\n|-status|p2a: Hydrapple|tox\n|\n|-heal|p1a: Amoonguss|165/321|[from] item: Leftovers\n|-damage|p2a: Hydrapple|293/312 tox|[from] psn\n|upkeep\n|turn|16\n|\n|t:|1716318388\n|switch|p1a: Zapdos|Zapdos, L78|268/268\n|move|p2a: Hydrapple|Fickle Beam|p1a: Zapdos\n|-damage|p1a: Zapdos|156/268\n|\n|-damage|p2a: Hydrapple|255/312 tox|[from] psn\n|upkeep\n|turn|17\n|\n|t:|1716318403\n|switch|p2a: Sylveon|Sylveon, L85, M|300/300\n|move|p1a: Zapdos|Roost|p1a: Zapdos\n|-heal|p1a: Zapdos|268/268\n|-singleturn|p1a: Zapdos|move: Roost\n|\n|upkeep\n|turn|18\n|\n|t:|1716318411\n|switch|p1a: Amoonguss|Amoonguss, L82, F|272/321\n|move|p2a: Sylveon|Hyper Voice|p1a: Amoonguss\n|-resisted|p1a: Amoonguss\n|-damage|p1a: Amoonguss|201/321\n|\n|-heal|p1a: Amoonguss|221/321|[from] item: Leftovers\n|upkeep\n|turn|19\n|\n|t:|1716318416\n|switch|p2a: Slaking|Slaking, L84, M|389/389\n|move|p1a: Amoonguss|Sludge Bomb|p2a: Slaking\n|-damage|p2a: Slaking|292/389\n|\n|-heal|p1a: Amoonguss|241/321|[from] item: Leftovers\n|upkeep\n|turn|20\n|\n|t:|1716318432\n|switch|p1a: Stonjourner|Stonjourner, L91, M|186/330\n|move|p2a: Slaking|Double-Edge|p1a: Stonjourner\n|-resisted|p1a: Stonjourner\n|-damage|p1a: Stonjourner|87/330\n|-damage|p2a: Slaking|259/389|[from] Recoil\n|\n|upkeep\n|turn|21\n|\n|t:|1716318443\n|switch|p2a: Hydrapple|Hydrapple, L83, F|312/312 tox\n|move|p1a: Stonjourner|Stone Edge|p2a: Hydrapple|[miss]\n|-miss|p1a: Stonjourner|p2a: Hydrapple\n|\n|-damage|p2a: Hydrapple|293/312 tox|[from] psn\n|upkeep\n|turn|22\n|\n|t:|1716318449\n|move|p1a: Stonjourner|Stone Edge|p2a: Hydrapple\n|-damage|p2a: Hydrapple|129/312 tox\n|-damage|p1a: Stonjourner|54/330|[from] item: Life Orb\n|move|p2a: Hydrapple|Fickle Beam|p1a: Stonjourner\n|-damage|p1a: Stonjourner|0 fnt\n|faint|p1a: Stonjourner\n|\n|-damage|p2a: Hydrapple|91/312 tox|[from] psn\n|upkeep\n|inactive|ScottsTotts has 120 seconds left.\n|\n|t:|1716318486\n|switch|p1a: Persian|Persian, L93, M|74/272\n|turn|23\n|\n|t:|1716318497\n|switch|p2a: Sylveon|Sylveon, L85, M|300/300\n|move|p1a: Persian|Double-Edge|p2a: Sylveon\n|-damage|p2a: Sylveon|134/300\n|-damage|p1a: Persian|19/272|[from] Recoil\n|\n|-heal|p2a: Sylveon|152/300|[from] item: Leftovers\n|upkeep\n|turn|24\n|\n|t:|1716318505\n|move|p2a: Sylveon|Protect|p2a: Sylveon\n|-singleturn|p2a: Sylveon|Protect\n|move|p1a: Persian|U-turn|p2a: Sylveon\n|-activate|p2a: Sylveon|move: Protect\n|\n|-heal|p2a: Sylveon|170/300|[from] item: Leftovers\n|upkeep\n|turn|25\n|\n|t:|1716318510\n|switch|p2a: Slaking|Slaking, L84, M|259/389\n|move|p1a: Persian|U-turn|p2a: Slaking\n|-damage|p2a: Slaking|217/389\n|\n|t:|1716318515\n|switch|p1a: Zapdos|Zapdos, L78|268/268|[from] U-turn\n|\n|upkeep\n|turn|26\n|\n|t:|1716318521\n|move|p2a: Slaking|Double-Edge|p1a: Zapdos\n|-damage|p1a: Zapdos|0 fnt\n|faint|p1a: Zapdos\n|-damage|p2a: Slaking|129/389|[from] Recoil\n|\n|upkeep\n|\n|t:|1716318532\n|switch|p1a: Persian|Persian, L93, M|19/272\n|turn|27\n|\n|t:|1716318537\n|switch|p2a: Sylveon|Sylveon, L85, M|170/300\n|move|p1a: Persian|Knock Off|p2a: Sylveon\n|-resisted|p2a: Sylveon\n|-damage|p2a: Sylveon|132/300\n|-enditem|p2a: Sylveon|Leftovers|[from] move: Knock Off|[of] p1a: Persian\n|\n|upkeep\n|turn|28\n|\n|t:|1716318542\n|move|p2a: Sylveon|Protect|p2a: Sylveon\n|-singleturn|p2a: Sylveon|Protect\n|move|p1a: Persian|U-turn|p2a: Sylveon\n|-activate|p2a: Sylveon|move: Protect\n|\n|upkeep\n|turn|29\n|\n|t:|1716318546\n|move|p1a: Persian|U-turn|p2a: Sylveon\n|-resisted|p2a: Sylveon\n|-damage|p2a: Sylveon|103/300\n|\n|t:|1716318548\n|switch|p1a: Amoonguss|Amoonguss, L82, F|321/321|[from] U-turn\n|move|p2a: Sylveon|Hyper Voice|p1a: Amoonguss\n|-resisted|p1a: Amoonguss\n|-damage|p1a: Amoonguss|246/321\n|\n|-heal|p1a: Amoonguss|266/321|[from] item: Leftovers\n|upkeep\n|turn|30\n|\n|t:|1716318554\n|move|p2a: Sylveon|Hyper Voice|p1a: Amoonguss\n|-resisted|p1a: Amoonguss\n|-damage|p1a: Amoonguss|194/321\n|move|p1a: Amoonguss|Spore|p2a: Sylveon\n|-status|p2a: Sylveon|slp|[from] move: Spore\n|\n|-heal|p1a: Amoonguss|214/321|[from] item: Leftovers\n|upkeep\n|turn|31\n|\n|t:|1716318560\n|switch|p1a: Persian|Persian, L93, M|19/272\n|cant|p2a: Sylveon|slp\n|\n|upkeep\n|turn|32\n|\n|t:|1716318568\n|move|p1a: Persian|Fake Out|p2a: Sylveon\n|-damage|p2a: Sylveon|19/300 slp\n|cant|p2a: Sylveon|slp\n|\n|upkeep\n|turn|33\n|\n|t:|1716318577\n|move|p1a: Persian|U-turn|p2a: Sylveon\n|-resisted|p2a: Sylveon\n|-damage|p2a: Sylveon|0 fnt\n|faint|p2a: Sylveon\n|\n|t:|1716318579\n|switch|p1a: Amoonguss|Amoonguss, L82, F|321/321|[from] U-turn\n|\n|upkeep\n|\n|t:|1716318581\n|switch|p2a: Slaking|Slaking, L84, M|129/389\n|turn|34\n|\n|t:|1716318585\n|switch|p1a: Persian|Persian, L93, M|19/272\n|move|p2a: Slaking|Giga Impact|p1a: Persian\n|-damage|p1a: Persian|0 fnt\n|-mustrecharge|p2a: Slaking\n|faint|p1a: Persian\n|\n|upkeep\n|\n|t:|1716318588\n|switch|p1a: Amoonguss|Amoonguss, L82, F|321/321\n|turn|35\n|\n|t:|1716318593\n|cant|p2a: Slaking|recharge\n|move|p1a: Amoonguss|Spore|p2a: Slaking\n|-status|p2a: Slaking|slp|[from] move: Spore\n|\n|upkeep\n|turn|36\n|\n|t:|1716318603\n|cant|p2a: Slaking|slp\n|move|p1a: Amoonguss|Sludge Bomb|p2a: Slaking\n|-damage|p2a: Slaking|21/389 slp\n|\n|upkeep\n|turn|37\n|\n|t:|1716318607\n|switch|p2a: Hydrapple|Hydrapple, L83, F|195/312 tox\n|move|p1a: Amoonguss|Sludge Bomb|p2a: Hydrapple\n|-supereffective|p2a: Hydrapple\n|-damage|p2a: Hydrapple|79/312 tox\n|\n|-damage|p2a: Hydrapple|60/312 tox|[from] psn\n|upkeep\n|turn|38\n|\n|t:|1716318610\n|move|p2a: Hydrapple|Fickle Beam|p1a: Amoonguss\n|-damage|p1a: Amoonguss|209/321\n|move|p1a: Amoonguss|Sludge Bomb|p2a: Hydrapple\n|-supereffective|p2a: Hydrapple\n|-damage|p2a: Hydrapple|0 fnt\n|faint|p2a: Hydrapple\n|\n|-heal|p1a: Amoonguss|229/321|[from] item: Leftovers\n|upkeep\n|\n|t:|1716318612\n|switch|p2a: Slaking|Slaking, L84, M|21/389 slp\n|turn|39\n|\n|t:|1716318613\n|cant|p2a: Slaking|slp\n|move|p1a: Amoonguss|Sludge Bomb|p2a: Slaking\n|-damage|p2a: Slaking|0 fnt\n|faint|p2a: Slaking\n|\n|win|ScottsTotts\n|raw|ScottsTotts's rating: 2237 &rarr; <strong>2258</strong><br />(+21 for winning)\n|raw|scyther225's rating: 2246 &rarr; <strong>2225</strong><br />(-21 for losing)\n|l|\u2606scyther225\n|player|p2|\n|c|\u2606ScottsTotts|gg\n", "inputlog": ">version 7158ead19aeac8750849df2840eabb6dbec77df6\n>start {\"formatid\":\"gen9randombattle\",\"seed\":[48368,53204,35074,57330],\"rated\":\"Rated battle\"}\n>player p1 {\"name\":\"ScottsTotts\",\"avatar\":\"1\",\"rating\":2237,\"seed\":[17372,7602,16122,34916]}\n>player p2 {\"name\":\"scyther225\",\"avatar\":\"acetrainer-gen4dp\",\"rating\":2270,\"seed\":[24699,14112,2174,50579]}\n>p1 move earthquake\n>p2 switch 6\n>p2 switch 3\n>p1 switch 4\n>p2 move substitute\n>p1 move sludgebomb\n>p2 move calmmind\n>p1 switch 6\n>p2 move calmmind\n>p1 move scaleshot terastallize\n>p2 move terablast terastallize\n>p1 switch 3\n>p1 move uturn\n>p2 move thunderbolt\n>p1 switch 5\n>p1 move gigatonhammer\n>p2 move thunderbolt\n>p1 switch 5\n>p1 move fakeout\n>p2 move thunderbolt\n>p1 move doubleedge\n>p2 move thunderbolt\n>p2 switch 6\n>p1 move knockoff\n>p2 move trailblaze\n>p1 move uturn\n>p2 move quickattack\n>p1 switch 4\n>p1 move rockpolish\n>p2 move flareblitz\n>p1 move earthquake\n>p2 move quickattack\n>p2 switch 5\n>p1 switch 6\n>p2 move earthpower\n>p1 move toxic\n>p2 move ficklebeam\n>p1 switch 2\n>p2 move ficklebeam\n>p1 move roost\n>p2 switch 4\n>p1 switch 2\n>p2 move hypervoice\n>p1 move sludgebomb\n>p2 switch 2\n>p1 switch 6\n>p2 move doubleedge\n>p1 move stoneedge\n>p2 switch 4\n>p1 move stoneedge\n>p2 move ficklebeam\n>p1 switch 4\n>p1 move doubleedge\n>p2 switch 2\n>p1 move uturn\n>p2 move protect\n>p1 move uturn\n>p2 switch 4\n>p1 switch 2\n>p1 move roost\n>p2 move doubleedge\n>p1 switch 2\n>p1 move knockoff\n>p2 switch 4\n>p1 move uturn\n>p2 move protect\n>p1 move uturn\n>p2 move hypervoice\n>p1 switch 6\n>p1 move spore\n>p2 move hypervoice\n>p1 switch 6\n>p2 move hypervoice\n>p1 move fakeout\n>p2 move hypervoice\n>p1 move uturn\n>p2 move hypervoice\n>p1 switch 6\n>p2 switch 4\n>p1 switch 6\n>p2 move gigaimpact\n>p1 switch 6\n>p1 move spore\n>p2 move recharge\n>p1 move sludgebomb\n>p2 move gigaimpact\n>p1 move sludgebomb\n>p2 switch 2\n>p1 move sludgebomb\n>p2 move ficklebeam\n>p2 switch 2\n>p1 move sludgebomb\n>p2 move gigaimpact", "uploadtime": 1716318620, "views": 209, "formatid": "gen9randombattle", "rating": 2225, "private": 0, "password": null}