{"id": "gen9randombattle-2134401428", "format": "[Gen 9] Random Battle", "players": ["Mayqueen NyanNyan", "IsabellaPasquale"], "log": "|badge|p2|bronze|gen9randombattle|100-1\n|uhtml|medal-msg|<div class=\"broadcast-blue\">Curious what those medals under the avatar are? PS now has Ladder Seasons! For more information, check out the <a href=\"https://www.smogon.com/forums/threads/3740067/\">thread on Smogon.</a></div>\n|j|\u2606Mayqueen NyanNyan\n|j|\u2606IsabellaPasquale\n|t:|1717183956\n|gametype|singles\n|player|p1|Mayqueen NyanNyan|169|2260\n|player|p2|IsabellaPasquale|giovanni|2314\n|teamsize|p1|6\n|teamsize|p2|6\n|gen|9\n|tier|[Gen 9] Random Battle\n|rated|\n|rule|Species Clause: Limit one of each Pok\u00e9mon\n|rule|HP Percentage Mod: HP is shown in percentages\n|rule|Sleep Clause Mod: Limit one foe put to sleep\n|rule|Illusion Level Mod: Illusion disguises the Pok\u00e9mon's true level\n|\n|t:|1717183956\n|start\n|switch|p1a: Arceus|Arceus-Fighting, L69|280/280\n|switch|p2a: Gyarados|Gyarados, L79, F|280/280\n|-ability|p2a: Gyarados|Intimidate|boost\n|-unboost|p1a: Arceus|atk|1\n|turn|1\n|inactive|Battle timer is ON: inactive players will automatically lose when time's up. (requested by Mayqueen NyanNyan)\n|\n|t:|1717183990\n|switch|p2a: Jirachi|Jirachi, L80|291/291\n|move|p1a: Arceus|Cosmic Power|p1a: Arceus\n|-boost|p1a: Arceus|def|1\n|-boost|p1a: Arceus|spd|1\n|\n|upkeep\n|turn|2\n|\n|t:|1717183996\n|switch|p1a: Magcargo|Magcargo, L94, M|265/265\n|move|p2a: Jirachi|Body Slam|p1a: Magcargo\n|-resisted|p1a: Magcargo\n|-damage|p1a: Magcargo|246/265\n|-status|p1a: Magcargo|par\n|-status|p2a: Jirachi|brn|[from] ability: Flame Body|[of] p1a: Magcargo\n|\n|-damage|p2a: Jirachi|273/291 brn|[from] brn\n|upkeep\n|turn|3\n|\n|t:|1717184005\n|move|p2a: Jirachi|U-turn|p1a: Magcargo\n|-resisted|p1a: Magcargo\n|-damage|p1a: Magcargo|238/265 par\n|\n|t:|1717184017\n|switch|p2a: Ting-Lu|Ting-Lu, L78|370/370|[from] U-turn\n|-ability|p2a: Ting-Lu|Vessel of Ruin\n|move|p1a: Magcargo|Stealth Rock|p2a: Ting-Lu\n|-sidestart|p2: IsabellaPasquale|move: Stealth Rock\n|\n|upkeep\n|turn|4\n|\n|t:|1717184023\n|switch|p1a: Hatterene|Hatterene, L85, F|236/236\n|move|p2a: Ting-Lu|Spikes|p1a: Hatterene\n|move|p1a: Hatterene|Spikes|p2a: Ting-Lu|[from]ability: Magic Bounce\n|-sidestart|p2: IsabellaPasquale|Spikes\n|\n|upkeep\n|turn|5\n|\n|t:|1717184040\n|switch|p2a: Araquanid|Araquanid, L82, F|246/246\n|move|p1a: Hatterene|Draining Kiss|p2a: Araquanid\n|-damage|p2a: Araquanid|195/246\n|\n|upkeep\n|turn|6\n|\n|t:|1717184056\n|move|p2a: Araquanid|Liquidation|p1a: Hatterene\n|-crit|p1a: Hatterene\n|-damage|p1a: Hatterene|35/236\n|move|p1a: Hatterene|Calm Mind|p1a: Hatterene\n|-boost|p1a: Hatterene|spa|1\n|-boost|p1a: Hatterene|spd|1\n|\n|-heal|p1a: Hatterene|49/236|[from] item: Leftovers\n|upkeep\n|turn|7\n|\n|t:|1717184063\n|move|p2a: Araquanid|Leech Life|p1a: Hatterene\n|-damage|p1a: Hatterene|0 fnt\n|-heal|p2a: Araquanid|220/246|[from] drain|[of] p1a: Hatterene\n|faint|p1a: Hatterene\n|\n|upkeep\n|\n|t:|1717184074\n|switch|p1a: Arceus|Arceus-Fighting, L69|280/280\n|turn|8\n|c|\u2606IsabellaPasquale|why calm mind\n|\n|t:|1717184092\n|switch|p2a: Jirachi|Jirachi, L80|273/291 brn\n|-damage|p2a: Jirachi|255/291 brn|[from] Stealth Rock\n|-damage|p2a: Jirachi|219/291 brn|[from] Spikes\n|move|p1a: Arceus|Cosmic Power|p1a: Arceus\n|-boost|p1a: Arceus|def|1\n|-boost|p1a: Arceus|spd|1\n|\n|-damage|p2a: Jirachi|201/291 brn|[from] brn\n|upkeep\n|turn|9\n|\n|t:|1717184094\n|switch|p1a: Magcargo|Magcargo, L94, M|238/265 par\n|move|p2a: Jirachi|Body Slam|p1a: Magcargo\n|-resisted|p1a: Magcargo\n|-damage|p1a: Magcargo|228/265 par\n|\n|-damage|p2a: Jirachi|183/291 brn|[from] brn\n|upkeep\n|turn|10\n|\n|t:|1717184100\n|move|p2a: Jirachi|U-turn|p1a: Magcargo\n|-resisted|p1a: Magcargo\n|-damage|p1a: Magcargo|220/265 par\n|\n|t:|1717184103\n|switch|p2a: Araquanid|Araquanid, L82, F|220/246|[from] U-turn\n|move|p1a: Magcargo|Lava Plume|p2a: Araquanid\n|-damage|p2a: Araquanid|184/246\n|\n|upkeep\n|turn|11\n|\n|t:|1717184111\n|switch|p1a: Arceus|Arceus-Fighting, L69|280/280\n|move|p2a: Araquanid|Sticky Web|p1a: Arceus\n|-sidestart|p1: Mayqueen NyanNyan|move: Sticky Web\n|\n|upkeep\n|turn|12\n|\n|t:|1717184115\n|switch|p2a: Jirachi|Jirachi, L80|183/291 brn\n|-damage|p2a: Jirachi|165/291 brn|[from] Stealth Rock\n|-damage|p2a: Jirachi|129/291 brn|[from] Spikes\n|move|p1a: Arceus|Cosmic Power|p1a: Arceus\n|-boost|p1a: Arceus|def|1\n|-boost|p1a: Arceus|spd|1\n|\n|-damage|p2a: Jirachi|111/291 brn|[from] brn\n|upkeep\n|turn|13\n|\n|t:|1717184119\n|switch|p1a: Magcargo|Magcargo, L94, M|220/265 par\n|move|p2a: Jirachi|Body Slam|p1a: Magcargo\n|-resisted|p1a: Magcargo\n|-damage|p1a: Magcargo|211/265 par\n|\n|-damage|p2a: Jirachi|93/291 brn|[from] brn\n|upkeep\n|turn|14\n|\n|t:|1717184121\n|move|p2a: Jirachi|Drain Punch|p1a: Magcargo\n|-supereffective|p1a: Magcargo\n|-damage|p1a: Magcargo|174/265 par\n|-heal|p2a: Jirachi|112/291 brn|[from] drain|[of] p1a: Magcargo\n|move|p1a: Magcargo|Lava Plume|p2a: Jirachi\n|-supereffective|p2a: Jirachi\n|-damage|p2a: Jirachi|0 fnt\n|faint|p2a: Jirachi\n|\n|upkeep\n|\n|t:|1717184128\n|switch|p2a: Ting-Lu|Ting-Lu, L78|370/370\n|-damage|p2a: Ting-Lu|347/370|[from] Stealth Rock\n|-damage|p2a: Ting-Lu|301/370|[from] Spikes\n|-ability|p2a: Ting-Lu|Vessel of Ruin\n|turn|15\n|\n|t:|1717184140\n|move|p2a: Ting-Lu|Spikes|p1a: Magcargo\n|-sidestart|p1: Mayqueen NyanNyan|Spikes\n|move|p1a: Magcargo|Lava Plume|p2a: Ting-Lu\n|-damage|p2a: Ting-Lu|222/370\n|\n|-heal|p2a: Ting-Lu|245/370|[from] item: Leftovers\n|upkeep\n|turn|16\n|\n|t:|1717184146\n|move|p2a: Ting-Lu|Spikes|p1a: Magcargo\n|-sidestart|p1: Mayqueen NyanNyan|Spikes\n|move|p1a: Magcargo|Lava Plume|p2a: Ting-Lu\n|-damage|p2a: Ting-Lu|163/370\n|-status|p2a: Ting-Lu|brn\n|\n|-heal|p2a: Ting-Lu|186/370 brn|[from] item: Leftovers\n|-damage|p2a: Ting-Lu|163/370 brn|[from] brn\n|upkeep\n|turn|17\n|\n|t:|1717184152\n|switch|p1a: Malamar|Malamar, L82, F|275/275\n|-activate|p1a: Malamar|move: Sticky Web\n|-boost|p1a: Malamar|spe|1\n|-damage|p1a: Malamar|230/275|[from] Spikes\n|move|p2a: Ting-Lu|Spikes|p1a: Malamar\n|-sidestart|p1: Mayqueen NyanNyan|Spikes\n|\n|-heal|p2a: Ting-Lu|186/370 brn|[from] item: Leftovers\n|-damage|p2a: Ting-Lu|163/370 brn|[from] brn\n|upkeep\n|turn|18\n|inactive|IsabellaPasquale has 120 seconds left.\n|inactive|IsabellaPasquale has 90 seconds left.\n|\n|t:|1717184223\n|-terastallize|p2a: Ting-Lu|Ghost\n|move|p1a: Malamar|Superpower|p2a: Ting-Lu\n|-immune|p2a: Ting-Lu\n|move|p2a: Ting-Lu|Ruination|p1a: Malamar\n|-damage|p1a: Malamar|115/275\n|\n|-heal|p2a: Ting-Lu|186/370 brn|[from] item: Leftovers\n|-damage|p2a: Ting-Lu|163/370 brn|[from] brn\n|upkeep\n|turn|19\n|\n|t:|1717184237\n|move|p1a: Malamar|Knock Off|p2a: Ting-Lu\n|-supereffective|p2a: Ting-Lu\n|-damage|p2a: Ting-Lu|19/370 brn\n|-enditem|p2a: Ting-Lu|Leftovers|[from] move: Knock Off|[of] p1a: Malamar\n|move|p2a: Ting-Lu|Ruination|p1a: Malamar\n|-damage|p1a: Malamar|58/275\n|\n|-damage|p2a: Ting-Lu|0 fnt|[from] brn\n|faint|p2a: Ting-Lu\n|upkeep\n|j| Denkenshiki\n|\n|t:|1717184243\n|switch|p2a: Araquanid|Araquanid, L82, F|184/246\n|turn|20\n|\n|t:|1717184252\n|-terastallize|p1a: Malamar|Poison\n|move|p1a: Malamar|Rest|p1a: Malamar\n|-status|p1a: Malamar|slp|[from] move: Rest\n|-heal|p1a: Malamar|275/275 slp|[silent]\n|-enditem|p1a: Malamar|Chesto Berry|[eat]\n|-curestatus|p1a: Malamar|slp|[msg]\n|move|p2a: Araquanid|Leech Life|p1a: Malamar\n|-resisted|p1a: Malamar\n|-damage|p1a: Malamar|242/275\n|-heal|p2a: Araquanid|201/246|[from] drain|[of] p1a: Malamar\n|\n|upkeep\n|turn|21\n|inactive|IsabellaPasquale has 90 seconds left.\n|\n|t:|1717184265\n|move|p1a: Malamar|Superpower|p2a: Araquanid\n|-resisted|p2a: Araquanid\n|-damage|p2a: Araquanid|163/246\n|-boost|p1a: Malamar|atk|1\n|-boost|p1a: Malamar|def|1\n|move|p2a: Araquanid|Hydro Pump|p1a: Malamar\n|-damage|p1a: Malamar|76/275\n|\n|upkeep\n|turn|22\n|\n|t:|1717184269\n|move|p1a: Malamar|Knock Off|p2a: Araquanid\n|-damage|p2a: Araquanid|34/246\n|-enditem|p2a: Araquanid|Heavy-Duty Boots|[from] move: Knock Off|[of] p1a: Malamar\n|move|p2a: Araquanid|Hydro Pump|p1a: Malamar\n|-damage|p1a: Malamar|0 fnt\n|faint|p1a: Malamar\n|\n|upkeep\n|\n|t:|1717184277\n|switch|p1a: Barraskewda|Barraskewda, L81, F|231/231\n|-activate|p1a: Barraskewda|move: Sticky Web\n|-unboost|p1a: Barraskewda|spe|1\n|-damage|p1a: Barraskewda|174/231|[from] Spikes\n|turn|23\n|\n|t:|1717184281\n|move|p1a: Barraskewda|Throat Chop|p2a: Araquanid\n|-damage|p2a: Araquanid|0 fnt\n|faint|p2a: Araquanid\n|\n|upkeep\n|\n|t:|1717184291\n|switch|p2a: Stonjourner|Stonjourner, L91, M|330/330\n|-damage|p2a: Stonjourner|289/330|[from] Stealth Rock\n|-damage|p2a: Stonjourner|248/330|[from] Spikes\n|turn|24\n|\n|t:|1717184295\n|move|p2a: Stonjourner|Stealth Rock|p1a: Barraskewda\n|-sidestart|p1: Mayqueen NyanNyan|move: Stealth Rock\n|move|p1a: Barraskewda|Throat Chop|p2a: Stonjourner\n|-damage|p2a: Stonjourner|182/330\n|-start|p2a: Stonjourner|Throat Chop|[silent]\n|\n|upkeep\n|turn|25\n|\n|t:|1717184299\n|move|p2a: Stonjourner|Earthquake|p1a: Barraskewda\n|-crit|p1a: Barraskewda\n|-damage|p1a: Barraskewda|0 fnt\n|faint|p1a: Barraskewda\n|-damage|p2a: Stonjourner|149/330|[from] item: Life Orb\n|\n|-end|p2a: Stonjourner|Throat Chop|[silent]\n|upkeep\n|\n|t:|1717184303\n|switch|p1a: Arceus|Arceus-Fighting, L69|280/280\n|-activate|p1a: Arceus|move: Sticky Web\n|-unboost|p1a: Arceus|spe|1\n|-damage|p1a: Arceus|210/280|[from] Spikes\n|-damage|p1a: Arceus|193/280|[from] Stealth Rock\n|turn|26\n|inactive|IsabellaPasquale has 120 seconds left.\n|\n|t:|1717184347\n|move|p2a: Stonjourner|Earthquake|p1a: Arceus\n|-damage|p1a: Arceus|68/280\n|-damage|p2a: Stonjourner|116/330|[from] item: Life Orb\n|move|p1a: Arceus|Recover|p1a: Arceus\n|-heal|p1a: Arceus|208/280\n|\n|upkeep\n|turn|27\n|\n|t:|1717184350\n|move|p2a: Stonjourner|Earthquake|p1a: Arceus\n|-damage|p1a: Arceus|85/280\n|-damage|p2a: Stonjourner|83/330|[from] item: Life Orb\n|move|p1a: Arceus|Recover|p1a: Arceus\n|-heal|p1a: Arceus|225/280\n|\n|upkeep\n|turn|28\n|\n|t:|1717184352\n|move|p2a: Stonjourner|Earthquake|p1a: Arceus\n|-damage|p1a: Arceus|96/280\n|-damage|p2a: Stonjourner|50/330|[from] item: Life Orb\n|move|p1a: Arceus|Recover|p1a: Arceus\n|-heal|p1a: Arceus|236/280\n|\n|upkeep\n|turn|29\n|\n|t:|1717184355\n|move|p2a: Stonjourner|Earthquake|p1a: Arceus\n|-damage|p1a: Arceus|118/280\n|-damage|p2a: Stonjourner|17/330|[from] item: Life Orb\n|move|p1a: Arceus|Recover|p1a: Arceus\n|-heal|p1a: Arceus|258/280\n|\n|upkeep\n|turn|30\n|\n|t:|1717184358\n|move|p2a: Stonjourner|Earthquake|p1a: Arceus\n|-damage|p1a: Arceus|135/280\n|-damage|p2a: Stonjourner|0 fnt|[from] item: Life Orb\n|faint|p2a: Stonjourner\n|move|p1a: Arceus|Recover|p1a: Arceus\n|-heal|p1a: Arceus|275/280\n|\n|upkeep\n|\n|t:|1717184382\n|switch|p2a: Kleavor|Kleavor, L78, M|237/237\n|turn|31\n|\n|t:|1717184386\n|move|p2a: Kleavor|Swords Dance|p2a: Kleavor\n|-boost|p2a: Kleavor|atk|2\n|move|p1a: Arceus|Cosmic Power|p1a: Arceus\n|-boost|p1a: Arceus|def|1\n|-boost|p1a: Arceus|spd|1\n|\n|upkeep\n|turn|32\n|inactive|IsabellaPasquale has 120 seconds left.\n|\n|t:|1717184440\n|move|p2a: Kleavor|Close Combat|p1a: Arceus\n|-damage|p1a: Arceus|154/280\n|-unboost|p2a: Kleavor|def|1\n|-unboost|p2a: Kleavor|spd|1\n|move|p1a: Arceus|Cosmic Power|p1a: Arceus\n|-boost|p1a: Arceus|def|1\n|-boost|p1a: Arceus|spd|1\n|\n|upkeep\n|turn|33\n|inactive|IsabellaPasquale has 90 seconds left.\n|\n|t:|1717184460\n|move|p2a: Kleavor|Close Combat|p1a: Arceus\n|-damage|p1a: Arceus|63/280\n|-unboost|p2a: Kleavor|def|1\n|-unboost|p2a: Kleavor|spd|1\n|move|p1a: Arceus|Body Press|p2a: Kleavor\n|-damage|p2a: Kleavor|0 fnt\n|faint|p2a: Kleavor\n|\n|upkeep\n|\n|t:|1717184463\n|switch|p2a: Gyarados|Gyarados, L79, F|280/280\n|-ability|p2a: Gyarados|Intimidate|boost\n|-unboost|p1a: Arceus|atk|1\n|turn|34\n|\n|t:|1717184466\n|move|p2a: Gyarados|Waterfall|p1a: Arceus\n|-damage|p1a: Arceus|17/280\n|move|p1a: Arceus|Recover|p1a: Arceus\n|-heal|p1a: Arceus|157/280\n|\n|upkeep\n|turn|35\n|\n|t:|1717184470\n|move|p2a: Gyarados|Waterfall|p1a: Arceus\n|-damage|p1a: Arceus|111/280\n|move|p1a: Arceus|Recover|p1a: Arceus\n|-heal|p1a: Arceus|251/280\n|\n|upkeep\n|turn|36\n|\n|t:|1717184473\n|move|p2a: Gyarados|Waterfall|p1a: Arceus\n|-damage|p1a: Arceus|209/280\n|move|p1a: Arceus|Stored Power|p2a: Gyarados\n|-damage|p2a: Gyarados|228/280\n|\n|upkeep\n|turn|37\n|\n|t:|1717184478\n|move|p2a: Gyarados|Dragon Dance|p2a: Gyarados\n|-boost|p2a: Gyarados|atk|1\n|-boost|p2a: Gyarados|spe|1\n|move|p1a: Arceus|Cosmic Power|p1a: Arceus\n|-boost|p1a: Arceus|def|1\n|-boost|p1a: Arceus|spd|1\n|\n|upkeep\n|turn|38\n|\n|t:|1717184484\n|move|p2a: Gyarados|Waterfall|p1a: Arceus\n|-damage|p1a: Arceus|157/280\n|cant|p1a: Arceus|flinch\n|\n|upkeep\n|turn|39\n|\n|t:|1717184489\n|move|p2a: Gyarados|Waterfall|p1a: Arceus\n|-damage|p1a: Arceus|102/280\n|move|p1a: Arceus|Recover|p1a: Arceus\n|-heal|p1a: Arceus|242/280\n|\n|upkeep\n|turn|40\n|\n|t:|1717184496\n|move|p2a: Gyarados|Waterfall|p1a: Arceus\n|-damage|p1a: Arceus|187/280\n|move|p1a: Arceus|Cosmic Power|p1a: Arceus\n|-boost|p1a: Arceus|def|1\n|-boost|p1a: Arceus|spd|1\n|\n|upkeep\n|turn|41\n|\n|t:|1717184503\n|move|p2a: Gyarados|Waterfall|p1a: Arceus\n|-damage|p1a: Arceus|145/280\n|move|p1a: Arceus|Stored Power|p2a: Gyarados\n|-damage|p2a: Gyarados|130/280\n|\n|upkeep\n|turn|42\n|\n|t:|1717184508\n|move|p2a: Gyarados|Waterfall|p1a: Arceus\n|-damage|p1a: Arceus|102/280\n|move|p1a: Arceus|Stored Power|p2a: Gyarados\n|-damage|p2a: Gyarados|32/280\n|\n|upkeep\n|turn|43\n|\n|t:|1717184512\n|move|p2a: Gyarados|Waterfall|p1a: Arceus\n|-crit|p1a: Arceus\n|-damage|p1a: Arceus|0 fnt\n|faint|p1a: Arceus\n|\n|upkeep\n|\n|t:|1717184516\n|switch|p1a: Magcargo|Magcargo, L94, M|174/265 par\n|turn|44\n|\n|t:|1717184520\n|move|p2a: Gyarados|Earthquake|p1a: Magcargo\n|-supereffective|p1a: Magcargo\n|-damage|p1a: Magcargo|0 fnt\n|faint|p1a: Magcargo\n|\n|upkeep\n|-message|Mayqueen NyanNyan forfeited.\n|\n|win|IsabellaPasquale\n|raw|Mayqueen NyanNyan's rating: 2260 &rarr; <strong>2243</strong><br />(-17 for losing)\n|raw|IsabellaPasquale's rating: 2314 &rarr; <strong>2331</strong><br />(+17 for winning)\n|l|\u2606Mayqueen NyanNyan\n|player|p1|\n|l| Denkenshiki\n", "inputlog": ">version 82ceab39522df80d6289bc3fb83a311a02ed08de\n>start {\"formatid\":\"gen9randombattle\",\"seed\":[48989,9438,45911,35827],\"rated\":\"Rated battle\"}\n>player p1 {\"name\":\"Mayqueen NyanNyan\",\"avatar\":\"169\",\"rating\":2260,\"seed\":[34382,24900,21353,19368]}\n>player p2 {\"name\":\"IsabellaPasquale\",\"avatar\":\"giovanni\",\"rating\":2314,\"seed\":[62771,30699,34743,40400]}\n>p1 move cosmicpower\n>p2 switch 6\n>p1 switch 4\n>p2 move bodyslam\n>p1 move stealthrock\n>p2 move uturn\n>p2 switch 4\n>p1 switch 2\n>p2 move spikes\n>p1 move drainingkiss\n>p2 switch 5\n>p1 move calmmind\n>p2 move liquidation\n>p1 move drainingkiss\n>p2 move leechlife\n>p1 switch 4\n>chat \u2606IsabellaPasquale|why calm mind\n>p1 move cosmicpower\n>p2 switch 4\n>p1 switch 2\n>p2 move bodyslam\n>p1 move lavaplume\n>p2 move uturn\n>p2 switch 4\n>p1 switch 2\n>p2 move stickyweb\n>p1 move cosmicpower\n>p2 switch 4\n>p1 switch 2\n>p2 move bodyslam\n>p1 move lavaplume\n>p2 move drainpunch\n>p2 switch 5\n>p1 move lavaplume\n>p2 move spikes\n>p1 move lavaplume\n>p2 move spikes\n>p1 switch 3\n>p2 move spikes\n>p1 move superpower\n>p2 move ruination terastallize\n>p1 move knockoff\n>p2 move ruination\n>p2 switch 4\n>p1 move rest terastallize\n>p2 move leechlife\n>p1 move superpower\n>p2 move hydropump\n>p1 move knockoff\n>p2 move hydropump\n>p1 switch 5\n>p1 move throatchop\n>p2 move leechlife\n>p2 switch 2\n>p1 move throatchop\n>p2 move stealthrock\n>p1 move throatchop\n>p2 move earthquake\n>p1 switch 2\n>p1 move recover\n>p2 move earthquake\n>p1 move recover\n>p2 move earthquake\n>p1 move recover\n>p2 move earthquake\n>p1 move recover\n>p2 move earthquake\n>p1 move recover\n>p2 move earthquake\n>p2 switch 3\n>p1 move cosmicpower\n>p2 move swordsdance\n>p1 move cosmicpower\n>p2 move closecombat\n>p1 move bodypress\n>p2 move closecombat\n>p2 switch 6\n>p1 move recover\n>p2 move waterfall\n>p1 move recover\n>p2 move waterfall\n>p1 move storedpower\n>p2 move waterfall\n>p1 move cosmicpower\n>p2 move dragondance\n>p1 move cosmicpower\n>p2 move waterfall\n>p1 move recover\n>p2 move waterfall\n>p1 move cosmicpower\n>p2 move waterfall\n>p1 move storedpower\n>p2 move waterfall\n>p1 move storedpower\n>p2 move waterfall\n>p1 move storedpower\n>p2 move waterfall\n>p1 switch 3\n>p1 move recover\n>p2 move earthquake\n>forcelose p1", "uploadtime": 1717185019, "views": 202, "formatid": "gen9randombattle", "rating": 2243, "private": 0, "password": null}