{"id": "gen9randombattle-2259777308", "format": "[Gen 9] Random Battle", "players": ["Rohspect", "CrypticVulpix"], "log": "|j|\u2606Rohspect\n|j|\u2606CrypticVulpix\n|t:|1733765700\n|gametype|singles\n|player|p1|Rohspect|backpacker|1106\n|player|p2|CrypticVulpix|102|1120\n|teamsize|p1|6\n|teamsize|p2|6\n|gen|9\n|tier|[Gen 9] Random Battle\n|rated|\n|rule|Species Clause: Limit one of each Pok\u00e9mon\n|rule|HP Percentage Mod: HP is shown in percentages\n|rule|Sleep Clause Mod: Limit one foe put to sleep\n|rule|Illusion Level Mod: Illusion disguises the Pok\u00e9mon's true level\n|\n|t:|1733765700\n|start\n|switch|p1a: Infernape|Infernape, L82, F|259/259\n|switch|p2a: Dragonite|Dragonite, L74, F|257/257\n|turn|1\n|inactive|Battle timer is ON: inactive players will automatically lose when time's up. (requested by Rohspect)\n|c|\u2606CrypticVulpix|I got 5 m9inues speed match pls\n|\n|t:|1733765729\n|-terastallize|p1a: Infernape|Dark\n|-terastallize|p2a: Dragonite|Ground\n|move|p1a: Infernape|Knock Off|p2a: Dragonite\n|-damage|p2a: Dragonite|180/257\n|-enditem|p2a: Dragonite|Heavy-Duty Boots|[from] move: Knock Off|[of] p1a: Infernape\n|-damage|p1a: Infernape|234/259|[from] item: Life Orb\n|move|p2a: Dragonite|Dragon Dance|p2a: Dragonite\n|-boost|p2a: Dragonite|atk|1\n|-boost|p2a: Dragonite|spe|1\n|\n|upkeep\n|turn|2\n|\n|t:|1733765740\n|move|p2a: Dragonite|Dragon Dance|p2a: Dragonite\n|-boost|p2a: Dragonite|atk|1\n|-boost|p2a: Dragonite|spe|1\n|move|p1a: Infernape|Close Combat|p2a: Dragonite\n|-damage|p2a: Dragonite|3/257\n|-unboost|p1a: Infernape|def|1\n|-unboost|p1a: Infernape|spd|1\n|-damage|p1a: Infernape|209/259|[from] item: Life Orb\n|\n|upkeep\n|turn|3\n|\n|t:|1733765750\n|move|p2a: Dragonite|Earthquake|p1a: Infernape\n|-damage|p1a: Infernape|0 fnt\n|faint|p1a: Infernape\n|\n|upkeep\n|\n|t:|1733765760\n|switch|p1a: Weezing|Weezing-Galar, L86, F|252/252\n|turn|4\n|\n|t:|1733765774\n|move|p2a: Dragonite|Outrage|p1a: Weezing\n|-immune|p1a: Weezing\n|move|p1a: Weezing|Gunk Shot|p2a: Dragonite|[miss]\n|-miss|p1a: Weezing|p2a: Dragonite\n|\n|upkeep\n|turn|5\n|\n|t:|1733765784\n|move|p2a: Dragonite|Roost|p2a: Dragonite\n|-heal|p2a: Dragonite|132/257\n|move|p1a: Weezing|Defog|p2a: Dragonite\n|-unboost|p2a: Dragonite|evasion|1\n|\n|upkeep\n|turn|6\n|\n|t:|1733765791\n|move|p2a: Dragonite|Roost|p2a: Dragonite\n|-heal|p2a: Dragonite|257/257\n|move|p1a: Weezing|Strange Steam|p2a: Dragonite\n|-damage|p2a: Dragonite|212/257\n|\n|upkeep\n|turn|7\n|\n|t:|1733765797\n|move|p2a: Dragonite|Dragon Dance|p2a: Dragonite\n|-boost|p2a: Dragonite|atk|1\n|-boost|p2a: Dragonite|spe|1\n|move|p1a: Weezing|Gunk Shot|p2a: Dragonite\n|-resisted|p2a: Dragonite\n|-damage|p2a: Dragonite|143/257\n|\n|upkeep\n|turn|8\n|\n|t:|1733765805\n|move|p2a: Dragonite|Dragon Dance|p2a: Dragonite\n|-boost|p2a: Dragonite|atk|1\n|-boost|p2a: Dragonite|spe|1\n|move|p1a: Weezing|Defog|p2a: Dragonite\n|-unboost|p2a: Dragonite|evasion|1\n|\n|upkeep\n|turn|9\n|\n|t:|1733765813\n|switch|p1a: Abomasnow|Abomasnow, L85, M|291/291\n|-weather|Snow|[from] ability: Snow Warning|[of] p1a: Abomasnow\n|move|p2a: Dragonite|Roost|p2a: Dragonite\n|-heal|p2a: Dragonite|257/257\n|\n|-weather|Snow|[upkeep]\n|upkeep\n|turn|10\n|\n|t:|1733765825\n|move|p2a: Dragonite|Earthquake|p1a: Abomasnow\n|-resisted|p1a: Abomasnow\n|-damage|p1a: Abomasnow|168/291\n|move|p1a: Abomasnow|Blizzard|p2a: Dragonite\n|-supereffective|p2a: Dragonite\n|-damage|p2a: Dragonite|133/257\n|\n|-weather|Snow|[upkeep]\n|upkeep\n|turn|11\n|\n|t:|1733765835\n|move|p1a: Abomasnow|Ice Shard|p2a: Dragonite\n|-supereffective|p2a: Dragonite\n|-damage|p2a: Dragonite|43/257\n|move|p2a: Dragonite|Roost|p2a: Dragonite\n|-heal|p2a: Dragonite|172/257\n|\n|-weather|Snow|[upkeep]\n|upkeep\n|turn|12\n|\n|t:|1733765842\n|move|p1a: Abomasnow|Ice Shard|p2a: Dragonite\n|-supereffective|p2a: Dragonite\n|-damage|p2a: Dragonite|82/257\n|move|p2a: Dragonite|Roost|p2a: Dragonite\n|-heal|p2a: Dragonite|211/257\n|\n|-weather|Snow|[upkeep]\n|upkeep\n|turn|13\n|\n|t:|1733765853\n|move|p1a: Abomasnow|Ice Shard|p2a: Dragonite\n|-supereffective|p2a: Dragonite\n|-damage|p2a: Dragonite|115/257\n|move|p2a: Dragonite|Outrage|p1a: Abomasnow\n|-damage|p1a: Abomasnow|0 fnt\n|faint|p1a: Abomasnow\n|\n|-weather|none\n|upkeep\n|\n|t:|1733765867\n|switch|p1a: Vivillon|Vivillon-High Plains, L84, M|272/272\n|turn|14\n|\n|t:|1733765871\n|move|p2a: Dragonite|Outrage|p1a: Vivillon|[from]lockedmove\n|-damage|p1a: Vivillon|0 fnt\n|faint|p1a: Vivillon\n|-start|p2a: Dragonite|confusion|[fatigue]\n|\n|upkeep\n|\n|t:|1733765877\n|switch|p1a: Hatterene|Hatterene, L85, F|236/236\n|turn|15\n|\n|t:|1733765886\n|-activate|p2a: Dragonite|confusion\n|-damage|p2a: Dragonite|28/257|[from] confusion\n|move|p1a: Hatterene|Psychic Noise|p2a: Dragonite\n|-damage|p2a: Dragonite|0 fnt\n|faint|p2a: Dragonite\n|\n|upkeep\n|\n|t:|1733765893\n|switch|p2a: Ditto|Ditto, L87|225/225\n|-transform|p2a: Ditto|p1a: Hatterene|[from] ability: Imposter\n|turn|16\n|\n|t:|1733765903\n|switch|p1a: Weezing|Weezing-Galar, L86, F|252/252\n|move|p2a: Ditto|Nuzzle|p1a: Weezing\n|-damage|p1a: Weezing|239/252\n|-status|p1a: Weezing|par\n|\n|-heal|p1a: Weezing|252/252 par|[from] item: Leftovers\n|upkeep\n|turn|17\n|\n|t:|1733765916\n|switch|p2a: Weezing|Weezing-Galar, L86, F|252/252\n|move|p1a: Weezing|Gunk Shot|p2a: Weezing\n|-damage|p2a: Weezing|156/252\n|\n|-heal|p2a: Weezing|171/252|[from] item: Leftovers\n|upkeep\n|turn|18\n|\n|t:|1733765931\n|switch|p1a: Hatterene|Hatterene, L85, F|236/236\n|move|p2a: Weezing|Pain Split|p1a: Hatterene\n|-sethp|p1a: Hatterene|203/236|[from] move: Pain Split|[silent]\n|-sethp|p2a: Weezing|203/252|[from] move: Pain Split\n|\n|-heal|p2a: Weezing|218/252|[from] item: Leftovers\n|upkeep\n|turn|19\n|\n|t:|1733765940\n|move|p2a: Weezing|Defog|p1a: Hatterene\n|move|p1a: Hatterene|Defog|p2a: Weezing|[from]ability: Magic Bounce\n|-unboost|p2a: Weezing|evasion|1\n|move|p1a: Hatterene|Psychic Noise|p2a: Weezing\n|-supereffective|p2a: Weezing\n|-damage|p2a: Weezing|0 fnt\n|faint|p2a: Weezing\n|\n|upkeep\n|\n|t:|1733765947\n|switch|p2a: Ditto|Ditto, L87|225/225\n|-transform|p2a: Ditto|p1a: Hatterene|[from] ability: Imposter\n|turn|20\n|\n|t:|1733765952\n|switch|p1a: Weezing|Weezing-Galar, L86, F|252/252 par\n|move|p2a: Ditto|Nuzzle|p1a: Weezing\n|-damage|p1a: Weezing|240/252 par\n|\n|-heal|p1a: Weezing|252/252 par|[from] item: Leftovers\n|upkeep\n|turn|21\n|\n|t:|1733765960\n|switch|p2a: Stonjourner|Stonjourner, L91, M|330/330\n|move|p1a: Weezing|Gunk Shot|p2a: Stonjourner\n|-resisted|p2a: Stonjourner\n|-damage|p2a: Stonjourner|292/330\n|\n|upkeep\n|turn|22\n|\n|t:|1733765970\n|switch|p1a: Iron Moth|Iron Moth, L78|253/253\n|move|p2a: Stonjourner|Rock Polish|p2a: Stonjourner\n|-boost|p2a: Stonjourner|spe|2\n|\n|upkeep\n|turn|23\n|\n|t:|1733765981\n|move|p2a: Stonjourner|Stone Edge|p1a: Iron Moth\n|-supereffective|p1a: Iron Moth\n|-damage|p1a: Iron Moth|0 fnt\n|faint|p1a: Iron Moth\n|-end|p1a: Iron Moth|Quark Drive|[silent]\n|-damage|p2a: Stonjourner|259/330|[from] item: Life Orb\n|\n|upkeep\n|\n|t:|1733765987\n|switch|p1a: Hatterene|Hatterene, L85, F|203/236\n|turn|24\n|\n|t:|1733765993\n|move|p2a: Stonjourner|Stone Edge|p1a: Hatterene|[miss]\n|-miss|p2a: Stonjourner|p1a: Hatterene\n|move|p1a: Hatterene|Nuzzle|p2a: Stonjourner\n|-damage|p2a: Stonjourner|249/330\n|-status|p2a: Stonjourner|par\n|\n|upkeep\n|turn|25\n|\n|t:|1733766001\n|move|p2a: Stonjourner|Stone Edge|p1a: Hatterene\n|-crit|p1a: Hatterene\n|-damage|p1a: Hatterene|0 fnt\n|faint|p1a: Hatterene\n|-damage|p2a: Stonjourner|216/330 par|[from] item: Life Orb\n|\n|upkeep\n|\n|t:|1733766007\n|switch|p1a: Weezing|Weezing-Galar, L86, F|252/252 par\n|turn|26\n|\n|t:|1733766013\n|move|p2a: Stonjourner|Stone Edge|p1a: Weezing\n|-damage|p1a: Weezing|88/252 par\n|-damage|p2a: Stonjourner|183/330 par|[from] item: Life Orb\n|move|p1a: Weezing|Strange Steam|p2a: Stonjourner\n|-damage|p2a: Stonjourner|0 fnt\n|faint|p2a: Stonjourner\n|\n|-heal|p1a: Weezing|103/252 par|[from] item: Leftovers\n|upkeep\n|\n|t:|1733766018\n|switch|p2a: Ditto|Ditto, L87|225/225\n|-transform|p2a: Ditto|p1a: Weezing|[from] ability: Imposter\n|turn|27\n|\n|t:|1733766026\n|move|p2a: Ditto|Strange Steam|p1a: Weezing\n|-resisted|p1a: Weezing\n|-damage|p1a: Weezing|49/252 par\n|cant|p1a: Weezing|par\n|\n|-heal|p1a: Weezing|64/252 par|[from] item: Leftovers\n|upkeep\n|turn|28\n|-message|Rohspect forfeited.\n|\n|win|CrypticVulpix\n|raw|Rohspect's rating: 1106 &rarr; <strong>1082</strong><br />(-24 for losing)\n|raw|CrypticVulpix's rating: 1120 &rarr; <strong>1144</strong><br />(+24 for winning)\n|l|\u2606Rohspect\n|player|p1|\n|c|\u2606CrypticVulpix|gg\n", "inputlog": ">version bfd83cad13791eb5a5a409923076391caf6fb4d4\n>start {\"formatid\":\"gen9randombattle\",\"seed\":[41718,25331,27500,64279],\"rated\":\"Rated battle\"}\n>player p1 {\"name\":\"Rohspect\",\"avatar\":\"backpacker\",\"rating\":1106,\"seed\":[42456,40827,17721,17133]}\n>player p2 {\"name\":\"CrypticVulpix\",\"avatar\":\"102\",\"rating\":1120,\"seed\":[29260,30812,35857,46645]}\n>chat \u2606CrypticVulpix|I got 5 m9inues speed match pls\n>p1 move knockoff terastallize\n>p2 move dragondance terastallize\n>p1 move closecombat\n>p2 move dragondance\n>p1 move knockoff\n>p2 move earthquake\n>p1 switch 2\n>p1 move gunkshot\n>p2 move outrage\n>p1 move defog\n>p2 move roost\n>p1 move strangesteam\n>p2 move roost\n>p1 move gunkshot\n>p2 move dragondance\n>p1 move defog\n>p2 move dragondance\n>p1 switch 4\n>p2 move roost\n>p1 move blizzard\n>p2 move earthquake\n>p1 move iceshard\n>p2 move roost\n>p1 move iceshard\n>p2 move roost\n>p1 move iceshard\n>p2 move outrage\n>p1 switch 5\n>p1 move sleeppowder\n>p2 move outrage\n>p1 switch 6\n>p1 move psychicnoise\n>p2 move roost\n>p2 switch 5\n>p1 switch 4\n>p2 move nuzzle\n>p1 move gunkshot\n>p2 switch 2\n>p1 switch 4\n>p2 move painsplit\n>p1 move psychicnoise\n>p2 move defog\n>p2 switch 2\n>p1 switch 4\n>p2 move nuzzle\n>p1 move gunkshot\n>p2 switch 4\n>p1 switch 3\n>p2 move rockpolish\n>p1 move energyball\n>p2 move stoneedge\n>p1 switch 4\n>p1 move nuzzle\n>p2 move stoneedge\n>p1 move drainingkiss\n>p2 move stoneedge\n>p1 switch 3\n>p1 move strangesteam\n>p2 move stoneedge\n>p2 switch 4\n>p1 move gunkshot\n>p2 move strangesteam\n>forcelose p1", "uploadtime": 1733766039, "views": 1, "formatid": "gen9randombattle", "rating": 1082, "private": 0, "password": null}