{"id": "gen9randombattle-2260520302", "format": "[Gen 9] Random Battle", "players": ["hoosey4", "Zphoenixreborn"], "log": "|j|\u2606hoosey4\n|j|\u2606Zphoenixreborn\n|t:|1733859574\n|gametype|singles\n|player|p1|hoosey4|n|1188\n|player|p2|Zphoenixreborn|scientistf|1199\n|teamsize|p1|6\n|teamsize|p2|6\n|gen|9\n|tier|[Gen 9] Random Battle\n|rated|\n|rule|Species Clause: Limit one of each Pok\u00e9mon\n|rule|HP Percentage Mod: HP is shown in percentages\n|rule|Sleep Clause Mod: Limit one foe put to sleep\n|rule|Illusion Level Mod: Illusion disguises the Pok\u00e9mon's true level\n|\n|t:|1733859574\n|start\n|switch|p1a: Vivillon|Vivillon-Modern, L84, F|272/272\n|switch|p2a: Ursaluna|Ursaluna, L79, F|335/335\n|turn|1\n|inactive|Battle timer is ON: inactive players will automatically lose when time's up. (requested by Zphoenixreborn)\n|\n|t:|1733859583\n|move|p1a: Vivillon|Sleep Powder|p2a: Ursaluna\n|-status|p2a: Ursaluna|slp|[from] move: Sleep Powder\n|cant|p2a: Ursaluna|slp\n|\n|upkeep\n|turn|2\n|\n|t:|1733859597\n|switch|p2a: Pachirisu|Pachirisu, L96, M|271/271\n|move|p1a: Vivillon|Quiver Dance|p1a: Vivillon\n|-boost|p1a: Vivillon|spa|1\n|-boost|p1a: Vivillon|spd|1\n|-boost|p1a: Vivillon|spe|1\n|\n|upkeep\n|turn|3\n|\n|t:|1733859613\n|move|p1a: Vivillon|Bug Buzz|p2a: Pachirisu\n|-damage|p2a: Pachirisu|187/271\n|move|p2a: Pachirisu|Nuzzle|p1a: Vivillon\n|-supereffective|p1a: Vivillon\n|-damage|p1a: Vivillon|218/272\n|-status|p1a: Vivillon|par\n|\n|upkeep\n|turn|4\n|\n|t:|1733859634\n|switch|p1a: Umbreon|Umbreon, L84, F|297/297\n|move|p2a: Pachirisu|Thunderbolt|p1a: Umbreon\n|-damage|p1a: Umbreon|239/297\n|\n|-heal|p1a: Umbreon|257/297|[from] item: Leftovers\n|upkeep\n|turn|5\n|\n|t:|1733859642\n|move|p2a: Pachirisu|U-turn|p1a: Umbreon\n|-supereffective|p1a: Umbreon\n|-damage|p1a: Umbreon|195/297\n|\n|t:|1733859648\n|switch|p2a: Venomoth|Venomoth, L84, F|255/255|[from] U-turn\n|move|p1a: Umbreon|Toxic|p2a: Venomoth\n|-immune|p2a: Venomoth\n|\n|-heal|p1a: Umbreon|213/297|[from] item: Leftovers\n|upkeep\n|turn|6\n|\n|t:|1733859659\n|switch|p1a: Wugtrio|Wugtrio, L91, M|212/212\n|move|p2a: Venomoth|Quiver Dance|p2a: Venomoth\n|-boost|p2a: Venomoth|spa|1\n|-boost|p2a: Venomoth|spd|1\n|-boost|p2a: Venomoth|spe|1\n|\n|upkeep\n|turn|7\n|\n|t:|1733859672\n|move|p2a: Venomoth|Sleep Powder|p1a: Wugtrio\n|-status|p1a: Wugtrio|slp|[from] move: Sleep Powder\n|cant|p1a: Wugtrio|slp\n|\n|upkeep\n|turn|8\n|\n|t:|1733859677\n|move|p2a: Venomoth|Quiver Dance|p2a: Venomoth\n|-boost|p2a: Venomoth|spa|1\n|-boost|p2a: Venomoth|spd|1\n|-boost|p2a: Venomoth|spe|1\n|cant|p1a: Wugtrio|slp\n|\n|upkeep\n|turn|9\n|\n|t:|1733859683\n|move|p2a: Venomoth|Bug Buzz|p1a: Wugtrio\n|-damage|p1a: Wugtrio|23/212 slp\n|-curestatus|p1a: Wugtrio|slp|[msg]\n|move|p1a: Wugtrio|Liquidation|p2a: Venomoth\n|-damage|p2a: Venomoth|48/255\n|\n|upkeep\n|turn|10\n|\n|t:|1733859699\n|switch|p1a: Vivillon|Vivillon-Modern, L84, F|218/272 par\n|move|p2a: Venomoth|Bug Buzz|p1a: Vivillon\n|-resisted|p1a: Vivillon\n|-damage|p1a: Vivillon|0 fnt\n|faint|p1a: Vivillon\n|\n|upkeep\n|\n|t:|1733859705\n|switch|p1a: Wugtrio|Wugtrio, L91, M|23/212\n|turn|11\n|\n|t:|1733859720\n|switch|p2a: Pachirisu|Pachirisu, L96, M|187/271\n|move|p1a: Wugtrio|Aqua Jet|p2a: Pachirisu\n|-damage|p2a: Pachirisu|100/271\n|\n|upkeep\n|turn|12\n|\n|t:|1733859732\n|switch|p1a: Umbreon|Umbreon, L84, F|213/297\n|move|p2a: Pachirisu|Thunderbolt|p1a: Umbreon\n|-damage|p1a: Umbreon|156/297\n|\n|-heal|p1a: Umbreon|174/297|[from] item: Leftovers\n|upkeep\n|turn|13\n|\n|t:|1733859741\n|move|p2a: Pachirisu|Nuzzle|p1a: Umbreon\n|-damage|p1a: Umbreon|159/297\n|-status|p1a: Umbreon|par\n|-activate|p1a: Umbreon|ability: Synchronize\n|-immune|p2a: Pachirisu\n|move|p1a: Umbreon|Wish|p1a: Umbreon\n|\n|-heal|p1a: Umbreon|177/297 par|[from] item: Leftovers\n|upkeep\n|turn|14\n|\n|t:|1733859751\n|move|p2a: Pachirisu|U-turn|p1a: Umbreon\n|-supereffective|p1a: Umbreon\n|-damage|p1a: Umbreon|119/297 par\n|\n|t:|1733859754\n|switch|p2a: Venomoth|Venomoth, L84, F|48/255|[from] U-turn\n|cant|p1a: Umbreon|par\n|\n|-heal|p1a: Umbreon|267/297 par|[from] move: Wish|[wisher] Umbreon\n|-heal|p1a: Umbreon|285/297 par|[from] item: Leftovers\n|upkeep\n|turn|15\n|\n|t:|1733859768\n|move|p2a: Venomoth|Bug Buzz|p1a: Umbreon\n|-supereffective|p1a: Umbreon\n|-crit|p1a: Umbreon\n|-damage|p1a: Umbreon|79/297 par\n|move|p1a: Umbreon|Foul Play|p2a: Venomoth\n|-damage|p2a: Venomoth|0 fnt\n|faint|p2a: Venomoth\n|\n|-heal|p1a: Umbreon|97/297 par|[from] item: Leftovers\n|upkeep\n|\n|t:|1733859778\n|switch|p2a: Dachsbun|Dachsbun, L92, F|254/254\n|turn|16\n|\n|t:|1733859784\n|move|p2a: Dachsbun|Play Rough|p1a: Umbreon\n|-supereffective|p1a: Umbreon\n|-damage|p1a: Umbreon|0 fnt\n|faint|p1a: Umbreon\n|\n|upkeep\n|\n|t:|1733859795\n|switch|p1a: Indeedee|Indeedee, L84, M|238/238\n|-fieldstart|move: Psychic Terrain|[from] ability: Psychic Surge|[of] p1a: Indeedee\n|turn|17\n|\n|t:|1733859803\n|move|p2a: Dachsbun|Play Rough|p1a: Indeedee\n|-damage|p1a: Indeedee|112/238\n|move|p1a: Indeedee|Expanding Force|p2a: Dachsbun\n|-damage|p2a: Dachsbun|23/254\n|-damage|p1a: Indeedee|89/238|[from] item: Life Orb\n|\n|-heal|p2a: Dachsbun|38/254|[from] item: Leftovers\n|upkeep\n|turn|18\n|\n|t:|1733859815\n|switch|p1a: Basculin|Basculin, L86, F|261/261\n|move|p2a: Dachsbun|Play Rough|p1a: Basculin\n|-damage|p1a: Basculin|150/261\n|\n|-heal|p2a: Dachsbun|53/254|[from] item: Leftovers\n|upkeep\n|turn|19\n|\n|t:|1733859825\n|move|p2a: Dachsbun|Protect|p2a: Dachsbun\n|-singleturn|p2a: Dachsbun|Protect\n|move|p1a: Basculin|Aqua Jet|p2a: Dachsbun\n|-activate|p2a: Dachsbun|move: Psychic Terrain\n|\n|-heal|p2a: Dachsbun|68/254|[from] item: Leftovers\n|upkeep\n|turn|20\n|\n|t:|1733859837\n|switch|p1a: Girafarig|Girafarig, L89, M|269/269\n|move|p2a: Dachsbun|Wish|p2a: Dachsbun\n|\n|-heal|p2a: Dachsbun|83/254|[from] item: Leftovers\n|upkeep\n|turn|21\n|\n|t:|1733859845\n|move|p2a: Dachsbun|Protect|p2a: Dachsbun\n|-singleturn|p2a: Dachsbun|Protect\n|move|p1a: Girafarig|Nasty Plot|p1a: Girafarig\n|-boost|p1a: Girafarig|spa|2\n|\n|-heal|p2a: Dachsbun|210/254|[from] move: Wish|[wisher] Dachsbun\n|-heal|p2a: Dachsbun|225/254|[from] item: Leftovers\n|-fieldend|move: Psychic Terrain\n|upkeep\n|turn|22\n|\n|t:|1733859854\n|move|p2a: Dachsbun|Play Rough|p1a: Girafarig|[miss]\n|-miss|p2a: Dachsbun|p1a: Girafarig\n|move|p1a: Girafarig|Psyshock|p2a: Dachsbun\n|-damage|p2a: Dachsbun|102/254\n|\n|-heal|p2a: Dachsbun|117/254|[from] item: Leftovers\n|upkeep\n|turn|23\n|\n|t:|1733859862\n|move|p2a: Dachsbun|Wish|p2a: Dachsbun\n|move|p1a: Girafarig|Psyshock|p2a: Dachsbun\n|-damage|p2a: Dachsbun|0 fnt\n|faint|p2a: Dachsbun\n|\n|upkeep\n|\n|t:|1733859868\n|switch|p2a: Pachirisu|Pachirisu, L96, M|100/271\n|turn|24\n|\n|t:|1733859873\n|move|p2a: Pachirisu|Nuzzle|p1a: Girafarig\n|-damage|p1a: Girafarig|256/269\n|-status|p1a: Girafarig|par\n|move|p1a: Girafarig|Shadow Ball|p2a: Pachirisu\n|-damage|p2a: Pachirisu|34/271\n|\n|-heal|p2a: Pachirisu|161/271|[from] move: Wish|[wisher] Dachsbun\n|upkeep\n|turn|25\n|\n|t:|1733859884\n|move|p2a: Pachirisu|Thunderbolt|p1a: Girafarig\n|-damage|p1a: Girafarig|198/269 par\n|cant|p1a: Girafarig|par\n|\n|upkeep\n|turn|26\n|\n|t:|1733859891\n|move|p2a: Pachirisu|Super Fang|p1a: Girafarig\n|-damage|p1a: Girafarig|99/269 par\n|cant|p1a: Girafarig|par\n|\n|upkeep\n|turn|27\n|\n|t:|1733859897\n|move|p2a: Pachirisu|Super Fang|p1a: Girafarig\n|-damage|p1a: Girafarig|50/269 par\n|move|p1a: Girafarig|Psyshock|p2a: Pachirisu\n|-damage|p2a: Pachirisu|0 fnt\n|faint|p2a: Pachirisu\n|\n|upkeep\n|\n|t:|1733859908\n|switch|p2a: Vespiquen|Vespiquen, L98, F|296/296\n|-ability|p2a: Vespiquen|Pressure\n|turn|28\n|\n|t:|1733859915\n|move|p2a: Vespiquen|Air Slash|p1a: Girafarig\n|-crit|p1a: Girafarig\n|-damage|p1a: Girafarig|0 fnt\n|faint|p1a: Girafarig\n|\n|upkeep\n|\n|t:|1733859919\n|switch|p1a: Wugtrio|Wugtrio, L91, M|23/212\n|turn|29\n|\n|t:|1733859926\n|move|p1a: Wugtrio|Liquidation|p2a: Vespiquen\n|-damage|p2a: Vespiquen|164/296\n|move|p2a: Vespiquen|Air Slash|p1a: Wugtrio\n|-damage|p1a: Wugtrio|0 fnt\n|faint|p1a: Wugtrio\n|\n|upkeep\n|\n|t:|1733859931\n|switch|p1a: Basculin|Basculin, L86, F|150/261\n|turn|30\n|\n|t:|1733859935\n|-terastallize|p1a: Basculin|Water\n|move|p1a: Basculin|Wave Crash|p2a: Vespiquen\n|-damage|p2a: Vespiquen|0 fnt\n|faint|p2a: Vespiquen\n|-damage|p1a: Basculin|96/261|[from] Recoil\n|\n|upkeep\n|\n|t:|1733859942\n|switch|p2a: Koraidon|Koraidon, L64|235/235\n|-weather|SunnyDay|[from] ability: Orichalcum Pulse|[of] p2a: Koraidon\n|-activate|p2a: Koraidon|Orichalcum Pulse|[source]\n|turn|31\n|\n|t:|1733859960\n|move|p1a: Basculin|Wave Crash|p2a: Koraidon\n|-resisted|p2a: Koraidon\n|-damage|p2a: Koraidon|157/235\n|-damage|p1a: Basculin|70/261|[from] Recoil\n|move|p2a: Koraidon|Outrage|p1a: Basculin\n|-damage|p1a: Basculin|0 fnt\n|faint|p1a: Basculin\n|\n|-weather|SunnyDay|[upkeep]\n|upkeep\n|\n|t:|1733859967\n|switch|p1a: Indeedee|Indeedee, L84, M|89/238\n|-fieldstart|move: Psychic Terrain|[from] ability: Psychic Surge|[of] p1a: Indeedee\n|turn|32\n|\n|t:|1733859974\n|move|p2a: Koraidon|Outrage|p1a: Indeedee|[from]lockedmove\n|-damage|p1a: Indeedee|0 fnt\n|faint|p1a: Indeedee\n|\n|win|Zphoenixreborn\n|raw|hoosey4's rating: 1188 &rarr; <strong>1164</strong><br />(-24 for losing)\n|raw|Zphoenixreborn's rating: 1199 &rarr; <strong>1223</strong><br />(+24 for winning)\n|l|\u2606hoosey4\n|player|p1|\n", "inputlog": ">version bfd83cad13791eb5a5a409923076391caf6fb4d4\n>start {\"formatid\":\"gen9randombattle\",\"seed\":[60483,49875,9432,17868],\"rated\":\"Rated battle\"}\n>player p1 {\"name\":\"hoosey4\",\"avatar\":\"n\",\"rating\":1188,\"seed\":[63899,25629,17596,49512]}\n>player p2 {\"name\":\"Zphoenixreborn\",\"avatar\":\"scientistf\",\"rating\":1199,\"seed\":[43679,32740,26522,57153]}\n>p1 move sleeppowder\n>p2 move trailblaze\n>p1 move quiverdance\n>p2 switch 5\n>p1 move bugbuzz\n>p2 move nuzzle\n>p1 switch 6\n>p2 move thunderbolt\n>p1 move toxic\n>p2 move uturn\n>p2 switch 3\n>p1 switch 2\n>p2 move quiverdance\n>p1 move liquidation\n>p2 move sleeppowder\n>p1 move liquidation\n>p2 move quiverdance\n>p1 move liquidation\n>p2 move bugbuzz\n>p1 switch 6\n>p2 move bugbuzz\n>p1 switch 6\n>p1 move aquajet\n>p2 switch 3\n>p1 switch 2\n>p2 move thunderbolt\n>p1 move wish\n>p2 move nuzzle\n>p1 move toxic\n>p2 move uturn\n>p2 switch 3\n>p1 move foulplay\n>p2 move bugbuzz\n>p2 switch 2\n>p1 move toxic\n>p2 move playrough\n>p1 switch 4\n>p1 move expandingforce\n>p2 move playrough\n>p1 switch 3\n>p2 move playrough\n>p1 move aquajet\n>p2 move protect\n>p1 switch 5\n>p2 move wish\n>p1 move nastyplot\n>p2 move protect\n>p1 move psyshock\n>p2 move playrough\n>p1 move psyshock\n>p2 move wish\n>p2 switch 3\n>p1 move shadowball\n>p2 move nuzzle\n>p1 move psyshock\n>p2 move thunderbolt\n>p1 move psyshock\n>p2 move superfang\n>p1 move psyshock\n>p2 move superfang\n>p2 switch 4\n>p1 move dazzlinggleam\n>p2 move airslash\n>p1 switch 2\n>p1 move liquidation\n>p2 move airslash\n>p1 switch 5\n>p1 move wavecrash terastallize\n>p2 move roost\n>p2 switch 6\n>p1 move wavecrash\n>p2 move outrage\n>p1 switch 3\n>p1 move dazzlinggleam\n>p2 move outrage", "uploadtime": 1733859978, "views": 1, "formatid": "gen9randombattle", "rating": 1164, "private": 0, "password": null}