{"id": "gen9randombattle-2150899854", "format": "[Gen 9] Random Battle", "players": ["Tack Jakahasi", "small sad eevee"], "log": "|badge|p2|silver|gen9randombattle|30-1\n|html|<div class=\"broadcast-red\"><strong>This battle is required to be public due to one or more player having a season medal.</strong><br />During the public phase, you can discuss the state of the ladder <a href=\"/seasondiscussion\">in a special chatroom.</a></div>\n|uhtml|medal-msg|<div class=\"broadcast-blue\">Curious what those medals under the avatar are? PS now has Ladder Seasons! For more information, check out the <a href=\"https://www.smogon.com/forums/threads/3740067/\">thread on Smogon.</a></div>\n|raw|<div class=\"broadcast-blue\"><strong>This battle is required to be public due to a player having a name starting with 'medal'.</div>\n|j|\u2606Tack Jakahasi\n|j|\u2606small sad eevee\n|t:|1719481651\n|gametype|singles\n|player|p1|Tack Jakahasi|pokemaniac|2244\n|player|p2|small sad eevee|schoolkid-gen4dp|2360\n|teamsize|p1|6\n|teamsize|p2|6\n|gen|9\n|tier|[Gen 9] Random Battle\n|rated|\n|rule|Species Clause: Limit one of each Pok\u00e9mon\n|rule|HP Percentage Mod: HP is shown in percentages\n|rule|Sleep Clause Mod: Limit one foe put to sleep\n|rule|Illusion Level Mod: Illusion disguises the Pok\u00e9mon's true level\n|\n|t:|1719481651\n|start\n|switch|p1a: Meloetta|Meloetta, L82|298/298\n|switch|p2a: Arceus|Arceus-Ice, L72|291/291\n|turn|1\n|inactive|Battle timer is ON: inactive players will automatically lose when time's up. (requested by Tack Jakahasi)\n|inactive|Tack Jakahasi has 120 seconds left.\n|inactive|small sad eevee has 120 seconds left.\n|\n|t:|1719481684\n|switch|p2a: Granbull|Granbull, L88, M|302/302\n|-ability|p2a: Granbull|Intimidate|boost\n|-unboost|p1a: Meloetta|atk|1\n|move|p1a: Meloetta|U-turn|p2a: Granbull\n|-resisted|p2a: Granbull\n|-damage|p2a: Granbull|289/302\n|\n|t:|1719481707\n|switch|p1a: Greninja|Greninja, L80, M|246/246|[from] U-turn\n|\n|-heal|p2a: Granbull|302/302|[from] item: Leftovers\n|upkeep\n|turn|2\n|\n|t:|1719481714\n|switch|p2a: Gastrodon|Gastrodon-East, L86, M|331/331\n|move|p1a: Greninja|Gunk Shot|p2a: Gastrodon|[miss]\n|-miss|p1a: Greninja|p2a: Gastrodon\n|\n|upkeep\n|turn|3\n|\n|t:|1719481719\n|switch|p1a: Delibird|Delibird, F|252/252\n|move|p2a: Gastrodon|Stealth Rock|p1a: Delibird\n|-sidestart|p1: Tack Jakahasi|move: Stealth Rock\n|\n|upkeep\n|turn|4\n|\n|t:|1719481726\n|switch|p2a: Registeel|Registeel, L82|265/265\n|move|p1a: Delibird|Rapid Spin|p2a: Registeel\n|-resisted|p2a: Registeel\n|-damage|p2a: Registeel|253/265\n|-boost|p1a: Delibird|spe|1\n|-sideend|p1: Tack Jakahasi|Stealth Rock|[from] move: Rapid Spin|[of] p1a: Delibird\n|\n|-heal|p2a: Registeel|265/265|[from] item: Leftovers\n|upkeep\n|turn|5\n|\n|t:|1719481741\n|switch|p1a: Volbeat|Volbeat, L90, M|263/263\n|move|p2a: Registeel|Thunder Wave|p1a: Volbeat\n|-status|p1a: Volbeat|par\n|\n|upkeep\n|turn|6\n|\n|t:|1719481748\n|switch|p2a: Gastrodon|Gastrodon-East, L86, M|331/331\n|move|p1a: Volbeat|Thunder Wave|p2a: Gastrodon\n|-immune|p2a: Gastrodon\n|\n|upkeep\n|turn|7\n|\n|t:|1719481752\n|move|p2a: Gastrodon|Stealth Rock|p1a: Volbeat\n|-sidestart|p1: Tack Jakahasi|move: Stealth Rock\n|move|p1a: Volbeat|U-turn|p2a: Gastrodon\n|-damage|p2a: Gastrodon|249/331\n|\n|t:|1719481755\n|switch|p1a: Delibird|Delibird, F|252/252|[from] U-turn\n|\n|-heal|p2a: Gastrodon|269/331|[from] item: Leftovers\n|upkeep\n|turn|8\n|\n|t:|1719481761\n|switch|p2a: Ampharos|Ampharos, L88, F|302/302\n|move|p1a: Delibird|Rapid Spin|p2a: Ampharos\n|-damage|p2a: Ampharos|268/302\n|-boost|p1a: Delibird|spe|1\n|-status|p1a: Delibird|par|[from] ability: Static|[of] p2a: Ampharos\n|-sideend|p1: Tack Jakahasi|Stealth Rock|[from] move: Rapid Spin|[of] p1a: Delibird\n|\n|upkeep\n|turn|9\n|\n|t:|1719481771\n|switch|p1a: Ursaluna|Ursaluna-Bloodmoon, L79, M|308/308\n|move|p2a: Ampharos|Thunderbolt|p1a: Ursaluna\n|-immune|p1a: Ursaluna\n|\n|upkeep\n|turn|10\n|\n|t:|1719481783\n|move|p2a: Ampharos|Focus Blast|p1a: Ursaluna\n|-supereffective|p1a: Ursaluna\n|-damage|p1a: Ursaluna|0 fnt\n|faint|p1a: Ursaluna\n|-damage|p2a: Ampharos|238/302|[from] item: Life Orb\n|\n|upkeep\n|c|\u2606small sad eevee|lfggggggggg\n|\n|t:|1719481796\n|switch|p1a: Meloetta|Meloetta, L82|298/298\n|turn|11\n|j| vichisuki\n|l| vichisuki\n|\n|t:|1719481807\n|switch|p2a: Registeel|Registeel, L82|265/265\n|move|p1a: Meloetta|Hyper Voice|p2a: Registeel\n|-resisted|p2a: Registeel\n|-damage|p2a: Registeel|205/265\n|\n|-heal|p2a: Registeel|221/265|[from] item: Leftovers\n|upkeep\n|turn|12\n|\n|t:|1719481817\n|switch|p1a: Volbeat|Volbeat, L90, M|263/263 par\n|move|p2a: Registeel|Iron Head|p1a: Volbeat\n|-damage|p1a: Volbeat|193/263 par\n|\n|-heal|p2a: Registeel|237/265|[from] item: Leftovers\n|upkeep\n|turn|13\n|\n|t:|1719481824\n|switch|p2a: Ampharos|Ampharos, L88, F|238/302\n|cant|p1a: Volbeat|par\n|\n|upkeep\n|turn|14\n|\n|t:|1719481833\n|switch|p1a: Pikachu|Pikachu-Original, L93, M|216/216\n|move|p2a: Ampharos|Thunderbolt|p1a: Pikachu\n|-ability|p1a: Pikachu|Lightning Rod|boost\n|-boost|p1a: Pikachu|spa|1\n|\n|upkeep\n|turn|15\n|\n|t:|1719481852\n|switch|p1a: Delibird|Delibird, F|252/252 par\n|switch|p2a: Gastrodon|Gastrodon-East, L86, M|269/331\n|\n|-heal|p2a: Gastrodon|289/331|[from] item: Leftovers\n|upkeep\n|turn|16\n|\n|t:|1719481857\n|switch|p2a: Registeel|Registeel, L82|237/265\n|move|p1a: Delibird|Spikes|p2a: Registeel\n|-sidestart|p2: small sad eevee|Spikes\n|\n|-heal|p2a: Registeel|253/265|[from] item: Leftovers\n|upkeep\n|turn|17\n|\n|t:|1719481872\n|switch|p1a: Volbeat|Volbeat, L90, M|193/263 par\n|move|p2a: Registeel|Iron Head|p1a: Volbeat\n|-damage|p1a: Volbeat|123/263 par\n|\n|-heal|p2a: Registeel|265/265|[from] item: Leftovers\n|upkeep\n|turn|18\n|\n|t:|1719481877\n|switch|p2a: Gastrodon|Gastrodon-East, L86, M|289/331\n|-damage|p2a: Gastrodon|248/331|[from] Spikes\n|move|p1a: Volbeat|Roost|p1a: Volbeat\n|-heal|p1a: Volbeat|255/263 par\n|-singleturn|p1a: Volbeat|move: Roost\n|\n|-heal|p2a: Gastrodon|268/331|[from] item: Leftovers\n|upkeep\n|turn|19\n|\n|t:|1719481890\n|switch|p1a: Delibird|Delibird, F|252/252 par\n|move|p2a: Gastrodon|Surf|p1a: Delibird\n|-damage|p1a: Delibird|131/252 par\n|\n|-heal|p2a: Gastrodon|288/331|[from] item: Leftovers\n|upkeep\n|turn|20\n|\n|t:|1719481906\n|switch|p2a: Registeel|Registeel, L82|265/265\n|-damage|p2a: Registeel|232/265|[from] Spikes\n|move|p1a: Delibird|Freeze-Dry|p2a: Registeel\n|-resisted|p2a: Registeel\n|-damage|p2a: Registeel|205/265\n|\n|-heal|p2a: Registeel|221/265|[from] item: Leftovers\n|upkeep\n|turn|21\n|\n|t:|1719481911\n|switch|p2a: Gastrodon|Gastrodon-East, L86, M|288/331\n|-damage|p2a: Gastrodon|247/331|[from] Spikes\n|switch|p1a: Volbeat|Volbeat, L90, M|255/263 par\n|\n|-heal|p2a: Gastrodon|267/331|[from] item: Leftovers\n|upkeep\n|turn|22\n|\n|t:|1719481917\n|move|p2a: Gastrodon|Surf|p1a: Volbeat\n|-damage|p1a: Volbeat|155/263 par\n|cant|p1a: Volbeat|par\n|\n|-heal|p2a: Gastrodon|287/331|[from] item: Leftovers\n|upkeep\n|turn|23\n|\n|t:|1719481922\n|cant|p1a: Volbeat|par\n|move|p2a: Gastrodon|Surf|p1a: Volbeat\n|-damage|p1a: Volbeat|59/263 par\n|\n|-heal|p2a: Gastrodon|307/331|[from] item: Leftovers\n|upkeep\n|turn|24\n|\n|t:|1719481926\n|move|p1a: Volbeat|Roost|p1a: Volbeat\n|-heal|p1a: Volbeat|191/263 par\n|-singleturn|p1a: Volbeat|move: Roost\n|move|p2a: Gastrodon|Surf|p1a: Volbeat\n|-damage|p1a: Volbeat|101/263 par\n|\n|-heal|p2a: Gastrodon|327/331|[from] item: Leftovers\n|upkeep\n|turn|25\n|\n|t:|1719481929\n|move|p1a: Volbeat|Roost|p1a: Volbeat\n|-heal|p1a: Volbeat|233/263 par\n|-singleturn|p1a: Volbeat|move: Roost\n|move|p2a: Gastrodon|Surf|p1a: Volbeat\n|-damage|p1a: Volbeat|143/263 par\n|\n|-heal|p2a: Gastrodon|331/331|[from] item: Leftovers\n|upkeep\n|turn|26\n|\n|t:|1719481936\n|move|p1a: Volbeat|Roost|p1a: Volbeat\n|-heal|p1a: Volbeat|263/263 par\n|-singleturn|p1a: Volbeat|move: Roost\n|move|p2a: Gastrodon|Surf|p1a: Volbeat\n|-damage|p1a: Volbeat|163/263 par\n|\n|upkeep\n|turn|27\n|\n|t:|1719481944\n|move|p2a: Gastrodon|Stealth Rock|p1a: Volbeat\n|-sidestart|p1: Tack Jakahasi|move: Stealth Rock\n|move|p1a: Volbeat|U-turn|p2a: Gastrodon\n|-damage|p2a: Gastrodon|247/331\n|\n|t:|1719481948\n|switch|p1a: Delibird|Delibird, F|131/252 par|[from] U-turn\n|\n|-heal|p2a: Gastrodon|267/331|[from] item: Leftovers\n|upkeep\n|turn|28\n|\n|t:|1719481958\n|switch|p2a: Registeel|Registeel, L82|221/265\n|-damage|p2a: Registeel|188/265|[from] Spikes\n|cant|p1a: Delibird|par\n|\n|-heal|p2a: Registeel|204/265|[from] item: Leftovers\n|upkeep\n|turn|29\n|\n|t:|1719481966\n|switch|p1a: Volbeat|Volbeat, L90, M|163/263 par\n|move|p2a: Registeel|Iron Head|p1a: Volbeat\n|-damage|p1a: Volbeat|94/263 par\n|\n|-heal|p2a: Registeel|220/265|[from] item: Leftovers\n|upkeep\n|turn|30\n|\n|t:|1719481971\n|switch|p2a: Gastrodon|Gastrodon-East, L86, M|267/331\n|-damage|p2a: Gastrodon|226/331|[from] Spikes\n|cant|p1a: Volbeat|par\n|\n|-heal|p2a: Gastrodon|246/331|[from] item: Leftovers\n|upkeep\n|turn|31\n|\n|t:|1719481979\n|move|p1a: Volbeat|Roost|p1a: Volbeat\n|-heal|p1a: Volbeat|226/263 par\n|-singleturn|p1a: Volbeat|move: Roost\n|move|p2a: Gastrodon|Surf|p1a: Volbeat\n|-damage|p1a: Volbeat|130/263 par\n|\n|-heal|p2a: Gastrodon|266/331|[from] item: Leftovers\n|upkeep\n|turn|32\n|\n|t:|1719481982\n|move|p1a: Volbeat|Roost|p1a: Volbeat\n|-heal|p1a: Volbeat|262/263 par\n|-singleturn|p1a: Volbeat|move: Roost\n|move|p2a: Gastrodon|Surf|p1a: Volbeat\n|-damage|p1a: Volbeat|177/263 par\n|\n|-heal|p2a: Gastrodon|286/331|[from] item: Leftovers\n|upkeep\n|turn|33\n|\n|t:|1719481986\n|move|p2a: Gastrodon|Surf|p1a: Volbeat\n|-damage|p1a: Volbeat|90/263 par\n|move|p1a: Volbeat|U-turn|p2a: Gastrodon\n|-damage|p2a: Gastrodon|210/331\n|\n|t:|1719481990\n|switch|p1a: Delibird|Delibird, F|131/252 par|[from] U-turn\n|\n|-heal|p2a: Gastrodon|230/331|[from] item: Leftovers\n|upkeep\n|turn|34\n|\n|t:|1719481994\n|switch|p2a: Registeel|Registeel, L82|220/265\n|-damage|p2a: Registeel|187/265|[from] Spikes\n|move|p1a: Delibird|Spikes|p2a: Registeel\n|-sidestart|p2: small sad eevee|Spikes\n|\n|-heal|p2a: Registeel|203/265|[from] item: Leftovers\n|upkeep\n|turn|35\n|\n|t:|1719482002\n|switch|p1a: Volbeat|Volbeat, L90, M|90/263 par\n|move|p2a: Registeel|Iron Head|p1a: Volbeat\n|-damage|p1a: Volbeat|15/263 par\n|\n|-heal|p2a: Registeel|219/265|[from] item: Leftovers\n|upkeep\n|turn|36\n|\n|t:|1719482009\n|switch|p2a: Gastrodon|Gastrodon-East, L86, M|230/331\n|-damage|p2a: Gastrodon|175/331|[from] Spikes\n|cant|p1a: Volbeat|par\n|\n|-heal|p2a: Gastrodon|195/331|[from] item: Leftovers\n|upkeep\n|turn|37\n|inactive|Tack Jakahasi has 120 seconds left.\n|\n|t:|1719482043\n|switch|p1a: Meloetta|Meloetta, L82|298/298\n|-damage|p1a: Meloetta|261/298|[from] Stealth Rock\n|move|p2a: Gastrodon|Surf|p1a: Meloetta\n|-damage|p1a: Meloetta|186/298\n|\n|-heal|p2a: Gastrodon|215/331|[from] item: Leftovers\n|upkeep\n|turn|38\n|inactive|small sad eevee has 120 seconds left.\n|\n|t:|1719482084\n|-terastallize|p1a: Meloetta|Fighting\n|move|p1a: Meloetta|Focus Blast|p2a: Gastrodon|[miss]\n|-miss|p1a: Meloetta|p2a: Gastrodon\n|move|p2a: Gastrodon|Recover|p2a: Gastrodon\n|-heal|p2a: Gastrodon|331/331\n|\n|upkeep\n|turn|39\n|inactive|Tack Jakahasi has 120 seconds left.\n|\n|t:|1719482106\n|switch|p2a: Granbull|Granbull, L88, M|302/302\n|-damage|p2a: Granbull|252/302|[from] Spikes\n|-ability|p2a: Granbull|Intimidate|boost\n|-unboost|p1a: Meloetta|atk|1\n|move|p1a: Meloetta|Focus Blast|p2a: Granbull\n|-resisted|p2a: Granbull\n|-damage|p2a: Granbull|116/302\n|-unboost|p2a: Granbull|spd|1\n|\n|-heal|p2a: Granbull|134/302|[from] item: Leftovers\n|upkeep\n|turn|40\n|inactive|Tack Jakahasi has 120 seconds left.\n|\n|t:|1719482118\n|move|p1a: Meloetta|Focus Blast|p2a: Granbull\n|-resisted|p2a: Granbull\n|-damage|p2a: Granbull|0 fnt\n|faint|p2a: Granbull\n|\n|upkeep\n|\n|t:|1719482135\n|switch|p2a: Scrafty|Scrafty, L84, M|246/246\n|-damage|p2a: Scrafty|205/246|[from] Spikes\n|turn|41\n|\n|t:|1719482142\n|switch|p1a: Volbeat|Volbeat, L90, M|15/263 par\n|-terastallize|p2a: Scrafty|Poison\n|move|p2a: Scrafty|Dragon Dance|p2a: Scrafty\n|-boost|p2a: Scrafty|atk|1\n|-boost|p2a: Scrafty|spe|1\n|\n|upkeep\n|turn|42\n|inactive|small sad eevee has 90 seconds left.\n|\n|t:|1719482163\n|switch|p2a: Gastrodon|Gastrodon-East, L86, M|331/331\n|-damage|p2a: Gastrodon|276/331|[from] Spikes\n|cant|p1a: Volbeat|par\n|\n|-heal|p2a: Gastrodon|296/331|[from] item: Leftovers\n|upkeep\n|turn|43\n|inactive|Tack Jakahasi has 120 seconds left.\n|\n|t:|1719482188\n|switch|p1a: Pikachu|Pikachu-Original, L93, M|216/216\n|-damage|p1a: Pikachu|189/216|[from] Stealth Rock\n|move|p2a: Gastrodon|Surf|p1a: Pikachu\n|-crit|p1a: Pikachu\n|-damage|p1a: Pikachu|0 fnt\n|faint|p1a: Pikachu\n|\n|-heal|p2a: Gastrodon|316/331|[from] item: Leftovers\n|upkeep\n|inactive|Tack Jakahasi has 120 seconds left.\n|\n|t:|1719482222\n|switch|p1a: Delibird|Delibird, F|131/252 par\n|turn|44\n|\n|t:|1719482225\n|switch|p2a: Registeel|Registeel, L82|219/265\n|-damage|p2a: Registeel|175/265|[from] Spikes\n|switch|p1a: Volbeat|Volbeat, L90, M|15/263 par\n|\n|-heal|p2a: Registeel|191/265|[from] item: Leftovers\n|upkeep\n|turn|45\n|inactive|small sad eevee has 120 seconds left.\n|\n|t:|1719482231\n|switch|p2a: Gastrodon|Gastrodon-East, L86, M|316/331\n|-damage|p2a: Gastrodon|261/331|[from] Spikes\n|cant|p1a: Volbeat|par\n|\n|-heal|p2a: Gastrodon|281/331|[from] item: Leftovers\n|upkeep\n|turn|46\n|inactive|Tack Jakahasi has 120 seconds left.\n|\n|t:|1719482264\n|move|p1a: Volbeat|Roost|p1a: Volbeat\n|-heal|p1a: Volbeat|147/263 par\n|-singleturn|p1a: Volbeat|move: Roost\n|move|p2a: Gastrodon|Surf|p1a: Volbeat\n|-damage|p1a: Volbeat|60/263 par\n|\n|-heal|p2a: Gastrodon|301/331|[from] item: Leftovers\n|upkeep\n|turn|47\n|\n|t:|1719482270\n|cant|p1a: Volbeat|par\n|move|p2a: Gastrodon|Surf|p1a: Volbeat\n|-damage|p1a: Volbeat|0 fnt\n|faint|p1a: Volbeat\n|\n|-heal|p2a: Gastrodon|321/331|[from] item: Leftovers\n|upkeep\n|\n|t:|1719482277\n|switch|p1a: Delibird|Delibird, F|131/252 par\n|turn|48\n|\n|t:|1719482280\n|switch|p2a: Registeel|Registeel, L82|191/265\n|-damage|p2a: Registeel|147/265|[from] Spikes\n|switch|p1a: Meloetta|Meloetta, L82, tera:Fighting|186/298\n|-damage|p1a: Meloetta|168/298|[from] Stealth Rock\n|\n|-heal|p2a: Registeel|163/265|[from] item: Leftovers\n|upkeep\n|turn|49\n|\n|t:|1719482286\n|move|p1a: Meloetta|Focus Blast|p2a: Registeel|[miss]\n|-miss|p1a: Meloetta|p2a: Registeel\n|move|p2a: Registeel|Thunder Wave|p1a: Meloetta|[miss]\n|-miss|p2a: Registeel|p1a: Meloetta\n|\n|-heal|p2a: Registeel|179/265|[from] item: Leftovers\n|upkeep\n|turn|50\n|\n|t:|1719482290\n|move|p1a: Meloetta|Focus Blast|p2a: Registeel\n|-supereffective|p2a: Registeel\n|-damage|p2a: Registeel|0 fnt\n|faint|p2a: Registeel\n|\n|upkeep\n|\n|t:|1719482307\n|switch|p2a: Scrafty|Scrafty, L84, M, tera:Poison|205/246\n|-damage|p2a: Scrafty|164/246|[from] Spikes\n|turn|51\n|\n|t:|1719482323\n|move|p1a: Meloetta|Focus Blast|p2a: Scrafty\n|-resisted|p2a: Scrafty\n|-damage|p2a: Scrafty|71/246\n|move|p2a: Scrafty|Dragon Dance|p2a: Scrafty\n|-boost|p2a: Scrafty|atk|1\n|-boost|p2a: Scrafty|spe|1\n|\n|upkeep\n|turn|52\n|c|\u2606small sad eevee|gg\n|inactive|Tack Jakahasi has 120 seconds left.\n|c|\u2606Tack Jakahasi|this game fucking sucked\n|c|\u2606Tack Jakahasi|hell no\n|\n|t:|1719482364\n|move|p2a: Scrafty|Close Combat|p1a: Meloetta\n|-damage|p1a: Meloetta|0 fnt\n|-unboost|p2a: Scrafty|def|1\n|-unboost|p2a: Scrafty|spd|1\n|faint|p1a: Meloetta\n|-ability|p2a: Scrafty|Moxie|boost\n|-boost|p2a: Scrafty|atk|1\n|-damage|p2a: Scrafty|47/246|[from] item: Life Orb\n|\n|upkeep\n|\n|t:|1719482368\n|switch|p1a: Delibird|Delibird, F|131/252 par\n|turn|53\n|c|\u2606small sad eevee|ur right\n|c|\u2606small sad eevee|this game sucked because all the hax went ur way\n|inactive|small sad eevee has 120 seconds left.\n|c|\u2606Tack Jakahasi|funny joke\n|c|\u2606small sad eevee|probs the luckiest player i ever faced\n|\n|t:|1719482409\n|move|p2a: Scrafty|Close Combat|p1a: Delibird\n|-damage|p1a: Delibird|0 fnt\n|-unboost|p2a: Scrafty|def|1\n|-unboost|p2a: Scrafty|spd|1\n|faint|p1a: Delibird\n|-ability|p2a: Scrafty|Moxie|boost\n|-boost|p2a: Scrafty|atk|1\n|-damage|p2a: Scrafty|23/246|[from] item: Life Orb\n|\n|upkeep\n|c|\u2606Tack Jakahasi|spent more turns para'd than not para'd\n|\n|t:|1719482424\n|switch|p1a: Greninja|Greninja, L80, M|246/246\n|-damage|p1a: Greninja|216/246|[from] Stealth Rock\n|turn|54\n|inactive|small sad eevee has 120 seconds left.\n|c|\u2606small sad eevee|don\u2019t hate the player\n|c|\u2606small sad eevee|hate the game\n|c|\u2606Tack Jakahasi|where did I hate you?\n|inactive|small sad eevee has 90 seconds left.\n|c|\u2606Tack Jakahasi|I said the game sucked\n|c|\u2606small sad eevee|common courtesy would just be to say gg back\n|c|\u2606Tack Jakahasi|fuck that\n|c|\u2606Tack Jakahasi|click the button\n|inactive|small sad eevee has 60 seconds left.\n|c|\u2606small sad eevee|you seem upset\n|inactive|small sad eevee has 30 seconds left.\n|c|\u2606Tack Jakahasi|you gonna click the button or what?\n|c|\u2606small sad eevee|no sportsmanship\n|inactive|small sad eevee has 20 seconds left.\n|inactive|small sad eevee has 15 seconds left.\n|c|\u2606Tack Jakahasi|alright lil guy\n|c|\u2606Tack Jakahasi|you have a nice night\n|c|\u2606small sad eevee|a chore to play aganst\n|inactive|small sad eevee has 10 seconds left.\n|inactive|small sad eevee has 5 seconds left.\n|\n|t:|1719482545\n|move|p1a: Greninja|Ice Beam|p2a: Scrafty\n|-damage|p2a: Scrafty|0 fnt\n|faint|p2a: Scrafty\n|-ability|p1a: Greninja|Battle Bond|boost\n|-boost|p1a: Greninja|atk|1\n|-boost|p1a: Greninja|spa|1\n|-boost|p1a: Greninja|spe|1\n|-activate|p1a: Greninja|ability: Battle Bond\n|-damage|p1a: Greninja|192/246|[from] item: Life Orb\n|\n|upkeep\n|inactive|small sad eevee has 10 seconds left this turn.\n|\n|t:|1719482549\n|switch|p2a: Gastrodon|Gastrodon-East, L86, M|321/331\n|-damage|p2a: Gastrodon|266/331|[from] Spikes\n|turn|55\n|inactive|small sad eevee has 20 seconds left this turn.\n|\n|t:|1719482556\n|move|p1a: Greninja|Ice Beam|p2a: Gastrodon\n|-damage|p2a: Gastrodon|143/331\n|-damage|p1a: Greninja|168/246|[from] item: Life Orb\n|move|p2a: Gastrodon|Earthquake|p1a: Greninja\n|-damage|p1a: Greninja|45/246\n|\n|-heal|p2a: Gastrodon|163/331|[from] item: Leftovers\n|upkeep\n|turn|56\n|inactive|small sad eevee has 30 seconds left this turn.\n|\n|t:|1719482562\n|move|p1a: Greninja|Dark Pulse|p2a: Gastrodon\n|-damage|p2a: Gastrodon|3/331\n|-damage|p1a: Greninja|21/246|[from] item: Life Orb\n|move|p2a: Gastrodon|Earthquake|p1a: Greninja\n|-damage|p1a: Greninja|0 fnt\n|faint|p1a: Greninja\n|\n|win|small sad eevee\n|raw|Tack Jakahasi's rating: 2244 &rarr; <strong>2230</strong><br />(-14 for losing)\n|raw|small sad eevee's rating: 2360 &rarr; <strong>2374</strong><br />(+14 for winning)\n|c|\u2606small sad eevee|lol\n|l|\u2606Tack Jakahasi\n|player|p1|\n", "inputlog": ">version 021bb6b4147d783a3aa9da22896c4e1e173f1b61\n>start {\"formatid\":\"gen9randombattle\",\"seed\":[17512,41673,64054,54562],\"rated\":\"Rated battle\"}\n>player p1 {\"name\":\"Tack Jakahasi\",\"avatar\":\"pokemaniac\",\"rating\":2244,\"seed\":[52244,28553,32218,40003]}\n>player p2 {\"name\":\"small sad eevee\",\"avatar\":\"schoolkid-gen4dp\",\"rating\":2360,\"seed\":[57404,63499,64095,54289]}\n>p1 move uturn\n>p2 switch 4\n>p1 switch 5\n>p1 move gunkshot\n>p2 switch 3\n>p1 switch 6\n>p2 move stealthrock\n>p1 move rapidspin\n>p2 switch 2\n>p1 switch 4\n>p2 move thunderwave\n>p1 move thunderwave\n>p2 switch 2\n>p1 move uturn\n>p2 move stealthrock\n>p1 switch 4\n>p1 move rapidspin\n>p2 switch 5\n>p1 switch 3\n>p2 move thunderbolt\n>p1 move calmmind\n>p2 move focusblast\n>chat \u2606small sad eevee|lfggggggggg\n>p1 switch 5\n>p1 move hypervoice\n>p2 switch 2\n>p1 switch 4\n>p2 move ironhead\n>p1 move uturn\n>p2 switch 2\n>p1 switch 2\n>p2 move thunderbolt\n>p1 switch 3\n>p2 switch 5\n>p1 move spikes\n>p2 switch 2\n>p1 switch 2\n>p2 move ironhead\n>p1 move roost\n>p2 switch 2\n>p1 switch 2\n>p2 move surf\n>p1 move freezedry\n>p2 switch 2\n>p1 switch 2\n>p2 switch 2\n>p1 move uturn\n>p2 move surf\n>p1 move roost\n>p2 move surf\n>p1 move roost\n>p2 move surf\n>p1 move roost\n>p2 move surf\n>p1 move roost\n>p2 move surf\n>p1 move uturn\n>p2 move stealthrock\n>p1 switch 2\n>p1 move spikes\n>p2 switch 2\n>p1 switch 2\n>p2 move ironhead\n>p1 move roost\n>p2 switch 2\n>p1 move roost\n>p2 move surf\n>p1 move roost\n>p2 move surf\n>p1 move uturn\n>p2 move surf\n>p1 switch 2\n>p1 move spikes\n>p2 switch 2\n>p1 switch 2\n>p2 move ironhead\n>p1 move roost\n>p2 switch 2\n>p1 switch 4\n>p2 move surf\n>p1 move focusblast terastallize\n>p2 move recover\n>p1 move focusblast\n>p2 switch 3\n>p1 move focusblast\n>p2 move playrough\n>p2 switch 6\n>p1 switch 4\n>p2 move dragondance terastallize\n>p1 move encore\n>p2 switch 3\n>p1 switch 3\n>p2 move surf\n>p1 switch 2\n>p1 switch 3\n>p2 switch 2\n>p1 move roost\n>p2 switch 2\n>p1 move roost\n>p2 move surf\n>p1 move roost\n>p2 move surf\n>p1 switch 3\n>p1 switch 4\n>p2 switch 2\n>p1 move focusblast\n>p2 move thunderwave\n>p1 move focusblast\n>p2 move thunderwave\n>p2 switch 3\n>p1 move focusblast\n>p2 move dragondance\n>chat \u2606small sad eevee|gg\n>chat \u2606Tack Jakahasi|this game fucking sucked\n>chat \u2606Tack Jakahasi|hell no\n>p1 move focusblast\n>p2 move closecombat\n>p1 switch 4\n>chat \u2606small sad eevee|ur right\n>chat \u2606small sad eevee|this game sucked because all the hax went ur way\n>chat \u2606Tack Jakahasi|funny joke\n>chat \u2606small sad eevee|probs the luckiest player i ever faced\n>p1 move freezedry\n>p2 move closecombat\n>chat \u2606Tack Jakahasi|spent more turns para'd than not para'd\n>p1 switch 6\n>chat \u2606small sad eevee|don\u2019t hate the player \n>chat \u2606small sad eevee|hate the game\n>chat \u2606Tack Jakahasi|where did I hate you?\n>chat \u2606Tack Jakahasi|I said the game sucked\n>chat \u2606small sad eevee|common courtesy would just be to say gg back\n>chat \u2606Tack Jakahasi|fuck that\n>chat \u2606Tack Jakahasi|click the button\n>chat \u2606small sad eevee|you seem upset\n>chat \u2606Tack Jakahasi|you gonna click the button or what?\n>chat \u2606small sad eevee|no sportsmanship\n>chat \u2606Tack Jakahasi|alright lil guy\n>chat \u2606Tack Jakahasi|you have a nice night\n>chat \u2606small sad eevee|a chore to play aganst\n>p1 move icebeam\n>p2 move closecombat\n>p2 switch 2\n>p1 move icebeam\n>p2 move earthquake\n>p1 move darkpulse\n>p2 move earthquake", "uploadtime": 1719482360, "views": 200, "formatid": "gen9randombattle", "rating": 2230, "private": 0, "password": null}