{"id": "gen9randombattle-2260307636", "format": "[Gen 9] Random Battle", "players": ["Joennie6", "Lass1750"], "log": "|j|\u2606Joennie6\n|j|\u2606Lass1750\n|t:|1733838017\n|gametype|singles\n|player|p1|Joennie6|1|1222\n|player|p2|Lass1750|guitarist|1172\n|teamsize|p1|6\n|teamsize|p2|6\n|gen|9\n|tier|[Gen 9] Random Battle\n|rated|\n|rule|Species Clause: Limit one of each Pok\u00e9mon\n|rule|HP Percentage Mod: HP is shown in percentages\n|rule|Sleep Clause Mod: Limit one foe put to sleep\n|rule|Illusion Level Mod: Illusion disguises the Pok\u00e9mon's true level\n|\n|t:|1733838017\n|start\n|switch|p1a: Dedenne|Dedenne, L88, F|261/261\n|switch|p2a: Primarina|Primarina, L83, M|268/268\n|turn|1\n|inactive|Battle timer is ON: inactive players will automatically lose when time's up. (requested by Joennie6)\n|\n|t:|1733838027\n|switch|p2a: Pachirisu|Pachirisu, L96, M|271/271\n|move|p1a: Dedenne|Super Fang|p2a: Pachirisu\n|-damage|p2a: Pachirisu|136/271\n|\n|upkeep\n|turn|2\n|\n|t:|1733838032\n|move|p2a: Pachirisu|Super Fang|p1a: Dedenne\n|-damage|p1a: Dedenne|131/261\n|move|p1a: Dedenne|Dazzling Gleam|p2a: Pachirisu\n|-damage|p2a: Pachirisu|67/271\n|\n|upkeep\n|turn|3\n|\n|t:|1733838037\n|move|p2a: Pachirisu|U-turn|p1a: Dedenne\n|-resisted|p1a: Dedenne\n|-damage|p1a: Dedenne|105/261\n|-enditem|p1a: Dedenne|Sitrus Berry|[eat]\n|-heal|p1a: Dedenne|170/261|[from] item: Sitrus Berry\n|-heal|p1a: Dedenne|257/261|[from] ability: Cheek Pouch\n|\n|t:|1733838048\n|switch|p2a: Primarina|Primarina, L83, M|268/268|[from] U-turn\n|move|p1a: Dedenne|Dazzling Gleam|p2a: Primarina\n|-crit|p2a: Primarina\n|-damage|p2a: Primarina|160/268\n|\n|-heal|p2a: Primarina|176/268|[from] item: Leftovers\n|upkeep\n|turn|4\n|\n|t:|1733838055\n|-terastallize|p2a: Primarina|Fairy\n|move|p1a: Dedenne|Dazzling Gleam|p2a: Primarina\n|-damage|p2a: Primarina|112/268\n|move|p2a: Primarina|Draining Kiss|p1a: Dedenne\n|-damage|p1a: Dedenne|131/261\n|-heal|p2a: Primarina|207/268|[from] drain|[of] p1a: Dedenne\n|\n|-heal|p2a: Primarina|223/268|[from] item: Leftovers\n|upkeep\n|turn|5\n|\n|t:|1733838062\n|move|p1a: Dedenne|Nuzzle|p2a: Primarina\n|-damage|p2a: Primarina|204/268\n|-status|p2a: Primarina|par\n|move|p2a: Primarina|Draining Kiss|p1a: Dedenne\n|-damage|p1a: Dedenne|0 fnt\n|-heal|p2a: Primarina|268/268 par|[from] drain|[of] p1a: Dedenne\n|faint|p1a: Dedenne\n|\n|upkeep\n|\n|t:|1733838066\n|switch|p1a: Registeel|Registeel, L81|262/262\n|turn|6\n|\n|t:|1733838070\n|switch|p2a: Pachirisu|Pachirisu, L96, M|67/271\n|move|p1a: Registeel|Stealth Rock|p2a: Pachirisu\n|-sidestart|p2: Lass1750|move: Stealth Rock\n|\n|upkeep\n|turn|7\n|\n|t:|1733838074\n|move|p2a: Pachirisu|Encore|p1a: Registeel\n|-start|p1a: Registeel|Encore\n|move|p1a: Registeel|Stealth Rock||[still]\n|-fail|p1a: Registeel\n|\n|upkeep\n|turn|8\n|\n|t:|1733838079\n|switch|p1a: Arboliva|Arboliva, L91, F|288/288\n|move|p2a: Pachirisu|Super Fang|p1a: Arboliva\n|-damage|p1a: Arboliva|144/288\n|-enditem|p1a: Arboliva|Sitrus Berry|[eat]\n|-heal|p1a: Arboliva|216/288|[from] item: Sitrus Berry\n|\n|-item|p1a: Arboliva|Sitrus Berry|[from] ability: Harvest\n|upkeep\n|turn|9\n|\n|t:|1733838084\n|move|p1a: Arboliva|Protect|p1a: Arboliva\n|-singleturn|p1a: Arboliva|Protect\n|move|p2a: Pachirisu|Super Fang|p1a: Arboliva\n|-activate|p1a: Arboliva|move: Protect\n|\n|upkeep\n|turn|10\n|\n|t:|1733838089\n|switch|p1a: Registeel|Registeel, L81|262/262\n|move|p2a: Pachirisu|Super Fang|p1a: Registeel\n|-damage|p1a: Registeel|131/262\n|\n|-heal|p1a: Registeel|147/262|[from] item: Leftovers\n|upkeep\n|turn|11\n|\n|t:|1733838096\n|move|p2a: Pachirisu|Super Fang|p1a: Registeel\n|-damage|p1a: Registeel|74/262\n|move|p1a: Registeel|Body Press|p2a: Pachirisu\n|-damage|p2a: Pachirisu|0 fnt\n|faint|p2a: Pachirisu\n|\n|-heal|p1a: Registeel|90/262|[from] item: Leftovers\n|upkeep\n|\n|t:|1733838106\n|switch|p2a: Chi-Yu|Chi-Yu, L77|211/211\n|-damage|p2a: Chi-Yu|159/211|[from] Stealth Rock\n|-ability|p2a: Chi-Yu|Beads of Ruin\n|turn|12\n|\n|t:|1733838115\n|move|p2a: Chi-Yu|Flamethrower|p1a: Registeel\n|-supereffective|p1a: Registeel\n|-damage|p1a: Registeel|0 fnt\n|faint|p1a: Registeel\n|\n|upkeep\n|\n|t:|1733838116\n|switch|p1a: Wugtrio|Wugtrio, L91, F|212/212\n|turn|13\n|\n|t:|1733838122\n|switch|p2a: Jumpluff|Jumpluff, L87, F|271/271\n|-damage|p2a: Jumpluff|204/271|[from] Stealth Rock\n|move|p1a: Wugtrio|Liquidation|p2a: Jumpluff\n|-resisted|p2a: Jumpluff\n|-damage|p2a: Jumpluff|114/271\n|\n|upkeep\n|turn|14\n|\n|t:|1733838127\n|switch|p1a: Arboliva|Arboliva, L91, F|216/288\n|move|p2a: Jumpluff|Strength Sap|p1a: Arboliva\n|-unboost|p1a: Arboliva|atk|1\n|-heal|p2a: Jumpluff|244/271\n|\n|upkeep\n|turn|15\n|\n|t:|1733838131\n|move|p1a: Arboliva|Protect|p1a: Arboliva\n|-singleturn|p1a: Arboliva|Protect\n|move|p2a: Jumpluff|Acrobatics|p1a: Arboliva\n|-activate|p1a: Arboliva|move: Protect\n|\n|upkeep\n|turn|16\n|\n|t:|1733838137\n|-terastallize|p1a: Arboliva|Poison\n|move|p2a: Jumpluff|Substitute|p2a: Jumpluff\n|-start|p2a: Jumpluff|Substitute\n|-damage|p2a: Jumpluff|177/271\n|move|p1a: Arboliva|Hyper Voice|p2a: Jumpluff\n|-damage|p2a: Jumpluff|62/271\n|\n|upkeep\n|turn|17\n|\n|t:|1733838142\n|move|p2a: Jumpluff|Strength Sap|p1a: Arboliva\n|-unboost|p1a: Arboliva|atk|1\n|-heal|p2a: Jumpluff|148/271\n|move|p1a: Arboliva|Hyper Voice|p2a: Jumpluff\n|-damage|p2a: Jumpluff|34/271\n|\n|upkeep\n|turn|18\n|\n|t:|1733838144\n|move|p2a: Jumpluff|Acrobatics|p1a: Arboliva\n|-damage|p1a: Arboliva|141/288\n|-enditem|p1a: Arboliva|Sitrus Berry|[eat]\n|-heal|p1a: Arboliva|213/288|[from] item: Sitrus Berry\n|move|p1a: Arboliva|Hyper Voice|p2a: Jumpluff\n|-damage|p2a: Jumpluff|0 fnt\n|faint|p2a: Jumpluff\n|\n|-item|p1a: Arboliva|Sitrus Berry|[from] ability: Harvest\n|upkeep\n|c|\u2606Joennie6|Thats some pssy play\n|c|\u2606Joennie6|but dont worry\n|c|\u2606Joennie6|have something left for you as well\n|inactive|Lass1750 has 120 seconds left.\n|\n|t:|1733838175\n|switch|p2a: Froslass|Froslass, L87, F|263/263\n|-damage|p2a: Froslass|198/263|[from] Stealth Rock\n|turn|19\n|inactive|Lass1750 has 120 seconds left.\n|\n|t:|1733838190\n|move|p1a: Arboliva|Protect|p1a: Arboliva\n|-singleturn|p1a: Arboliva|Protect\n|move|p2a: Froslass|Poltergeist|p1a: Arboliva\n|-activate|p1a: Arboliva|move: Protect\n|\n|upkeep\n|turn|20\n|\n|t:|1733838195\n|move|p2a: Froslass|Poltergeist|p1a: Arboliva\n|-activate|p1a: Arboliva|move: Poltergeist|Sitrus Berry\n|-damage|p1a: Arboliva|111/288\n|-enditem|p1a: Arboliva|Sitrus Berry|[eat]\n|-heal|p1a: Arboliva|183/288|[from] item: Sitrus Berry\n|move|p1a: Arboliva|Leech Seed|p2a: Froslass\n|-start|p2a: Froslass|move: Leech Seed\n|\n|-damage|p2a: Froslass|166/263|[from] Leech Seed|[of] p1a: Arboliva\n|-heal|p1a: Arboliva|215/288|[silent]\n|-item|p1a: Arboliva|Sitrus Berry|[from] ability: Harvest\n|upkeep\n|turn|21\n|\n|t:|1733838204\n|move|p2a: Froslass|Poltergeist|p1a: Arboliva\n|-activate|p1a: Arboliva|move: Poltergeist|Sitrus Berry\n|-damage|p1a: Arboliva|110/288\n|-enditem|p1a: Arboliva|Sitrus Berry|[eat]\n|-heal|p1a: Arboliva|182/288|[from] item: Sitrus Berry\n|move|p1a: Arboliva|Substitute|p1a: Arboliva\n|-start|p1a: Arboliva|Substitute\n|-damage|p1a: Arboliva|110/288\n|\n|-damage|p2a: Froslass|134/263|[from] Leech Seed|[of] p1a: Arboliva\n|-heal|p1a: Arboliva|142/288|[silent]\n|-item|p1a: Arboliva|Sitrus Berry|[from] ability: Harvest\n|upkeep\n|-enditem|p1a: Arboliva|Sitrus Berry|[eat]\n|-heal|p1a: Arboliva|214/288|[from] item: Sitrus Berry\n|turn|22\n|\n|t:|1733838216\n|move|p1a: Arboliva|Protect|p1a: Arboliva\n|-singleturn|p1a: Arboliva|Protect\n|move|p2a: Froslass|Poltergeist||[still]\n|-fail|p2a: Froslass\n|\n|-damage|p2a: Froslass|102/263|[from] Leech Seed|[of] p1a: Arboliva\n|-heal|p1a: Arboliva|246/288|[silent]\n|-item|p1a: Arboliva|Sitrus Berry|[from] ability: Harvest\n|upkeep\n|turn|23\n|c|\u2606Joennie6|Gje gje gje\n|\n|t:|1733838229\n|move|p2a: Froslass|Poltergeist|p1a: Arboliva\n|-activate|p1a: Arboliva|move: Poltergeist|Sitrus Berry\n|-end|p1a: Arboliva|Substitute\n|move|p1a: Arboliva|Leech Seed||[still]\n|-fail|p1a: Arboliva\n|\n|-damage|p2a: Froslass|70/263|[from] Leech Seed|[of] p1a: Arboliva\n|-heal|p1a: Arboliva|278/288|[silent]\n|upkeep\n|turn|24\n|\n|t:|1733838233\n|move|p1a: Arboliva|Protect|p1a: Arboliva\n|-singleturn|p1a: Arboliva|Protect\n|move|p2a: Froslass|Triple Axel|p1a: Arboliva\n|-activate|p1a: Arboliva|move: Protect\n|\n|-damage|p2a: Froslass|38/263|[from] Leech Seed|[of] p1a: Arboliva\n|-heal|p1a: Arboliva|288/288|[silent]\n|upkeep\n|turn|25\n|\n|t:|1733838238\n|move|p2a: Froslass|Poltergeist|p1a: Arboliva\n|-activate|p1a: Arboliva|move: Poltergeist|Sitrus Berry\n|-damage|p1a: Arboliva|194/288\n|move|p1a: Arboliva|Substitute|p1a: Arboliva\n|-start|p1a: Arboliva|Substitute\n|-damage|p1a: Arboliva|122/288\n|-enditem|p1a: Arboliva|Sitrus Berry|[eat]\n|-heal|p1a: Arboliva|194/288|[from] item: Sitrus Berry\n|\n|-damage|p2a: Froslass|6/263|[from] Leech Seed|[of] p1a: Arboliva\n|-heal|p1a: Arboliva|226/288|[silent]\n|-item|p1a: Arboliva|Sitrus Berry|[from] ability: Harvest\n|upkeep\n|turn|26\n|\n|t:|1733838244\n|move|p2a: Froslass|Destiny Bond|p2a: Froslass\n|-singlemove|p2a: Froslass|Destiny Bond\n|move|p1a: Arboliva|Leech Seed||[still]\n|-fail|p1a: Arboliva\n|\n|-damage|p2a: Froslass|0 fnt|[from] Leech Seed|[of] p1a: Arboliva\n|-heal|p1a: Arboliva|232/288|[silent]\n|faint|p2a: Froslass\n|upkeep\n|c|\u2606Joennie6|Ahhhhww\n|\n|t:|1733838262\n|switch|p2a: Primarina|Primarina, L83, M, tera:Fairy|268/268 par\n|-damage|p2a: Primarina|235/268 par|[from] Stealth Rock\n|turn|27\n|\n|t:|1733838271\n|move|p1a: Arboliva|Leech Seed|p2a: Primarina\n|-start|p2a: Primarina|move: Leech Seed\n|cant|p2a: Primarina|par\n|\n|-heal|p2a: Primarina|251/268 par|[from] item: Leftovers\n|-damage|p2a: Primarina|218/268 par|[from] Leech Seed|[of] p1a: Arboliva\n|-heal|p1a: Arboliva|265/288|[silent]\n|upkeep\n|turn|28\n|\n|t:|1733838276\n|move|p1a: Arboliva|Hyper Voice|p2a: Primarina\n|-damage|p2a: Primarina|98/268 par\n|move|p2a: Primarina|Psychic Noise|p1a: Arboliva\n|-damage|p1a: Arboliva|193/288\n|-start|p1a: Arboliva|move: Heal Block\n|\n|-heal|p2a: Primarina|114/268 par|[from] item: Leftovers\n|-damage|p2a: Primarina|81/268 par|[from] Leech Seed|[of] p1a: Arboliva\n|upkeep\n|turn|29\n|\n|t:|1733838283\n|move|p1a: Arboliva|Protect|p1a: Arboliva\n|-singleturn|p1a: Arboliva|Protect\n|cant|p2a: Primarina|par\n|\n|-heal|p2a: Primarina|97/268 par|[from] item: Leftovers\n|-damage|p2a: Primarina|64/268 par|[from] Leech Seed|[of] p1a: Arboliva\n|-end|p1a: Arboliva|move: Heal Block\n|upkeep\n|turn|30\n|\n|t:|1733838288\n|move|p1a: Arboliva|Hyper Voice|p2a: Primarina\n|-damage|p2a: Primarina|0 fnt\n|faint|p2a: Primarina\n|\n|upkeep\n|\n|t:|1733838295\n|switch|p2a: Chi-Yu|Chi-Yu, L77|159/211\n|-damage|p2a: Chi-Yu|107/211|[from] Stealth Rock\n|-ability|p2a: Chi-Yu|Beads of Ruin\n|turn|31\n|\n|t:|1733838301\n|move|p2a: Chi-Yu|Dark Pulse|p1a: Arboliva\n|-end|p1a: Arboliva|Substitute\n|move|p1a: Arboliva|Leech Seed|p2a: Chi-Yu\n|-start|p2a: Chi-Yu|move: Leech Seed\n|\n|-damage|p2a: Chi-Yu|81/211|[from] Leech Seed|[of] p1a: Arboliva\n|-heal|p1a: Arboliva|219/288|[silent]\n|upkeep\n|turn|32\n|\n|t:|1733838307\n|move|p1a: Arboliva|Protect|p1a: Arboliva\n|-singleturn|p1a: Arboliva|Protect\n|move|p2a: Chi-Yu|Dark Pulse|p1a: Arboliva\n|-activate|p1a: Arboliva|move: Protect\n|\n|-damage|p2a: Chi-Yu|55/211|[from] Leech Seed|[of] p1a: Arboliva\n|-heal|p1a: Arboliva|245/288|[silent]\n|upkeep\n|turn|33\n|\n|t:|1733838311\n|move|p2a: Chi-Yu|Dark Pulse|p1a: Arboliva\n|-damage|p1a: Arboliva|142/288\n|-enditem|p1a: Arboliva|Sitrus Berry|[eat]\n|-heal|p1a: Arboliva|214/288|[from] item: Sitrus Berry\n|move|p1a: Arboliva|Substitute|p1a: Arboliva\n|-start|p1a: Arboliva|Substitute\n|-damage|p1a: Arboliva|142/288\n|\n|-damage|p2a: Chi-Yu|29/211|[from] Leech Seed|[of] p1a: Arboliva\n|-heal|p1a: Arboliva|168/288|[silent]\n|-item|p1a: Arboliva|Sitrus Berry|[from] ability: Harvest\n|upkeep\n|turn|34\n|\n|t:|1733838315\n|move|p1a: Arboliva|Protect|p1a: Arboliva\n|-singleturn|p1a: Arboliva|Protect\n|move|p2a: Chi-Yu|Dark Pulse|p1a: Arboliva\n|-activate|p1a: Arboliva|move: Protect\n|\n|-damage|p2a: Chi-Yu|3/211|[from] Leech Seed|[of] p1a: Arboliva\n|-heal|p1a: Arboliva|194/288|[silent]\n|upkeep\n|turn|35\n|\n|t:|1733838318\n|move|p2a: Chi-Yu|Dark Pulse|p1a: Arboliva\n|-crit|p1a: Arboliva\n|-end|p1a: Arboliva|Substitute\n|move|p1a: Arboliva|Substitute|p1a: Arboliva\n|-start|p1a: Arboliva|Substitute\n|-damage|p1a: Arboliva|122/288\n|-enditem|p1a: Arboliva|Sitrus Berry|[eat]\n|-heal|p1a: Arboliva|194/288|[from] item: Sitrus Berry\n|\n|-damage|p2a: Chi-Yu|0 fnt|[from] Leech Seed|[of] p1a: Arboliva\n|-heal|p1a: Arboliva|197/288|[silent]\n|faint|p2a: Chi-Yu\n|upkeep\n|\n|t:|1733838320\n|switch|p2a: Spectrier|Spectrier, L75|274/274\n|-damage|p2a: Spectrier|240/274|[from] Stealth Rock\n|turn|36\n|\n|t:|1733838324\n|move|p2a: Spectrier|Substitute|p2a: Spectrier\n|-start|p2a: Spectrier|Substitute\n|-damage|p2a: Spectrier|172/274\n|move|p1a: Arboliva|Leech Seed||[still]\n|-fail|p1a: Arboliva\n|\n|-heal|p2a: Spectrier|189/274|[from] item: Leftovers\n|upkeep\n|turn|37\n|c|\u2606Joennie6|Fun eg\n|\n|t:|1733838337\n|move|p2a: Spectrier|Nasty Plot|p2a: Spectrier\n|-boost|p2a: Spectrier|spa|2\n|move|p1a: Arboliva|Leech Seed||[still]\n|-fail|p1a: Arboliva\n|\n|-heal|p2a: Spectrier|206/274|[from] item: Leftovers\n|-item|p1a: Arboliva|Sitrus Berry|[from] ability: Harvest\n|upkeep\n|turn|38\n|\n|t:|1733838347\n|switch|p1a: Wyrdeer|Wyrdeer, L87, M|321/321\n|-ability|p1a: Wyrdeer|Intimidate|boost\n|-immune|p2a: Spectrier\n|move|p2a: Spectrier|Nasty Plot|p2a: Spectrier\n|-boost|p2a: Spectrier|spa|2\n|\n|-heal|p2a: Spectrier|223/274|[from] item: Leftovers\n|upkeep\n|turn|39\n|\n|t:|1733838355\n|move|p2a: Spectrier|Tera Blast|p1a: Wyrdeer\n|-damage|p1a: Wyrdeer|120/321\n|move|p1a: Wyrdeer|Psychic Noise|p2a: Spectrier\n|-damage|p2a: Spectrier|106/274\n|-start|p2a: Spectrier|move: Heal Block\n|\n|-heal|p1a: Wyrdeer|140/321|[from] item: Leftovers\n|upkeep\n|turn|40\n|\n|t:|1733838359\n|move|p2a: Spectrier|Tera Blast|p1a: Wyrdeer\n|-damage|p1a: Wyrdeer|0 fnt\n|faint|p1a: Wyrdeer\n|-ability|p2a: Spectrier|Grim Neigh|boost\n|-boost|p2a: Spectrier|spa|1\n|\n|-end|p2a: Spectrier|move: Heal Block\n|upkeep\n|\n|t:|1733838362\n|switch|p1a: Wugtrio|Wugtrio, L91, F|212/212\n|turn|41\n|\n|t:|1733838372\n|move|p1a: Wugtrio|Liquidation|p2a: Spectrier\n|-end|p2a: Spectrier|Substitute\n|move|p2a: Spectrier|Shadow Ball|p1a: Wugtrio\n|-damage|p1a: Wugtrio|0 fnt\n|faint|p1a: Wugtrio\n|-ability|p2a: Spectrier|Grim Neigh|boost\n|-boost|p2a: Spectrier|spa|1\n|\n|-heal|p2a: Spectrier|123/274|[from] item: Leftovers\n|upkeep\n|\n|t:|1733838377\n|switch|p1a: Jumpluff|Jumpluff, L87, F|271/271\n|turn|42\n|\n|t:|1733838383\n|move|p1a: Jumpluff|Leech Seed|p2a: Spectrier\n|-start|p2a: Spectrier|move: Leech Seed\n|move|p2a: Spectrier|Shadow Ball|p1a: Jumpluff\n|-damage|p1a: Jumpluff|0 fnt\n|faint|p1a: Jumpluff\n|\n|-heal|p2a: Spectrier|140/274|[from] item: Leftovers\n|upkeep\n|\n|t:|1733838388\n|switch|p1a: Arboliva|Arboliva, L91, F, tera:Poison|197/288\n|turn|43\n|c|\u2606Lass1750|gg\n|\n|t:|1733838393\n|move|p2a: Spectrier|Shadow Ball|p1a: Arboliva\n|-damage|p1a: Arboliva|0 fnt\n|faint|p1a: Arboliva\n|\n|win|Lass1750\n|raw|Joennie6's rating: 1222 &rarr; <strong>1193</strong><br />(-29 for losing)\n|raw|Lass1750's rating: 1172 &rarr; <strong>1201</strong><br />(+29 for winning)\n|l|\u2606Joennie6\n|player|p1|\n", "inputlog": ">version bfd83cad13791eb5a5a409923076391caf6fb4d4\n>start {\"formatid\":\"gen9randombattle\",\"seed\":[50491,42028,12747,59976],\"rated\":\"Rated battle\"}\n>player p1 {\"name\":\"Joennie6\",\"avatar\":\"1\",\"rating\":1222,\"seed\":[33139,62651,5925,54849]}\n>player p2 {\"name\":\"Lass1750\",\"avatar\":\"guitarist\",\"rating\":1172,\"seed\":[34926,26451,10764,9767]}\n>p1 move superfang\n>p2 switch 6\n>p1 move dazzlinggleam\n>p2 move superfang\n>p1 move dazzlinggleam\n>p2 move uturn\n>p2 switch 6\n>p1 move dazzlinggleam\n>p2 move drainingkiss terastallize\n>p1 move nuzzle\n>p2 move drainingkiss\n>p1 switch 5\n>p1 move stealthrock\n>p2 switch 6\n>p1 move bodypress\n>p2 move encore\n>p1 switch 2\n>p2 move superfang\n>p1 move protect\n>p2 move superfang\n>p1 switch 2\n>p2 move superfang\n>p1 move bodypress\n>p2 move superfang\n>p2 switch 2\n>p1 move bodypress\n>p2 move flamethrower\n>p1 switch 3\n>p1 move liquidation\n>p2 switch 4\n>p1 switch 2\n>p2 move strengthsap\n>p1 move protect\n>p2 move acrobatics\n>p1 move hypervoice terastallize\n>p2 move substitute\n>p1 move hypervoice\n>p2 move strengthsap\n>p1 move hypervoice\n>p2 move acrobatics\n>chat \u2606Joennie6|Thats some pssy play\n>chat \u2606Joennie6|but dont worry\n>chat \u2606Joennie6|have something left for you as well\n>p2 switch 5\n>p1 move protect\n>p2 move poltergeist\n>p1 move leechseed\n>p2 move poltergeist\n>p1 move substitute\n>p2 move poltergeist\n>p1 move protect\n>p2 move poltergeist\n>chat \u2606Joennie6|Gje gje gje\n>p1 move leechseed\n>p2 move poltergeist\n>p1 move protect\n>p2 move tripleaxel\n>p1 move substitute\n>p2 move poltergeist\n>p1 move leechseed\n>p2 move destinybond\n>chat \u2606Joennie6|Ahhhhww\n>p2 switch 6\n>p1 move leechseed\n>p2 move calmmind\n>p1 move hypervoice\n>p2 move psychicnoise\n>p1 move protect\n>p2 move psychicnoise\n>p1 move hypervoice\n>p2 move psychicnoise\n>p2 switch 4\n>p1 move leechseed\n>p2 move darkpulse\n>p1 move protect\n>p2 move darkpulse\n>p1 move substitute\n>p2 move darkpulse\n>p1 move protect\n>p2 move darkpulse\n>p1 move substitute\n>p2 move darkpulse\n>p2 switch 3\n>p1 move leechseed\n>p2 move substitute\n>chat \u2606Joennie6|Fun eg\n>p1 move leechseed\n>p2 move nastyplot\n>p1 switch 6\n>p2 move nastyplot\n>p1 move psychicnoise\n>p2 move terablast\n>p1 move psychicnoise\n>p2 move terablast\n>p1 switch 2\n>p1 move liquidation\n>p2 move shadowball\n>p1 switch 4\n>p1 move leechseed\n>p2 move shadowball\n>p1 switch 6\n>chat \u2606Lass1750|gg\n>p1 move substitute\n>p2 move shadowball", "uploadtime": 1733838420, "views": 1, "formatid": "gen9randombattle", "rating": 1193, "private": 0, "password": null}