{"id": "gen9randombattle-2211716172", "format": "[Gen 9] Random Battle", "players": ["R3LT woxihuanni", "Umbra Soul"], "log": "|badge|p1|silver|gen9randombattle|30-2\n|html|<div class=\"broadcast-red\"><strong>This battle is required to be public due to one or more player having a season medal.</strong><br />During the public phase, you can discuss the state of the ladder <a href=\"/seasondiscussion\">in a special chatroom.</a></div>\n|uhtml|medal-msg|<div class=\"broadcast-blue\">Curious what those medals under the avatar are? PS now has Ladder Seasons! For more information, check out the <a href=\"https://www.smogon.com/forums/threads/3740067/\">thread on Smogon.</a></div>\n|raw|<div class=\"broadcast-blue\"><strong>This battle is required to be public due to a player having a name starting with 'medal'.</div>\n|j|\u2606R3LT woxihuanni\n|j|\u2606Umbra Soul\n|t:|1727553345\n|gametype|singles\n|player|p1|R3LT woxihuanni|2|2268\n|player|p2|Umbra Soul|morty-masters2|2177\n|teamsize|p1|6\n|teamsize|p2|6\n|gen|9\n|tier|[Gen 9] Random Battle\n|rated|\n|rule|Species Clause: Limit one of each Pok\u00e9mon\n|rule|HP Percentage Mod: HP is shown in percentages\n|rule|Sleep Clause Mod: Limit one foe put to sleep\n|rule|Illusion Level Mod: Illusion disguises the Pok\u00e9mon's true level\n|\n|t:|1727553345\n|start\n|switch|p1a: Raichu|Raichu-Alola, L87, M|246/246\n|switch|p2a: Palkia|Palkia-Origin, L72|249/249\n|-ability|p2a: Palkia|Pressure\n|turn|1\n|\n|t:|1727553353\n|move|p1a: Raichu|Nasty Plot|p1a: Raichu\n|-boost|p1a: Raichu|spa|2\n|move|p2a: Palkia|Hydro Pump|p1a: Raichu\n|-damage|p1a: Raichu|110/246\n|\n|upkeep\n|turn|2\n|\n|t:|1727553362\n|move|p1a: Raichu|Alluring Voice|p2a: Palkia\n|-supereffective|p2a: Palkia\n|-damage|p2a: Palkia|0 fnt\n|faint|p2a: Palkia\n|-damage|p1a: Raichu|86/246|[from] item: Life Orb\n|\n|upkeep\n|\n|t:|1727553374\n|switch|p2a: Delphox|Delphox, L84, M|263/263\n|turn|3\n|\n|t:|1727553382\n|switch|p1a: Toxapex|Toxapex, L82, F|216/216\n|move|p2a: Delphox|Fire Blast|p1a: Toxapex\n|-resisted|p1a: Toxapex\n|-damage|p1a: Toxapex|173/216\n|\n|upkeep\n|turn|4\n|\n|t:|1727553390\n|move|p2a: Delphox|Nasty Plot|p2a: Delphox\n|-boost|p2a: Delphox|spa|2\n|move|p1a: Toxapex|Toxic|p2a: Delphox\n|-status|p2a: Delphox|tox\n|\n|-damage|p2a: Delphox|247/263 tox|[from] psn\n|upkeep\n|turn|5\n|\n|t:|1727553398\n|switch|p1a: Roaring Moon|Roaring Moon, L72|270/270\n|move|p2a: Delphox|Psyshock|p1a: Roaring Moon\n|-immune|p1a: Roaring Moon\n|\n|-damage|p2a: Delphox|215/263 tox|[from] psn\n|upkeep\n|turn|6\n|\n|t:|1727553408\n|-end|p1a: Roaring Moon|Protosynthesis|[silent]\n|switch|p1a: Toxapex|Toxapex, L82, F|216/216\n|move|p2a: Delphox|Fire Blast|p1a: Toxapex|[miss]\n|-miss|p2a: Delphox|p1a: Toxapex\n|\n|-damage|p2a: Delphox|167/263 tox|[from] psn\n|upkeep\n|turn|7\n|\n|t:|1727553418\n|move|p2a: Delphox|Psyshock|p1a: Toxapex\n|-supereffective|p1a: Toxapex\n|-damage|p1a: Toxapex|0 fnt\n|faint|p1a: Toxapex\n|\n|-damage|p2a: Delphox|103/263 tox|[from] psn\n|upkeep\n|\n|t:|1727553425\n|switch|p1a: Roaring Moon|Roaring Moon, L72|270/270\n|turn|8\n|\n|t:|1727553434\n|move|p2a: Delphox|Fire Blast|p1a: Roaring Moon\n|-resisted|p1a: Roaring Moon\n|-damage|p1a: Roaring Moon|123/270\n|move|p1a: Roaring Moon|Dragon Dance|p1a: Roaring Moon\n|-boost|p1a: Roaring Moon|atk|1\n|-boost|p1a: Roaring Moon|spe|1\n|\n|-damage|p2a: Delphox|23/263 tox|[from] psn\n|upkeep\n|turn|9\n|inactive|Battle timer is ON: inactive players will automatically lose when time's up. (requested by R3LT woxihuanni)\n|\n|t:|1727553444\n|move|p1a: Roaring Moon|Knock Off|p2a: Delphox\n|-supereffective|p2a: Delphox\n|-damage|p2a: Delphox|0 fnt\n|-enditem|p2a: Delphox|Heavy-Duty Boots|[from] move: Knock Off|[of] p1a: Roaring Moon\n|faint|p2a: Delphox\n|\n|upkeep\n|\n|t:|1727553447\n|switch|p2a: Masquerain|Masquerain, L87, M|264/264\n|-ability|p2a: Masquerain|Intimidate|boost\n|-unboost|p1a: Roaring Moon|atk|1\n|turn|10\n|\n|t:|1727553455\n|move|p1a: Roaring Moon|Dragon Dance|p1a: Roaring Moon\n|-boost|p1a: Roaring Moon|atk|1\n|-boost|p1a: Roaring Moon|spe|1\n|move|p2a: Masquerain|Sticky Web|p1a: Roaring Moon\n|-sidestart|p1: R3LT woxihuanni|move: Sticky Web\n|\n|upkeep\n|turn|11\n|\n|t:|1727553461\n|move|p1a: Roaring Moon|Outrage|p2a: Masquerain\n|-damage|p2a: Masquerain|47/264\n|move|p2a: Masquerain|Hurricane|p1a: Roaring Moon\n|-damage|p1a: Roaring Moon|2/270\n|\n|upkeep\n|turn|12\n|\n|t:|1727553469\n|move|p1a: Roaring Moon|Outrage|p2a: Masquerain|[from]lockedmove\n|-damage|p2a: Masquerain|0 fnt\n|faint|p2a: Masquerain\n|\n|upkeep\n|\n|t:|1727553471\n|switch|p2a: Klefki|Klefki, L84, M|233/233\n|turn|13\n|\n|t:|1727553477\n|move|p1a: Roaring Moon|Outrage|p2a: Klefki|[from]lockedmove\n|-immune|p2a: Klefki\n|-start|p1a: Roaring Moon|confusion|[fatigue]\n|-enditem|p1a: Roaring Moon|Lum Berry|[eat]\n|-end|p1a: Roaring Moon|confusion\n|move|p2a: Klefki|Play Rough|p1a: Roaring Moon\n|-supereffective|p1a: Roaring Moon\n|-damage|p1a: Roaring Moon|0 fnt\n|faint|p1a: Roaring Moon\n|-end|p1a: Roaring Moon|Protosynthesis|[silent]\n|\n|upkeep\n|\n|t:|1727553505\n|switch|p1a: Regidrago|Regidrago, L77|435/435\n|-activate|p1a: Regidrago|move: Sticky Web\n|-unboost|p1a: Regidrago|spe|1\n|turn|14\n|\n|t:|1727553512\n|-terastallize|p1a: Regidrago|Steel\n|move|p2a: Klefki|Thunder Wave|p1a: Regidrago\n|-status|p1a: Regidrago|par\n|move|p1a: Regidrago|Dragon Dance|p1a: Regidrago\n|-boost|p1a: Regidrago|atk|1\n|-boost|p1a: Regidrago|spe|1\n|\n|upkeep\n|turn|15\n|\n|t:|1727553528\n|switch|p2a: Milotic|Milotic, L83, M|293/293\n|move|p1a: Regidrago|Earthquake|p2a: Milotic\n|-damage|p2a: Milotic|153/293\n|-damage|p1a: Regidrago|392/435 par|[from] item: Life Orb\n|\n|-heal|p2a: Milotic|171/293|[from] item: Leftovers\n|upkeep\n|turn|16\n|\n|t:|1727553537\n|move|p2a: Milotic|Recover|p2a: Milotic\n|-heal|p2a: Milotic|293/293\n|move|p1a: Regidrago|Dragon Claw|p2a: Milotic\n|-damage|p2a: Milotic|75/293\n|-damage|p1a: Regidrago|349/435 par|[from] item: Life Orb\n|\n|-heal|p2a: Milotic|93/293|[from] item: Leftovers\n|upkeep\n|turn|17\n|\n|t:|1727553547\n|move|p2a: Milotic|Scald|p1a: Regidrago\n|-damage|p1a: Regidrago|201/435 par\n|cant|p1a: Regidrago|par\n|\n|-heal|p2a: Milotic|111/293|[from] item: Leftovers\n|upkeep\n|turn|18\n|\n|t:|1727553555\n|move|p2a: Milotic|Recover|p2a: Milotic\n|-heal|p2a: Milotic|258/293\n|move|p1a: Regidrago|Dragon Claw|p2a: Milotic\n|-crit|p2a: Milotic\n|-damage|p2a: Milotic|0 fnt\n|faint|p2a: Milotic\n|-damage|p1a: Regidrago|158/435 par|[from] item: Life Orb\n|\n|upkeep\n|\n|t:|1727553560\n|switch|p2a: Necrozma|Necrozma, L81|290/290\n|turn|19\n|\n|t:|1727553567\n|move|p2a: Necrozma|Earthquake|p1a: Regidrago\n|-supereffective|p1a: Regidrago\n|-damage|p1a: Regidrago|0 fnt\n|faint|p1a: Regidrago\n|-damage|p2a: Necrozma|261/290|[from] item: Life Orb\n|\n|upkeep\n|\n|t:|1727553573\n|switch|p1a: Meowscarada|Meowscarada, L78, F|247/247\n|-activate|p1a: Meowscarada|move: Sticky Web\n|-unboost|p1a: Meowscarada|spe|1\n|turn|20\n|\n|t:|1727553583\n|switch|p2a: Klefki|Klefki, L84, M|233/233\n|move|p1a: Meowscarada|Knock Off|p2a: Klefki\n|-start|p1a: Meowscarada|typechange|Dark|[from] ability: Protean\n|-resisted|p2a: Klefki\n|-damage|p2a: Klefki|167/233\n|-enditem|p2a: Klefki|Leftovers|[from] move: Knock Off|[of] p1a: Meowscarada\n|-damage|p1a: Meowscarada|223/247|[from] item: Life Orb\n|\n|upkeep\n|turn|21\n|\n|t:|1727553595\n|switch|p1a: Raichu|Raichu-Alola, L87, M|86/246\n|-activate|p1a: Raichu|move: Sticky Web\n|-unboost|p1a: Raichu|spe|1\n|move|p2a: Klefki|Spikes|p1a: Raichu\n|-sidestart|p1: R3LT woxihuanni|Spikes\n|\n|upkeep\n|turn|22\n|\n|t:|1727553602\n|move|p2a: Klefki|Play Rough|p1a: Raichu\n|-damage|p1a: Raichu|0 fnt\n|faint|p1a: Raichu\n|\n|upkeep\n|\n|t:|1727553609\n|switch|p1a: Sneasler|Sneasler, L74, M|240/240\n|-activate|p1a: Sneasler|move: Sticky Web\n|-unboost|p1a: Sneasler|spe|1\n|-damage|p1a: Sneasler|210/240|[from] Spikes\n|-enditem|p1a: Sneasler|White Herb\n|-clearnegativeboost|p1a: Sneasler|[silent]\n|turn|23\n|\n|t:|1727553618\n|move|p2a: Klefki|Thunder Wave|p1a: Sneasler\n|-status|p1a: Sneasler|par\n|cant|p1a: Sneasler|par\n|\n|upkeep\n|turn|24\n|\n|t:|1727553625\n|move|p1a: Sneasler|Swords Dance|p1a: Sneasler\n|-boost|p1a: Sneasler|atk|2\n|move|p2a: Klefki|Play Rough|p1a: Sneasler\n|-damage|p1a: Sneasler|84/240 par\n|\n|upkeep\n|turn|25\n|\n|t:|1727553633\n|cant|p1a: Sneasler|par\n|move|p2a: Klefki|Play Rough|p1a: Sneasler\n|-damage|p1a: Sneasler|0 fnt\n|faint|p1a: Sneasler\n|\n|upkeep\n|-message|R3LT woxihuanni forfeited.\n|\n|win|Umbra Soul\n|raw|R3LT woxihuanni's rating: 2268 &rarr; <strong>2243</strong><br />(-25 for losing)\n|raw|Umbra Soul's rating: 2177 &rarr; <strong>2202</strong><br />(+25 for winning)\n|l|\u2606R3LT woxihuanni\n|player|p1|\n", "inputlog": ">version 69ff0b2f47ddc97367302b06f7f2ae172fb214dd\n>start {\"formatid\":\"gen9randombattle\",\"seed\":[23293,38594,28390,59663],\"rated\":\"Rated battle\"}\n>player p1 {\"name\":\"R3LT woxihuanni\",\"avatar\":\"2\",\"rating\":2268,\"seed\":[1048,61196,38572,54110]}\n>player p2 {\"name\":\"Umbra Soul\",\"avatar\":\"morty-masters2\",\"rating\":2177,\"seed\":[53170,10653,49990,29161]}\n>p1 move nastyplot\n>p2 move hydropump\n>p1 move alluringvoice\n>p2 move dracometeor\n>p2 switch 4\n>p1 switch 3\n>p2 move fireblast\n>p1 move toxic\n>p2 move nastyplot\n>p1 switch 4\n>p2 move psyshock\n>p1 switch 4\n>p2 move fireblast\n>p1 move liquidation\n>p2 move psyshock\n>p1 switch 4\n>p1 move dragondance\n>p2 move fireblast\n>p1 move knockoff\n>p2 move fireblast\n>p2 switch 5\n>p1 move dragondance\n>p2 move stickyweb\n>p1 move outrage\n>p2 move hurricane\n>p1 move outrage\n>p2 move hurricane\n>p2 switch 6\n>p1 move outrage\n>p2 move playrough\n>p1 switch 5\n>p1 move dragondance terastallize\n>p2 move thunderwave\n>p1 move earthquake\n>p2 switch 2\n>p1 move dragonclaw\n>p2 move recover\n>p1 move dragonclaw\n>p2 move scald\n>p1 move dragonclaw\n>p2 move recover\n>p2 switch 3\n>p1 move dragonclaw\n>p2 move earthquake\n>p1 switch 6\n>p1 move knockoff\n>p2 switch 2\n>p1 switch 3\n>p2 move spikes\n>p1 move thunderbolt\n>p2 move playrough\n>p1 switch 2\n>p1 move swordsdance\n>p2 move thunderwave\n>p1 move swordsdance\n>p2 move playrough\n>p1 move closecombat\n>p2 move playrough\n>forcelose p1", "uploadtime": 1727553637, "views": 86, "formatid": "gen9randombattle", "rating": 2202, "private": 0, "password": null}