{"id": "gen9randombattle-2210113235", "format": "[Gen 9] Random Battle", "players": ["R3LT Petros", "R3LT Star Wheel"], "log": "|badge|p2|silver|gen9randombattle|30-2\n|uhtml|medal-msg|<div class=\"broadcast-blue\">Curious what those medals under the avatar are? PS now has Ladder Seasons! For more information, check out the <a href=\"https://www.smogon.com/forums/threads/3740067/\">thread on Smogon.</a></div>\n|j|\u2606R3LT Petros\n|j|\u2606R3LT Star Wheel\n|t:|1727358062\n|gametype|singles\n|player|p1|R3LT Petros|#rbtt6teammewtwo|2251\n|player|p2|R3LT Star Wheel|darach-caitlin|2461\n|teamsize|p1|6\n|teamsize|p2|6\n|gen|9\n|tier|[Gen 9] Random Battle\n|rated|\n|rule|Species Clause: Limit one of each Pok\u00e9mon\n|rule|HP Percentage Mod: HP is shown in percentages\n|rule|Sleep Clause Mod: Limit one foe put to sleep\n|rule|Illusion Level Mod: Illusion disguises the Pok\u00e9mon's true level\n|\n|t:|1727358062\n|start\n|switch|p1a: Delphox|Delphox, L84, M|263/263\n|switch|p2a: Pecharunt|Pecharunt, L77|262/262\n|turn|1\n|inactive|Battle timer is ON: inactive players will automatically lose when time's up. (requested by R3LT Star Wheel)\n|inactive|R3LT Petros also wants the timer to be on.\n|j| doesitmatterreally\n|inactive|R3LT Petros has 120 seconds left.\n|inactive|R3LT Star Wheel has 120 seconds left.\n|\n|t:|1727358098\n|switch|p2a: Dragonite|Dragonite, L74, F|257/257\n|move|p1a: Delphox|Fire Blast|p2a: Dragonite\n|-resisted|p2a: Dragonite\n|-damage|p2a: Dragonite|203/257\n|\n|upkeep\n|turn|2\n|inactive|R3LT Petros has 120 seconds left.\n|\n|t:|1727358136\n|switch|p1a: Skarmory|Skarmory, L80, F|235/235\n|move|p2a: Dragonite|Dragon Dance|p2a: Dragonite\n|-boost|p2a: Dragonite|atk|1\n|-boost|p2a: Dragonite|spe|1\n|\n|upkeep\n|turn|3\n|inactive|R3LT Petros has 120 seconds left.\n|inactive|R3LT Star Wheel has 120 seconds left.\n|\n|t:|1727358159\n|switch|p2a: Pecharunt|Pecharunt, L77|262/262\n|move|p1a: Skarmory|Brave Bird|p2a: Pecharunt\n|-damage|p2a: Pecharunt|192/262\n|-damage|p1a: Skarmory|212/235|[from] Recoil\n|\n|-heal|p2a: Pecharunt|208/262|[from] item: Leftovers\n|-heal|p1a: Skarmory|226/235|[from] item: Leftovers\n|upkeep\n|turn|4\n|\n|t:|1727358171\n|move|p2a: Pecharunt|Shadow Ball|p1a: Skarmory\n|-damage|p1a: Skarmory|141/235\n|move|p1a: Skarmory|Stealth Rock|p2a: Pecharunt\n|-sidestart|p2: R3LT Star Wheel|move: Stealth Rock\n|\n|-heal|p2a: Pecharunt|224/262|[from] item: Leftovers\n|-heal|p1a: Skarmory|155/235|[from] item: Leftovers\n|upkeep\n|turn|5\n|\n|t:|1727358177\n|move|p2a: Pecharunt|Nasty Plot|p2a: Pecharunt\n|-boost|p2a: Pecharunt|spa|2\n|move|p1a: Skarmory|Roost|p1a: Skarmory\n|-heal|p1a: Skarmory|235/235\n|-singleturn|p1a: Skarmory|move: Roost\n|\n|-heal|p2a: Pecharunt|240/262|[from] item: Leftovers\n|upkeep\n|turn|6\n|inactive|R3LT Petros has 120 seconds left.\n|inactive|R3LT Petros has 90 seconds left.\n|\n|t:|1727358222\n|switch|p1a: Scrafty|Scrafty, L84, F|246/246\n|move|p2a: Pecharunt|Shadow Ball|p1a: Scrafty\n|-resisted|p1a: Scrafty\n|-damage|p1a: Scrafty|193/246\n|\n|-heal|p2a: Pecharunt|256/262|[from] item: Leftovers\n|-heal|p1a: Scrafty|208/246|[from] item: Leftovers\n|upkeep\n|turn|7\n|inactive|R3LT Petros has 90 seconds left.\n|\n|t:|1727358248\n|switch|p1a: Muk|Muk, L86, F|321/321\n|move|p2a: Pecharunt|Malignant Chain|p1a: Muk\n|-resisted|p1a: Muk\n|-damage|p1a: Muk|252/321\n|\n|-heal|p2a: Pecharunt|262/262|[from] item: Leftovers\n|upkeep\n|turn|8\n|\n|t:|1727358272\n|move|p2a: Pecharunt|Shadow Ball|p1a: Muk\n|-damage|p1a: Muk|137/321\n|move|p1a: Muk|Knock Off|p2a: Pecharunt\n|-supereffective|p2a: Pecharunt\n|-damage|p2a: Pecharunt|104/262\n|-enditem|p2a: Pecharunt|Leftovers|[from] move: Knock Off|[of] p1a: Muk\n|\n|upkeep\n|turn|9\n|\n|t:|1727358286\n|move|p2a: Pecharunt|Recover|p2a: Pecharunt\n|-heal|p2a: Pecharunt|235/262\n|move|p1a: Muk|Knock Off|p2a: Pecharunt\n|-supereffective|p2a: Pecharunt\n|-damage|p2a: Pecharunt|123/262\n|\n|upkeep\n|turn|10\n|\n|t:|1727358292\n|move|p2a: Pecharunt|Recover|p2a: Pecharunt\n|-heal|p2a: Pecharunt|254/262\n|move|p1a: Muk|Knock Off|p2a: Pecharunt\n|-supereffective|p2a: Pecharunt\n|-damage|p2a: Pecharunt|146/262\n|\n|upkeep\n|turn|11\n|j| suta pulachina\n|\n|t:|1727358298\n|move|p2a: Pecharunt|Nasty Plot|p2a: Pecharunt\n|-boost|p2a: Pecharunt|spa|2\n|move|p1a: Muk|Knock Off|p2a: Pecharunt\n|-supereffective|p2a: Pecharunt\n|-damage|p2a: Pecharunt|38/262\n|\n|upkeep\n|turn|12\n|inactive|R3LT Petros has 90 seconds left.\n|\n|t:|1727358315\n|move|p2a: Pecharunt|Recover|p2a: Pecharunt\n|-heal|p2a: Pecharunt|169/262\n|move|p1a: Muk|Knock Off|p2a: Pecharunt\n|-supereffective|p2a: Pecharunt\n|-damage|p2a: Pecharunt|61/262\n|\n|upkeep\n|turn|13\n|\n|t:|1727358321\n|switch|p1a: Delphox|Delphox, L84, M|263/263\n|move|p2a: Pecharunt|Recover|p2a: Pecharunt\n|-heal|p2a: Pecharunt|192/262\n|\n|upkeep\n|turn|14\n|\n|t:|1727358344\n|switch|p2a: Carbink|Carbink, L90|236/236\n|-damage|p2a: Carbink|207/236|[from] Stealth Rock\n|move|p1a: Delphox|Fire Blast|p2a: Carbink\n|-resisted|p2a: Carbink\n|-damage|p2a: Carbink|146/236\n|\n|upkeep\n|turn|15\n|inactive|R3LT Petros has 90 seconds left.\n|\n|t:|1727358392\n|switch|p1a: Scrafty|Scrafty, L84, F|208/246\n|move|p2a: Carbink|Iron Defense|p2a: Carbink\n|-boost|p2a: Carbink|def|2\n|\n|-heal|p1a: Scrafty|223/246|[from] item: Leftovers\n|upkeep\n|turn|16\n|inactive|R3LT Petros has 60 seconds left.\n|\n|t:|1727358434\n|-terastallize|p1a: Scrafty|Poison\n|move|p1a: Scrafty|Knock Off|p2a: Carbink\n|-resisted|p2a: Carbink\n|-damage|p2a: Carbink|131/236\n|-enditem|p2a: Carbink|Chesto Berry|[from] move: Knock Off|[of] p1a: Scrafty\n|move|p2a: Carbink|Iron Defense|p2a: Carbink\n|-boost|p2a: Carbink|def|2\n|\n|-heal|p1a: Scrafty|238/246|[from] item: Leftovers\n|upkeep\n|turn|17\n|j|@Frozoid\n|inactive|R3LT Petros has 30 seconds left.\n|j| R3LT scyth225\n|inactive|R3LT Petros has 20 seconds left.\n|l| R3LT scyth225\n|inactive|R3LT Petros has 15 seconds left.\n|\n|t:|1727358464\n|move|p1a: Scrafty|Bulk Up|p1a: Scrafty\n|-boost|p1a: Scrafty|atk|1\n|-boost|p1a: Scrafty|def|1\n|move|p2a: Carbink|Body Press|p1a: Scrafty\n|-resisted|p1a: Scrafty\n|-crit|p1a: Scrafty\n|-damage|p1a: Scrafty|81/246\n|\n|-heal|p1a: Scrafty|96/246|[from] item: Leftovers\n|upkeep\n|turn|18\n|inactive|R3LT Petros has 25 seconds left this turn.\n|inactive|R3LT Petros has 20 seconds left.\n|\n|t:|1727358474\n|move|p1a: Scrafty|Bulk Up|p1a: Scrafty\n|-boost|p1a: Scrafty|atk|1\n|-boost|p1a: Scrafty|def|1\n|move|p2a: Carbink|Iron Defense|p2a: Carbink\n|-boost|p2a: Carbink|def|2\n|\n|-heal|p1a: Scrafty|111/246|[from] item: Leftovers\n|upkeep\n|turn|19\n|inactive|R3LT Petros has 30 seconds left this turn.\n|\n|t:|1727358484\n|move|p1a: Scrafty|Bulk Up|p1a: Scrafty\n|-boost|p1a: Scrafty|atk|1\n|-boost|p1a: Scrafty|def|1\n|move|p2a: Carbink|Body Press|p1a: Scrafty\n|-resisted|p1a: Scrafty\n|-damage|p1a: Scrafty|49/246\n|\n|-heal|p1a: Scrafty|64/246|[from] item: Leftovers\n|upkeep\n|turn|20\n|inactive|R3LT Petros has 30 seconds left.\n|\n|t:|1727358492\n|move|p1a: Scrafty|Rest|p1a: Scrafty\n|-status|p1a: Scrafty|slp|[from] move: Rest\n|-heal|p1a: Scrafty|246/246 slp|[silent]\n|move|p2a: Carbink|Body Press|p1a: Scrafty\n|-resisted|p1a: Scrafty\n|-damage|p1a: Scrafty|188/246 slp\n|\n|-activate|p1a: Scrafty|ability: Shed Skin\n|-curestatus|p1a: Scrafty|slp|[msg]\n|-heal|p1a: Scrafty|203/246|[from] item: Leftovers\n|upkeep\n|turn|21\n|inactive|R3LT Petros has 30 seconds left.\n|\n|t:|1727358506\n|move|p1a: Scrafty|Knock Off|p2a: Carbink\n|-resisted|p2a: Carbink\n|-damage|p2a: Carbink|119/236\n|move|p2a: Carbink|Body Press|p1a: Scrafty\n|-resisted|p1a: Scrafty\n|-damage|p1a: Scrafty|144/246\n|\n|-heal|p1a: Scrafty|159/246|[from] item: Leftovers\n|upkeep\n|turn|22\n|\n|t:|1727358511\n|move|p1a: Scrafty|Bulk Up|p1a: Scrafty\n|-boost|p1a: Scrafty|atk|1\n|-boost|p1a: Scrafty|def|1\n|move|p2a: Carbink|Moonblast|p1a: Scrafty\n|-resisted|p1a: Scrafty\n|-damage|p1a: Scrafty|132/246\n|\n|-heal|p1a: Scrafty|147/246|[from] item: Leftovers\n|upkeep\n|turn|23\n|\n|t:|1727358517\n|move|p1a: Scrafty|Drain Punch|p2a: Carbink\n|-damage|p2a: Carbink|83/236\n|-heal|p1a: Scrafty|165/246|[from] drain|[of] p2a: Carbink\n|move|p2a: Carbink|Body Press|p1a: Scrafty\n|-resisted|p1a: Scrafty\n|-damage|p1a: Scrafty|116/246\n|\n|-heal|p1a: Scrafty|131/246|[from] item: Leftovers\n|upkeep\n|turn|24\n|\n|t:|1727358530\n|move|p1a: Scrafty|Rest|p1a: Scrafty\n|-status|p1a: Scrafty|slp|[from] move: Rest\n|-heal|p1a: Scrafty|246/246 slp|[silent]\n|move|p2a: Carbink|Moonblast|p1a: Scrafty\n|-resisted|p1a: Scrafty\n|-damage|p1a: Scrafty|216/246 slp\n|\n|-heal|p1a: Scrafty|231/246 slp|[from] item: Leftovers\n|upkeep\n|turn|25\n|\n|t:|1727358539\n|cant|p1a: Scrafty|slp\n|move|p2a: Carbink|Rest|p2a: Carbink\n|-status|p2a: Carbink|slp|[from] move: Rest\n|-heal|p2a: Carbink|236/236 slp|[silent]\n|\n|-activate|p1a: Scrafty|ability: Shed Skin\n|-curestatus|p1a: Scrafty|slp|[msg]\n|-heal|p1a: Scrafty|246/246|[from] item: Leftovers\n|upkeep\n|turn|26\n|\n|t:|1727358543\n|move|p1a: Scrafty|Bulk Up|p1a: Scrafty\n|-boost|p1a: Scrafty|atk|1\n|-boost|p1a: Scrafty|def|1\n|cant|p2a: Carbink|slp\n|\n|upkeep\n|turn|27\n|\n|t:|1727358549\n|move|p1a: Scrafty|Bulk Up|p1a: Scrafty\n|-boost|p1a: Scrafty|atk|1\n|-boost|p1a: Scrafty|def|1\n|cant|p2a: Carbink|slp\n|\n|upkeep\n|turn|28\n|\n|t:|1727358564\n|move|p1a: Scrafty|Knock Off|p2a: Carbink\n|-resisted|p2a: Carbink\n|-damage|p2a: Carbink|215/236 slp\n|-curestatus|p2a: Carbink|slp|[msg]\n|move|p2a: Carbink|Moonblast|p1a: Scrafty\n|-resisted|p1a: Scrafty\n|-damage|p1a: Scrafty|216/246\n|\n|-heal|p1a: Scrafty|231/246|[from] item: Leftovers\n|upkeep\n|turn|29\n|\n|t:|1727358576\n|move|p1a: Scrafty|Drain Punch|p2a: Carbink\n|-damage|p2a: Carbink|164/236\n|-heal|p1a: Scrafty|246/246|[from] drain|[of] p2a: Carbink\n|move|p2a: Carbink|Body Press|p1a: Scrafty\n|-resisted|p1a: Scrafty\n|-damage|p1a: Scrafty|207/246\n|\n|-heal|p1a: Scrafty|222/246|[from] item: Leftovers\n|upkeep\n|turn|30\n|\n|t:|1727358592\n|move|p1a: Scrafty|Drain Punch|p2a: Carbink\n|-damage|p2a: Carbink|118/236\n|-heal|p1a: Scrafty|245/246|[from] drain|[of] p2a: Carbink\n|move|p2a: Carbink|Moonblast|p1a: Scrafty\n|-resisted|p1a: Scrafty\n|-damage|p1a: Scrafty|212/246\n|-unboost|p1a: Scrafty|spa|1\n|\n|-heal|p1a: Scrafty|227/246|[from] item: Leftovers\n|upkeep\n|turn|31\n|\n|t:|1727358604\n|move|p1a: Scrafty|Drain Punch|p2a: Carbink\n|-damage|p2a: Carbink|76/236\n|-heal|p1a: Scrafty|246/246|[from] drain|[of] p2a: Carbink\n|move|p2a: Carbink|Rest|p2a: Carbink\n|-status|p2a: Carbink|slp|[from] move: Rest\n|-heal|p2a: Carbink|236/236 slp|[silent]\n|\n|upkeep\n|turn|32\n|\n|t:|1727358620\n|move|p1a: Scrafty|Bulk Up|p1a: Scrafty\n|-boost|p1a: Scrafty|atk|0\n|-boost|p1a: Scrafty|def|0\n|cant|p2a: Carbink|slp\n|\n|upkeep\n|turn|33\n|\n|t:|1727358624\n|move|p1a: Scrafty|Bulk Up|p1a: Scrafty\n|-boost|p1a: Scrafty|atk|0\n|-boost|p1a: Scrafty|def|0\n|cant|p2a: Carbink|slp\n|\n|upkeep\n|turn|34\n|\n|t:|1727358629\n|move|p1a: Scrafty|Bulk Up|p1a: Scrafty\n|-boost|p1a: Scrafty|atk|0\n|-boost|p1a: Scrafty|def|0\n|-curestatus|p2a: Carbink|slp|[msg]\n|move|p2a: Carbink|Iron Defense|p2a: Carbink\n|-boost|p2a: Carbink|def|0\n|\n|upkeep\n|turn|35\n|\n|t:|1727358633\n|move|p1a: Scrafty|Knock Off|p2a: Carbink\n|-resisted|p2a: Carbink\n|-damage|p2a: Carbink|216/236\n|move|p2a: Carbink|Iron Defense|p2a: Carbink\n|-boost|p2a: Carbink|def|0\n|\n|upkeep\n|turn|36\n|\n|t:|1727358637\n|move|p1a: Scrafty|Bulk Up|p1a: Scrafty\n|-boost|p1a: Scrafty|atk|0\n|-boost|p1a: Scrafty|def|0\n|move|p2a: Carbink|Iron Defense|p2a: Carbink\n|-boost|p2a: Carbink|def|0\n|\n|upkeep\n|turn|37\n|inactive|R3LT Petros has 120 seconds left.\n|\n|t:|1727358643\n|move|p1a: Scrafty|Bulk Up|p1a: Scrafty\n|-boost|p1a: Scrafty|atk|0\n|-boost|p1a: Scrafty|def|0\n|move|p2a: Carbink|Iron Defense|p2a: Carbink\n|-boost|p2a: Carbink|def|0\n|\n|upkeep\n|turn|38\n|j| Arjenz1900\n|\n|t:|1727358652\n|move|p1a: Scrafty|Bulk Up|p1a: Scrafty\n|-boost|p1a: Scrafty|atk|0\n|-boost|p1a: Scrafty|def|0\n|move|p2a: Carbink|Iron Defense|p2a: Carbink\n|-boost|p2a: Carbink|def|0\n|\n|upkeep\n|turn|39\n|l| suta pulachina\n|\n|t:|1727358664\n|move|p1a: Scrafty|Bulk Up|p1a: Scrafty\n|-boost|p1a: Scrafty|atk|0\n|-boost|p1a: Scrafty|def|0\n|move|p2a: Carbink|Iron Defense|p2a: Carbink\n|-boost|p2a: Carbink|def|0\n|\n|upkeep\n|turn|40\n|\n|t:|1727358673\n|move|p1a: Scrafty|Bulk Up|p1a: Scrafty\n|-boost|p1a: Scrafty|atk|0\n|-boost|p1a: Scrafty|def|0\n|move|p2a: Carbink|Iron Defense|p2a: Carbink\n|-boost|p2a: Carbink|def|0\n|\n|upkeep\n|turn|41\n|\n|t:|1727358680\n|move|p1a: Scrafty|Bulk Up|p1a: Scrafty\n|-boost|p1a: Scrafty|atk|0\n|-boost|p1a: Scrafty|def|0\n|move|p2a: Carbink|Iron Defense|p2a: Carbink\n|-boost|p2a: Carbink|def|0\n|\n|upkeep\n|turn|42\n|\n|t:|1727358685\n|move|p1a: Scrafty|Bulk Up|p1a: Scrafty\n|-boost|p1a: Scrafty|atk|0\n|-boost|p1a: Scrafty|def|0\n|move|p2a: Carbink|Iron Defense|p2a: Carbink\n|-boost|p2a: Carbink|def|0\n|\n|upkeep\n|turn|43\n|\n|t:|1727358690\n|move|p1a: Scrafty|Bulk Up|p1a: Scrafty\n|-boost|p1a: Scrafty|atk|0\n|-boost|p1a: Scrafty|def|0\n|move|p2a: Carbink|Iron Defense|p2a: Carbink\n|-boost|p2a: Carbink|def|0\n|\n|upkeep\n|turn|44\n|\n|t:|1727358695\n|move|p1a: Scrafty|Bulk Up|p1a: Scrafty\n|-boost|p1a: Scrafty|atk|0\n|-boost|p1a: Scrafty|def|0\n|move|p2a: Carbink|Iron Defense|p2a: Carbink\n|-boost|p2a: Carbink|def|0\n|\n|upkeep\n|turn|45\n|\n|t:|1727358703\n|move|p1a: Scrafty|Bulk Up|p1a: Scrafty\n|-boost|p1a: Scrafty|atk|0\n|-boost|p1a: Scrafty|def|0\n|move|p2a: Carbink|Iron Defense|p2a: Carbink\n|-boost|p2a: Carbink|def|0\n|\n|upkeep\n|turn|46\n|\n|t:|1727358706\n|move|p1a: Scrafty|Bulk Up|p1a: Scrafty\n|-boost|p1a: Scrafty|atk|0\n|-boost|p1a: Scrafty|def|0\n|move|p2a: Carbink|Iron Defense|p2a: Carbink\n|-boost|p2a: Carbink|def|0\n|\n|upkeep\n|turn|47\n|\n|t:|1727358712\n|move|p1a: Scrafty|Bulk Up|p1a: Scrafty\n|-boost|p1a: Scrafty|atk|0\n|-boost|p1a: Scrafty|def|0\n|move|p2a: Carbink|Iron Defense|p2a: Carbink\n|-boost|p2a: Carbink|def|0\n|\n|upkeep\n|turn|48\n|\n|t:|1727358718\n|move|p1a: Scrafty|Bulk Up|p1a: Scrafty\n|-boost|p1a: Scrafty|atk|0\n|-boost|p1a: Scrafty|def|0\n|move|p2a: Carbink|Iron Defense|p2a: Carbink\n|-boost|p2a: Carbink|def|0\n|\n|upkeep\n|turn|49\n|\n|t:|1727358727\n|move|p1a: Scrafty|Bulk Up|p1a: Scrafty\n|-boost|p1a: Scrafty|atk|0\n|-boost|p1a: Scrafty|def|0\n|move|p2a: Carbink|Iron Defense|p2a: Carbink\n|-boost|p2a: Carbink|def|0\n|\n|upkeep\n|turn|50\n|\n|t:|1727358734\n|move|p1a: Scrafty|Bulk Up|p1a: Scrafty\n|-boost|p1a: Scrafty|atk|0\n|-boost|p1a: Scrafty|def|0\n|move|p2a: Carbink|Iron Defense|p2a: Carbink\n|-boost|p2a: Carbink|def|0\n|\n|upkeep\n|turn|51\n|\n|t:|1727358740\n|move|p1a: Scrafty|Bulk Up|p1a: Scrafty\n|-boost|p1a: Scrafty|atk|0\n|-boost|p1a: Scrafty|def|0\n|move|p2a: Carbink|Iron Defense|p2a: Carbink\n|-boost|p2a: Carbink|def|0\n|\n|upkeep\n|turn|52\n|\n|t:|1727358746\n|move|p1a: Scrafty|Bulk Up|p1a: Scrafty\n|-boost|p1a: Scrafty|atk|0\n|-boost|p1a: Scrafty|def|0\n|move|p2a: Carbink|Iron Defense|p2a: Carbink\n|-boost|p2a: Carbink|def|0\n|\n|upkeep\n|turn|53\n|\n|t:|1727358751\n|move|p1a: Scrafty|Bulk Up|p1a: Scrafty\n|-boost|p1a: Scrafty|atk|0\n|-boost|p1a: Scrafty|def|0\n|move|p2a: Carbink|Iron Defense|p2a: Carbink\n|-boost|p2a: Carbink|def|0\n|\n|upkeep\n|turn|54\n|\n|t:|1727358756\n|move|p1a: Scrafty|Bulk Up|p1a: Scrafty\n|-boost|p1a: Scrafty|atk|0\n|-boost|p1a: Scrafty|def|0\n|move|p2a: Carbink|Iron Defense|p2a: Carbink\n|-boost|p2a: Carbink|def|0\n|\n|upkeep\n|turn|55\n|\n|t:|1727358764\n|move|p1a: Scrafty|Knock Off|p2a: Carbink\n|-resisted|p2a: Carbink\n|-damage|p2a: Carbink|195/236\n|move|p2a: Carbink|Moonblast|p1a: Scrafty\n|-resisted|p1a: Scrafty\n|-damage|p1a: Scrafty|215/246\n|\n|-heal|p1a: Scrafty|230/246|[from] item: Leftovers\n|upkeep\n|turn|56\n|\n|t:|1727358775\n|move|p1a: Scrafty|Knock Off|p2a: Carbink\n|-resisted|p2a: Carbink\n|-damage|p2a: Carbink|175/236\n|move|p2a: Carbink|Moonblast|p1a: Scrafty\n|-resisted|p1a: Scrafty\n|-damage|p1a: Scrafty|200/246\n|-unboost|p1a: Scrafty|spa|1\n|\n|-heal|p1a: Scrafty|215/246|[from] item: Leftovers\n|upkeep\n|turn|57\n|\n|t:|1727358784\n|move|p1a: Scrafty|Bulk Up|p1a: Scrafty\n|-boost|p1a: Scrafty|atk|0\n|-boost|p1a: Scrafty|def|0\n|move|p2a: Carbink|Moonblast|p1a: Scrafty\n|-resisted|p1a: Scrafty\n|-damage|p1a: Scrafty|186/246\n|\n|-heal|p1a: Scrafty|201/246|[from] item: Leftovers\n|upkeep\n|turn|58\n|\n|t:|1727358792\n|move|p1a: Scrafty|Drain Punch|p2a: Carbink\n|-damage|p2a: Carbink|129/236\n|-heal|p1a: Scrafty|224/246|[from] drain|[of] p2a: Carbink\n|move|p2a: Carbink|Moonblast|p1a: Scrafty\n|-resisted|p1a: Scrafty\n|-damage|p1a: Scrafty|192/246\n|\n|-heal|p1a: Scrafty|207/246|[from] item: Leftovers\n|upkeep\n|turn|59\n|\n|t:|1727358800\n|move|p1a: Scrafty|Drain Punch|p2a: Carbink\n|-damage|p2a: Carbink|83/236\n|-heal|p1a: Scrafty|230/246|[from] drain|[of] p2a: Carbink\n|move|p2a: Carbink|Rest|p2a: Carbink\n|-status|p2a: Carbink|slp|[from] move: Rest\n|-heal|p2a: Carbink|236/236 slp|[silent]\n|\n|-heal|p1a: Scrafty|245/246|[from] item: Leftovers\n|upkeep\n|turn|60\n|\n|t:|1727358807\n|move|p1a: Scrafty|Bulk Up|p1a: Scrafty\n|-boost|p1a: Scrafty|atk|0\n|-boost|p1a: Scrafty|def|0\n|cant|p2a: Carbink|slp\n|\n|-heal|p1a: Scrafty|246/246|[from] item: Leftovers\n|upkeep\n|turn|61\n|\n|t:|1727358810\n|move|p1a: Scrafty|Bulk Up|p1a: Scrafty\n|-boost|p1a: Scrafty|atk|0\n|-boost|p1a: Scrafty|def|0\n|cant|p2a: Carbink|slp\n|\n|upkeep\n|turn|62\n|\n|t:|1727358814\n|move|p1a: Scrafty|Bulk Up|p1a: Scrafty\n|-boost|p1a: Scrafty|atk|0\n|-boost|p1a: Scrafty|def|0\n|-curestatus|p2a: Carbink|slp|[msg]\n|move|p2a: Carbink|Moonblast|p1a: Scrafty\n|-resisted|p1a: Scrafty\n|-damage|p1a: Scrafty|218/246\n|-unboost|p1a: Scrafty|spa|1\n|\n|-heal|p1a: Scrafty|233/246|[from] item: Leftovers\n|upkeep\n|turn|63\n|\n|t:|1727358825\n|move|p1a: Scrafty|Knock Off|p2a: Carbink\n|-resisted|p2a: Carbink\n|-damage|p2a: Carbink|217/236\n|move|p2a: Carbink|Moonblast|p1a: Scrafty\n|-resisted|p1a: Scrafty\n|-damage|p1a: Scrafty|200/246\n|\n|-heal|p1a: Scrafty|215/246|[from] item: Leftovers\n|upkeep\n|turn|64\n|\n|t:|1727358835\n|move|p1a: Scrafty|Knock Off|p2a: Carbink\n|-resisted|p2a: Carbink\n|-damage|p2a: Carbink|195/236\n|move|p2a: Carbink|Moonblast|p1a: Scrafty\n|-resisted|p1a: Scrafty\n|-damage|p1a: Scrafty|185/246\n|\n|-heal|p1a: Scrafty|200/246|[from] item: Leftovers\n|upkeep\n|turn|65\n|\n|t:|1727358857\n|move|p1a: Scrafty|Drain Punch|p2a: Carbink\n|-damage|p2a: Carbink|152/236\n|-heal|p1a: Scrafty|222/246|[from] drain|[of] p2a: Carbink\n|move|p2a: Carbink|Moonblast|p1a: Scrafty\n|-resisted|p1a: Scrafty\n|-damage|p1a: Scrafty|191/246\n|\n|-heal|p1a: Scrafty|206/246|[from] item: Leftovers\n|upkeep\n|turn|66\n|\n|t:|1727358866\n|move|p1a: Scrafty|Rest|p1a: Scrafty\n|-status|p1a: Scrafty|slp|[from] move: Rest\n|-heal|p1a: Scrafty|246/246 slp|[silent]\n|move|p2a: Carbink|Moonblast|p1a: Scrafty\n|-resisted|p1a: Scrafty\n|-damage|p1a: Scrafty|218/246 slp\n|-unboost|p1a: Scrafty|spa|1\n|\n|-heal|p1a: Scrafty|233/246 slp|[from] item: Leftovers\n|upkeep\n|turn|67\n|\n|t:|1727358882\n|cant|p1a: Scrafty|slp\n|move|p2a: Carbink|Moonblast|p1a: Scrafty\n|-resisted|p1a: Scrafty\n|-damage|p1a: Scrafty|202/246 slp\n|\n|-activate|p1a: Scrafty|ability: Shed Skin\n|-curestatus|p1a: Scrafty|slp|[msg]\n|-heal|p1a: Scrafty|217/246|[from] item: Leftovers\n|upkeep\n|turn|68\n|\n|t:|1727358895\n|move|p1a: Scrafty|Drain Punch|p2a: Carbink\n|-damage|p2a: Carbink|106/236\n|-heal|p1a: Scrafty|240/246|[from] drain|[of] p2a: Carbink\n|move|p2a: Carbink|Moonblast|p1a: Scrafty\n|-resisted|p1a: Scrafty\n|-damage|p1a: Scrafty|211/246\n|\n|-heal|p1a: Scrafty|226/246|[from] item: Leftovers\n|upkeep\n|turn|69\n|\n|t:|1727358903\n|move|p1a: Scrafty|Drain Punch|p2a: Carbink\n|-damage|p2a: Carbink|60/236\n|-heal|p1a: Scrafty|246/246|[from] drain|[of] p2a: Carbink\n|move|p2a: Carbink|Moonblast|p1a: Scrafty\n|-resisted|p1a: Scrafty\n|-damage|p1a: Scrafty|216/246\n|-unboost|p1a: Scrafty|spa|1\n|\n|-heal|p1a: Scrafty|231/246|[from] item: Leftovers\n|upkeep\n|turn|70\n|\n|t:|1727358909\n|move|p1a: Scrafty|Drain Punch|p2a: Carbink\n|-damage|p2a: Carbink|11/236\n|-heal|p1a: Scrafty|246/246|[from] drain|[of] p2a: Carbink\n|move|p2a: Carbink|Rest|p2a: Carbink\n|-status|p2a: Carbink|slp|[from] move: Rest\n|-heal|p2a: Carbink|236/236 slp|[silent]\n|\n|upkeep\n|turn|71\n|\n|t:|1727358915\n|move|p1a: Scrafty|Knock Off|p2a: Carbink\n|-resisted|p2a: Carbink\n|-damage|p2a: Carbink|218/236 slp\n|cant|p2a: Carbink|slp\n|\n|upkeep\n|turn|72\n|\n|t:|1727358922\n|move|p1a: Scrafty|Knock Off|p2a: Carbink\n|-resisted|p2a: Carbink\n|-damage|p2a: Carbink|197/236 slp\n|cant|p2a: Carbink|slp\n|\n|upkeep\n|turn|73\n|\n|t:|1727358933\n|move|p1a: Scrafty|Knock Off|p2a: Carbink\n|-resisted|p2a: Carbink\n|-damage|p2a: Carbink|177/236 slp\n|-curestatus|p2a: Carbink|slp|[msg]\n|move|p2a: Carbink|Body Press|p1a: Scrafty\n|-resisted|p1a: Scrafty\n|-crit|p1a: Scrafty\n|-damage|p1a: Scrafty|25/246\n|\n|-heal|p1a: Scrafty|40/246|[from] item: Leftovers\n|upkeep\n|turn|74\n|\n|t:|1727358942\n|move|p1a: Scrafty|Rest|p1a: Scrafty\n|-status|p1a: Scrafty|slp|[from] move: Rest\n|-heal|p1a: Scrafty|246/246 slp|[silent]\n|move|p2a: Carbink|Body Press|p1a: Scrafty\n|-resisted|p1a: Scrafty\n|-damage|p1a: Scrafty|211/246 slp\n|\n|-heal|p1a: Scrafty|226/246 slp|[from] item: Leftovers\n|upkeep\n|turn|75\n|\n|t:|1727358950\n|cant|p1a: Scrafty|slp\n|move|p2a: Carbink|Rest|p2a: Carbink\n|-status|p2a: Carbink|slp|[from] move: Rest\n|-heal|p2a: Carbink|236/236 slp|[silent]\n|\n|-activate|p1a: Scrafty|ability: Shed Skin\n|-curestatus|p1a: Scrafty|slp|[msg]\n|-heal|p1a: Scrafty|241/246|[from] item: Leftovers\n|upkeep\n|turn|76\n|\n|t:|1727358972\n|move|p1a: Scrafty|Knock Off|p2a: Carbink\n|-resisted|p2a: Carbink\n|-damage|p2a: Carbink|217/236 slp\n|cant|p2a: Carbink|slp\n|\n|-heal|p1a: Scrafty|246/246|[from] item: Leftovers\n|upkeep\n|turn|77\n|\n|t:|1727358980\n|move|p1a: Scrafty|Knock Off|p2a: Carbink\n|-resisted|p2a: Carbink\n|-damage|p2a: Carbink|197/236 slp\n|cant|p2a: Carbink|slp\n|\n|upkeep\n|turn|78\n|\n|t:|1727358988\n|move|p1a: Scrafty|Knock Off|p2a: Carbink\n|-resisted|p2a: Carbink\n|-damage|p2a: Carbink|176/236 slp\n|-curestatus|p2a: Carbink|slp|[msg]\n|move|p2a: Carbink|Moonblast|p1a: Scrafty\n|-resisted|p1a: Scrafty\n|-crit|p1a: Scrafty\n|-damage|p1a: Scrafty|198/246\n|\n|-heal|p1a: Scrafty|213/246|[from] item: Leftovers\n|upkeep\n|turn|79\n|\n|t:|1727358996\n|move|p1a: Scrafty|Rest|p1a: Scrafty\n|-status|p1a: Scrafty|slp|[from] move: Rest\n|-heal|p1a: Scrafty|246/246 slp|[silent]\n|move|p2a: Carbink|Moonblast|p1a: Scrafty\n|-resisted|p1a: Scrafty\n|-damage|p1a: Scrafty|214/246 slp\n|\n|-heal|p1a: Scrafty|229/246 slp|[from] item: Leftovers\n|upkeep\n|turn|80\n|\n|t:|1727359005\n|cant|p1a: Scrafty|slp\n|move|p2a: Carbink|Body Press|p1a: Scrafty\n|-resisted|p1a: Scrafty\n|-damage|p1a: Scrafty|190/246 slp\n|\n|-activate|p1a: Scrafty|ability: Shed Skin\n|-curestatus|p1a: Scrafty|slp|[msg]\n|-heal|p1a: Scrafty|205/246|[from] item: Leftovers\n|upkeep\n|turn|81\n|\n|t:|1727359019\n|move|p1a: Scrafty|Drain Punch|p2a: Carbink\n|-damage|p2a: Carbink|133/236\n|-heal|p1a: Scrafty|227/246|[from] drain|[of] p2a: Carbink\n|move|p2a: Carbink|Moonblast|p1a: Scrafty\n|-resisted|p1a: Scrafty\n|-damage|p1a: Scrafty|199/246\n|-unboost|p1a: Scrafty|spa|1\n|\n|-heal|p1a: Scrafty|214/246|[from] item: Leftovers\n|upkeep\n|turn|82\n|\n|t:|1727359032\n|move|p1a: Scrafty|Drain Punch|p2a: Carbink\n|-damage|p2a: Carbink|90/236\n|-heal|p1a: Scrafty|236/246|[from] drain|[of] p2a: Carbink\n|move|p2a: Carbink|Moonblast|p1a: Scrafty\n|-resisted|p1a: Scrafty\n|-damage|p1a: Scrafty|207/246\n|\n|-heal|p1a: Scrafty|222/246|[from] item: Leftovers\n|upkeep\n|turn|83\n|l| Arjenz1900\n|\n|t:|1727359041\n|move|p1a: Scrafty|Rest|p1a: Scrafty\n|-status|p1a: Scrafty|slp|[from] move: Rest\n|-heal|p1a: Scrafty|246/246 slp|[silent]\n|move|p2a: Carbink|Moonblast|p1a: Scrafty\n|-resisted|p1a: Scrafty\n|-damage|p1a: Scrafty|214/246 slp\n|\n|-activate|p1a: Scrafty|ability: Shed Skin\n|-curestatus|p1a: Scrafty|slp|[msg]\n|-heal|p1a: Scrafty|229/246|[from] item: Leftovers\n|upkeep\n|turn|84\n|\n|t:|1727359048\n|move|p1a: Scrafty|Rest|p1a: Scrafty\n|-status|p1a: Scrafty|slp|[from] move: Rest\n|-heal|p1a: Scrafty|246/246 slp|[silent]\n|move|p2a: Carbink|Rest|p2a: Carbink\n|-status|p2a: Carbink|slp|[from] move: Rest\n|-heal|p2a: Carbink|236/236 slp|[silent]\n|\n|upkeep\n|turn|85\n|\n|t:|1727359057\n|cant|p1a: Scrafty|slp\n|cant|p2a: Carbink|slp\n|\n|upkeep\n|turn|86\n|\n|t:|1727359062\n|cant|p1a: Scrafty|slp\n|cant|p2a: Carbink|slp\n|\n|upkeep\n|turn|87\n|\n|t:|1727359076\n|-curestatus|p1a: Scrafty|slp|[msg]\n|move|p1a: Scrafty|Knock Off|p2a: Carbink\n|-resisted|p2a: Carbink\n|-damage|p2a: Carbink|217/236 slp\n|-curestatus|p2a: Carbink|slp|[msg]\n|move|p2a: Carbink|Body Press|p1a: Scrafty\n|-resisted|p1a: Scrafty\n|-damage|p1a: Scrafty|206/246\n|\n|-heal|p1a: Scrafty|221/246|[from] item: Leftovers\n|upkeep\n|turn|88\n|\n|t:|1727359087\n|move|p1a: Scrafty|Knock Off|p2a: Carbink\n|-resisted|p2a: Carbink\n|-damage|p2a: Carbink|198/236\n|move|p2a: Carbink|Body Press|p1a: Scrafty\n|-resisted|p1a: Scrafty\n|-damage|p1a: Scrafty|181/246\n|\n|-heal|p1a: Scrafty|196/246|[from] item: Leftovers\n|upkeep\n|turn|89\n|\n|t:|1727359093\n|move|p1a: Scrafty|Knock Off|p2a: Carbink\n|-resisted|p2a: Carbink\n|-damage|p2a: Carbink|178/236\n|move|p2a: Carbink|Body Press|p1a: Scrafty\n|-resisted|p1a: Scrafty\n|-damage|p1a: Scrafty|157/246\n|\n|-heal|p1a: Scrafty|172/246|[from] item: Leftovers\n|upkeep\n|turn|90\n|\n|t:|1727359108\n|move|p1a: Scrafty|Drain Punch|p2a: Carbink\n|-damage|p2a: Carbink|135/236\n|-heal|p1a: Scrafty|194/246|[from] drain|[of] p2a: Carbink\n|move|p2a: Carbink|Moonblast|p1a: Scrafty\n|-resisted|p1a: Scrafty\n|-damage|p1a: Scrafty|162/246\n|\n|-heal|p1a: Scrafty|177/246|[from] item: Leftovers\n|upkeep\n|turn|91\n|\n|t:|1727359115\n|move|p1a: Scrafty|Knock Off|p2a: Carbink\n|-resisted|p2a: Carbink\n|-damage|p2a: Carbink|116/236\n|move|p2a: Carbink|Rest|p2a: Carbink\n|-status|p2a: Carbink|slp|[from] move: Rest\n|-heal|p2a: Carbink|236/236 slp|[silent]\n|\n|-heal|p1a: Scrafty|192/246|[from] item: Leftovers\n|upkeep\n|turn|92\n|\n|t:|1727359122\n|move|p1a: Scrafty|Knock Off|p2a: Carbink\n|-resisted|p2a: Carbink\n|-damage|p2a: Carbink|216/236 slp\n|cant|p2a: Carbink|slp\n|\n|-heal|p1a: Scrafty|207/246|[from] item: Leftovers\n|upkeep\n|turn|93\n|\n|t:|1727359130\n|move|p1a: Scrafty|Drain Punch|p2a: Carbink\n|-damage|p2a: Carbink|168/236 slp\n|-heal|p1a: Scrafty|231/246|[from] drain|[of] p2a: Carbink\n|cant|p2a: Carbink|slp\n|\n|-heal|p1a: Scrafty|246/246|[from] item: Leftovers\n|upkeep\n|turn|94\n|\n|t:|1727359141\n|move|p1a: Scrafty|Knock Off|p2a: Carbink\n|-resisted|p2a: Carbink\n|-damage|p2a: Carbink|147/236 slp\n|-curestatus|p2a: Carbink|slp|[msg]\n|move|p2a: Carbink|Body Press|p1a: Scrafty\n|-resisted|p1a: Scrafty\n|-damage|p1a: Scrafty|206/246\n|\n|-heal|p1a: Scrafty|221/246|[from] item: Leftovers\n|upkeep\n|turn|95\n|\n|t:|1727359147\n|move|p1a: Scrafty|Knock Off|p2a: Carbink\n|-resisted|p2a: Carbink\n|-damage|p2a: Carbink|126/236\n|move|p2a: Carbink|Moonblast|p1a: Scrafty\n|-resisted|p1a: Scrafty\n|-damage|p1a: Scrafty|191/246\n|\n|-heal|p1a: Scrafty|206/246|[from] item: Leftovers\n|upkeep\n|turn|96\n|\n|t:|1727359152\n|move|p1a: Scrafty|Knock Off|p2a: Carbink\n|-resisted|p2a: Carbink\n|-damage|p2a: Carbink|106/236\n|move|p2a: Carbink|Moonblast|p1a: Scrafty\n|-resisted|p1a: Scrafty\n|-damage|p1a: Scrafty|174/246\n|\n|-heal|p1a: Scrafty|189/246|[from] item: Leftovers\n|upkeep\n|turn|97\n|\n|t:|1727359171\n|move|p1a: Scrafty|Rest|p1a: Scrafty\n|-status|p1a: Scrafty|slp|[from] move: Rest\n|-heal|p1a: Scrafty|246/246 slp|[silent]\n|move|p2a: Carbink|Body Press|p1a: Scrafty\n|-resisted|p1a: Scrafty\n|-damage|p1a: Scrafty|209/246 slp\n|\n|-heal|p1a: Scrafty|224/246 slp|[from] item: Leftovers\n|upkeep\n|turn|98\n|inactive|R3LT Star Wheel has 120 seconds left.\n|\n|t:|1727359204\n|cant|p1a: Scrafty|slp\n|move|p2a: Carbink|Rest|p2a: Carbink\n|-status|p2a: Carbink|slp|[from] move: Rest\n|-heal|p2a: Carbink|236/236 slp|[silent]\n|\n|-heal|p1a: Scrafty|239/246 slp|[from] item: Leftovers\n|upkeep\n|turn|99\n|\n|t:|1727359212\n|cant|p1a: Scrafty|slp\n|cant|p2a: Carbink|slp\n|\n|-heal|p1a: Scrafty|246/246 slp|[from] item: Leftovers\n|upkeep\n|turn|100\n|\n|t:|1727359219\n|-curestatus|p1a: Scrafty|slp|[msg]\n|move|p1a: Scrafty|Knock Off|p2a: Carbink\n|-resisted|p2a: Carbink\n|-damage|p2a: Carbink|215/236 slp\n|cant|p2a: Carbink|slp\n|\n|upkeep\n|turn|101\n|\n|t:|1727359226\n|move|p1a: Scrafty|Knock Off|p2a: Carbink\n|-resisted|p2a: Carbink\n|-damage|p2a: Carbink|194/236 slp\n|-curestatus|p2a: Carbink|slp|[msg]\n|move|p2a: Carbink|Body Press|p1a: Scrafty\n|-resisted|p1a: Scrafty\n|-damage|p1a: Scrafty|208/246\n|\n|-heal|p1a: Scrafty|223/246|[from] item: Leftovers\n|upkeep\n|turn|102\n|\n|t:|1727359232\n|move|p1a: Scrafty|Drain Punch|p2a: Carbink\n|-damage|p2a: Carbink|152/236\n|-heal|p1a: Scrafty|244/246|[from] drain|[of] p2a: Carbink\n|move|p2a: Carbink|Body Press|p1a: Scrafty\n|-resisted|p1a: Scrafty\n|-damage|p1a: Scrafty|206/246\n|\n|-heal|p1a: Scrafty|221/246|[from] item: Leftovers\n|upkeep\n|turn|103\n|\n|t:|1727359239\n|move|p1a: Scrafty|Knock Off|p2a: Carbink\n|-resisted|p2a: Carbink\n|-damage|p2a: Carbink|133/236\n|-activate|p2a: Carbink|move: Struggle\n|move|p2a: Carbink|Struggle|p1a: Scrafty\n|-damage|p1a: Scrafty|217/246\n|-damage|p2a: Carbink|74/236|[from] recoil\n|\n|-heal|p1a: Scrafty|232/246|[from] item: Leftovers\n|upkeep\n|turn|104\n|\n|t:|1727359246\n|move|p1a: Scrafty|Knock Off|p2a: Carbink\n|-resisted|p2a: Carbink\n|-damage|p2a: Carbink|52/236\n|-activate|p2a: Carbink|move: Struggle\n|move|p2a: Carbink|Struggle|p1a: Scrafty\n|-damage|p1a: Scrafty|228/246\n|-damage|p2a: Carbink|0 fnt|[from] recoil\n|faint|p2a: Carbink\n|\n|-heal|p1a: Scrafty|243/246|[from] item: Leftovers\n|upkeep\n|\n|t:|1727359260\n|switch|p2a: Dragonite|Dragonite, L74, F|203/257\n|turn|105\n|\n|t:|1727359263\n|move|p2a: Dragonite|Roost|p2a: Dragonite\n|-heal|p2a: Dragonite|257/257\n|-singleturn|p2a: Dragonite|move: Roost\n|move|p1a: Scrafty|Knock Off|p2a: Dragonite\n|-damage|p2a: Dragonite|65/257\n|-enditem|p2a: Dragonite|Heavy-Duty Boots|[from] move: Knock Off|[of] p1a: Scrafty\n|\n|-heal|p1a: Scrafty|246/246|[from] item: Leftovers\n|upkeep\n|turn|106\n|\n|t:|1727359276\n|switch|p2a: Mienshao|Mienshao, L83, M|244/244\n|-damage|p2a: Mienshao|229/244|[from] Stealth Rock\n|move|p1a: Scrafty|Drain Punch|p2a: Mienshao\n|-damage|p2a: Mienshao|0 fnt\n|faint|p2a: Mienshao\n|\n|upkeep\n|\n|t:|1727359286\n|switch|p2a: Gallade|Gallade, L81, M|243/243\n|-damage|p2a: Gallade|228/243|[from] Stealth Rock\n|turn|107\n|c|\u2606R3LT Star Wheel|pls crit lol\n|\n|t:|1727359294\n|move|p2a: Gallade|Psycho Cut|p1a: Scrafty\n|-supereffective|p1a: Scrafty\n|-damage|p1a: Scrafty|173/246\n|-damage|p2a: Gallade|204/243|[from] item: Life Orb\n|move|p1a: Scrafty|Knock Off|p2a: Gallade\n|-damage|p2a: Gallade|0 fnt\n|-enditem|p2a: Gallade|Life Orb|[from] move: Knock Off|[of] p1a: Scrafty\n|faint|p2a: Gallade\n|\n|-heal|p1a: Scrafty|188/246|[from] item: Leftovers\n|upkeep\n|c|\u2606R3LT Star Wheel|gg dude\n|c|\u2606R3LT Petros|yea\n|-message|R3LT Star Wheel forfeited.\n|\n|win|R3LT Petros\n|raw|R3LT Petros's rating: 2251 &rarr; <strong>2282</strong><br />(+31 for winning)\n|raw|R3LT Star Wheel's rating: 2461 &rarr; <strong>2430</strong><br />(-31 for losing)\n|l|\u2606R3LT Star Wheel\n|player|p2|\n", "inputlog": ">version d155b4937d18dfffda2dee3f1f762535b4a408ed\n>start {\"formatid\":\"gen9randombattle\",\"seed\":[62071,26275,61010,14127],\"rated\":\"Rated battle\"}\n>player p1 {\"name\":\"R3LT Petros\",\"avatar\":\"#rbtt6teammewtwo\",\"rating\":2251,\"seed\":[9386,4929,37234,2349]}\n>player p2 {\"name\":\"R3LT Star Wheel\",\"avatar\":\"darach-caitlin\",\"rating\":2461,\"seed\":[47852,62241,33,29361]}\n>p1 move fireblast\n>p2 switch 4\n>p1 switch 5\n>p2 move dragondance\n>p1 move bravebird\n>p2 switch 4\n>p1 move stealthrock\n>p2 move shadowball\n>p1 move roost\n>p2 move nastyplot\n>p1 switch 2\n>p2 move shadowball\n>p1 switch 4\n>p2 move malignantchain\n>p1 move knockoff\n>p2 move shadowball\n>p1 move knockoff\n>p2 move recover\n>p1 move knockoff\n>p2 move recover\n>p1 move knockoff\n>p2 move nastyplot\n>p1 move knockoff\n>p2 move recover\n>p1 switch 5\n>p2 move recover\n>p1 move fireblast\n>p2 switch 5\n>p1 switch 4\n>p2 move irondefense\n>p1 move knockoff terastallize\n>p2 move irondefense\n>p1 move bulkup\n>p2 move bodypress\n>p1 move bulkup\n>p2 move irondefense\n>p1 move bulkup\n>p2 move bodypress\n>p1 move rest\n>p2 move bodypress\n>p1 move knockoff\n>p2 move bodypress\n>p1 move bulkup\n>p2 move moonblast\n>p1 move drainpunch\n>p2 move bodypress\n>p1 move rest\n>p2 move moonblast\n>p1 move knockoff\n>p2 move rest\n>p1 move bulkup\n>p2 move bodypress\n>p1 move bulkup\n>p2 move bodypress\n>p1 move knockoff\n>p2 move moonblast\n>p1 move drainpunch\n>p2 move bodypress\n>p1 move drainpunch\n>p2 move moonblast\n>p1 move drainpunch\n>p2 move rest\n>p1 move bulkup\n>p2 move irondefense\n>p1 move bulkup\n>p2 move irondefense\n>p1 move bulkup\n>p2 move irondefense\n>p1 move knockoff\n>p2 move irondefense\n>p1 move bulkup\n>p2 move irondefense\n>p1 move bulkup\n>p2 move irondefense\n>p1 move bulkup\n>p2 move irondefense\n>p1 move bulkup\n>p2 move irondefense\n>p1 move bulkup\n>p2 move irondefense\n>p1 move bulkup\n>p2 move irondefense\n>p1 move bulkup\n>p2 move irondefense\n>p1 move bulkup\n>p2 move irondefense\n>p1 move bulkup\n>p2 move irondefense\n>p1 move bulkup\n>p2 move irondefense\n>p1 move bulkup\n>p2 move irondefense\n>p1 move bulkup\n>p2 move irondefense\n>p1 move bulkup\n>p2 move irondefense\n>p1 move bulkup\n>p2 move irondefense\n>p1 move bulkup\n>p2 move irondefense\n>p1 move bulkup\n>p2 move irondefense\n>p1 move bulkup\n>p2 move irondefense\n>p1 move bulkup\n>p2 move irondefense\n>p1 move bulkup\n>p2 move irondefense\n>p1 move knockoff\n>p2 move moonblast\n>p1 move knockoff\n>p2 move moonblast\n>p1 move bulkup\n>p2 move moonblast\n>p1 move drainpunch\n>p2 move moonblast\n>p1 move drainpunch\n>p2 move rest\n>p1 move bulkup\n>p2 move moonblast\n>p1 move bulkup\n>p2 move moonblast\n>p1 move bulkup\n>p2 move moonblast\n>p1 move knockoff\n>p2 move moonblast\n>p1 move knockoff\n>p2 move moonblast\n>p1 move drainpunch\n>p2 move moonblast\n>p1 move rest\n>p2 move moonblast\n>p1 move rest\n>p2 move moonblast\n>p1 move drainpunch\n>p2 move moonblast\n>p1 move drainpunch\n>p2 move moonblast\n>p1 move drainpunch\n>p2 move rest\n>p1 move knockoff\n>p2 move moonblast\n>p1 move knockoff\n>p2 move moonblast\n>p1 move knockoff\n>p2 move bodypress\n>p1 move rest\n>p2 move bodypress\n>p1 move rest\n>p2 move rest\n>p1 move knockoff\n>p2 move moonblast\n>p1 move knockoff\n>p2 move moonblast\n>p1 move knockoff\n>p2 move moonblast\n>p1 move rest\n>p2 move moonblast\n>p1 move rest\n>p2 move bodypress\n>p1 move drainpunch\n>p2 move moonblast\n>p1 move drainpunch\n>p2 move moonblast\n>p1 move rest\n>p2 move moonblast\n>p1 move rest\n>p2 move rest\n>p1 move rest\n>p2 move moonblast\n>p1 move knockoff\n>p2 move moonblast\n>p1 move knockoff\n>p2 move bodypress\n>p1 move knockoff\n>p2 move bodypress\n>p1 move knockoff\n>p2 move bodypress\n>p1 move drainpunch\n>p2 move moonblast\n>p1 move knockoff\n>p2 move rest\n>p1 move knockoff\n>p2 move bodypress\n>p1 move drainpunch\n>p2 move bodypress\n>p1 move knockoff\n>p2 move bodypress\n>p1 move knockoff\n>p2 move moonblast\n>p1 move knockoff\n>p2 move moonblast\n>p1 move rest\n>p2 move bodypress\n>p1 move knockoff\n>p2 move rest\n>p1 move knockoff\n>p2 move bodypress\n>p1 move knockoff\n>p2 move bodypress\n>p1 move knockoff\n>p2 move bodypress\n>p1 move drainpunch\n>p2 move bodypress\n>p1 move knockoff\n>p2 move struggle\n>p1 move knockoff\n>p2 move struggle\n>p2 switch 4\n>p1 move knockoff\n>p2 move roost\n>p1 move drainpunch\n>p2 switch 3\n>p2 switch 6\n>chat \u2606R3LT Star Wheel|pls crit lol\n>p1 move knockoff\n>p2 move psychocut\n>chat \u2606R3LT Star Wheel|gg dude\n>chat \u2606R3LT Petros|yea\n>forcelose p2", "uploadtime": 1727359317, "views": 95, "formatid": "gen9randombattle", "rating": 2282, "private": 0, "password": null}