{"id": "gen9randombattle-2260852864", "format": "[Gen 9] Random Battle", "players": ["Eiiikon", "ShelbyKingJay"], "log": "|j|\u2606Eiiikon\n|j|\u2606ShelbyKingJay\n|t:|1733904470\n|gametype|singles\n|player|p1|Eiiikon|2|1000\n|player|p2|ShelbyKingJay|wattson|1040\n|teamsize|p1|6\n|teamsize|p2|6\n|gen|9\n|tier|[Gen 9] Random Battle\n|rated|\n|rule|Species Clause: Limit one of each Pok\u00e9mon\n|rule|HP Percentage Mod: HP is shown in percentages\n|rule|Sleep Clause Mod: Limit one foe put to sleep\n|rule|Illusion Level Mod: Illusion disguises the Pok\u00e9mon's true level\n|\n|t:|1733904470\n|start\n|switch|p1a: Iron Leaves|Iron Leaves, L80|275/275\n|switch|p2a: Blissey|Blissey, L84, F|566/566\n|turn|1\n|c|\u2606ShelbyKingJay|hf\n|inactive|Battle timer is ON: inactive players will automatically lose when time's up. (requested by ShelbyKingJay)\n|\n|t:|1733904477\n|switch|p2a: Bombirdier|Bombirdier, L85, F|258/258\n|move|p1a: Iron Leaves|Close Combat|p2a: Bombirdier\n|-damage|p2a: Bombirdier|110/258\n|-unboost|p1a: Iron Leaves|def|1\n|-unboost|p1a: Iron Leaves|spd|1\n|\n|upkeep\n|turn|2\n|\n|t:|1733904492\n|switch|p2a: Toxapex|Toxapex, L82, M|216/216\n|move|p1a: Iron Leaves|Close Combat|p2a: Toxapex\n|-resisted|p2a: Toxapex\n|-damage|p2a: Toxapex|166/216\n|-unboost|p1a: Iron Leaves|def|1\n|-unboost|p1a: Iron Leaves|spd|1\n|-damage|p1a: Iron Leaves|230/275|[from] item: Rocky Helmet|[of] p2a: Toxapex\n|\n|upkeep\n|turn|3\n|\n|t:|1733904511\n|-end|p1a: Iron Leaves|Quark Drive|[silent]\n|switch|p1a: Persian|Persian-Alola, L86, F|252/252\n|move|p2a: Toxapex|Toxic Spikes|p1a: Persian\n|-sidestart|p1: Eiiikon|move: Toxic Spikes\n|\n|upkeep\n|turn|4\n|\n|t:|1733904519\n|switch|p2a: Blissey|Blissey, L84, F|566/566\n|-terastallize|p1a: Persian|Electric\n|move|p1a: Persian|Nasty Plot|p1a: Persian\n|-boost|p1a: Persian|spa|2\n|\n|upkeep\n|turn|5\n|\n|t:|1733904528\n|move|p1a: Persian|Hypnosis|p2a: Blissey|[miss]\n|-miss|p1a: Persian|p2a: Blissey\n|move|p2a: Blissey|Stealth Rock|p1a: Persian\n|-sidestart|p1: Eiiikon|move: Stealth Rock\n|\n|upkeep\n|turn|6\n|\n|t:|1733904535\n|switch|p1a: Swalot|Swalot, L90, M|326/326\n|-sideend|p1: Eiiikon|move: Toxic Spikes|[of] p1a: Swalot\n|-damage|p1a: Swalot|286/326|[from] Stealth Rock\n|move|p2a: Blissey|Seismic Toss|p1a: Swalot\n|-damage|p1a: Swalot|202/326\n|\n|-heal|p1a: Swalot|222/326|[from] item: Leftovers\n|upkeep\n|turn|7\n|\n|t:|1733904548\n|move|p1a: Swalot|Knock Off|p2a: Blissey\n|-damage|p2a: Blissey|389/566\n|-enditem|p2a: Blissey|Leftovers|[from] move: Knock Off|[of] p1a: Swalot\n|move|p2a: Blissey|Thunder Wave|p1a: Swalot\n|-status|p1a: Swalot|par\n|\n|-heal|p1a: Swalot|242/326 par|[from] item: Leftovers\n|upkeep\n|turn|8\n|\n|t:|1733904559\n|move|p2a: Blissey|Seismic Toss|p1a: Swalot\n|-damage|p1a: Swalot|158/326 par\n|move|p1a: Swalot|Toxic Spikes|p2a: Blissey\n|-sidestart|p2: ShelbyKingJay|move: Toxic Spikes\n|\n|-heal|p1a: Swalot|178/326 par|[from] item: Leftovers\n|upkeep\n|turn|9\n|\n|t:|1733904567\n|move|p2a: Blissey|Seismic Toss|p1a: Swalot\n|-damage|p1a: Swalot|94/326 par\n|move|p1a: Swalot|Sludge Bomb|p2a: Blissey\n|-damage|p2a: Blissey|328/566\n|\n|-heal|p1a: Swalot|114/326 par|[from] item: Leftovers\n|upkeep\n|turn|10\n|\n|t:|1733904577\n|move|p2a: Blissey|Seismic Toss|p1a: Swalot\n|-damage|p1a: Swalot|30/326 par\n|move|p1a: Swalot|Pain Split|p2a: Blissey\n|-sethp|p2a: Blissey|179/566|[from] move: Pain Split|[silent]\n|-sethp|p1a: Swalot|179/326 par|[from] move: Pain Split\n|\n|-heal|p1a: Swalot|199/326 par|[from] item: Leftovers\n|upkeep\n|turn|11\n|\n|t:|1733904587\n|move|p2a: Blissey|Soft-Boiled|p2a: Blissey\n|-heal|p2a: Blissey|462/566\n|cant|p1a: Swalot|par\n|\n|-heal|p1a: Swalot|219/326 par|[from] item: Leftovers\n|upkeep\n|turn|12\n|\n|t:|1733904596\n|switch|p2a: Toxapex|Toxapex, L82, M|216/216\n|-sideend|p2: ShelbyKingJay|move: Toxic Spikes|[of] p2a: Toxapex\n|switch|p1a: Iron Leaves|Iron Leaves, L80|230/275\n|-damage|p1a: Iron Leaves|196/275|[from] Stealth Rock\n|\n|upkeep\n|turn|13\n|\n|t:|1733904607\n|move|p1a: Iron Leaves|Psyblade|p2a: Toxapex\n|-supereffective|p2a: Toxapex\n|-damage|p2a: Toxapex|6/216\n|-damage|p1a: Iron Leaves|151/275|[from] item: Rocky Helmet|[of] p2a: Toxapex\n|move|p2a: Toxapex|Toxic Spikes|p1a: Iron Leaves\n|-sidestart|p1: Eiiikon|move: Toxic Spikes\n|\n|upkeep\n|turn|14\n|\n|t:|1733904614\n|switch|p2a: Bombirdier|Bombirdier, L85, F|110/258\n|move|p1a: Iron Leaves|Psyblade|p2a: Bombirdier\n|-immune|p2a: Bombirdier\n|\n|upkeep\n|turn|15\n|\n|t:|1733904624\n|-end|p1a: Iron Leaves|Quark Drive|[silent]\n|switch|p1a: Swalot|Swalot, L90, M|219/326 par\n|-damage|p1a: Swalot|179/326 par|[from] Stealth Rock\n|-sideend|p1: Eiiikon|move: Toxic Spikes|[of] p1a: Swalot\n|move|p2a: Bombirdier|Stone Edge|p1a: Swalot\n|-damage|p1a: Swalot|65/326 par\n|\n|-heal|p1a: Swalot|85/326 par|[from] item: Leftovers\n|upkeep\n|turn|16\n|\n|t:|1733904634\n|move|p2a: Bombirdier|Roost|p2a: Bombirdier\n|-heal|p2a: Bombirdier|239/258\n|-singleturn|p2a: Bombirdier|move: Roost\n|move|p1a: Swalot|Pain Split|p2a: Bombirdier\n|-sethp|p2a: Bombirdier|162/258|[from] move: Pain Split|[silent]\n|-sethp|p1a: Swalot|162/326 par|[from] move: Pain Split\n|\n|-heal|p1a: Swalot|182/326 par|[from] item: Leftovers\n|upkeep\n|turn|17\n|\n|t:|1733904645\n|move|p2a: Bombirdier|Stone Edge|p1a: Swalot\n|-damage|p1a: Swalot|70/326 par\n|move|p1a: Swalot|Knock Off|p2a: Bombirdier\n|-resisted|p2a: Bombirdier\n|-damage|p2a: Bombirdier|127/258\n|-enditem|p2a: Bombirdier|Heavy-Duty Boots|[from] move: Knock Off|[of] p1a: Swalot\n|\n|-heal|p1a: Swalot|90/326 par|[from] item: Leftovers\n|upkeep\n|turn|18\n|inactive|Eiiikon has 120 seconds left.\n|inactive|Eiiikon has 90 seconds left.\n|\n|t:|1733904725\n|move|p2a: Bombirdier|Brave Bird|p1a: Swalot\n|-damage|p1a: Swalot|0 fnt\n|faint|p1a: Swalot\n|-damage|p2a: Bombirdier|97/258|[from] Recoil\n|\n|upkeep\n|\n|t:|1733904734\n|switch|p1a: Persian|Persian-Alola, L86, F, tera:Electric|252/252\n|-damage|p1a: Persian|221/252|[from] Stealth Rock\n|turn|19\n|\n|t:|1733904739\n|switch|p2a: Blissey|Blissey, L84, F|462/566\n|move|p1a: Persian|Nasty Plot|p1a: Persian\n|-boost|p1a: Persian|spa|2\n|\n|-heal|p1a: Persian|236/252|[from] item: Leftovers\n|upkeep\n|turn|20\n|\n|t:|1733904749\n|switch|p1a: Iron Leaves|Iron Leaves, L80|151/275\n|-damage|p1a: Iron Leaves|117/275|[from] Stealth Rock\n|move|p2a: Blissey|Seismic Toss|p1a: Iron Leaves\n|-damage|p1a: Iron Leaves|33/275\n|\n|upkeep\n|turn|21\n|\n|t:|1733904758\n|switch|p2a: Toxapex|Toxapex, L82, M|78/216\n|move|p1a: Iron Leaves|Close Combat|p2a: Toxapex\n|-resisted|p2a: Toxapex\n|-damage|p2a: Toxapex|27/216\n|-unboost|p1a: Iron Leaves|def|1\n|-unboost|p1a: Iron Leaves|spd|1\n|-damage|p1a: Iron Leaves|0 fnt|[from] item: Rocky Helmet|[of] p2a: Toxapex\n|faint|p1a: Iron Leaves\n|-end|p1a: Iron Leaves|Quark Drive|[silent]\n|\n|upkeep\n|\n|t:|1733904770\n|switch|p1a: Gurdurr|Gurdurr, L85, M|283/283\n|-damage|p1a: Gurdurr|266/283|[from] Stealth Rock\n|turn|22\n|\n|t:|1733904775\n|switch|p2a: Passimian|Passimian, L83, F|302/302\n|move|p1a: Gurdurr|Knock Off|p2a: Passimian\n|-resisted|p2a: Passimian\n|-damage|p2a: Passimian|264/302\n|-enditem|p2a: Passimian|Choice Scarf|[from] move: Knock Off|[of] p1a: Gurdurr\n|\n|upkeep\n|turn|23\n|inactive|Eiiikon has 90 seconds left.\n|\n|t:|1733904785\n|switch|p2a: Toxapex|Toxapex, L82, M|99/216\n|move|p1a: Gurdurr|Defog|p2a: Toxapex\n|-unboost|p2a: Toxapex|evasion|1\n|-sideend|p1: Eiiikon|Stealth Rock|[from] move: Defog|[of] p1a: Gurdurr\n|\n|upkeep\n|turn|24\n|\n|t:|1733904793\n|move|p1a: Gurdurr|Knock Off|p2a: Toxapex\n|-damage|p2a: Toxapex|47/216\n|-damage|p1a: Gurdurr|219/283|[from] item: Rocky Helmet|[of] p2a: Toxapex\n|-enditem|p2a: Toxapex|Rocky Helmet|[from] move: Knock Off|[of] p1a: Gurdurr\n|move|p2a: Toxapex|Recover|p2a: Toxapex\n|-heal|p2a: Toxapex|155/216\n|\n|upkeep\n|turn|25\n|\n|t:|1733904802\n|switch|p1a: Persian|Persian-Alola, L86, F, tera:Electric|236/252\n|move|p2a: Toxapex|Toxic Spikes|p1a: Persian\n|-sidestart|p1: Eiiikon|move: Toxic Spikes\n|\n|-heal|p1a: Persian|251/252|[from] item: Leftovers\n|upkeep\n|turn|26\n|\n|t:|1733904812\n|switch|p2a: Blissey|Blissey, L84, F|462/566\n|move|p1a: Persian|Nasty Plot|p1a: Persian\n|-boost|p1a: Persian|spa|2\n|\n|-heal|p1a: Persian|252/252|[from] item: Leftovers\n|upkeep\n|turn|27\n|\n|t:|1733904821\n|move|p1a: Persian|Thunderbolt|p2a: Blissey\n|-damage|p2a: Blissey|348/566\n|move|p2a: Blissey|Stealth Rock|p1a: Persian\n|-sidestart|p1: Eiiikon|move: Stealth Rock\n|\n|upkeep\n|turn|28\n|-message|Eiiikon forfeited.\n|\n|win|ShelbyKingJay\n|raw|Eiiikon's rating: 1000 &rarr; <strong>1000</strong><br />(+0 for losing)\n|raw|ShelbyKingJay's rating: 1040 &rarr; <strong>1070</strong><br />(+30 for winning)\n|c|\u2606ShelbyKingJay|gg\n|l|\u2606Eiiikon\n|player|p1|\n|l|\u2606ShelbyKingJay\n|player|p2|\n", "inputlog": ">version bfd83cad13791eb5a5a409923076391caf6fb4d4\n>start {\"formatid\":\"gen9randombattle\",\"seed\":[32904,34582,9632,11309],\"rated\":\"Rated battle\"}\n>player p1 {\"name\":\"Eiiikon\",\"avatar\":\"2\",\"rating\":1000,\"seed\":[34870,41130,24798,1438]}\n>player p2 {\"name\":\"ShelbyKingJay\",\"avatar\":\"wattson\",\"rating\":1040,\"seed\":[20411,40997,25716,22440]}\n>chat \u2606ShelbyKingJay|hf\n>p1 move closecombat\n>p2 switch 6\n>p1 move closecombat\n>p2 switch 3\n>p1 switch 4\n>p2 move toxicspikes\n>p1 move nastyplot terastallize\n>p2 switch 6\n>p1 move hypnosis\n>p2 move stealthrock\n>p1 switch 2\n>p2 move seismictoss\n>p1 move knockoff\n>p2 move thunderwave\n>p1 move toxicspikes\n>p2 move seismictoss\n>p1 move sludgebomb\n>p2 move seismictoss\n>p1 move painsplit\n>p2 move seismictoss\n>p1 move knockoff\n>p2 move softboiled\n>p1 switch 4\n>p2 switch 6\n>p1 move psyblade\n>p2 move toxicspikes\n>p1 move psyblade\n>p2 switch 3\n>p1 switch 4\n>p2 move stoneedge\n>p1 move painsplit\n>p2 move roost\n>p1 move knockoff\n>p2 move stoneedge\n>p1 move painsplit\n>p2 move bravebird\n>p1 switch 2\n>p1 move nastyplot\n>p2 switch 6\n>p1 switch 4\n>p2 move seismictoss\n>p1 move closecombat\n>p2 switch 3\n>p1 switch 3\n>p1 move knockoff\n>p2 switch 5\n>p1 move defog\n>p2 switch 5\n>p1 move knockoff\n>p2 move recover\n>p1 switch 4\n>p2 move toxicspikes\n>p1 move nastyplot\n>p2 switch 3\n>p1 move thunderbolt\n>p2 move stealthrock\n>forcelose p1", "uploadtime": 1733905347, "views": 1, "formatid": "gen9randombattle", "rating": 1000, "private": 0, "password": null}