{"id": "gen9randombattle-2260531608", "format": "[Gen 9] Random Battle", "players": ["StarKirbo", "PokemonTrainerMayo"], "log": "|j|\u2606StarKirbo\n|j|\u2606PokemonTrainerMayo\n|t:|1733860675\n|gametype|singles\n|player|p1|StarKirbo|cyclistf-gen4|1001\n|player|p2|PokemonTrainerMayo|riley|1041\n|teamsize|p1|6\n|teamsize|p2|6\n|gen|9\n|tier|[Gen 9] Random Battle\n|rated|\n|rule|Species Clause: Limit one of each Pok\u00e9mon\n|rule|HP Percentage Mod: HP is shown in percentages\n|rule|Sleep Clause Mod: Limit one foe put to sleep\n|rule|Illusion Level Mod: Illusion disguises the Pok\u00e9mon's true level\n|\n|t:|1733860675\n|start\n|switch|p1a: Latias|Latias, L79, F|256/256\n|switch|p2a: Porygon2|Porygon2, L82|274/274\n|-ability|p2a: Porygon2|Download|boost\n|-boost|p2a: Porygon2|atk|1\n|turn|1\n|\n|t:|1733860685\n|move|p1a: Latias|Draco Meteor|p2a: Porygon2\n|-damage|p2a: Porygon2|171/274\n|-unboost|p1a: Latias|spa|2\n|move|p2a: Porygon2|Ice Beam|p1a: Latias\n|-supereffective|p1a: Latias\n|-damage|p1a: Latias|162/256\n|\n|upkeep\n|turn|2\n|\n|t:|1733860695\n|move|p1a: Latias|Psyshock|p2a: Porygon2\n|-damage|p2a: Porygon2|140/274\n|move|p2a: Porygon2|Ice Beam|p1a: Latias\n|-supereffective|p1a: Latias\n|-damage|p1a: Latias|66/256\n|\n|upkeep\n|turn|3\n|\n|t:|1733860701\n|move|p1a: Latias|Recover|p1a: Latias\n|-heal|p1a: Latias|194/256\n|move|p2a: Porygon2|Ice Beam|p1a: Latias\n|-supereffective|p1a: Latias\n|-damage|p1a: Latias|100/256\n|\n|upkeep\n|turn|4\n|\n|t:|1733860708\n|move|p1a: Latias|Calm Mind|p1a: Latias\n|-boost|p1a: Latias|spa|1\n|-boost|p1a: Latias|spd|1\n|move|p2a: Porygon2|Ice Beam|p1a: Latias\n|-supereffective|p1a: Latias\n|-damage|p1a: Latias|32/256\n|\n|upkeep\n|turn|5\n|\n|t:|1733860715\n|move|p1a: Latias|Draco Meteor|p2a: Porygon2|[miss]\n|-miss|p1a: Latias|p2a: Porygon2\n|move|p2a: Porygon2|Ice Beam|p1a: Latias\n|-supereffective|p1a: Latias\n|-damage|p1a: Latias|0 fnt\n|faint|p1a: Latias\n|\n|upkeep\n|\n|t:|1733860722\n|switch|p1a: Hitmontop|Hitmontop, L88, M|231/231\n|turn|6\n|\n|t:|1733860727\n|move|p1a: Hitmontop|Triple Axel|p2a: Porygon2\n|-damage|p2a: Porygon2|123/274\n|-damage|p2a: Porygon2|93/274\n|-crit|p2a: Porygon2\n|-damage|p2a: Porygon2|19/274\n|-hitcount|p2a: Porygon2|3\n|move|p2a: Porygon2|Ice Beam|p1a: Hitmontop\n|-damage|p1a: Hitmontop|184/231\n|\n|-heal|p1a: Hitmontop|198/231|[from] item: Leftovers\n|upkeep\n|turn|7\n|\n|t:|1733860739\n|move|p1a: Hitmontop|Bulk Up|p1a: Hitmontop\n|-boost|p1a: Hitmontop|atk|1\n|-boost|p1a: Hitmontop|def|1\n|move|p2a: Porygon2|Recover|p2a: Porygon2\n|-heal|p2a: Porygon2|156/274\n|\n|-heal|p1a: Hitmontop|212/231|[from] item: Leftovers\n|upkeep\n|turn|8\n|\n|t:|1733860749\n|move|p1a: Hitmontop|Close Combat|p2a: Porygon2\n|-supereffective|p2a: Porygon2\n|-damage|p2a: Porygon2|0 fnt\n|-unboost|p1a: Hitmontop|def|1\n|-unboost|p1a: Hitmontop|spd|1\n|faint|p2a: Porygon2\n|\n|-heal|p1a: Hitmontop|226/231|[from] item: Leftovers\n|upkeep\n|\n|t:|1733860762\n|switch|p2a: Charizard|Charizard, L85, F|271/271\n|turn|9\n|\n|t:|1733860767\n|switch|p1a: Staraptor|Staraptor, L79, F|263/263\n|move|p2a: Charizard|Earthquake|p1a: Staraptor\n|-immune|p1a: Staraptor\n|\n|upkeep\n|turn|10\n|\n|t:|1733860776\n|move|p2a: Charizard|Outrage|p1a: Staraptor\n|-crit|p1a: Staraptor\n|-damage|p1a: Staraptor|108/263\n|move|p1a: Staraptor|U-turn|p2a: Charizard\n|-resisted|p2a: Charizard\n|-damage|p2a: Charizard|252/271\n|\n|t:|1733860782\n|switch|p1a: Goodra|Goodra, L85, M|292/292|[from] U-turn\n|\n|upkeep\n|turn|11\n|\n|t:|1733860787\n|move|p2a: Charizard|Outrage|p1a: Goodra|[from]lockedmove\n|-supereffective|p1a: Goodra\n|-damage|p1a: Goodra|92/292\n|-start|p2a: Charizard|confusion|[fatigue]\n|move|p1a: Goodra|Sludge Bomb|p2a: Charizard\n|-damage|p2a: Charizard|173/271\n|-status|p2a: Charizard|psn\n|\n|-damage|p2a: Charizard|140/271 psn|[from] psn\n|upkeep\n|turn|12\n|\n|t:|1733860798\n|-activate|p2a: Charizard|confusion\n|move|p2a: Charizard|Outrage|p1a: Goodra\n|-supereffective|p1a: Goodra\n|-damage|p1a: Goodra|0 fnt\n|faint|p1a: Goodra\n|\n|-damage|p2a: Charizard|107/271 psn|[from] psn\n|upkeep\n|\n|t:|1733860805\n|switch|p1a: Regigigas|Regigigas, L84|322/322\n|-start|p1a: Regigigas|ability: Slow Start\n|turn|13\n|\n|t:|1733860810\n|-end|p2a: Charizard|confusion\n|move|p2a: Charizard|Outrage|p1a: Regigigas|[from]lockedmove\n|-damage|p1a: Regigigas|252/322\n|move|p1a: Regigigas|Substitute|p1a: Regigigas\n|-start|p1a: Regigigas|Substitute\n|-damage|p1a: Regigigas|172/322\n|\n|-heal|p1a: Regigigas|192/322|[from] item: Leftovers\n|-damage|p2a: Charizard|74/271 psn|[from] psn\n|upkeep\n|turn|14\n|\n|t:|1733860822\n|move|p1a: Regigigas|Protect|p1a: Regigigas\n|-singleturn|p1a: Regigigas|Protect\n|move|p2a: Charizard|Outrage|p1a: Regigigas|[from]lockedmove\n|-activate|p1a: Regigigas|move: Protect\n|-start|p2a: Charizard|confusion|[fatigue]\n|\n|-heal|p1a: Regigigas|212/322|[from] item: Leftovers\n|-damage|p2a: Charizard|41/271 psn|[from] psn\n|upkeep\n|turn|15\n|\n|t:|1733860833\n|-activate|p2a: Charizard|confusion\n|move|p2a: Charizard|Earthquake|p1a: Regigigas\n|-crit|p1a: Regigigas\n|-end|p1a: Regigigas|Substitute\n|move|p1a: Regigigas|Knock Off|p2a: Charizard\n|-damage|p2a: Charizard|0 fnt\n|-enditem|p2a: Charizard|Heavy-Duty Boots|[from] move: Knock Off|[of] p1a: Regigigas\n|faint|p2a: Charizard\n|\n|-heal|p1a: Regigigas|232/322|[from] item: Leftovers\n|upkeep\n|\n|t:|1733860846\n|switch|p2a: Scizor|Scizor, L79, F|240/240\n|turn|16\n|\n|t:|1733860850\n|-end|p1a: Regigigas|Slow Start|[silent]\n|switch|p1a: Volcarona|Volcarona, L77, M|257/257\n|move|p2a: Scizor|Close Combat|p1a: Volcarona\n|-resisted|p1a: Volcarona\n|-damage|p1a: Volcarona|158/257\n|-unboost|p2a: Scizor|def|1\n|-unboost|p2a: Scizor|spd|1\n|\n|upkeep\n|turn|17\n|\n|t:|1733860874\n|switch|p2a: Meloetta|Meloetta, L82|298/298\n|move|p1a: Volcarona|Giga Drain|p2a: Meloetta\n|-damage|p2a: Meloetta|250/298\n|-heal|p1a: Volcarona|182/257|[from] drain|[of] p2a: Meloetta\n|\n|upkeep\n|turn|18\n|\n|t:|1733860885\n|move|p1a: Volcarona|Quiver Dance|p1a: Volcarona\n|-boost|p1a: Volcarona|spa|1\n|-boost|p1a: Volcarona|spd|1\n|-boost|p1a: Volcarona|spe|1\n|move|p2a: Meloetta|Psyshock|p1a: Volcarona\n|-damage|p1a: Volcarona|0 fnt\n|faint|p1a: Volcarona\n|\n|upkeep\n|\n|t:|1733860891\n|switch|p1a: Hitmontop|Hitmontop, L88, M|226/231\n|turn|19\n|\n|t:|1733860895\n|move|p2a: Meloetta|Psyshock|p1a: Hitmontop\n|-supereffective|p1a: Hitmontop\n|-damage|p1a: Hitmontop|0 fnt\n|faint|p1a: Hitmontop\n|\n|upkeep\n|\n|t:|1733860899\n|switch|p1a: Staraptor|Staraptor, L79, F|108/263\n|turn|20\n|\n|t:|1733860903\n|move|p1a: Staraptor|Brave Bird|p2a: Meloetta\n|-damage|p2a: Meloetta|0 fnt\n|faint|p2a: Meloetta\n|-damage|p1a: Staraptor|25/263|[from] Recoil\n|\n|upkeep\n|\n|t:|1733860909\n|switch|p2a: Scizor|Scizor, L79, F|240/240\n|turn|21\n|\n|t:|1733860912\n|switch|p1a: Regigigas|Regigigas, L84|232/322\n|-start|p1a: Regigigas|ability: Slow Start\n|move|p2a: Scizor|Close Combat|p1a: Regigigas\n|-supereffective|p1a: Regigigas\n|-damage|p1a: Regigigas|0 fnt\n|-unboost|p2a: Scizor|def|1\n|-unboost|p2a: Scizor|spd|1\n|faint|p1a: Regigigas\n|-end|p1a: Regigigas|Slow Start|[silent]\n|\n|upkeep\n|\n|t:|1733860921\n|switch|p1a: Staraptor|Staraptor, L79, F|25/263\n|turn|22\n|\n|t:|1733860926\n|-terastallize|p1a: Staraptor|Flying\n|move|p1a: Staraptor|Brave Bird|p2a: Scizor\n|-damage|p2a: Scizor|0 fnt\n|faint|p2a: Scizor\n|-damage|p1a: Staraptor|0 fnt|[from] Recoil\n|faint|p1a: Staraptor\n|\n|win|PokemonTrainerMayo\n|raw|StarKirbo's rating: 1001 &rarr; <strong>1000</strong><br />(-1 for losing)\n|raw|PokemonTrainerMayo's rating: 1041 &rarr; <strong>1071</strong><br />(+30 for winning)\n|l|\u2606StarKirbo\n|player|p1|\n", "inputlog": ">version bfd83cad13791eb5a5a409923076391caf6fb4d4\n>start {\"formatid\":\"gen9randombattle\",\"seed\":[45035,28984,61112,8864],\"rated\":\"Rated battle\"}\n>player p1 {\"name\":\"StarKirbo\",\"avatar\":\"cyclistf-gen4\",\"rating\":1001,\"seed\":[9356,28152,40635,59357]}\n>player p2 {\"name\":\"PokemonTrainerMayo\",\"avatar\":\"riley\",\"rating\":1041,\"seed\":[48554,12680,46593,24512]}\n>p1 move dracometeor\n>p2 move icebeam\n>p1 move psyshock\n>p2 move icebeam\n>p1 move recover\n>p2 move icebeam\n>p1 move calmmind\n>p2 move icebeam\n>p1 move dracometeor\n>p2 move icebeam\n>p1 switch 2\n>p1 move tripleaxel\n>p2 move icebeam\n>p1 move bulkup\n>p2 move recover\n>p1 move closecombat\n>p2 move triattack\n>p2 switch 3\n>p1 switch 3\n>p2 move earthquake\n>p1 move uturn\n>p2 move outrage\n>p1 switch 4\n>p1 move sludgebomb\n>p2 move outrage\n>p1 move dracometeor\n>p2 move outrage\n>p1 switch 5\n>p1 move substitute\n>p2 move outrage\n>p1 move protect\n>p2 move outrage\n>p1 move knockoff\n>p2 move earthquake\n>p2 switch 5\n>p1 switch 6\n>p2 move closecombat\n>p1 move gigadrain\n>p2 switch 6\n>p1 move quiverdance\n>p2 move psyshock\n>p1 switch 3\n>p1 move tripleaxel\n>p2 move psyshock\n>p1 switch 4\n>p1 move bravebird\n>p2 move psyshock\n>p2 switch 6\n>p1 switch 6\n>p2 move closecombat\n>p1 switch 6\n>p1 move bravebird terastallize\n>p2 move closecombat", "uploadtime": 1733860937, "views": 14, "formatid": "gen9randombattle", "rating": 1000, "private": 0, "password": null}