{"id": "gen9randombattle-2260394135", "format": "[Gen 9] Random Battle", "players": ["Phani42", "ikerosky"], "log": "|j|\u2606Phani42\n|j|\u2606ikerosky\n|t:|1733847315\n|gametype|singles\n|player|p1|Phani42|169|1409\n|player|p2|ikerosky|101|1372\n|teamsize|p1|6\n|teamsize|p2|6\n|gen|9\n|tier|[Gen 9] Random Battle\n|rated|\n|rule|Species Clause: Limit one of each Pok\u00e9mon\n|rule|HP Percentage Mod: HP is shown in percentages\n|rule|Sleep Clause Mod: Limit one foe put to sleep\n|rule|Illusion Level Mod: Illusion disguises the Pok\u00e9mon's true level\n|\n|t:|1733847315\n|start\n|switch|p1a: Kilowattrel|Kilowattrel, L83, M|252/252\n|switch|p2a: Flygon|Flygon, L82, M|265/265\n|turn|1\n|inactive|Battle timer is ON: inactive players will automatically lose when time's up. (requested by Phani42)\n|\n|t:|1733847327\n|move|p2a: Flygon|Stone Edge|p1a: Kilowattrel|[miss]\n|-miss|p2a: Flygon|p1a: Kilowattrel\n|move|p1a: Kilowattrel|Hurricane|p2a: Flygon\n|-damage|p2a: Flygon|138/265\n|\n|upkeep\n|turn|2\n|\n|t:|1733847334\n|switch|p1a: Quagsire|Quagsire, L84, M|297/297\n|move|p2a: Flygon|Stone Edge|p1a: Quagsire\n|-resisted|p1a: Quagsire\n|-damage|p1a: Quagsire|261/297\n|\n|-heal|p1a: Quagsire|279/297|[from] item: Leftovers\n|upkeep\n|turn|3\n|\n|t:|1733847352\n|switch|p2a: Miraidon|Miraidon, L65|238/238\n|-fieldstart|move: Electric Terrain|[from] ability: Hadron Engine|[of] p2a: Miraidon\n|move|p1a: Quagsire|Toxic|p2a: Miraidon|[miss]\n|-miss|p1a: Quagsire|p2a: Miraidon\n|\n|-heal|p1a: Quagsire|297/297|[from] item: Leftovers\n|upkeep\n|turn|4\n|\n|t:|1733847364\n|move|p2a: Miraidon|Substitute|p2a: Miraidon\n|-start|p2a: Miraidon|Substitute\n|-damage|p2a: Miraidon|179/238\n|move|p1a: Quagsire|Earthquake|p2a: Miraidon\n|-supereffective|p2a: Miraidon\n|-end|p2a: Miraidon|Substitute\n|\n|-heal|p2a: Miraidon|193/238|[from] item: Leftovers\n|upkeep\n|turn|5\n|\n|t:|1733847377\n|switch|p2a: Tornadus|Tornadus, L82, M|263/263\n|move|p1a: Quagsire|Earthquake|p2a: Tornadus\n|-immune|p2a: Tornadus\n|\n|upkeep\n|turn|6\n|\n|t:|1733847389\n|switch|p1a: Electivire|Electivire, L84, M|263/263\n|move|p2a: Tornadus|Bleakwind Storm|p1a: Electivire\n|-resisted|p1a: Electivire\n|-crit|p1a: Electivire\n|-damage|p1a: Electivire|114/263\n|-unboost|p1a: Electivire|spe|1\n|\n|upkeep\n|turn|7\n|\n|t:|1733847399\n|move|p2a: Tornadus|Bleakwind Storm|p1a: Electivire|[miss]\n|-miss|p2a: Tornadus|p1a: Electivire\n|move|p1a: Electivire|Ice Punch|p2a: Tornadus\n|-supereffective|p2a: Tornadus\n|-damage|p2a: Tornadus|73/263\n|-damage|p1a: Electivire|88/263|[from] item: Life Orb\n|\n|-fieldend|move: Electric Terrain\n|upkeep\n|turn|8\n|\n|t:|1733847406\n|move|p2a: Tornadus|Bleakwind Storm|p1a: Electivire\n|-resisted|p1a: Electivire\n|-damage|p1a: Electivire|2/263\n|move|p1a: Electivire|Ice Punch|p2a: Tornadus\n|-supereffective|p2a: Tornadus\n|-damage|p2a: Tornadus|0 fnt\n|faint|p2a: Tornadus\n|-damage|p1a: Electivire|0 fnt|[from] item: Life Orb\n|faint|p1a: Electivire\n|\n|upkeep\n|c|\u2606ikerosky|1 de vida en serio\n|\n|t:|1733847421\n|switch|p2a: Miraidon|Miraidon, L65|193/238\n|switch|p1a: Quagsire|Quagsire, L84, M|297/297\n|-fieldstart|move: Electric Terrain|[from] ability: Hadron Engine|[of] p2a: Miraidon\n|turn|9\n|\n|t:|1733847433\n|switch|p2a: Flygon|Flygon, L82, M|138/265\n|move|p1a: Quagsire|Earthquake|p2a: Flygon\n|-immune|p2a: Flygon|[from] ability: Levitate\n|\n|upkeep\n|turn|10\n|\n|t:|1733847442\n|move|p2a: Flygon|Outrage|p1a: Quagsire\n|-damage|p1a: Quagsire|170/297\n|move|p1a: Quagsire|Toxic|p2a: Flygon\n|-status|p2a: Flygon|tox\n|\n|-heal|p1a: Quagsire|188/297|[from] item: Leftovers\n|-damage|p2a: Flygon|122/265 tox|[from] psn\n|upkeep\n|turn|11\n|\n|t:|1733847450\n|move|p2a: Flygon|Outrage|p1a: Quagsire|[from]lockedmove\n|-damage|p1a: Quagsire|62/297\n|-start|p2a: Flygon|confusion|[fatigue]\n|move|p1a: Quagsire|Recover|p1a: Quagsire\n|-heal|p1a: Quagsire|211/297\n|\n|-heal|p1a: Quagsire|229/297|[from] item: Leftovers\n|-damage|p2a: Flygon|90/265 tox|[from] psn\n|upkeep\n|turn|12\n|\n|t:|1733847465\n|-activate|p2a: Flygon|confusion\n|-damage|p2a: Flygon|58/265 tox|[from] confusion\n|move|p1a: Quagsire|Spikes|p2a: Flygon\n|-sidestart|p2: ikerosky|Spikes\n|\n|-heal|p1a: Quagsire|247/297|[from] item: Leftovers\n|-damage|p2a: Flygon|10/265 tox|[from] psn\n|upkeep\n|turn|13\n|-message|ikerosky forfeited.\n|\n|win|Phani42\n|raw|Phani42's rating: 1409 &rarr; <strong>1427</strong><br />(+18 for winning)\n|raw|ikerosky's rating: 1372 &rarr; <strong>1354</strong><br />(-18 for losing)\n|l|\u2606ikerosky\n|player|p2|\n", "inputlog": ">version bfd83cad13791eb5a5a409923076391caf6fb4d4\n>start {\"formatid\":\"gen9randombattle\",\"seed\":[36868,23810,48842,36751],\"rated\":\"Rated battle\"}\n>player p1 {\"name\":\"Phani42\",\"avatar\":\"169\",\"rating\":1409,\"seed\":[22546,64184,57631,44366]}\n>player p2 {\"name\":\"ikerosky\",\"avatar\":\"101\",\"rating\":1372,\"seed\":[4400,154,1243,15878]}\n>p1 move hurricane\n>p2 move stoneedge\n>p1 switch 2\n>p2 move stoneedge\n>p1 move toxic\n>p2 switch 2\n>p1 move earthquake\n>p2 move substitute\n>p1 move earthquake\n>p2 switch 6\n>p1 switch 4\n>p2 move bleakwindstorm\n>p1 move icepunch\n>p2 move bleakwindstorm\n>p1 move icepunch\n>p2 move bleakwindstorm\n>chat \u2606ikerosky|1 de vida en serio\n>p1 switch 4\n>p2 switch 6\n>p1 move earthquake\n>p2 switch 2\n>p1 move toxic\n>p2 move outrage\n>p1 move recover\n>p2 move outrage\n>p1 move spikes\n>p2 move outrage\n>forcelose p2", "uploadtime": 1733847474, "views": 1, "formatid": "gen9randombattle", "rating": 1354, "private": 0, "password": null}