{"id": "gen9randombattle-2259784234", "format": "[Gen 9] Random Battle", "players": ["Gabsxz", "arthur617"], "log": "|j|\u2606Gabsxz\n|j|\u2606arthur617\n|t:|1733766391\n|gametype|singles\n|player|p1|Gabsxz|psychic-gen4|\n|player|p2|arthur617|swimmerf-gen4|\n|teamsize|p1|6\n|teamsize|p2|6\n|gen|9\n|tier|[Gen 9] Random Battle\n|rule|Species Clause: Limit one of each Pok\u00e9mon\n|rule|HP Percentage Mod: HP is shown in percentages\n|rule|Sleep Clause Mod: Limit one foe put to sleep\n|rule|Illusion Level Mod: Illusion disguises the Pok\u00e9mon's true level\n|\n|t:|1733766391\n|start\n|switch|p1a: Hatterene|Hatterene, L85, F|236/236\n|switch|p2a: Victreebel|Victreebel, L90, M|290/290\n|turn|1\n|j| mateusito\n|\n|t:|1733766421\n|move|p2a: Victreebel|Sleep Powder|p1a: Hatterene\n|move|p1a: Hatterene|Sleep Powder|p2a: Victreebel|[from]ability: Magic Bounce\n|-immune|p2a: Victreebel\n|move|p1a: Hatterene|Mystical Fire|p2a: Victreebel\n|-supereffective|p2a: Victreebel\n|-damage|p2a: Victreebel|120/290\n|-unboost|p2a: Victreebel|spa|1\n|\n|upkeep\n|turn|2\n|\n|t:|1733766454\n|switch|p2a: Latias|Latias, L79, F|256/256\n|move|p1a: Hatterene|Mystical Fire|p2a: Latias\n|-resisted|p2a: Latias\n|-damage|p2a: Latias|228/256\n|-unboost|p2a: Latias|spa|1\n|\n|upkeep\n|turn|3\n|\n|t:|1733766474\n|switch|p1a: Baxcalibur|Baxcalibur, L75, M|295/295\n|move|p2a: Latias|Draco Meteor|p1a: Baxcalibur\n|-supereffective|p1a: Baxcalibur\n|-damage|p1a: Baxcalibur|35/295\n|-unboost|p2a: Latias|spa|2\n|\n|upkeep\n|turn|4\n|\n|t:|1733766488\n|move|p2a: Latias|Draco Meteor|p1a: Baxcalibur\n|-supereffective|p1a: Baxcalibur\n|-damage|p1a: Baxcalibur|0 fnt\n|-unboost|p2a: Latias|spa|2\n|faint|p1a: Baxcalibur\n|\n|upkeep\n|\n|t:|1733766498\n|switch|p1a: Hatterene|Hatterene, L85, F|236/236\n|turn|5\n|\n|t:|1733766519\n|switch|p2a: Victreebel|Victreebel, L90, M|120/290\n|move|p1a: Hatterene|Psychic|p2a: Victreebel\n|-supereffective|p2a: Victreebel\n|-damage|p2a: Victreebel|0 fnt\n|faint|p2a: Victreebel\n|\n|upkeep\n|\n|t:|1733766533\n|switch|p2a: Minun|Minun, L95, F|268/268\n|turn|6\n|\n|t:|1733766544\n|move|p2a: Minun|Nasty Plot|p2a: Minun\n|-boost|p2a: Minun|spa|2\n|move|p1a: Hatterene|Psychic|p2a: Minun\n|-damage|p2a: Minun|144/268\n|-unboost|p2a: Minun|spd|1\n|\n|upkeep\n|turn|7\n|\n|t:|1733766553\n|move|p2a: Minun|Thunderbolt|p1a: Hatterene\n|-damage|p1a: Hatterene|25/236\n|-damage|p2a: Minun|118/268|[from] item: Life Orb\n|move|p1a: Hatterene|Psychic|p2a: Minun\n|-damage|p2a: Minun|0 fnt\n|faint|p2a: Minun\n|\n|-heal|p1a: Hatterene|39/236|[from] item: Leftovers\n|upkeep\n|\n|t:|1733766567\n|switch|p2a: Sandy Shocks|Sandy Shocks, L80|267/267\n|turn|8\n|\n|t:|1733766577\n|switch|p1a: Diancie|Diancie, L82|216/216\n|move|p2a: Sandy Shocks|Earth Power|p1a: Diancie\n|-supereffective|p1a: Diancie\n|-damage|p1a: Diancie|118/216\n|\n|upkeep\n|turn|9\n|\n|t:|1733766586\n|-terastallize|p2a: Sandy Shocks|Ground\n|move|p2a: Sandy Shocks|Earth Power|p1a: Diancie\n|-supereffective|p1a: Diancie\n|-crit|p1a: Diancie\n|-damage|p1a: Diancie|0 fnt\n|faint|p1a: Diancie\n|\n|upkeep\n|\n|t:|1733766597\n|switch|p1a: Gallade|Gallade, L81, M|243/243\n|turn|10\n|\n|t:|1733766647\n|move|p2a: Sandy Shocks|Earth Power|p1a: Gallade\n|-damage|p1a: Gallade|133/243\n|-unboost|p1a: Gallade|spd|1\n|move|p1a: Gallade|Night Slash|p2a: Sandy Shocks\n|-damage|p2a: Sandy Shocks|147/267\n|\n|upkeep\n|turn|11\n|\n|t:|1733766656\n|switch|p1a: Coalossal|Coalossal, L89, F|341/341\n|move|p2a: Sandy Shocks|Earth Power|p1a: Coalossal\n|-supereffective|p1a: Coalossal\n|-damage|p1a: Coalossal|0 fnt\n|faint|p1a: Coalossal\n|\n|upkeep\n|\n|t:|1733766673\n|switch|p1a: Bombirdier|Bombirdier, L85, F|258/258\n|turn|12\n|\n|t:|1733766681\n|move|p1a: Bombirdier|Brave Bird|p2a: Sandy Shocks\n|-damage|p2a: Sandy Shocks|12/267\n|-damage|p1a: Bombirdier|213/258|[from] Recoil\n|move|p2a: Sandy Shocks|Thunderbolt|p1a: Bombirdier\n|-supereffective|p1a: Bombirdier\n|-damage|p1a: Bombirdier|0 fnt\n|faint|p1a: Bombirdier\n|\n|upkeep\n|\n|t:|1733766692\n|switch|p1a: Hatterene|Hatterene, L85, F|39/236\n|turn|13\n|\n|t:|1733766699\n|-terastallize|p1a: Hatterene|Fairy\n|move|p2a: Sandy Shocks|Thunderbolt|p1a: Hatterene\n|-damage|p1a: Hatterene|0 fnt\n|faint|p1a: Hatterene\n|\n|upkeep\n|\n|t:|1733766708\n|switch|p1a: Gallade|Gallade, L81, M|133/243\n|turn|14\n|\n|t:|1733766713\n|move|p2a: Sandy Shocks|Earth Power|p1a: Gallade\n|-damage|p1a: Gallade|13/243\n|move|p1a: Gallade|Leaf Blade|p2a: Sandy Shocks\n|-supereffective|p2a: Sandy Shocks\n|-damage|p2a: Sandy Shocks|0 fnt\n|faint|p2a: Sandy Shocks\n|-end|p2a: Sandy Shocks|Protosynthesis|[silent]\n|\n|upkeep\n|\n|t:|1733766725\n|switch|p2a: Eiscue|Eiscue, L88, F|274/274\n|turn|15\n|\n|t:|1733766731\n|move|p1a: Gallade|Leaf Blade|p2a: Eiscue\n|-activate|p2a: Eiscue|ability: Ice Face\n|-damage|p2a: Eiscue|274/274\n|detailschange|p2a: Eiscue|Eiscue-Noice, L88, F\n|move|p2a: Eiscue|Liquidation|p1a: Gallade\n|-crit|p1a: Gallade\n|-damage|p1a: Gallade|0 fnt\n|faint|p1a: Gallade\n|\n|win|arthur617\n", "inputlog": ">version bfd83cad13791eb5a5a409923076391caf6fb4d4\n>start {\"formatid\":\"gen9randombattle\",\"seed\":[21253,63996,50613,43442]}\n>player p1 {\"name\":\"Gabsxz\",\"avatar\":\"psychic-gen4\",\"rating\":0,\"seed\":[11458,50296,59402,54873]}\n>player p2 {\"name\":\"arthur617\",\"avatar\":\"swimmerf-gen4\",\"rating\":0,\"seed\":[63303,52747,61402,23185]}\n>p1 move mysticalfire\n>p2 move sleeppowder\n>p1 move mysticalfire\n>p2 switch 2\n>p1 switch 3\n>p2 move dracometeor\n>p1 move iciclespear\n>p2 move dracometeor\n>p1 switch 3\n>p1 move psychic\n>p2 switch 2\n>p2 switch 3\n>p1 move psychic\n>p2 move nastyplot\n>p1 move psychic\n>p2 move thunderbolt\n>p2 switch 6\n>p1 switch 5\n>p2 move earthpower\n>p1 move moonblast\n>p2 move earthpower terastallize\n>p1 switch 2\n>p1 move nightslash\n>p2 move earthpower\n>p1 switch 4\n>p2 move earthpower\n>p1 switch 6\n>p1 move bravebird\n>p2 move thunderbolt\n>p1 switch 5\n>p1 move psychic terastallize\n>p2 move thunderbolt\n>p1 switch 4\n>p1 move leafblade\n>p2 move earthpower\n>p2 switch 4\n>p1 move leafblade\n>p2 move liquidation", "uploadtime": 1733766732, "views": 1, "formatid": "gen9randombattle", "rating": null, "private": 0, "password": null}