{"id": "gen9randombattle-2260513556", "format": "[Gen 9] Random Battle", "players": ["Freeeky", "Wes on the phone"], "log": "|j|\u2606Freeeky\n|j|\u2606Wes on the phone\n|t:|1733858897\n|gametype|singles\n|player|p1|Freeeky|102|2203\n|player|p2|Wes on the phone|265|2265\n|teamsize|p1|6\n|teamsize|p2|6\n|gen|9\n|tier|[Gen 9] Random Battle\n|rated|\n|rule|Species Clause: Limit one of each Pok\u00e9mon\n|rule|HP Percentage Mod: HP is shown in percentages\n|rule|Sleep Clause Mod: Limit one foe put to sleep\n|rule|Illusion Level Mod: Illusion disguises the Pok\u00e9mon's true level\n|\n|t:|1733858897\n|start\n|switch|p1a: Dondozo|Dondozo, L78, M|362/362\n|switch|p2a: Swampert|Swampert, L83, M|302/302\n|turn|1\n|inactive|Battle timer is ON: inactive players will automatically lose when time's up. (requested by Freeeky)\n|\n|t:|1733858910\n|move|p2a: Swampert|Knock Off|p1a: Dondozo\n|-damage|p1a: Dondozo|299/362\n|-enditem|p1a: Dondozo|Leftovers|[from] move: Knock Off|[of] p2a: Swampert\n|move|p1a: Dondozo|Curse|p1a: Dondozo\n|-unboost|p1a: Dondozo|spe|1\n|-boost|p1a: Dondozo|atk|1\n|-boost|p1a: Dondozo|def|1\n|\n|upkeep\n|turn|2\n|\n|t:|1733858918\n|switch|p2a: Sceptile|Sceptile, L87, M|264/264\n|move|p1a: Dondozo|Wave Crash|p2a: Sceptile\n|-resisted|p2a: Sceptile\n|-damage|p2a: Sceptile|158/264\n|-damage|p1a: Dondozo|264/362|[from] Recoil\n|\n|-heal|p2a: Sceptile|174/264|[from] item: Leftovers\n|upkeep\n|turn|3\n|j| Pink walk\n|\n|t:|1733858924\n|switch|p1a: Iron Hands|Iron Hands, L79|373/373\n|move|p2a: Sceptile|Giga Drain|p1a: Iron Hands\n|-damage|p1a: Iron Hands|295/373\n|-heal|p2a: Sceptile|213/264|[from] drain|[of] p1a: Iron Hands\n|\n|-heal|p2a: Sceptile|229/264|[from] item: Leftovers\n|upkeep\n|turn|4\n|c| Pink walk|Poor little thing :( better luck this game\n|\n|t:|1733858940\n|switch|p2a: Swampert|Swampert, L83, M|302/302\n|move|p1a: Iron Hands|Close Combat|p2a: Swampert\n|-crit|p2a: Swampert\n|-damage|p2a: Swampert|91/302\n|-unboost|p1a: Iron Hands|def|1\n|-unboost|p1a: Iron Hands|spd|1\n|\n|-heal|p2a: Swampert|109/302|[from] item: Leftovers\n|upkeep\n|turn|5\n|\n|t:|1733858947\n|-end|p1a: Iron Hands|Quark Drive|[silent]\n|switch|p1a: Sceptile|Sceptile, L87, F|264/264\n|move|p2a: Swampert|Earthquake|p1a: Sceptile\n|-resisted|p1a: Sceptile\n|-damage|p1a: Sceptile|201/264\n|\n|-heal|p2a: Swampert|127/302|[from] item: Leftovers\n|upkeep\n|turn|6\n|\n|t:|1733858960\n|switch|p2a: Sceptile|Sceptile, L87, M|229/264\n|move|p1a: Sceptile|Leaf Blade|p2a: Sceptile\n|-resisted|p2a: Sceptile\n|-damage|p2a: Sceptile|163/264\n|-damage|p1a: Sceptile|175/264|[from] item: Life Orb\n|\n|-heal|p2a: Sceptile|179/264|[from] item: Leftovers\n|upkeep\n|turn|7\n|\n|t:|1733858966\n|move|p2a: Sceptile|Substitute|p2a: Sceptile\n|-start|p2a: Sceptile|Substitute\n|-damage|p2a: Sceptile|113/264\n|move|p1a: Sceptile|Rock Slide|p2a: Sceptile|[miss]\n|-miss|p1a: Sceptile|p2a: Sceptile\n|\n|-heal|p2a: Sceptile|129/264|[from] item: Leftovers\n|upkeep\n|turn|8\n|c|\u2606Freeeky|sure\n|\n|t:|1733858976\n|move|p1a: Sceptile|Rock Slide|p2a: Sceptile\n|-end|p2a: Sceptile|Substitute\n|-damage|p1a: Sceptile|149/264|[from] item: Life Orb\n|move|p2a: Sceptile|Giga Drain|p1a: Sceptile\n|-resisted|p1a: Sceptile\n|-damage|p1a: Sceptile|108/264\n|-heal|p2a: Sceptile|150/264|[from] drain|[of] p1a: Sceptile\n|\n|-heal|p2a: Sceptile|166/264|[from] item: Leftovers\n|upkeep\n|turn|9\n|\n|t:|1733858990\n|move|p1a: Sceptile|Rock Slide|p2a: Sceptile\n|-damage|p2a: Sceptile|83/264\n|-damage|p1a: Sceptile|82/264|[from] item: Life Orb\n|cant|p2a: Sceptile|flinch\n|\n|-heal|p2a: Sceptile|99/264|[from] item: Leftovers\n|upkeep\n|turn|10\n|\n|t:|1733858996\n|move|p2a: Sceptile|Giga Drain|p1a: Sceptile\n|-resisted|p1a: Sceptile\n|-damage|p1a: Sceptile|35/264\n|-heal|p2a: Sceptile|123/264|[from] drain|[of] p1a: Sceptile\n|move|p1a: Sceptile|Rock Slide|p2a: Sceptile\n|-damage|p2a: Sceptile|42/264\n|-damage|p1a: Sceptile|9/264|[from] item: Life Orb\n|\n|-heal|p2a: Sceptile|58/264|[from] item: Leftovers\n|upkeep\n|turn|11\n|c| Pink walk|Wes if you want a good laugh check out how hard freaky raged in my other battle\n|c|\u2606Freeeky|Called you an idiot\n|c|\u2606Freeeky|I thought it was funny too\n|inactive|Freeeky has 120 seconds left.\n|c|\u2606Wes on the phone|lmao\n|c|\u2606Freeeky|Clearly I got under your skin lol\n|c|\u2606Wes on the phone|maybe I will\n|\n|t:|1733859042\n|switch|p2a: Cyclizar|Cyclizar, L83, M|252/252\n|move|p1a: Sceptile|Leaf Blade|p2a: Cyclizar\n|-resisted|p2a: Cyclizar\n|-damage|p2a: Cyclizar|132/252\n|-damage|p1a: Sceptile|0 fnt|[from] item: Life Orb\n|faint|p1a: Sceptile\n|\n|upkeep\n|c|\u2606Wes on the phone|i\u2019m on the dumber side too\n|inactive|Freeeky has 90 seconds left.\n|c|\u2606Freeeky|Hey bozo how sad is it that you gotta creep on me?\n|\n|t:|1733859088\n|switch|p1a: Iron Hands|Iron Hands, L79|295/373\n|turn|12\n|\n|t:|1733859095\n|move|p2a: Cyclizar|Shed Tail|p2a: Cyclizar\n|-start|p2a: Cyclizar|Substitute|[from] move: Shed Tail\n|-damage|p2a: Cyclizar|6/252\n|\n|t:|1733859097\n|switch|p2a: Swampert|Swampert, L83, M|127/302|[from] Shed Tail\n|move|p1a: Iron Hands|Close Combat|p2a: Swampert\n|-end|p2a: Swampert|Substitute\n|-unboost|p1a: Iron Hands|def|1\n|-unboost|p1a: Iron Hands|spd|1\n|\n|-heal|p2a: Swampert|145/302|[from] item: Leftovers\n|upkeep\n|turn|13\n|\n|t:|1733859105\n|-end|p1a: Iron Hands|Quark Drive|[silent]\n|switch|p1a: Dondozo|Dondozo, L78, M|264/362\n|move|p2a: Swampert|Earthquake|p1a: Dondozo\n|-damage|p1a: Dondozo|161/362\n|\n|-heal|p2a: Swampert|163/302|[from] item: Leftovers\n|upkeep\n|turn|14\n|inactive|Freeeky has 90 seconds left.\n|\n|t:|1733859115\n|move|p2a: Swampert|Earthquake|p1a: Dondozo\n|-damage|p1a: Dondozo|59/362\n|move|p1a: Dondozo|Wave Crash|p2a: Swampert\n|-damage|p2a: Swampert|57/302\n|-damage|p1a: Dondozo|24/362|[from] Recoil\n|\n|-heal|p2a: Swampert|75/302|[from] item: Leftovers\n|upkeep\n|turn|15\n|inactive|Freeeky has 90 seconds left.\n|c|\u2606Freeeky|Yeah that\u2019s what I thought\n|\n|t:|1733859132\n|move|p2a: Swampert|Earthquake|p1a: Dondozo\n|-damage|p1a: Dondozo|0 fnt\n|faint|p1a: Dondozo\n|\n|-heal|p2a: Swampert|93/302|[from] item: Leftovers\n|upkeep\n|inactive|Freeeky has 60 seconds left.\n|\n|t:|1733859162\n|switch|p1a: Plusle|Plusle, L95, M|268/268\n|turn|16\n|\n|t:|1733859174\n|switch|p2a: Zebstrika|Zebstrika, L87, M|272/272\n|move|p1a: Plusle|Grass Knot|p2a: Zebstrika\n|-ability|p2a: Zebstrika|Sap Sipper|boost\n|-boost|p2a: Zebstrika|atk|1\n|\n|upkeep\n|turn|17\n|\n|t:|1733859183\n|switch|p1a: Great Tusk|Great Tusk, L77|304/304\n|-enditem|p1a: Great Tusk|Booster Energy\n|-activate|p1a: Great Tusk|ability: Protosynthesis|[fromitem]\n|-start|p1a: Great Tusk|protosynthesisatk\n|move|p2a: Zebstrika|High Horsepower|p1a: Great Tusk\n|-damage|p1a: Great Tusk|194/304\n|-damage|p2a: Zebstrika|245/272|[from] item: Life Orb\n|\n|upkeep\n|turn|18\n|\n|t:|1733859200\n|move|p2a: Zebstrika|Overheat|p1a: Great Tusk\n|-damage|p1a: Great Tusk|9/304\n|-unboost|p2a: Zebstrika|spa|2\n|-damage|p2a: Zebstrika|218/272|[from] item: Life Orb\n|move|p1a: Great Tusk|Rapid Spin|p2a: Zebstrika\n|-damage|p2a: Zebstrika|158/272\n|-boost|p1a: Great Tusk|spe|1\n|\n|upkeep\n|turn|19\n|inactive|Freeeky has 90 seconds left.\n|inactive|Wes on the phone has 120 seconds left.\n|\n|t:|1733859239\n|switch|p2a: Swampert|Swampert, L83, M|93/302\n|move|p1a: Great Tusk|Close Combat|p2a: Swampert\n|-damage|p2a: Swampert|0 fnt\n|-unboost|p1a: Great Tusk|def|1\n|-unboost|p1a: Great Tusk|spd|1\n|faint|p2a: Swampert\n|\n|upkeep\n|\n|t:|1733859243\n|switch|p2a: Mamoswine|Mamoswine, L81, F|311/311\n|turn|20\n|j| brrkz\n|inactive|Freeeky has 90 seconds left.\n|\n|t:|1733859270\n|-end|p1a: Great Tusk|Protosynthesis|[silent]\n|switch|p1a: Bruxish|Bruxish, L85, F|254/254\n|move|p2a: Mamoswine|Ice Shard|p1a: Bruxish\n|-resisted|p1a: Bruxish\n|-damage|p1a: Bruxish|214/254\n|-damage|p2a: Mamoswine|280/311|[from] item: Life Orb\n|\n|upkeep\n|turn|21\n|inactive|Wes on the phone has 120 seconds left.\n|\n|t:|1733859299\n|switch|p2a: Cyclizar|Cyclizar, L83, M|90/252\n|move|p1a: Bruxish|Wave Crash|p2a: Cyclizar\n|-resisted|p2a: Cyclizar\n|-damage|p2a: Cyclizar|0 fnt\n|faint|p2a: Cyclizar\n|-damage|p1a: Bruxish|184/254|[from] Recoil\n|\n|upkeep\n|\n|t:|1733859307\n|switch|p2a: Regidrago|Regidrago, L77|435/435\n|turn|22\n|inactive|Freeeky has 90 seconds left.\n|c|\u2606Freeeky|Grats for the team\n|\n|t:|1733859332\n|switch|p1a: Plusle|Plusle, L95, M|268/268\n|move|p2a: Regidrago|Dragon Dance|p2a: Regidrago\n|-boost|p2a: Regidrago|atk|1\n|-boost|p2a: Regidrago|spe|1\n|\n|upkeep\n|turn|23\n|c| Pink walk|Here comes the rage\n|\n|t:|1733859342\n|move|p2a: Regidrago|Earthquake|p1a: Plusle\n|-supereffective|p1a: Plusle\n|-damage|p1a: Plusle|0 fnt\n|faint|p1a: Plusle\n|-damage|p2a: Regidrago|392/435|[from] item: Life Orb\n|\n|upkeep\n|c|\u2606Wes on the phone|What did I do\n|c| Pink walk|You won, he doesn\u2019t like that\n|inactive|Freeeky has 60 seconds left.\n|c|\u2606Wes on the phone|Oh\n|c|\u2606Wes on the phone|lmao\n|c|\u2606Freeeky|I said grats\n|inactive|Freeeky has 30 seconds left.\n|inactive|Freeeky has 20 seconds left.\n|inactive|Freeeky has 15 seconds left.\n|c|\u2606Freeeky|You got the comprehension skills of an oven\n|inactive|Freeeky has 10 seconds left.\n|\n|t:|1733859417\n|switch|p1a: Iron Hands|Iron Hands, L79|295/373\n|turn|24\n|inactive|Freeeky has 20 seconds left this turn.\n|inactive|Wes on the phone has 120 seconds left.\n|c|\u2606Wes on the phone|Dude you\u2019re like 2/2 on rage so far\n|c|\u2606Wes on the phone|not a good look\n|\n|t:|1733859441\n|-terastallize|p1a: Iron Hands|Fighting\n|move|p2a: Regidrago|Dragon Claw|p1a: Iron Hands\n|-damage|p1a: Iron Hands|104/373\n|-damage|p2a: Regidrago|349/435|[from] item: Life Orb\n|move|p1a: Iron Hands|Close Combat|p2a: Regidrago\n|-damage|p2a: Regidrago|25/435\n|-unboost|p1a: Iron Hands|def|1\n|-unboost|p1a: Iron Hands|spd|1\n|\n|upkeep\n|turn|25\n|inactive|Freeeky has 30 seconds left this turn.\n|c| Pink walk|Lmfao\n|\n|t:|1733859446\n|move|p2a: Regidrago|Dragon Claw|p1a: Iron Hands\n|-damage|p1a: Iron Hands|0 fnt\n|faint|p1a: Iron Hands\n|-end|p1a: Iron Hands|Quark Drive|[silent]\n|-damage|p2a: Regidrago|0 fnt|[from] item: Life Orb\n|faint|p2a: Regidrago\n|\n|upkeep\n|inactive|Freeeky has 30 seconds left.\n|inactive|Wes on the phone has 120 seconds left.\n|c|\u2606Freeeky|Making a statement\n|\n|t:|1733859459\n|switch|p2a: Mamoswine|Mamoswine, L81, F|280/311\n|switch|p1a: Bruxish|Bruxish, L85, F|184/254\n|turn|26\n|inactive|Wes on the phone has 120 seconds left.\n|\n|t:|1733859466\n|move|p1a: Bruxish|Wave Crash|p2a: Mamoswine\n|-supereffective|p2a: Mamoswine\n|-damage|p2a: Mamoswine|0 fnt\n|faint|p2a: Mamoswine\n|-damage|p1a: Bruxish|92/254|[from] Recoil\n|\n|upkeep\n|c|\u2606Freeeky|Get over it\n|\n|t:|1733859469\n|switch|p2a: Sceptile|Sceptile, L87, M|58/264\n|turn|27\n|\n|t:|1733859475\n|move|p2a: Sceptile|Giga Drain|p1a: Bruxish\n|-supereffective|p1a: Bruxish\n|-damage|p1a: Bruxish|0 fnt\n|-heal|p2a: Sceptile|104/264|[from] drain|[of] p1a: Bruxish\n|faint|p1a: Bruxish\n|\n|-heal|p2a: Sceptile|120/264|[from] item: Leftovers\n|upkeep\n|l| brrkz\n|c|\u2606Freeeky|Grats for the luck\n|c|\u2606Freeeky|game played for you\n|c|\u2606Wes on the phone|You coulda shut your mouth and take the l\n|l|\u2606Freeeky\n|inactive|Freeeky disconnected and has a minute to reconnect!\n|player|p1|\n|inactive|Freeeky has 30 seconds left.\n|c| Pink walk|Raaaaage\n|inactive|Freeeky has 20 seconds left.\n|c| Pink walk|Well played man\n|inactive|Freeeky has 15 seconds left.\n|c|\u2606Wes on the phone|Thx\n|l| Pink walk\n|inactive|Freeeky has 10 seconds left.\n|c|\u2606Wes on the phone|tbf it was a decent match up\n|inactive|Freeeky has 5 seconds left.\n|-message|Freeeky lost due to inactivity.\n|\n|win|Wes on the phone\n|raw|Freeeky's rating: 2203 &rarr; <strong>2187</strong><br />(-16 for losing)\n|raw|Wes on the phone's rating: 2265 &rarr; <strong>2281</strong><br />(+16 for winning)\n", "inputlog": ">version bfd83cad13791eb5a5a409923076391caf6fb4d4\n>start {\"formatid\":\"gen9randombattle\",\"seed\":[61582,3205,57623,17166],\"rated\":\"Rated battle\"}\n>player p1 {\"name\":\"Freeeky\",\"avatar\":\"102\",\"rating\":2203,\"seed\":[45249,23259,64767,58343]}\n>player p2 {\"name\":\"Wes on the phone\",\"avatar\":\"265\",\"rating\":2265,\"seed\":[50764,18791,40703,52132]}\n>p1 move curse\n>p2 move knockoff\n>p1 move wavecrash\n>p2 switch 3\n>p1 switch 5\n>p2 move gigadrain\n>chat  Pink walk|Poor little thing :( better luck this game \n>p1 move closecombat\n>p2 switch 3\n>p1 switch 6\n>p2 move earthquake\n>p1 move leafblade\n>p2 switch 3\n>p1 move rockslide\n>p2 move substitute\n>chat \u2606Freeeky|sure\n>p1 move rockslide\n>p2 move gigadrain\n>p1 move rockslide\n>p2 move gigadrain\n>p1 move rockslide\n>p2 move gigadrain\n>chat  Pink walk|Wes if you want a good laugh check out how hard freaky raged in my other battle \n>chat \u2606Freeeky|Called you an idiot\n>chat \u2606Freeeky|I thought it was funny too\n>chat \u2606Wes on the phone|lmao\n>chat \u2606Freeeky|Clearly I got under your skin lol\n>chat \u2606Wes on the phone|maybe I will\n>p1 move leafblade\n>p2 switch 5\n>chat \u2606Wes on the phone|i\u2019m on the dumber side too\n>chat \u2606Freeeky|Hey bozo how sad is it that you gotta creep on me?\n>p1 switch 6\n>p1 move closecombat\n>p2 move shedtail\n>p2 switch 3\n>p1 switch 5\n>p2 move earthquake\n>p1 move wavecrash\n>p2 move earthquake\n>chat \u2606Freeeky|Yeah that\u2019s what I thought\n>p1 move rest\n>p2 move earthquake\n>p1 switch 2\n>p1 move grassknot\n>p2 switch 6\n>p1 switch 3\n>p2 move highhorsepower\n>p1 move rapidspin\n>p2 move overheat\n>p1 move closecombat\n>p2 switch 6\n>p2 switch 4\n>p1 switch 4\n>p2 move iceshard\n>p1 move wavecrash\n>p2 switch 3\n>p2 switch 2\n>chat \u2606Freeeky|Grats for the team\n>p1 switch 3\n>p2 move dragondance\n>chat  Pink walk|Here comes the rage \n>p1 move encore\n>p2 move earthquake\n>chat \u2606Wes on the phone|What did I do\n>chat  Pink walk|You won, he doesn\u2019t like that \n>chat \u2606Wes on the phone|Oh\n>chat \u2606Wes on the phone|lmao\n>chat \u2606Freeeky|I said grats\n>chat \u2606Freeeky|You got the comprehension skills of an oven\n>p1 switch 5\n>chat \u2606Wes on the phone|Dude you\u2019re like 2/2 on rage so far\n>chat \u2606Wes on the phone|not a good look\n>p1 move closecombat terastallize\n>p2 move dragonclaw\n>chat  Pink walk|Lmfao \n>p1 move icepunch\n>p2 move dragonclaw\n>chat \u2606Freeeky|Making a statement\n>p1 switch 3\n>p2 switch 3\n>p1 move wavecrash\n>p2 move earthquake\n>chat \u2606Freeeky|Get over it\n>p2 switch 5\n>p1 move wavecrash\n>p2 move gigadrain\n>chat \u2606Freeeky|Grats for the luck\n>chat \u2606Freeeky|game played for you\n>chat \u2606Wes on the phone|You coulda shut your mouth and take the l\n>chat  Pink walk|Raaaaage\n>chat  Pink walk|Well played man \n>chat \u2606Wes on the phone|Thx\n>chat \u2606Wes on the phone|tbf it was a decent match up\n>forcelose p1", "uploadtime": 1733859527, "views": 20, "formatid": "gen9randombattle", "rating": 2187, "private": 0, "password": null}