{"id": "gen9randombattle-2260645547", "format": "[Gen 9] Random Battle", "players": ["user_42781", "GOD Marushy"], "log": "|j|\u2606user_42781\n|j|\u2606GOD Marushy\n|t:|1733873232\n|gametype|singles\n|player|p1|user_42781|burglar|1426\n|player|p2|GOD Marushy|102|1406\n|teamsize|p1|6\n|teamsize|p2|6\n|gen|9\n|tier|[Gen 9] Random Battle\n|rated|\n|rule|Species Clause: Limit one of each Pok\u00e9mon\n|rule|HP Percentage Mod: HP is shown in percentages\n|rule|Sleep Clause Mod: Limit one foe put to sleep\n|rule|Illusion Level Mod: Illusion disguises the Pok\u00e9mon's true level\n|\n|t:|1733873232\n|start\n|switch|p1a: Ariados|Ariados, L95, M|287/287\n|switch|p2a: Annihilape|Annihilape, L76, F|292/292\n|turn|1\n|\n|t:|1733873253\n|switch|p2a: Incineroar|Incineroar, L82, M|290/290\n|-ability|p2a: Incineroar|Intimidate|boost\n|-unboost|p1a: Ariados|atk|1\n|move|p1a: Ariados|Sticky Web|p2a: Incineroar\n|-sidestart|p2: GOD Marushy|move: Sticky Web\n|\n|upkeep\n|turn|2\n|\n|t:|1733873261\n|switch|p1a: Ogerpon|Ogerpon-Hearthflame, L74, F|239/239\n|-ability|p1a: Ogerpon|Mold Breaker\n|move|p2a: Incineroar|Overheat|p1a: Ogerpon|[miss]\n|-miss|p2a: Incineroar|p1a: Ogerpon\n|\n|upkeep\n|turn|3\n|\n|t:|1733873283\n|move|p1a: Ogerpon|Swords Dance|p1a: Ogerpon\n|-boost|p1a: Ogerpon|atk|2\n|move|p2a: Incineroar|U-turn|p1a: Ogerpon\n|-damage|p1a: Ogerpon|179/239\n|\n|t:|1733873293\n|switch|p2a: Latias|Latias, L79, F|256/256|[from] U-turn\n|\n|upkeep\n|turn|4\n|\n|t:|1733873302\n|move|p2a: Latias|Draco Meteor|p1a: Ogerpon\n|-damage|p1a: Ogerpon|5/239\n|-unboost|p2a: Latias|spa|2\n|move|p1a: Ogerpon|Knock Off|p2a: Latias\n|-supereffective|p2a: Latias\n|-damage|p2a: Latias|0 fnt\n|-enditem|p2a: Latias|Soul Dew|[from] move: Knock Off|[of] p1a: Ogerpon\n|faint|p2a: Latias\n|\n|upkeep\n|\n|t:|1733873317\n|switch|p2a: Incineroar|Incineroar, L82, M|290/290\n|-activate|p2a: Incineroar|move: Sticky Web\n|-unboost|p2a: Incineroar|spe|1\n|-ability|p2a: Incineroar|Intimidate|boost\n|-unboost|p1a: Ogerpon|atk|1\n|turn|5\n|\n|t:|1733873353\n|move|p2a: Incineroar|Fake Out|p1a: Ogerpon\n|-damage|p1a: Ogerpon|0 fnt\n|faint|p1a: Ogerpon\n|\n|upkeep\n|\n|t:|1733873360\n|switch|p1a: Suicune|Suicune, L82|298/298\n|-ability|p1a: Suicune|Pressure\n|turn|6\n|\n|t:|1733873372\n|switch|p2a: Dedenne|Dedenne, L88, F|261/261\n|-activate|p2a: Dedenne|move: Sticky Web\n|-unboost|p2a: Dedenne|spe|1\n|move|p1a: Suicune|Scald|p2a: Dedenne\n|-damage|p2a: Dedenne|174/261\n|\n|upkeep\n|turn|7\n|\n|t:|1733873379\n|switch|p1a: Carbink|Carbink, L90|236/236\n|move|p2a: Dedenne|Nuzzle|p1a: Carbink\n|-damage|p1a: Carbink|224/236\n|-status|p1a: Carbink|par\n|\n|-heal|p1a: Carbink|236/236 par|[from] item: Leftovers\n|upkeep\n|turn|8\n|\n|t:|1733873415\n|move|p2a: Dedenne|U-turn|p1a: Carbink\n|-resisted|p1a: Carbink\n|-damage|p1a: Carbink|224/236 par\n|\n|t:|1733873426\n|switch|p2a: Mesprit|Mesprit, L85|275/275|[from] U-turn\n|move|p1a: Carbink|Iron Defense|p1a: Carbink\n|-boost|p1a: Carbink|def|2\n|\n|-heal|p1a: Carbink|236/236 par|[from] item: Leftovers\n|upkeep\n|turn|9\n|\n|t:|1733873433\n|move|p2a: Mesprit|Knock Off|p1a: Carbink\n|-resisted|p1a: Carbink\n|-crit|p1a: Carbink\n|-damage|p1a: Carbink|199/236 par\n|-enditem|p1a: Carbink|Leftovers|[from] move: Knock Off|[of] p2a: Mesprit\n|move|p1a: Carbink|Rock Polish|p1a: Carbink\n|-boost|p1a: Carbink|spe|2\n|\n|upkeep\n|turn|10\n|-message|GOD Marushy forfeited.\n|\n|win|user_42781\n|raw|user_42781's rating: 1426 &rarr; <strong>1445</strong><br />(+19 for winning)\n|raw|GOD Marushy's rating: 1406 &rarr; <strong>1387</strong><br />(-19 for losing)\n|l|\u2606GOD Marushy\n|player|p2|\n", "inputlog": ">version bfd83cad13791eb5a5a409923076391caf6fb4d4\n>start {\"formatid\":\"gen9randombattle\",\"seed\":[57688,54005,2663,22205],\"rated\":\"Rated battle\"}\n>player p1 {\"name\":\"user_42781\",\"avatar\":\"burglar\",\"rating\":1426,\"seed\":[58942,55070,42284,21255]}\n>player p2 {\"name\":\"GOD Marushy\",\"avatar\":\"102\",\"rating\":1406,\"seed\":[54951,23821,39639,27138]}\n>p1 move stickyweb\n>p2 switch 6\n>p1 switch 2\n>p2 move overheat\n>p1 move swordsdance\n>p2 move uturn\n>p2 switch 3\n>p1 move knockoff\n>p2 move dracometeor\n>p2 switch 3\n>p1 move knockoff\n>p2 move fakeout\n>p1 switch 4\n>p1 move scald\n>p2 switch 2\n>p1 switch 6\n>p2 move nuzzle\n>p1 move irondefense\n>p2 move uturn\n>p2 switch 5\n>p1 move rockpolish\n>p2 move knockoff\n>forcelose p2", "uploadtime": 1733873617, "views": 1, "formatid": "gen9randombattle", "rating": 1387, "private": 0, "password": null}