{"id": "gen9randombattle-2260375618", "format": "[Gen 9] Random Battle", "players": ["K1ngSh3dow", "uturk3y"], "log": "|j|\u2606K1ngSh3dow\n|j|\u203duturk3y\n|t:|1733845448\n|gametype|singles\n|player|p1|K1ngSh3dow|169|1043\n|player|p2|uturk3y|101|1000\n|teamsize|p1|6\n|teamsize|p2|6\n|gen|9\n|tier|[Gen 9] Random Battle\n|rated|\n|rule|Species Clause: Limit one of each Pok\u00e9mon\n|rule|HP Percentage Mod: HP is shown in percentages\n|rule|Sleep Clause Mod: Limit one foe put to sleep\n|rule|Illusion Level Mod: Illusion disguises the Pok\u00e9mon's true level\n|\n|t:|1733845448\n|start\n|switch|p1a: Mew|Mew, L82|298/298\n|switch|p2a: Breloom|Breloom, L82, M|233/233\n|turn|1\n|l|\u2606K1ngSh3dow\n|player|p1|\n|j|\u2606K1ngSh3dow\n|player|p1|K1ngSh3dow|169|\n|\n|t:|1733845500\n|switch|p2a: Urshifu|Urshifu-Rapid-Strike, L75, F|274/274\n|move|p1a: Mew|Close Combat|p2a: Urshifu\n|-damage|p2a: Urshifu|173/274\n|-unboost|p1a: Mew|def|1\n|-unboost|p1a: Mew|spd|1\n|-damage|p1a: Mew|269/298|[from] item: Life Orb\n|\n|upkeep\n|turn|2\n|\n|t:|1733845518\n|-terastallize|p1a: Mew|Fighting\n|move|p1a: Mew|Swords Dance|p1a: Mew\n|-boost|p1a: Mew|atk|2\n|move|p2a: Urshifu|Surging Strikes|p1a: Mew\n|-crit|p1a: Mew\n|-damage|p1a: Mew|191/298\n|-crit|p1a: Mew\n|-damage|p1a: Mew|120/298\n|-crit|p1a: Mew\n|-damage|p1a: Mew|38/298\n|-hitcount|p1a: Mew|3\n|-damage|p2a: Urshifu|146/274|[from] item: Life Orb\n|\n|upkeep\n|turn|3\n|\n|t:|1733845529\n|move|p2a: Urshifu|Aqua Jet|p1a: Mew\n|-damage|p1a: Mew|0 fnt\n|faint|p1a: Mew\n|-damage|p2a: Urshifu|119/274|[from] item: Life Orb\n|\n|upkeep\n|\n|t:|1733845537\n|switch|p1a: Conkeldurr|Conkeldurr, L80, M|299/299\n|turn|4\n|\n|t:|1733845559\n|move|p2a: Urshifu|Surging Strikes|p1a: Conkeldurr\n|-crit|p1a: Conkeldurr\n|-damage|p1a: Conkeldurr|247/299\n|-crit|p1a: Conkeldurr\n|-damage|p1a: Conkeldurr|189/299\n|-crit|p1a: Conkeldurr\n|-damage|p1a: Conkeldurr|133/299\n|-hitcount|p1a: Conkeldurr|3\n|-damage|p2a: Urshifu|92/274|[from] item: Life Orb\n|move|p1a: Conkeldurr|Knock Off|p2a: Urshifu\n|-resisted|p2a: Urshifu\n|-damage|p2a: Urshifu|53/274\n|-enditem|p2a: Urshifu|Life Orb|[from] move: Knock Off|[of] p1a: Conkeldurr\n|\n|-status|p1a: Conkeldurr|brn|[from] item: Flame Orb\n|upkeep\n|turn|5\n|\n|t:|1733845573\n|move|p2a: Urshifu|Surging Strikes|p1a: Conkeldurr\n|-crit|p1a: Conkeldurr\n|-damage|p1a: Conkeldurr|88/299 brn\n|-crit|p1a: Conkeldurr\n|-damage|p1a: Conkeldurr|49/299 brn\n|-crit|p1a: Conkeldurr\n|-damage|p1a: Conkeldurr|7/299 brn\n|-hitcount|p1a: Conkeldurr|3\n|move|p1a: Conkeldurr|Facade|p2a: Urshifu\n|-damage|p2a: Urshifu|0 fnt\n|faint|p2a: Urshifu\n|\n|-damage|p1a: Conkeldurr|0 fnt|[from] brn\n|faint|p1a: Conkeldurr\n|upkeep\n|\n|t:|1733845594\n|switch|p2a: Gouging Fire|Gouging Fire, L74|277/277\n|switch|p1a: Fezandipiti|Fezandipiti, L82, M|278/278\n|turn|6\n|inactive|Battle timer is ON: inactive players will automatically lose when time's up. (requested by K1ngSh3dow)\n|\n|t:|1733845623\n|move|p1a: Fezandipiti|Beat Up|p2a: Gouging Fire\n|-damage|p2a: Gouging Fire|268/277\n|-damage|p2a: Gouging Fire|256/277\n|-damage|p2a: Gouging Fire|248/277\n|-status|p2a: Gouging Fire|tox|[from] ability: Toxic Chain|[of] p1a: Fezandipiti\n|-damage|p2a: Gouging Fire|240/277 tox\n|-hitcount|p2a: Gouging Fire|4\n|move|p2a: Gouging Fire|Dragon Dance|p2a: Gouging Fire\n|-boost|p2a: Gouging Fire|atk|1\n|-boost|p2a: Gouging Fire|spe|1\n|\n|-damage|p2a: Gouging Fire|223/277 tox|[from] psn\n|upkeep\n|turn|7\n|\n|t:|1733845638\n|move|p2a: Gouging Fire|Outrage|p1a: Fezandipiti\n|-immune|p1a: Fezandipiti\n|move|p1a: Fezandipiti|Play Rough|p2a: Gouging Fire\n|-damage|p2a: Gouging Fire|145/277 tox\n|\n|-damage|p2a: Gouging Fire|111/277 tox|[from] psn\n|upkeep\n|turn|8\n|\n|t:|1733845647\n|move|p2a: Gouging Fire|Heat Crash|p1a: Fezandipiti\n|-damage|p1a: Fezandipiti|97/278\n|move|p1a: Fezandipiti|Beat Up|p2a: Gouging Fire\n|-damage|p2a: Gouging Fire|102/277 tox\n|-damage|p2a: Gouging Fire|90/277 tox\n|-damage|p2a: Gouging Fire|82/277 tox\n|-damage|p2a: Gouging Fire|74/277 tox\n|-hitcount|p2a: Gouging Fire|4\n|\n|-damage|p2a: Gouging Fire|23/277 tox|[from] psn\n|upkeep\n|turn|9\n|\n|t:|1733845658\n|move|p2a: Gouging Fire|Heat Crash|p1a: Fezandipiti\n|-damage|p1a: Fezandipiti|0 fnt\n|faint|p1a: Fezandipiti\n|\n|-damage|p2a: Gouging Fire|0 fnt|[from] psn\n|faint|p2a: Gouging Fire\n|-end|p2a: Gouging Fire|Protosynthesis|[silent]\n|upkeep\n|\n|t:|1733845667\n|switch|p1a: Araquanid|Araquanid, L82, F|246/246\n|switch|p2a: Lycanroc|Lycanroc-Midnight, L89, M|296/296\n|turn|10\n|inactive|uturk3y has 120 seconds left.\n|\n|t:|1733845699\n|switch|p2a: Breloom|Breloom, L82, M|233/233\n|move|p1a: Araquanid|Hydro Pump|p2a: Breloom\n|-resisted|p2a: Breloom\n|-damage|p2a: Breloom|137/233\n|\n|upkeep\n|turn|11\n|\n|t:|1733845709\n|move|p2a: Breloom|Bullet Seed|p1a: Araquanid\n|-damage|p1a: Araquanid|186/246\n|-damage|p1a: Araquanid|122/246\n|-damage|p1a: Araquanid|62/246\n|-hitcount|p1a: Araquanid|3\n|-damage|p2a: Breloom|114/233|[from] item: Life Orb\n|move|p1a: Araquanid|Sticky Web|p2a: Breloom\n|-sidestart|p2: uturk3y|move: Sticky Web\n|\n|upkeep\n|turn|12\n|\n|t:|1733845719\n|move|p2a: Breloom|Bullet Seed|p1a: Araquanid\n|-damage|p1a: Araquanid|0 fnt\n|faint|p1a: Araquanid\n|-hitcount|p1: Araquanid|1\n|-damage|p2a: Breloom|91/233|[from] item: Life Orb\n|\n|upkeep\n|\n|t:|1733845725\n|switch|p1a: Corviknight|Corviknight, L80, F|288/288\n|-ability|p1a: Corviknight|Pressure\n|turn|13\n|l|\u2606K1ngSh3dow\n|inactive|K1ngSh3dow disconnected and has a minute to reconnect!\n|player|p1|\n|inactive|uturk3y has 120 seconds left.\n|j|\u2606K1ngSh3dow\n|inactive|K1ngSh3dow reconnected.\n|player|p1|K1ngSh3dow|169|\n|\n|t:|1733845755\n|move|p2a: Breloom|Rock Tomb|p1a: Corviknight\n|-damage|p1a: Corviknight|204/288\n|-unboost|p1a: Corviknight|spe|1\n|-damage|p2a: Breloom|68/233|[from] item: Life Orb\n|move|p1a: Corviknight|Brave Bird|p2a: Breloom\n|-supereffective|p2a: Breloom\n|-damage|p2a: Breloom|0 fnt\n|faint|p2a: Breloom\n|-damage|p1a: Corviknight|182/288|[from] Recoil\n|\n|-heal|p1a: Corviknight|200/288|[from] item: Leftovers\n|upkeep\n|inactive|uturk3y has 120 seconds left.\n|\n|t:|1733845766\n|switch|p2a: Sylveon|Sylveon, L85, M|300/300\n|-activate|p2a: Sylveon|move: Sticky Web\n|-unboost|p2a: Sylveon|spe|1\n|turn|14\n|inactive|uturk3y has 120 seconds left.\n|\n|t:|1733845774\n|move|p1a: Corviknight|Brave Bird|p2a: Sylveon\n|-damage|p2a: Sylveon|173/300\n|-damage|p1a: Corviknight|158/288|[from] Recoil\n|move|p2a: Sylveon|Calm Mind|p2a: Sylveon\n|-boost|p2a: Sylveon|spa|1\n|-boost|p2a: Sylveon|spd|1\n|\n|-heal|p1a: Corviknight|176/288|[from] item: Leftovers\n|-heal|p2a: Sylveon|191/300|[from] item: Leftovers\n|upkeep\n|turn|15\n|\n|t:|1733845784\n|move|p2a: Sylveon|Protect|p2a: Sylveon\n|-singleturn|p2a: Sylveon|Protect\n|move|p1a: Corviknight|Roost|p1a: Corviknight\n|-heal|p1a: Corviknight|288/288\n|-singleturn|p1a: Corviknight|move: Roost\n|\n|-heal|p2a: Sylveon|209/300|[from] item: Leftovers\n|upkeep\n|turn|16\n|\n|t:|1733845792\n|move|p2a: Sylveon|Protect|p2a: Sylveon\n|-singleturn|p2a: Sylveon|Protect\n|move|p1a: Corviknight|Brave Bird|p2a: Sylveon\n|-activate|p2a: Sylveon|move: Protect\n|\n|-heal|p2a: Sylveon|227/300|[from] item: Leftovers\n|upkeep\n|turn|17\n|\n|t:|1733845801\n|move|p2a: Sylveon|Protect||[still]\n|-fail|p2a: Sylveon\n|move|p1a: Corviknight|U-turn|p2a: Sylveon\n|-resisted|p2a: Sylveon\n|-damage|p2a: Sylveon|203/300\n|\n|t:|1733845807\n|switch|p1a: Rayquaza|Rayquaza, L72|270/270|[from] U-turn\n|-ability|p1a: Rayquaza|Air Lock\n|\n|-heal|p2a: Sylveon|221/300|[from] item: Leftovers\n|upkeep\n|turn|18\n|\n|t:|1733845826\n|move|p1a: Rayquaza|Scale Shot|p2a: Sylveon\n|-immune|p2a: Sylveon\n|move|p2a: Sylveon|Hyper Voice|p1a: Rayquaza\n|-supereffective|p1a: Rayquaza\n|-damage|p1a: Rayquaza|0 fnt\n|faint|p1a: Rayquaza\n|\n|-heal|p2a: Sylveon|239/300|[from] item: Leftovers\n|upkeep\n|\n|t:|1733845834\n|switch|p1a: Corviknight|Corviknight, L80, F|288/288\n|-ability|p1a: Corviknight|Pressure\n|turn|19\n|\n|t:|1733845846\n|move|p1a: Corviknight|Brave Bird|p2a: Sylveon\n|-damage|p2a: Sylveon|97/300\n|-damage|p1a: Corviknight|241/288|[from] Recoil\n|move|p2a: Sylveon|Calm Mind|p2a: Sylveon\n|-boost|p2a: Sylveon|spa|1\n|-boost|p2a: Sylveon|spd|1\n|\n|-heal|p1a: Corviknight|259/288|[from] item: Leftovers\n|-heal|p2a: Sylveon|115/300|[from] item: Leftovers\n|upkeep\n|turn|20\n|\n|t:|1733845855\n|move|p2a: Sylveon|Protect|p2a: Sylveon\n|-singleturn|p2a: Sylveon|Protect\n|move|p1a: Corviknight|Brave Bird|p2a: Sylveon\n|-activate|p2a: Sylveon|move: Protect\n|\n|-heal|p1a: Corviknight|277/288|[from] item: Leftovers\n|-heal|p2a: Sylveon|133/300|[from] item: Leftovers\n|upkeep\n|turn|21\n|\n|t:|1733845867\n|move|p1a: Corviknight|Brave Bird|p2a: Sylveon\n|-damage|p2a: Sylveon|3/300\n|-damage|p1a: Corviknight|234/288|[from] Recoil\n|move|p2a: Sylveon|Wish|p2a: Sylveon\n|\n|-heal|p1a: Corviknight|252/288|[from] item: Leftovers\n|-heal|p2a: Sylveon|21/300|[from] item: Leftovers\n|upkeep\n|turn|22\n|\n|t:|1733845876\n|move|p2a: Sylveon|Protect|p2a: Sylveon\n|-singleturn|p2a: Sylveon|Protect\n|move|p1a: Corviknight|Brave Bird|p2a: Sylveon\n|-activate|p2a: Sylveon|move: Protect\n|\n|-heal|p2a: Sylveon|171/300|[from] move: Wish|[wisher] Sylveon\n|-heal|p1a: Corviknight|270/288|[from] item: Leftovers\n|-heal|p2a: Sylveon|189/300|[from] item: Leftovers\n|upkeep\n|turn|23\n|\n|t:|1733845885\n|move|p1a: Corviknight|Brave Bird|p2a: Sylveon\n|-damage|p2a: Sylveon|45/300\n|-damage|p1a: Corviknight|222/288|[from] Recoil\n|move|p2a: Sylveon|Hyper Voice|p1a: Corviknight\n|-resisted|p1a: Corviknight\n|-damage|p1a: Corviknight|89/288\n|\n|-heal|p1a: Corviknight|107/288|[from] item: Leftovers\n|-heal|p2a: Sylveon|63/300|[from] item: Leftovers\n|upkeep\n|turn|24\n|\n|t:|1733845894\n|move|p2a: Sylveon|Protect|p2a: Sylveon\n|-singleturn|p2a: Sylveon|Protect\n|move|p1a: Corviknight|Brave Bird|p2a: Sylveon\n|-activate|p2a: Sylveon|move: Protect\n|\n|-heal|p1a: Corviknight|125/288|[from] item: Leftovers\n|-heal|p2a: Sylveon|81/300|[from] item: Leftovers\n|upkeep\n|turn|25\n|\n|t:|1733845903\n|move|p1a: Corviknight|Brave Bird|p2a: Sylveon\n|-damage|p2a: Sylveon|0 fnt\n|faint|p2a: Sylveon\n|-damage|p1a: Corviknight|98/288|[from] Recoil\n|\n|-heal|p1a: Corviknight|116/288|[from] item: Leftovers\n|upkeep\n|\n|t:|1733845909\n|switch|p2a: Lycanroc|Lycanroc-Midnight, L89, M|296/296\n|-activate|p2a: Lycanroc|move: Sticky Web\n|-unboost|p2a: Lycanroc|spe|1\n|turn|26\n|\n|t:|1733845915\n|move|p1a: Corviknight|Roost|p1a: Corviknight\n|-heal|p1a: Corviknight|260/288\n|-singleturn|p1a: Corviknight|move: Roost\n|move|p2a: Lycanroc|Knock Off|p1a: Corviknight\n|-damage|p1a: Corviknight|157/288\n|-enditem|p1a: Corviknight|Leftovers|[from] move: Knock Off|[of] p2a: Lycanroc\n|-damage|p2a: Lycanroc|267/296|[from] item: Life Orb\n|\n|upkeep\n|turn|27\n|\n|t:|1733845925\n|move|p1a: Corviknight|Brave Bird|p2a: Lycanroc\n|-resisted|p2a: Lycanroc\n|-crit|p2a: Lycanroc\n|-damage|p2a: Lycanroc|181/296\n|-damage|p1a: Corviknight|129/288|[from] Recoil\n|move|p2a: Lycanroc|Stone Edge|p1a: Corviknight\n|-damage|p1a: Corviknight|0 fnt\n|faint|p1a: Corviknight\n|-damage|p2a: Lycanroc|152/296|[from] item: Life Orb\n|\n|win|uturk3y\n|raw|K1ngSh3dow's rating: 1043 &rarr; <strong>1025</strong><br />(-18 for losing)\n|raw|uturk3y's rating: 1000 &rarr; <strong>1045</strong><br />(+45 for winning)\n", "inputlog": ">version bfd83cad13791eb5a5a409923076391caf6fb4d4\n>start {\"formatid\":\"gen9randombattle\",\"seed\":[28279,16311,441,37653],\"rated\":\"Rated battle\"}\n>player p1 {\"name\":\"K1ngSh3dow\",\"avatar\":\"169\",\"rating\":1043,\"seed\":[63024,14927,15896,23056]}\n>player p2 {\"name\":\"uturk3y\",\"avatar\":\"101\",\"rating\":1000,\"seed\":[50953,38746,44537,24549]}\n>p1 move closecombat\n>p2 switch 2\n>p1 move swordsdance terastallize\n>p2 move surgingstrikes\n>p1 move closecombat\n>p2 move aquajet\n>p1 switch 5\n>p1 move knockoff\n>p2 move surgingstrikes\n>p1 move facade\n>p2 move surgingstrikes\n>p1 switch 3\n>p2 switch 6\n>p1 move beatup\n>p2 move dragondance\n>p1 move playrough\n>p2 move outrage\n>p1 move beatup\n>p2 move heatcrash\n>p1 move uturn\n>p2 move heatcrash\n>p1 switch 4\n>p2 switch 5\n>p1 move hydropump\n>p2 switch 2\n>p1 move stickyweb\n>p2 move bulletseed\n>p1 move leechlife\n>p2 move bulletseed\n>p1 switch 6\n>p1 move bravebird\n>p2 move rocktomb\n>p2 switch 4\n>p1 move bravebird\n>p2 move calmmind\n>p1 move roost\n>p2 move protect\n>p1 move bravebird\n>p2 move protect\n>p1 move uturn\n>p2 move protect\n>p1 switch 2\n>p1 move scaleshot\n>p2 move hypervoice\n>p1 switch 2\n>p1 move bravebird\n>p2 move calmmind\n>p1 move bravebird\n>p2 move protect\n>p1 move bravebird\n>p2 move wish\n>p1 move bravebird\n>p2 move protect\n>p1 move bravebird\n>p2 move hypervoice\n>p1 move bravebird\n>p2 move protect\n>p1 move bravebird\n>p2 move wish\n>p2 switch 2\n>p1 move roost\n>p2 move knockoff\n>p1 move bravebird\n>p2 move stoneedge", "uploadtime": 1733845934, "views": 2, "formatid": "gen9randombattle", "rating": 1025, "private": 0, "password": null}