{"id": "gen9randombattle-2260521850", "format": "[Gen 9] Random Battle", "players": ["KlERAN", "gmalak"], "log": "|j|\u2606KlERAN\n|j|\u2606gmalak\n|t:|1733859724\n|gametype|singles\n|player|p1|KlERAN|chuck|1414\n|player|p2|gmalak|hiker-gen4|1419\n|teamsize|p1|6\n|teamsize|p2|6\n|gen|9\n|tier|[Gen 9] Random Battle\n|rated|\n|rule|Species Clause: Limit one of each Pok\u00e9mon\n|rule|HP Percentage Mod: HP is shown in percentages\n|rule|Sleep Clause Mod: Limit one foe put to sleep\n|rule|Illusion Level Mod: Illusion disguises the Pok\u00e9mon's true level\n|\n|t:|1733859724\n|start\n|switch|p1a: Rillaboom|Rillaboom, L79, F|288/288\n|switch|p2a: Archaludon|Archaludon, L78, F|268/268\n|-fieldstart|move: Grassy Terrain|[from] ability: Grassy Surge|[of] p1a: Rillaboom\n|turn|1\n|inactive|Battle timer is ON: inactive players will automatically lose when time's up. (requested by gmalak)\n|\n|t:|1733859751\n|move|p1a: Rillaboom|High Horsepower|p2a: Archaludon\n|-supereffective|p2a: Archaludon\n|-damage|p2a: Archaludon|84/268\n|-ability|p2a: Archaludon|Stamina|boost\n|-boost|p2a: Archaludon|def|1\n|move|p2a: Archaludon|Stealth Rock|p1a: Rillaboom\n|-sidestart|p1: KlERAN|move: Stealth Rock\n|\n|-heal|p2a: Archaludon|100/268|[from] Grassy Terrain\n|-heal|p2a: Archaludon|116/268|[from] item: Leftovers\n|upkeep\n|turn|2\n|\n|t:|1733859763\n|move|p1a: Rillaboom|High Horsepower|p2a: Archaludon\n|-supereffective|p2a: Archaludon\n|-damage|p2a: Archaludon|0 fnt\n|faint|p2a: Archaludon\n|\n|upkeep\n|inactive|gmalak has 120 seconds left.\n|\n|t:|1733859795\n|switch|p2a: Garchomp|Garchomp, L74, F|282/282\n|turn|3\n|\n|t:|1733859821\n|switch|p1a: Ditto|Ditto, L87|225/225\n|-damage|p1a: Ditto|197/225|[from] Stealth Rock\n|-transform|p1a: Ditto|p2a: Garchomp|[from] ability: Imposter\n|move|p2a: Garchomp|Spikes|p1a: Ditto\n|-sidestart|p1: KlERAN|Spikes\n|\n|-heal|p1a: Ditto|211/225|[from] Grassy Terrain\n|upkeep\n|turn|4\n|inactive|gmalak has 120 seconds left.\n|\n|t:|1733859852\n|-terastallize|p2a: Garchomp|Steel\n|move|p1a: Ditto|Outrage|p2a: Garchomp\n|-resisted|p2a: Garchomp\n|-damage|p2a: Garchomp|210/282\n|-damage|p1a: Ditto|183/225|[from] ability: Rough Skin|[of] p2a: Garchomp\n|-damage|p1a: Ditto|146/225|[from] item: Rocky Helmet|[of] p2a: Garchomp\n|move|p2a: Garchomp|Dragon Tail|p1a: Ditto\n|-supereffective|p1a: Ditto\n|-damage|p1a: Ditto|6/225\n|-damage|p2a: Garchomp|175/282|[from] ability: Rough Skin|[of] p1a: Ditto\n|drag|p1a: Lurantis|Lurantis, L87, M|264/264\n|-damage|p1a: Lurantis|231/264|[from] Stealth Rock\n|-damage|p1a: Lurantis|198/264|[from] Spikes\n|\n|-heal|p2a: Garchomp|192/282|[from] Grassy Terrain\n|-heal|p1a: Lurantis|214/264|[from] Grassy Terrain\n|-heal|p1a: Lurantis|230/264|[from] item: Leftovers\n|upkeep\n|turn|5\n|inactive|KlERAN has 120 seconds left.\n|inactive|gmalak has 90 seconds left.\n|\n|t:|1733859878\n|switch|p2a: Calyrex|Calyrex, L93|337/337\n|-ability|p2a: Calyrex|Unnerve\n|move|p1a: Lurantis|Superpower|p2a: Calyrex\n|-resisted|p2a: Calyrex\n|-damage|p2a: Calyrex|287/337\n|-boost|p1a: Lurantis|atk|1\n|-boost|p1a: Lurantis|def|1\n|\n|-heal|p2a: Calyrex|308/337|[from] Grassy Terrain\n|-heal|p2a: Calyrex|329/337|[from] item: Leftovers\n|-heal|p1a: Lurantis|246/264|[from] Grassy Terrain\n|-heal|p1a: Lurantis|262/264|[from] item: Leftovers\n|-fieldend|move: Grassy Terrain\n|upkeep\n|turn|6\n|inactive|gmalak has 90 seconds left.\n|\n|t:|1733859897\n|move|p2a: Calyrex|Psychic|p1a: Lurantis\n|-damage|p1a: Lurantis|165/264\n|move|p1a: Lurantis|Defog|p2a: Calyrex\n|-unboost|p2a: Calyrex|evasion|1\n|-sideend|p1: KlERAN|Spikes|[from] move: Defog|[of] p1a: Lurantis\n|-sideend|p1: KlERAN|Stealth Rock|[from] move: Defog|[of] p1a: Lurantis\n|\n|-heal|p2a: Calyrex|337/337|[from] item: Leftovers\n|-heal|p1a: Lurantis|181/264|[from] item: Leftovers\n|upkeep\n|turn|7\n|inactive|gmalak has 90 seconds left.\n|\n|t:|1733859908\n|move|p2a: Calyrex|Psychic|p1a: Lurantis\n|-damage|p1a: Lurantis|81/264\n|move|p1a: Lurantis|Leaf Storm|p2a: Calyrex\n|-resisted|p2a: Calyrex\n|-damage|p2a: Calyrex|278/337\n|-boost|p1a: Lurantis|spa|2\n|\n|-heal|p2a: Calyrex|299/337|[from] item: Leftovers\n|-heal|p1a: Lurantis|97/264|[from] item: Leftovers\n|upkeep\n|turn|8\n|\n|t:|1733859925\n|move|p2a: Calyrex|Psychic|p1a: Lurantis\n|-damage|p1a: Lurantis|0 fnt\n|faint|p1a: Lurantis\n|\n|-heal|p2a: Calyrex|320/337|[from] item: Leftovers\n|upkeep\n|\n|t:|1733859932\n|switch|p1a: Rillaboom|Rillaboom, L79, F|288/288\n|-fieldstart|move: Grassy Terrain|[from] ability: Grassy Surge|[of] p1a: Rillaboom\n|turn|9\n|\n|t:|1733859938\n|move|p2a: Calyrex|Psychic|p1a: Rillaboom\n|-damage|p1a: Rillaboom|168/288\n|move|p1a: Rillaboom|U-turn|p2a: Calyrex\n|-supereffective|p2a: Calyrex\n|-damage|p2a: Calyrex|0 fnt\n|faint|p2a: Calyrex\n|\n|t:|1733859945\n|switch|p1a: Ditto|Ditto, L87|6/225|[from] U-turn\n|\n|-heal|p1a: Ditto|20/225|[from] Grassy Terrain\n|upkeep\n|\n|t:|1733859969\n|switch|p2a: Luxray|Luxray, L88, M|284/284\n|-ability|p2a: Luxray|Intimidate|boost\n|-unboost|p1a: Ditto|atk|1\n|turn|10\n|inactive|KlERAN has 120 seconds left.\n|\n|t:|1733859980\n|switch|p1a: Rillaboom|Rillaboom, L79, F|168/288\n|move|p2a: Luxray|Volt Switch|p1a: Rillaboom\n|-resisted|p1a: Rillaboom\n|-damage|p1a: Rillaboom|113/288\n|\n|t:|1733859990\n|switch|p2a: Weavile|Weavile, L79, M|240/240|[from] Volt Switch\n|\n|-heal|p1a: Rillaboom|131/288|[from] Grassy Terrain\n|upkeep\n|turn|11\n|inactive|KlERAN has 120 seconds left.\n|\n|t:|1733860011\n|move|p1a: Rillaboom|Grassy Glide|p2a: Weavile\n|-damage|p2a: Weavile|80/240\n|move|p2a: Weavile|Triple Axel|p1a: Rillaboom|[miss]\n|-miss|p2a: Weavile|p1a: Rillaboom\n|\n|-heal|p2a: Weavile|95/240|[from] Grassy Terrain\n|-heal|p1a: Rillaboom|149/288|[from] Grassy Terrain\n|upkeep\n|turn|12\n|inactive|KlERAN has 120 seconds left.\n|\n|t:|1733860021\n|switch|p2a: Garchomp|Garchomp, L74, F, tera:Steel|192/282\n|move|p1a: Rillaboom|Grassy Glide|p2a: Garchomp\n|-resisted|p2a: Garchomp\n|-damage|p2a: Garchomp|128/282\n|-damage|p1a: Rillaboom|113/288|[from] ability: Rough Skin|[of] p2a: Garchomp\n|-damage|p1a: Rillaboom|65/288|[from] item: Rocky Helmet|[of] p2a: Garchomp\n|\n|-heal|p2a: Garchomp|145/282|[from] Grassy Terrain\n|-heal|p1a: Rillaboom|83/288|[from] Grassy Terrain\n|upkeep\n|turn|13\n|inactive|KlERAN has 120 seconds left.\n|\n|t:|1733860040\n|switch|p1a: Vigoroth|Vigoroth, L85, M|275/275\n|move|p2a: Garchomp|Spikes|p1a: Vigoroth\n|-sidestart|p1: KlERAN|Spikes\n|\n|-heal|p2a: Garchomp|162/282|[from] Grassy Terrain\n|-fieldend|move: Grassy Terrain\n|upkeep\n|turn|14\n|\n|t:|1733860052\n|move|p1a: Vigoroth|Bulk Up|p1a: Vigoroth\n|-boost|p1a: Vigoroth|atk|1\n|-boost|p1a: Vigoroth|def|1\n|move|p2a: Garchomp|Dragon Tail|p1a: Vigoroth\n|-damage|p1a: Vigoroth|242/275\n|drag|p1a: Ditto|Ditto, L87|20/225\n|-damage|p1a: Ditto|0 fnt|[from] Spikes\n|faint|p1a: Ditto\n|\n|upkeep\n|\n|t:|1733860063\n|switch|p1a: Rillaboom|Rillaboom, L79, F|83/288\n|-damage|p1a: Rillaboom|47/288|[from] Spikes\n|-fieldstart|move: Grassy Terrain|[from] ability: Grassy Surge|[of] p1a: Rillaboom\n|turn|15\n|\n|t:|1733860085\n|switch|p2a: Zangoose|Zangoose, L85, M|263/263\n|move|p1a: Rillaboom|High Horsepower|p2a: Zangoose\n|-damage|p2a: Zangoose|115/263\n|\n|-heal|p2a: Zangoose|131/263|[from] Grassy Terrain\n|-heal|p1a: Rillaboom|65/288|[from] Grassy Terrain\n|-status|p2a: Zangoose|tox|[from] item: Toxic Orb\n|upkeep\n|turn|16\n|inactive|KlERAN has 120 seconds left.\n|\n|t:|1733860109\n|switch|p1a: Vigoroth|Vigoroth, L85, M|242/275\n|-damage|p1a: Vigoroth|208/275|[from] Spikes\n|move|p2a: Zangoose|Facade|p1a: Vigoroth\n|-damage|p1a: Vigoroth|22/275\n|\n|-heal|p2a: Zangoose|147/263 tox|[from] Grassy Terrain\n|-heal|p1a: Vigoroth|39/275|[from] Grassy Terrain\n|-damage|p2a: Zangoose|131/263 tox|[from] psn\n|upkeep\n|turn|17\n|\n|t:|1733860125\n|-terastallize|p1a: Vigoroth|Ghost\n|move|p1a: Vigoroth|Slack Off|p1a: Vigoroth\n|-heal|p1a: Vigoroth|177/275\n|move|p2a: Zangoose|Knock Off|p1a: Vigoroth\n|-supereffective|p1a: Vigoroth\n|-damage|p1a: Vigoroth|5/275\n|-enditem|p1a: Vigoroth|Eviolite|[from] move: Knock Off|[of] p2a: Zangoose\n|\n|-heal|p2a: Zangoose|147/263 tox|[from] Grassy Terrain\n|-heal|p1a: Vigoroth|22/275|[from] Grassy Terrain\n|-damage|p2a: Zangoose|115/263 tox|[from] psn\n|upkeep\n|turn|18\n|\n|t:|1733860141\n|move|p2a: Zangoose|Knock Off|p1a: Vigoroth\n|-supereffective|p1a: Vigoroth\n|-damage|p1a: Vigoroth|0 fnt\n|faint|p1a: Vigoroth\n|\n|-heal|p2a: Zangoose|131/263 tox|[from] Grassy Terrain\n|-damage|p2a: Zangoose|83/263 tox|[from] psn\n|upkeep\n|inactive|KlERAN has 90 seconds left.\n|\n|t:|1733860152\n|switch|p1a: Necrozma|Necrozma-Dusk-Mane, L69|248/248\n|-damage|p1a: Necrozma|217/248|[from] Spikes\n|turn|19\n|inactive|KlERAN has 90 seconds left.\n|\n|t:|1733860174\n|move|p2a: Zangoose|Knock Off|p1a: Necrozma\n|-supereffective|p1a: Necrozma\n|-damage|p1a: Necrozma|40/248\n|-enditem|p1a: Necrozma|Weakness Policy\n|-boost|p1a: Necrozma|atk|2|[from] item: Weakness Policy\n|-boost|p1a: Necrozma|spa|2|[from] item: Weakness Policy\n|move|p1a: Necrozma|Dragon Dance|p1a: Necrozma\n|-boost|p1a: Necrozma|atk|1\n|-boost|p1a: Necrozma|spe|1\n|\n|-heal|p1a: Necrozma|55/248|[from] Grassy Terrain\n|-heal|p2a: Zangoose|99/263 tox|[from] Grassy Terrain\n|-damage|p2a: Zangoose|35/263 tox|[from] psn\n|-fieldend|move: Grassy Terrain\n|upkeep\n|turn|20\n|inactive|gmalak has 120 seconds left.\n|\n|t:|1733860187\n|switch|p2a: Garchomp|Garchomp, L74, F, tera:Steel|162/282\n|move|p1a: Necrozma|Sunsteel Strike|p2a: Garchomp\n|-resisted|p2a: Garchomp\n|-damage|p2a: Garchomp|31/282\n|-damage|p1a: Necrozma|24/248|[from] ability: Rough Skin|[of] p2a: Garchomp\n|-damage|p1a: Necrozma|0 fnt|[from] item: Rocky Helmet|[of] p2a: Garchomp\n|faint|p1a: Necrozma\n|\n|upkeep\n|\n|t:|1733860201\n|switch|p1a: Rillaboom|Rillaboom, L79, F|65/288\n|-damage|p1a: Rillaboom|29/288|[from] Spikes\n|-fieldstart|move: Grassy Terrain|[from] ability: Grassy Surge|[of] p1a: Rillaboom\n|turn|21\n|\n|t:|1733860208\n|move|p1a: Rillaboom|Grassy Glide|p2a: Garchomp\n|-resisted|p2a: Garchomp\n|-damage|p2a: Garchomp|0 fnt\n|-damage|p1a: Rillaboom|0 fnt|[from] ability: Rough Skin|[of] p2a: Garchomp\n|faint|p2a: Garchomp\n|faint|p1a: Rillaboom\n|\n|upkeep\n|\n|t:|1733860217\n|switch|p2a: Zangoose|Zangoose, L85, M|35/263 tox\n|switch|p1a: Armarouge|Armarouge, L80, M|267/267\n|-damage|p1a: Armarouge|234/267|[from] Spikes\n|turn|22\n|inactive|KlERAN has 90 seconds left.\n|\n|t:|1733860226\n|move|p2a: Zangoose|Knock Off|p1a: Armarouge\n|-supereffective|p1a: Armarouge\n|-damage|p1a: Armarouge|0 fnt\n|-enditem|p1a: Armarouge|Choice Specs|[from] move: Knock Off|[of] p2a: Zangoose\n|faint|p1a: Armarouge\n|\n|win|gmalak\n|raw|KlERAN's rating: 1414 &rarr; <strong>1394</strong><br />(-20 for losing)\n|raw|gmalak's rating: 1419 &rarr; <strong>1439</strong><br />(+20 for winning)\n|l|\u2606KlERAN\n|player|p1|\n", "inputlog": ">version bfd83cad13791eb5a5a409923076391caf6fb4d4\n>start {\"formatid\":\"gen9randombattle\",\"seed\":[48105,18572,50008,33095],\"rated\":\"Rated battle\"}\n>player p1 {\"name\":\"KlERAN\",\"avatar\":\"chuck\",\"rating\":1414,\"seed\":[929,21615,58771,42313]}\n>player p2 {\"name\":\"gmalak\",\"avatar\":\"hiker-gen4\",\"rating\":1419,\"seed\":[45772,56635,49109,33136]}\n>p1 move highhorsepower\n>p2 move stealthrock\n>p1 move highhorsepower\n>p2 move bodypress\n>p2 switch 6\n>p1 switch 2\n>p2 move spikes\n>p1 move outrage\n>p2 move dragontail terastallize\n>p1 move superpower\n>p2 switch 4\n>p1 move defog\n>p2 move psychic\n>p1 move leafstorm\n>p2 move psychic\n>p1 move synthesis\n>p2 move psychic\n>p1 switch 2\n>p1 move uturn\n>p2 move psychic\n>p1 switch 4\n>p2 switch 3\n>p1 switch 4\n>p2 move voltswitch\n>p2 switch 2\n>p1 move grassyglide\n>p2 move tripleaxel\n>p1 move grassyglide\n>p2 switch 4\n>p1 switch 6\n>p2 move spikes\n>p1 move bulkup\n>p2 move dragontail\n>p1 switch 6\n>p1 move highhorsepower\n>p2 switch 5\n>p1 switch 4\n>p2 move facade\n>p1 move slackoff terastallize\n>p2 move knockoff\n>p1 move bodyslam\n>p2 move knockoff\n>p1 switch 3\n>p1 move dragondance\n>p2 move knockoff\n>p1 move sunsteelstrike\n>p2 switch 5\n>p1 switch 4\n>p1 move grassyglide\n>p2 move dragontail\n>p1 switch 5\n>p2 switch 5\n>p1 move energyball\n>p2 move knockoff", "uploadtime": 1733860273, "views": 5, "formatid": "gen9randombattle", "rating": 1394, "private": 0, "password": null}