{"id": "gen9randombattle-2108254779", "format": "[Gen 9] Random Battle", "players": ["Norman2!", "mieldrain"], "log": "|badge|p1|silver|gen9randombattle|30-1\n|uhtml|medal-msg|<div class=\"broadcast-blue\">Curious what those medals under the avatar are? PS now has Ladder Seasons! For more information, check out the <a href=\"https://www.smogon.com/forums/threads/3740067/\">thread on Smogon.</a></div>\n|badge|p2|silver|gen9randombattle|30-1\n|uhtml|medal-msg|<div class=\"broadcast-blue\">Curious what those medals under the avatar are? PS now has Ladder Seasons! For more information, check out the <a href=\"https://www.smogon.com/forums/threads/3740067/\">thread on Smogon.</a></div>\n|j|\u203dNorman2!\n|j|\u2606mieldrain\n|t:|1713693732\n|gametype|singles\n|player|p1|Norman2!|102|2472\n|player|p2|mieldrain|lady-gen4|2394\n|teamsize|p1|6\n|teamsize|p2|6\n|gen|9\n|tier|[Gen 9] Random Battle\n|rated|\n|rule|Species Clause: Limit one of each Pok\u00e9mon\n|rule|HP Percentage Mod: HP is shown in percentages\n|rule|Sleep Clause Mod: Limit one foe put to sleep\n|rule|Illusion Level Mod: Illusion disguises the Pok\u00e9mon's true level\n|\n|t:|1713693732\n|start\n|switch|p1a: Okidogi|Okidogi, L77, M|262/262\n|switch|p2a: Salazzle|Salazzle, L82, F|246/246\n|turn|1\n|inactive|Battle timer is ON: inactive players will automatically lose when time's up. (requested by mieldrain)\n|j| dean_wu\n|\n|t:|1713693752\n|switch|p2a: Spidops|Spidops, L96, M|271/271\n|move|p1a: Okidogi|Knock Off|p2a: Spidops\n|-damage|p2a: Spidops|209/271\n|-status|p2a: Spidops|tox|[from] ability: Toxic Chain|[of] p1a: Okidogi\n|-enditem|p2a: Spidops|Heavy-Duty Boots|[from] move: Knock Off|[of] p1a: Okidogi\n|\n|-damage|p2a: Spidops|193/271 tox|[from] psn\n|upkeep\n|turn|2\n|\n|t:|1713693755\n|move|p1a: Okidogi|Bulk Up|p1a: Okidogi\n|-boost|p1a: Okidogi|atk|1\n|-boost|p1a: Okidogi|def|1\n|move|p2a: Spidops|Sticky Web|p1a: Okidogi\n|-sidestart|p1: Norman2!|move: Sticky Web\n|\n|-damage|p2a: Spidops|161/271 tox|[from] psn\n|upkeep\n|turn|3\n|\n|t:|1713693770\n|move|p1a: Okidogi|Gunk Shot|p2a: Spidops\n|-damage|p2a: Spidops|0 fnt\n|faint|p2a: Spidops\n|\n|upkeep\n|\n|t:|1713693773\n|switch|p2a: Oricorio|Oricorio-Pa'u, L87, M|272/272\n|turn|4\n|\n|t:|1713693780\n|switch|p2a: Wyrdeer|Wyrdeer, L87, M|238/238\n|-terastallize|p1a: Okidogi|Dark\n|move|p1a: Okidogi|Knock Off|p2a: Wyrdeer\n|-resisted|p2a: Wyrdeer\n|-crit|p2a: Wyrdeer\n|-damage|p2a: Wyrdeer|86/238\n|replace|p2a: Zoroark|Zoroark, L84, F\n|-end|p2a: Zoroark|Illusion\n|-hint|Illusion Level Mod is active, so this Pok\u00e9mon's true level was hidden.\n|-enditem|p2a: Zoroark|Life Orb|[from] move: Knock Off|[of] p1a: Okidogi\n|\n|upkeep\n|turn|5\n|\n|t:|1713693786\n|move|p2a: Zoroark|Sludge Bomb|p1a: Okidogi\n|-damage|p1a: Okidogi|176/262\n|move|p1a: Okidogi|Drain Punch|p2a: Zoroark\n|-supereffective|p2a: Zoroark\n|-damage|p2a: Zoroark|0 fnt\n|-heal|p1a: Okidogi|219/262|[from] drain|[of] p2a: Zoroark\n|faint|p2a: Zoroark\n|\n|-heal|p1a: Okidogi|235/262|[from] item: Leftovers\n|upkeep\n|\n|t:|1713693791\n|switch|p2a: Floatzel|Floatzel, L85, M|283/283\n|turn|6\n|\n|t:|1713693799\n|move|p2a: Floatzel|Wave Crash|p1a: Okidogi\n|-crit|p1a: Okidogi\n|-damage|p1a: Okidogi|54/262\n|-damage|p2a: Floatzel|223/283|[from] Recoil\n|move|p1a: Okidogi|Drain Punch|p2a: Floatzel\n|-damage|p2a: Floatzel|55/283\n|-heal|p1a: Okidogi|138/262|[from] drain|[of] p2a: Floatzel\n|\n|-heal|p2a: Floatzel|72/283|[from] item: Leftovers\n|-heal|p1a: Okidogi|154/262|[from] item: Leftovers\n|upkeep\n|turn|7\n|\n|t:|1713693804\n|move|p2a: Floatzel|Wave Crash|p1a: Okidogi\n|-damage|p1a: Okidogi|76/262\n|-damage|p2a: Floatzel|46/283|[from] Recoil\n|move|p1a: Okidogi|Drain Punch|p2a: Floatzel\n|-damage|p2a: Floatzel|0 fnt\n|-heal|p1a: Okidogi|99/262|[from] drain|[of] p2a: Floatzel\n|faint|p2a: Floatzel\n|\n|-heal|p1a: Okidogi|115/262|[from] item: Leftovers\n|upkeep\n|\n|t:|1713693806\n|switch|p2a: Oricorio|Oricorio-Pa'u, L87, M|272/272\n|turn|8\n|\n|t:|1713693812\n|move|p2a: Oricorio|Hurricane|p1a: Okidogi\n|-damage|p1a: Okidogi|0 fnt\n|faint|p1a: Okidogi\n|\n|upkeep\n|\n|t:|1713693829\n|switch|p1a: Scizor|Scizor, L79, F|240/240\n|-activate|p1a: Scizor|move: Sticky Web\n|-unboost|p1a: Scizor|spe|1\n|turn|9\n|\n|t:|1713693836\n|-terastallize|p2a: Oricorio|Fighting\n|move|p2a: Oricorio|Quiver Dance|p2a: Oricorio\n|-boost|p2a: Oricorio|spa|1\n|-boost|p2a: Oricorio|spd|1\n|-boost|p2a: Oricorio|spe|1\n|move|p1a: Scizor|Knock Off|p2a: Oricorio\n|-resisted|p2a: Oricorio\n|-damage|p2a: Oricorio|207/272\n|-enditem|p2a: Oricorio|Heavy-Duty Boots|[from] move: Knock Off|[of] p1a: Scizor\n|\n|upkeep\n|turn|10\n|\n|t:|1713693852\n|switch|p1a: Decidueye|Decidueye, L88, F|281/281\n|-activate|p1a: Decidueye|move: Sticky Web\n|-unboost|p1a: Decidueye|spe|1\n|move|p2a: Oricorio|Revelation Dance|p1a: Decidueye\n|-immune|p1a: Decidueye\n|\n|upkeep\n|turn|11\n|\n|t:|1713693855\n|move|p1a: Decidueye|Shadow Sneak|p2a: Oricorio\n|-damage|p2a: Oricorio|125/272\n|-damage|p1a: Decidueye|253/281|[from] item: Life Orb\n|move|p2a: Oricorio|Hurricane|p1a: Decidueye|[miss]\n|-miss|p2a: Oricorio|p1a: Decidueye\n|\n|upkeep\n|turn|12\n|l| dean_wu\n|\n|t:|1713693860\n|move|p2a: Oricorio|Roost|p2a: Oricorio\n|-heal|p2a: Oricorio|261/272\n|move|p1a: Decidueye|Poltergeist||[still]\n|-fail|p1a: Decidueye\n|\n|upkeep\n|turn|13\n|\n|t:|1713693867\n|move|p1a: Decidueye|Shadow Sneak|p2a: Oricorio\n|-damage|p2a: Oricorio|179/272\n|-damage|p1a: Decidueye|225/281|[from] item: Life Orb\n|move|p2a: Oricorio|Hurricane|p1a: Decidueye|[miss]\n|-miss|p2a: Oricorio|p1a: Decidueye\n|\n|upkeep\n|turn|14\n|\n|t:|1713693873\n|move|p2a: Oricorio|Hurricane|p1a: Decidueye|[miss]\n|-miss|p2a: Oricorio|p1a: Decidueye\n|move|p1a: Decidueye|Leaf Blade|p2a: Oricorio\n|-damage|p2a: Oricorio|6/272\n|-damage|p1a: Decidueye|197/281|[from] item: Life Orb\n|\n|upkeep\n|turn|15\n|c|\u2606mieldrain|omfg\n|\n|t:|1713693877\n|switch|p2a: Wyrdeer|Wyrdeer, L87, M|321/321\n|-ability|p2a: Wyrdeer|Intimidate|boost\n|-unboost|p1a: Decidueye|atk|1\n|move|p1a: Decidueye|Shadow Sneak|p2a: Wyrdeer\n|-immune|p2a: Wyrdeer\n|\n|upkeep\n|turn|16\n|\n|t:|1713693885\n|move|p2a: Wyrdeer|Psychic Noise|p1a: Decidueye\n|-damage|p1a: Decidueye|122/281\n|-start|p1a: Decidueye|move: Heal Block\n|move|p1a: Decidueye|Leaf Blade|p2a: Wyrdeer\n|-damage|p2a: Wyrdeer|214/321\n|-damage|p1a: Decidueye|94/281|[from] item: Life Orb\n|\n|-heal|p2a: Wyrdeer|234/321|[from] item: Leftovers\n|upkeep\n|turn|17\n|\n|t:|1713693894\n|move|p2a: Wyrdeer|Psychic Noise|p1a: Decidueye\n|-damage|p1a: Decidueye|9/281\n|-fail|p1a: Decidueye|move: Heal Block\n|move|p1a: Decidueye|Leaf Blade|p2a: Wyrdeer\n|-damage|p2a: Wyrdeer|82/321\n|-damage|p1a: Decidueye|0 fnt|[from] item: Life Orb\n|faint|p1a: Decidueye\n|\n|-heal|p2a: Wyrdeer|102/321|[from] item: Leftovers\n|upkeep\n|inactive|Norman2! has 120 seconds left.\n|\n|t:|1713693924\n|switch|p1a: Armarouge|Armarouge, L81, F|270/270\n|-activate|p1a: Armarouge|move: Sticky Web\n|-unboost|p1a: Armarouge|spe|1\n|turn|18\n|\n|t:|1713693929\n|move|p2a: Wyrdeer|Thunder Wave|p1a: Armarouge|[miss]\n|-miss|p2a: Wyrdeer|p1a: Armarouge\n|move|p1a: Armarouge|Meteor Beam||[still]\n|-prepare|p1a: Armarouge|Meteor Beam\n|-boost|p1a: Armarouge|spa|1\n|-enditem|p1a: Armarouge|Power Herb\n|-anim|p1a: Armarouge|Meteor Beam|p2a: Wyrdeer\n|-damage|p2a: Wyrdeer|0 fnt\n|faint|p2a: Wyrdeer\n|\n|upkeep\n|\n|t:|1713693946\n|switch|p2a: Oricorio|Oricorio-Pa'u, L87, M, tera:Fighting|6/272\n|turn|19\n|\n|t:|1713693951\n|move|p2a: Oricorio|Hurricane|p1a: Armarouge\n|-damage|p1a: Armarouge|122/270\n|move|p1a: Armarouge|Psyshock|p2a: Oricorio\n|-supereffective|p2a: Oricorio\n|-damage|p2a: Oricorio|0 fnt\n|faint|p2a: Oricorio\n|\n|upkeep\n|\n|t:|1713693955\n|switch|p2a: Salazzle|Salazzle, L82, F|246/246\n|turn|20\n|\n|t:|1713693960\n|move|p2a: Salazzle|Substitute|p2a: Salazzle\n|-start|p2a: Salazzle|Substitute\n|-damage|p2a: Salazzle|185/246\n|move|p1a: Armarouge|Psyshock|p2a: Salazzle\n|-supereffective|p2a: Salazzle\n|-end|p2a: Salazzle|Substitute\n|\n|-heal|p2a: Salazzle|200/246|[from] item: Leftovers\n|upkeep\n|turn|21\n|\n|t:|1713693962\n|move|p2a: Salazzle|Substitute|p2a: Salazzle\n|-start|p2a: Salazzle|Substitute\n|-damage|p2a: Salazzle|139/246\n|move|p1a: Armarouge|Psyshock|p2a: Salazzle\n|-supereffective|p2a: Salazzle\n|-end|p2a: Salazzle|Substitute\n|\n|-heal|p2a: Salazzle|154/246|[from] item: Leftovers\n|upkeep\n|turn|22\n|\n|t:|1713693963\n|move|p2a: Salazzle|Protect|p2a: Salazzle\n|-singleturn|p2a: Salazzle|Protect\n|move|p1a: Armarouge|Psyshock|p2a: Salazzle\n|-activate|p2a: Salazzle|move: Protect\n|\n|-heal|p2a: Salazzle|169/246|[from] item: Leftovers\n|upkeep\n|turn|23\n|\n|t:|1713693965\n|move|p2a: Salazzle|Substitute|p2a: Salazzle\n|-start|p2a: Salazzle|Substitute\n|-damage|p2a: Salazzle|108/246\n|move|p1a: Armarouge|Psyshock|p2a: Salazzle\n|-supereffective|p2a: Salazzle\n|-end|p2a: Salazzle|Substitute\n|\n|-heal|p2a: Salazzle|123/246|[from] item: Leftovers\n|upkeep\n|turn|24\n|\n|t:|1713693968\n|move|p2a: Salazzle|Protect|p2a: Salazzle\n|-singleturn|p2a: Salazzle|Protect\n|move|p1a: Armarouge|Psyshock|p2a: Salazzle\n|-activate|p2a: Salazzle|move: Protect\n|\n|-heal|p2a: Salazzle|138/246|[from] item: Leftovers\n|upkeep\n|turn|25\n|\n|t:|1713693969\n|move|p2a: Salazzle|Substitute|p2a: Salazzle\n|-start|p2a: Salazzle|Substitute\n|-damage|p2a: Salazzle|77/246\n|move|p1a: Armarouge|Psyshock|p2a: Salazzle\n|-supereffective|p2a: Salazzle\n|-end|p2a: Salazzle|Substitute\n|\n|-heal|p2a: Salazzle|92/246|[from] item: Leftovers\n|upkeep\n|turn|26\n|\n|t:|1713693971\n|move|p2a: Salazzle|Protect|p2a: Salazzle\n|-singleturn|p2a: Salazzle|Protect\n|move|p1a: Armarouge|Psyshock|p2a: Salazzle\n|-activate|p2a: Salazzle|move: Protect\n|\n|-heal|p2a: Salazzle|107/246|[from] item: Leftovers\n|upkeep\n|turn|27\n|\n|t:|1713693973\n|move|p2a: Salazzle|Substitute|p2a: Salazzle\n|-start|p2a: Salazzle|Substitute\n|-damage|p2a: Salazzle|46/246\n|move|p1a: Armarouge|Psyshock|p2a: Salazzle\n|-supereffective|p2a: Salazzle\n|-end|p2a: Salazzle|Substitute\n|\n|-heal|p2a: Salazzle|61/246|[from] item: Leftovers\n|upkeep\n|turn|28\n|\n|t:|1713693976\n|move|p2a: Salazzle|Protect|p2a: Salazzle\n|-singleturn|p2a: Salazzle|Protect\n|move|p1a: Armarouge|Psyshock|p2a: Salazzle\n|-activate|p2a: Salazzle|move: Protect\n|\n|-heal|p2a: Salazzle|76/246|[from] item: Leftovers\n|upkeep\n|turn|29\n|j| AC3G\n|\n|t:|1713693978\n|move|p2a: Salazzle|Substitute|p2a: Salazzle\n|-start|p2a: Salazzle|Substitute\n|-damage|p2a: Salazzle|15/246\n|move|p1a: Armarouge|Psyshock|p2a: Salazzle\n|-supereffective|p2a: Salazzle\n|-end|p2a: Salazzle|Substitute\n|\n|-heal|p2a: Salazzle|30/246|[from] item: Leftovers\n|upkeep\n|turn|30\n|\n|t:|1713693980\n|move|p2a: Salazzle|Protect|p2a: Salazzle\n|-singleturn|p2a: Salazzle|Protect\n|move|p1a: Armarouge|Psyshock|p2a: Salazzle\n|-activate|p2a: Salazzle|move: Protect\n|\n|-heal|p2a: Salazzle|45/246|[from] item: Leftovers\n|upkeep\n|turn|31\n|\n|t:|1713693983\n|move|p2a: Salazzle|Protect|p2a: Salazzle\n|-singleturn|p2a: Salazzle|Protect\n|move|p1a: Armarouge|Psyshock|p2a: Salazzle\n|-activate|p2a: Salazzle|move: Protect\n|\n|-heal|p2a: Salazzle|60/246|[from] item: Leftovers\n|upkeep\n|turn|32\n|\n|t:|1713693986\n|move|p2a: Salazzle|Protect||[still]\n|-fail|p2a: Salazzle\n|move|p1a: Armarouge|Psyshock|p2a: Salazzle\n|-supereffective|p2a: Salazzle\n|-damage|p2a: Salazzle|0 fnt\n|faint|p2a: Salazzle\n|\n|win|Norman2!\n|raw|Norman2!'s rating: 2472 &rarr; <strong>2488</strong><br />(+16 for winning)\n|raw|mieldrain's rating: 2394 &rarr; <strong>2378</strong><br />(-16 for losing)\n|l|\u2606mieldrain\n|player|p2|\n", "inputlog": ">version 353afcba8edc3ce061b3a30b18dec61a8b98d08c\n>start {\"formatid\":\"gen9randombattle\",\"seed\":[44531,61040,20310,33285],\"rated\":\"Rated battle\"}\n>player p1 {\"name\":\"Norman2!\",\"avatar\":\"102\",\"rating\":2472,\"seed\":[12854,26909,40518,58535]}\n>player p2 {\"name\":\"mieldrain\",\"avatar\":\"lady-gen4\",\"rating\":2394,\"seed\":[40273,57203,5168,25287]}\n>p1 move knockoff\n>p2 switch 2\n>p1 move bulkup\n>p2 move stickyweb\n>p1 move gunkshot\n>p2 move circlethrow\n>p2 switch 3\n>p1 move knockoff terastallize\n>p2 switch 5\n>p1 move drainpunch\n>p2 move sludgebomb\n>p2 switch 4\n>p1 move drainpunch\n>p2 move wavecrash\n>p1 move drainpunch\n>p2 move wavecrash\n>p2 switch 5\n>p1 move knockoff\n>p2 move hurricane\n>p1 switch 5\n>p1 move knockoff\n>p2 move quiverdance terastallize\n>p1 switch 6\n>p2 move revelationdance\n>p1 move shadowsneak\n>p2 move hurricane\n>p1 move poltergeist\n>p2 move roost\n>p1 move shadowsneak\n>p2 move hurricane\n>p1 move leafblade\n>p2 move hurricane\n>chat \u2606mieldrain|omfg\n>p1 move shadowsneak\n>p2 switch 6\n>p1 move leafblade\n>p2 move psychicnoise\n>p1 move leafblade\n>p2 move psychicnoise\n>p1 switch 3\n>p1 move meteorbeam\n>p2 move thunderwave\n>p2 switch 6\n>p1 move psyshock\n>p2 move hurricane\n>p2 switch 2\n>p1 move psyshock\n>p2 move substitute\n>p1 move psyshock\n>p2 move substitute\n>p1 move psyshock\n>p2 move protect\n>p1 move psyshock\n>p2 move substitute\n>p1 move psyshock\n>p2 move protect\n>p1 move psyshock\n>p2 move substitute\n>p1 move psyshock\n>p2 move protect\n>p1 move psyshock\n>p2 move substitute\n>p1 move psyshock\n>p2 move protect\n>p1 move psyshock\n>p2 move substitute\n>p1 move psyshock\n>p2 move protect\n>p1 move psyshock\n>p2 move protect\n>p1 move psyshock\n>p2 move protect", "uploadtime": 1713693997, "views": 242, "formatid": "gen9randombattle", "rating": 2378, "private": 0, "password": null}