{"id": "gen9randombattle-2260469871", "format": "[Gen 9] Random Battle", "players": ["serenity13", "edthegamer1"], "log": "|j|\u2606serenity13\n|j|\u2606edthegamer1\n|t:|1733854703\n|gametype|singles\n|player|p1|serenity13|169|1463\n|player|p2|edthegamer1|266|1466\n|teamsize|p1|6\n|teamsize|p2|6\n|gen|9\n|tier|[Gen 9] Random Battle\n|rated|\n|rule|Species Clause: Limit one of each Pok\u00e9mon\n|rule|HP Percentage Mod: HP is shown in percentages\n|rule|Sleep Clause Mod: Limit one foe put to sleep\n|rule|Illusion Level Mod: Illusion disguises the Pok\u00e9mon's true level\n|\n|t:|1733854703\n|start\n|switch|p1a: Metagross|Metagross, L79|256/256\n|switch|p2a: Dusknoir|Dusknoir, L89, F|225/225\n|-item|p1a: Metagross|Weakness Policy|[from] ability: Frisk|[of] p2a: Dusknoir\n|turn|1\n|inactive|Battle timer is ON: inactive players will automatically lose when time's up. (requested by edthegamer1)\n|\n|t:|1733854713\n|switch|p1a: Quagsire|Quagsire, L84, F|297/297\n|move|p2a: Dusknoir|Will-O-Wisp|p1a: Quagsire\n|-status|p1a: Quagsire|brn\n|\n|-damage|p1a: Quagsire|279/297 brn|[from] brn\n|upkeep\n|turn|2\n|\n|t:|1733854723\n|switch|p2a: Weezing|Weezing, L88, M|258/258\n|move|p1a: Quagsire|Toxic|p2a: Weezing\n|-immune|p2a: Weezing\n|\n|-heal|p1a: Quagsire|297/297 brn|[from] item: Leftovers\n|-damage|p1a: Quagsire|279/297 brn|[from] brn\n|upkeep\n|turn|3\n|\n|t:|1733854732\n|switch|p1a: Gothitelle|Gothitelle, L90, F|272/272\n|move|p2a: Weezing|Gunk Shot|p1a: Gothitelle\n|-damage|p1a: Gothitelle|154/272\n|\n|upkeep\n|turn|4\n|\n|t:|1733854736\n|move|p1a: Gothitelle|Psychic|p2a: Weezing\n|-supereffective|p2a: Weezing\n|-damage|p2a: Weezing|0 fnt\n|faint|p2a: Weezing\n|\n|upkeep\n|\n|t:|1733854742\n|switch|p2a: Kingambit|Kingambit, L74, M|270/270\n|-activate|p2a: Kingambit|ability: Supreme Overlord\n|-start|p2a: Kingambit|fallen1|[silent]\n|turn|5\n|\n|t:|1733854750\n|switch|p1a: Scovillain|Scovillain, L91, M|266/266\n|move|p2a: Kingambit|Kowtow Cleave|p1a: Scovillain\n|-damage|p1a: Scovillain|143/266\n|\n|upkeep\n|turn|6\n|\n|t:|1733854758\n|-terastallize|p2a: Kingambit|Dark\n|move|p1a: Scovillain|Overheat|p2a: Kingambit\n|-damage|p2a: Kingambit|54/270\n|-unboost|p1a: Scovillain|spa|2\n|move|p2a: Kingambit|Kowtow Cleave|p1a: Scovillain\n|-damage|p1a: Scovillain|0 fnt\n|faint|p1a: Scovillain\n|\n|-heal|p2a: Kingambit|70/270|[from] item: Leftovers\n|upkeep\n|\n|t:|1733854767\n|switch|p1a: Primarina|Primarina, L83, M|268/268\n|turn|7\n|\n|t:|1733854772\n|-end|p2a: Kingambit|fallen1|[silent]\n|switch|p2a: Dusknoir|Dusknoir, L89, F|225/225\n|-item|p1a: Primarina|Leftovers|[from] ability: Frisk|[of] p2a: Dusknoir\n|move|p1a: Primarina|Draining Kiss|p2a: Dusknoir\n|-damage|p2a: Dusknoir|183/225\n|\n|-heal|p2a: Dusknoir|197/225|[from] item: Leftovers\n|upkeep\n|turn|8\n|\n|t:|1733854777\n|move|p1a: Primarina|Calm Mind|p1a: Primarina\n|-boost|p1a: Primarina|spa|1\n|-boost|p1a: Primarina|spd|1\n|move|p2a: Dusknoir|Poltergeist|p1a: Primarina\n|-activate|p1a: Primarina|move: Poltergeist|Leftovers\n|-damage|p1a: Primarina|117/268\n|\n|-heal|p1a: Primarina|133/268|[from] item: Leftovers\n|-heal|p2a: Dusknoir|211/225|[from] item: Leftovers\n|upkeep\n|turn|9\n|\n|t:|1733854784\n|move|p1a: Primarina|Draining Kiss|p2a: Dusknoir\n|-damage|p2a: Dusknoir|144/225\n|-heal|p1a: Primarina|183/268|[from] drain|[of] p2a: Dusknoir\n|move|p2a: Dusknoir|Poltergeist|p1a: Primarina|[miss]\n|-miss|p2a: Dusknoir|p1a: Primarina\n|\n|-heal|p1a: Primarina|199/268|[from] item: Leftovers\n|-heal|p2a: Dusknoir|158/225|[from] item: Leftovers\n|upkeep\n|turn|10\n|\n|t:|1733854791\n|move|p1a: Primarina|Moonblast|p2a: Dusknoir\n|-damage|p2a: Dusknoir|35/225\n|-unboost|p2a: Dusknoir|spa|1\n|move|p2a: Dusknoir|Poltergeist|p1a: Primarina\n|-activate|p1a: Primarina|move: Poltergeist|Leftovers\n|-damage|p1a: Primarina|46/268\n|\n|-heal|p1a: Primarina|62/268|[from] item: Leftovers\n|-heal|p2a: Dusknoir|49/225|[from] item: Leftovers\n|upkeep\n|turn|11\n|\n|t:|1733854795\n|move|p2a: Dusknoir|Shadow Sneak|p1a: Primarina\n|-damage|p1a: Primarina|4/268\n|move|p1a: Primarina|Draining Kiss|p2a: Dusknoir\n|-damage|p2a: Dusknoir|0 fnt\n|-heal|p1a: Primarina|41/268|[from] drain|[of] p2a: Dusknoir\n|faint|p2a: Dusknoir\n|\n|-heal|p1a: Primarina|57/268|[from] item: Leftovers\n|upkeep\n|\n|t:|1733854803\n|switch|p2a: Golduck|Golduck, L90, M|290/290\n|-ability|p2a: Golduck|Cloud Nine\n|turn|12\n|\n|t:|1733854809\n|move|p2a: Golduck|Grass Knot|p1a: Primarina\n|-supereffective|p1a: Primarina\n|-damage|p1a: Primarina|0 fnt\n|faint|p1a: Primarina\n|-damage|p2a: Golduck|261/290|[from] item: Life Orb\n|\n|upkeep\n|\n|t:|1733854813\n|switch|p1a: Metagross|Metagross, L79|256/256\n|turn|13\n|\n|t:|1733854816\n|move|p2a: Golduck|Nasty Plot|p2a: Golduck\n|-boost|p2a: Golduck|spa|2\n|move|p1a: Metagross|Agility|p1a: Metagross\n|-boost|p1a: Metagross|spe|2\n|\n|upkeep\n|turn|14\n|\n|t:|1733854822\n|move|p1a: Metagross|Knock Off|p2a: Golduck\n|-damage|p2a: Golduck|181/290\n|-enditem|p2a: Golduck|Life Orb|[from] move: Knock Off|[of] p1a: Metagross\n|move|p2a: Golduck|Hydro Pump|p1a: Metagross\n|-damage|p1a: Metagross|3/256\n|\n|upkeep\n|turn|15\n|\n|t:|1733854827\n|move|p1a: Metagross|Earthquake|p2a: Golduck\n|-damage|p2a: Golduck|103/290\n|move|p2a: Golduck|Grass Knot|p1a: Metagross\n|-resisted|p1a: Metagross\n|-damage|p1a: Metagross|0 fnt\n|faint|p1a: Metagross\n|\n|upkeep\n|\n|t:|1733854831\n|switch|p1a: Gothitelle|Gothitelle, L90, F|154/272\n|turn|16\n|\n|t:|1733854836\n|move|p1a: Gothitelle|Focus Blast|p2a: Golduck\n|-damage|p2a: Golduck|10/290\n|move|p2a: Golduck|Hydro Pump|p1a: Gothitelle\n|-damage|p1a: Gothitelle|0 fnt\n|faint|p1a: Gothitelle\n|\n|upkeep\n|\n|t:|1733854842\n|switch|p1a: Ursaring|Ursaring, L84, F|288/288\n|turn|17\n|\n|t:|1733854846\n|move|p2a: Golduck|Hydro Pump|p1a: Ursaring|[miss]\n|-miss|p2a: Golduck|p1a: Ursaring\n|move|p1a: Ursaring|Facade|p2a: Golduck\n|-damage|p2a: Golduck|0 fnt\n|faint|p2a: Golduck\n|\n|-status|p1a: Ursaring|tox|[from] item: Toxic Orb\n|upkeep\n|\n|t:|1733854859\n|switch|p2a: Kommo-o|Kommo-o, L78, M|245/245\n|turn|18\n|\n|t:|1733854866\n|move|p1a: Ursaring|Facade|p2a: Kommo-o\n|-damage|p2a: Kommo-o|86/245\n|move|p2a: Kommo-o|Swords Dance|p2a: Kommo-o\n|-boost|p2a: Kommo-o|atk|2\n|\n|-damage|p1a: Ursaring|270/288 tox|[from] psn\n|upkeep\n|turn|19\n|\n|t:|1733854871\n|move|p1a: Ursaring|Facade|p2a: Kommo-o\n|-damage|p2a: Kommo-o|0 fnt\n|faint|p2a: Kommo-o\n|\n|-damage|p1a: Ursaring|234/288 tox|[from] psn\n|upkeep\n|\n|t:|1733854873\n|switch|p2a: Houndoom|Houndoom, L87, M|272/272\n|turn|20\n|\n|t:|1733854881\n|move|p2a: Houndoom|Fire Blast|p1a: Ursaring\n|-damage|p1a: Ursaring|78/288 tox\n|move|p1a: Ursaring|Facade|p2a: Houndoom\n|-damage|p2a: Houndoom|25/272\n|\n|-damage|p1a: Ursaring|24/288 tox|[from] psn\n|upkeep\n|turn|21\n|inactive|edthegamer1 has 120 seconds left.\n|\n|t:|1733854917\n|switch|p1a: Quagsire|Quagsire, L84, F|279/297 brn\n|move|p2a: Houndoom|Dark Pulse|p1a: Quagsire\n|-damage|p1a: Quagsire|153/297 brn\n|\n|-heal|p1a: Quagsire|171/297 brn|[from] item: Leftovers\n|-damage|p1a: Quagsire|153/297 brn|[from] brn\n|upkeep\n|turn|22\n|inactive|edthegamer1 has 120 seconds left.\n|inactive|serenity13 has 120 seconds left.\n|\n|t:|1733854963\n|move|p2a: Houndoom|Dark Pulse|p1a: Quagsire\n|-damage|p1a: Quagsire|32/297 brn\n|move|p1a: Quagsire|Recover|p1a: Quagsire\n|-heal|p1a: Quagsire|181/297 brn\n|\n|-heal|p1a: Quagsire|199/297 brn|[from] item: Leftovers\n|-damage|p1a: Quagsire|181/297 brn|[from] brn\n|upkeep\n|turn|23\n|inactive|edthegamer1 has 120 seconds left.\n|\n|t:|1733854975\n|move|p2a: Houndoom|Dark Pulse|p1a: Quagsire\n|-damage|p1a: Quagsire|55/297 brn\n|move|p1a: Quagsire|Earthquake|p2a: Houndoom\n|-supereffective|p2a: Houndoom\n|-damage|p2a: Houndoom|0 fnt\n|faint|p2a: Houndoom\n|\n|-heal|p1a: Quagsire|73/297 brn|[from] item: Leftovers\n|-damage|p1a: Quagsire|55/297 brn|[from] brn\n|upkeep\n|inactive|edthegamer1 has 120 seconds left.\n|\n|t:|1733854982\n|switch|p2a: Kingambit|Kingambit, L74, M, tera:Dark|70/270\n|-activate|p2a: Kingambit|ability: Supreme Overlord\n|-start|p2a: Kingambit|fallen5|[silent]\n|turn|24\n|\n|t:|1733854988\n|move|p2a: Kingambit|Kowtow Cleave|p1a: Quagsire\n|-damage|p1a: Quagsire|0 fnt\n|faint|p1a: Quagsire\n|\n|-heal|p2a: Kingambit|86/270|[from] item: Leftovers\n|upkeep\n|\n|t:|1733854991\n|switch|p1a: Ursaring|Ursaring, L84, F|24/288 tox\n|turn|25\n|\n|t:|1733854996\n|move|p2a: Kingambit|Sucker Punch||[still]\n|-fail|p2a: Kingambit\n|move|p1a: Ursaring|Swords Dance|p1a: Ursaring\n|-boost|p1a: Ursaring|atk|2\n|\n|-heal|p2a: Kingambit|102/270|[from] item: Leftovers\n|-damage|p1a: Ursaring|6/288 tox|[from] psn\n|upkeep\n|turn|26\n|\n|t:|1733855001\n|move|p2a: Kingambit|Sucker Punch|p1a: Ursaring\n|-damage|p1a: Ursaring|0 fnt\n|faint|p1a: Ursaring\n|\n|win|edthegamer1\n|raw|serenity13's rating: 1463 &rarr; <strong>1443</strong><br />(-20 for losing)\n|raw|edthegamer1's rating: 1466 &rarr; <strong>1486</strong><br />(+20 for winning)\n|c|\u2606edthegamer1|lol\n", "inputlog": ">version bfd83cad13791eb5a5a409923076391caf6fb4d4\n>start {\"formatid\":\"gen9randombattle\",\"seed\":[44534,53799,31246,59641],\"rated\":\"Rated battle\"}\n>player p1 {\"name\":\"serenity13\",\"avatar\":\"169\",\"rating\":1463,\"seed\":[20015,26625,28912,135]}\n>player p2 {\"name\":\"edthegamer1\",\"avatar\":\"266\",\"rating\":1466,\"seed\":[3915,52068,59073,65217]}\n>p1 switch 4\n>p2 move willowisp\n>p1 move toxic\n>p2 switch 2\n>p1 switch 2\n>p2 move gunkshot\n>p1 move psychic\n>p2 move gunkshot\n>p2 switch 4\n>p1 switch 5\n>p2 move kowtowcleave\n>p1 move overheat\n>p2 move kowtowcleave terastallize\n>p1 switch 6\n>p1 move drainingkiss\n>p2 switch 2\n>p1 move calmmind\n>p2 move poltergeist\n>p1 move drainingkiss\n>p2 move poltergeist\n>p1 move moonblast\n>p2 move poltergeist\n>p1 move drainingkiss\n>p2 move shadowsneak\n>p2 switch 3\n>p1 move drainingkiss\n>p2 move grassknot\n>p1 switch 4\n>p1 move agility\n>p2 move nastyplot\n>p1 move knockoff\n>p2 move hydropump\n>p1 move earthquake\n>p2 move grassknot\n>p1 switch 5\n>p1 move focusblast\n>p2 move hydropump\n>p1 switch 3\n>p1 move facade\n>p2 move hydropump\n>p2 switch 5\n>p1 move facade\n>p2 move swordsdance\n>p1 move facade\n>p2 move scaleshot\n>p2 switch 6\n>p1 move facade\n>p2 move fireblast\n>p1 switch 2\n>p2 move darkpulse\n>p1 move recover\n>p2 move darkpulse\n>p1 move earthquake\n>p2 move darkpulse\n>p2 switch 2\n>p1 move recover\n>p2 move kowtowcleave\n>p1 switch 2\n>p1 move swordsdance\n>p2 move suckerpunch\n>p1 move closecombat\n>p2 move suckerpunch", "uploadtime": 1733855018, "views": 1, "formatid": "gen9randombattle", "rating": 1443, "private": 0, "password": null}