{"id": "gen9randombattle-2260032182", "format": "[Gen 9] Random Battle", "players": ["qff710", "fishbert"], "log": "|j|\u2606qff710\n|j|\u203dfishbert\n|t:|1733793482\n|gametype|singles\n|player|p1|qff710|ghetsis-gen5bw|1056\n|player|p2|fishbert|boarder|1000\n|teamsize|p1|6\n|teamsize|p2|6\n|gen|9\n|tier|[Gen 9] Random Battle\n|rated|\n|rule|Species Clause: Limit one of each Pok\u00e9mon\n|rule|HP Percentage Mod: HP is shown in percentages\n|rule|Sleep Clause Mod: Limit one foe put to sleep\n|rule|Illusion Level Mod: Illusion disguises the Pok\u00e9mon's true level\n|\n|t:|1733793482\n|start\n|switch|p1a: Calyrex|Calyrex, L93|337/337\n|switch|p2a: Dondozo|Dondozo, L78, M|362/362\n|-ability|p1a: Calyrex|Unnerve\n|turn|1\n|\n|t:|1733793498\n|move|p1a: Calyrex|Giga Drain|p2a: Dondozo\n|-supereffective|p2a: Dondozo\n|-damage|p2a: Dondozo|120/362\n|move|p2a: Dondozo|Rest|p2a: Dondozo\n|-status|p2a: Dondozo|slp|[from] move: Rest\n|-heal|p2a: Dondozo|362/362 slp|[silent]\n|\n|upkeep\n|turn|2\n|\n|t:|1733793511\n|move|p1a: Calyrex|Encore|p2a: Dondozo\n|-start|p2a: Dondozo|Encore\n|cant|p2a: Dondozo|slp\n|\n|upkeep\n|turn|3\n|inactive|Battle timer is ON: inactive players will automatically lose when time's up. (requested by qff710)\n|\n|t:|1733793521\n|switch|p2a: Grimmsnarl|Grimmsnarl, L83, M|293/293\n|move|p1a: Calyrex|Giga Drain|p2a: Grimmsnarl\n|-damage|p2a: Grimmsnarl|202/293\n|\n|-heal|p2a: Grimmsnarl|220/293|[from] item: Leftovers\n|upkeep\n|turn|4\n|\n|t:|1733793544\n|switch|p1a: Vikavolt|Vikavolt, L83, M|263/263\n|move|p2a: Grimmsnarl|Sucker Punch||[still]\n|-fail|p2a: Grimmsnarl\n|\n|-heal|p2a: Grimmsnarl|238/293|[from] item: Leftovers\n|upkeep\n|turn|5\n|\n|t:|1733793563\n|move|p2a: Grimmsnarl|Spirit Break|p1a: Vikavolt\n|-damage|p1a: Vikavolt|176/263\n|-unboost|p1a: Vikavolt|spa|1\n|move|p1a: Vikavolt|Sticky Web|p2a: Grimmsnarl\n|-sidestart|p2: fishbert|move: Sticky Web\n|\n|-heal|p2a: Grimmsnarl|256/293|[from] item: Leftovers\n|upkeep\n|turn|6\n|\n|t:|1733793584\n|move|p2a: Grimmsnarl|Sucker Punch|p1a: Vikavolt\n|-damage|p1a: Vikavolt|92/263\n|move|p1a: Vikavolt|Volt Switch|p2a: Grimmsnarl\n|-damage|p2a: Grimmsnarl|175/293\n|\n|t:|1733793597\n|switch|p1a: Donphan|Donphan, L84, F|288/288|[from] Volt Switch\n|\n|-heal|p2a: Grimmsnarl|193/293|[from] item: Leftovers\n|upkeep\n|turn|7\n|\n|t:|1733793606\n|move|p2a: Grimmsnarl|Sucker Punch||[still]\n|-fail|p2a: Grimmsnarl\n|move|p1a: Donphan|Stealth Rock|p2a: Grimmsnarl\n|-sidestart|p2: fishbert|move: Stealth Rock\n|\n|-heal|p2a: Grimmsnarl|211/293|[from] item: Leftovers\n|upkeep\n|turn|8\n|\n|t:|1733793619\n|switch|p1a: Registeel|Registeel, L81|262/262\n|move|p2a: Grimmsnarl|Spirit Break|p1a: Registeel\n|-resisted|p1a: Registeel\n|-damage|p1a: Registeel|231/262\n|\n|-heal|p2a: Grimmsnarl|229/293|[from] item: Leftovers\n|upkeep\n|turn|9\n|\n|t:|1733793628\n|move|p2a: Grimmsnarl|Thunder Wave|p1a: Registeel\n|-status|p1a: Registeel|par\n|move|p1a: Registeel|Iron Defense|p1a: Registeel\n|-boost|p1a: Registeel|def|2\n|\n|-heal|p2a: Grimmsnarl|247/293|[from] item: Leftovers\n|upkeep\n|turn|10\n|\n|t:|1733793640\n|move|p2a: Grimmsnarl|Sucker Punch|p1a: Registeel\n|-damage|p1a: Registeel|203/262 par\n|move|p1a: Registeel|Body Press|p2a: Grimmsnarl\n|-damage|p2a: Grimmsnarl|62/293\n|\n|-heal|p2a: Grimmsnarl|80/293|[from] item: Leftovers\n|upkeep\n|turn|11\n|\n|t:|1733793652\n|move|p2a: Grimmsnarl|Spirit Break|p1a: Registeel\n|-resisted|p1a: Registeel\n|-damage|p1a: Registeel|187/262 par\n|move|p1a: Registeel|Body Press|p2a: Grimmsnarl\n|-damage|p2a: Grimmsnarl|0 fnt\n|faint|p2a: Grimmsnarl\n|\n|upkeep\n|\n|t:|1733793665\n|switch|p2a: Chandelure|Chandelure, L83, F|235/235\n|-activate|p2a: Chandelure|move: Sticky Web\n|-unboost|p2a: Chandelure|spe|1\n|-damage|p2a: Chandelure|177/235|[from] Stealth Rock\n|turn|12\n|\n|t:|1733793678\n|switch|p1a: Donphan|Donphan, L84, F|288/288\n|move|p2a: Chandelure|Fire Blast|p1a: Donphan\n|-damage|p1a: Donphan|93/288\n|-status|p1a: Donphan|brn\n|\n|-heal|p1a: Donphan|111/288 brn|[from] item: Leftovers\n|-damage|p1a: Donphan|93/288 brn|[from] brn\n|upkeep\n|turn|13\n|\n|t:|1733793689\n|move|p2a: Chandelure|Fire Blast|p1a: Donphan\n|-damage|p1a: Donphan|0 fnt\n|faint|p1a: Donphan\n|\n|upkeep\n|\n|t:|1733793696\n|switch|p1a: Iron Boulder|Iron Boulder, L77|265/265\n|-enditem|p1a: Iron Boulder|Booster Energy\n|-activate|p1a: Iron Boulder|ability: Quark Drive|[fromitem]\n|-start|p1a: Iron Boulder|quarkdrivespe\n|turn|14\n|\n|t:|1733793701\n|move|p1a: Iron Boulder|Mighty Cleave|p2a: Chandelure\n|-supereffective|p2a: Chandelure\n|-damage|p2a: Chandelure|0 fnt\n|faint|p2a: Chandelure\n|\n|upkeep\n|\n|t:|1733793713\n|switch|p2a: Lycanroc|Lycanroc, L86, F|269/269\n|-activate|p2a: Lycanroc|move: Sticky Web\n|-unboost|p2a: Lycanroc|spe|1\n|-damage|p2a: Lycanroc|236/269|[from] Stealth Rock\n|turn|15\n|\n|t:|1733793727\n|-terastallize|p1a: Iron Boulder|Fighting\n|move|p1a: Iron Boulder|Close Combat|p2a: Lycanroc\n|-supereffective|p2a: Lycanroc\n|-damage|p2a: Lycanroc|0 fnt\n|-unboost|p1a: Iron Boulder|def|1\n|-unboost|p1a: Iron Boulder|spd|1\n|faint|p2a: Lycanroc\n|\n|upkeep\n|\n|t:|1733793737\n|switch|p2a: Malamar|Malamar, L82, M|275/275\n|-activate|p2a: Malamar|move: Sticky Web\n|-boost|p2a: Malamar|spe|1\n|-damage|p2a: Malamar|241/275|[from] Stealth Rock\n|turn|16\n|\n|t:|1733793747\n|move|p1a: Iron Boulder|Close Combat|p2a: Malamar\n|-damage|p2a: Malamar|117/275\n|-unboost|p1a: Iron Boulder|def|1\n|-unboost|p1a: Iron Boulder|spd|1\n|move|p2a: Malamar|Psycho Cut|p1a: Iron Boulder\n|-supereffective|p1a: Iron Boulder\n|-damage|p1a: Iron Boulder|0 fnt\n|faint|p1a: Iron Boulder\n|-end|p1a: Iron Boulder|Quark Drive|[silent]\n|\n|upkeep\n|\n|t:|1733793755\n|switch|p1a: Vikavolt|Vikavolt, L83, M|92/263\n|turn|17\n|\n|t:|1733793763\n|move|p2a: Malamar|Superpower|p1a: Vikavolt\n|-resisted|p1a: Vikavolt\n|-damage|p1a: Vikavolt|57/263\n|-boost|p2a: Malamar|atk|1\n|-boost|p2a: Malamar|def|1\n|move|p1a: Vikavolt|Bug Buzz|p2a: Malamar\n|-supereffective|p2a: Malamar\n|-damage|p2a: Malamar|0 fnt\n|faint|p2a: Malamar\n|\n|upkeep\n|\n|t:|1733793777\n|switch|p2a: Necrozma|Necrozma, L80|286/286\n|-activate|p2a: Necrozma|move: Sticky Web\n|-unboost|p2a: Necrozma|spe|1\n|-damage|p2a: Necrozma|251/286|[from] Stealth Rock\n|turn|18\n|\n|t:|1733793784\n|move|p1a: Vikavolt|Bug Buzz|p2a: Necrozma\n|-supereffective|p2a: Necrozma\n|-damage|p2a: Necrozma|62/286\n|move|p2a: Necrozma|Photon Geyser|p1a: Vikavolt\n|-damage|p1a: Vikavolt|0 fnt\n|faint|p1a: Vikavolt\n|\n|-heal|p2a: Necrozma|79/286|[from] item: Leftovers\n|upkeep\n|\n|t:|1733793787\n|switch|p1a: Calyrex|Calyrex, L93|337/337\n|-ability|p1a: Calyrex|Unnerve\n|turn|19\n|\n|t:|1733793800\n|move|p1a: Calyrex|Giga Drain|p2a: Necrozma\n|-damage|p2a: Necrozma|0 fnt\n|faint|p2a: Necrozma\n|\n|upkeep\n|\n|t:|1733793806\n|switch|p2a: Dondozo|Dondozo, L78, M|362/362 slp\n|-activate|p2a: Dondozo|move: Sticky Web\n|-unboost|p2a: Dondozo|spe|1\n|-damage|p2a: Dondozo|317/362 slp|[from] Stealth Rock\n|turn|20\n|\n|t:|1733793817\n|move|p1a: Calyrex|Giga Drain|p2a: Dondozo\n|-supereffective|p2a: Dondozo\n|-damage|p2a: Dondozo|105/362 slp\n|cant|p2a: Dondozo|slp\n|\n|-heal|p2a: Dondozo|127/362 slp|[from] item: Leftovers\n|upkeep\n|turn|21\n|\n|t:|1733793826\n|move|p1a: Calyrex|Giga Drain|p2a: Dondozo\n|-supereffective|p2a: Dondozo\n|-damage|p2a: Dondozo|0 fnt\n|faint|p2a: Dondozo\n|\n|win|qff710\n|raw|qff710's rating: 1056 &rarr; <strong>1083</strong><br />(+27 for winning)\n|raw|fishbert's rating: 1000 &rarr; <strong>1000</strong><br />(+0 for losing)\n|l|\u203dfishbert\n|player|p2|\n", "inputlog": ">version bfd83cad13791eb5a5a409923076391caf6fb4d4\n>start {\"formatid\":\"gen9randombattle\",\"seed\":[37151,21888,39322,12088],\"rated\":\"Rated battle\"}\n>player p1 {\"name\":\"qff710\",\"avatar\":\"ghetsis-gen5bw\",\"rating\":1056,\"seed\":[36196,43711,35801,63831]}\n>player p2 {\"name\":\"fishbert\",\"avatar\":\"boarder\",\"rating\":1000,\"seed\":[51558,46431,65378,30415]}\n>p1 move gigadrain\n>p2 move rest\n>p1 move encore\n>p2 move wavecrash\n>p1 move gigadrain\n>p2 switch 2\n>p1 switch 3\n>p2 move suckerpunch\n>p1 move stickyweb\n>p2 move spiritbreak\n>p1 move voltswitch\n>p2 move suckerpunch\n>p1 switch 2\n>p1 move stealthrock\n>p2 move suckerpunch\n>p1 switch 4\n>p2 move spiritbreak\n>p1 move irondefense\n>p2 move thunderwave\n>p1 move bodypress\n>p2 move suckerpunch\n>p1 move bodypress\n>p2 move spiritbreak\n>p2 switch 3\n>p1 switch 4\n>p2 move fireblast\n>p1 move earthquake\n>p2 move fireblast\n>p1 switch 5\n>p1 move mightycleave\n>p2 move fireblast\n>p2 switch 4\n>p1 move closecombat terastallize\n>p2 move closecombat\n>p2 switch 6\n>p1 move closecombat\n>p2 move psychocut\n>p1 switch 2\n>p1 move bugbuzz\n>p2 move superpower\n>p2 switch 5\n>p1 move bugbuzz\n>p2 move photongeyser\n>p1 switch 3\n>p1 move gigadrain\n>p2 move photongeyser\n>p2 switch 2\n>p1 move gigadrain\n>p2 move curse\n>p1 move gigadrain\n>p2 move curse", "uploadtime": 1733793849, "views": 2, "formatid": "gen9randombattle", "rating": 1000, "private": 0, "password": null}