{"id": "gen9randombattle-2225809535", "format": "[Gen 9] Random Battle", "players": ["velvestrade", "samuelayers"], "log": "|badge|p2|silver|gen9randombattle|30-3\n|uhtml|medal-msg|<div class=\"broadcast-blue\">Curious what those medals under the avatar are? PS now has Ladder Seasons! For more information, check out the <a href=\"https://www.smogon.com/forums/threads/3740067/\">thread on Smogon.</a></div>\n|j|\u2606velvestrade\n|j|\u2606samuelayers\n|t:|1729271627\n|gametype|singles\n|player|p1|velvestrade|miku-ground|2217\n|player|p2|samuelayers|gentleman-gen4dp|2426\n|teamsize|p1|6\n|teamsize|p2|6\n|gen|9\n|tier|[Gen 9] Random Battle\n|rated|\n|rule|Species Clause: Limit one of each Pok\u00e9mon\n|rule|HP Percentage Mod: HP is shown in percentages\n|rule|Sleep Clause Mod: Limit one foe put to sleep\n|rule|Illusion Level Mod: Illusion disguises the Pok\u00e9mon's true level\n|\n|t:|1729271627\n|start\n|switch|p1a: Flutter Mane|Flutter Mane, L74|203/203\n|switch|p2a: Koraidon|Koraidon, L64|235/235\n|-weather|SunnyDay|[from] ability: Orichalcum Pulse|[of] p2a: Koraidon\n|-activate|p1a: Flutter Mane|ability: Protosynthesis\n|-start|p1a: Flutter Mane|protosynthesisspa\n|-activate|p2a: Koraidon|Orichalcum Pulse|[source]\n|turn|1\n|inactive|Battle timer is ON: inactive players will automatically lose when time's up. (requested by samuelayers)\n|inactive|velvestrade also wants the timer to be on.\n|j| Waiting in line\n|\n|t:|1729271652\n|switch|p2a: Blissey|Blissey, L84, F|566/566\n|move|p1a: Flutter Mane|Moonblast|p2a: Blissey\n|-damage|p2a: Blissey|448/566\n|-unboost|p2a: Blissey|spa|1\n|-damage|p1a: Flutter Mane|183/203|[from] item: Life Orb\n|\n|-weather|SunnyDay|[upkeep]\n|-heal|p2a: Blissey|483/566|[from] item: Leftovers\n|upkeep\n|turn|2\n|\n|t:|1729271661\n|move|p1a: Flutter Mane|Psyshock|p2a: Blissey\n|-damage|p2a: Blissey|206/566\n|-damage|p1a: Flutter Mane|163/203|[from] item: Life Orb\n|move|p2a: Blissey|Thunder Wave|p1a: Flutter Mane\n|-status|p1a: Flutter Mane|par\n|\n|-weather|SunnyDay|[upkeep]\n|-heal|p2a: Blissey|241/566|[from] item: Leftovers\n|upkeep\n|turn|3\n|\n|t:|1729271671\n|move|p2a: Blissey|Soft-Boiled|p2a: Blissey\n|-heal|p2a: Blissey|524/566\n|move|p1a: Flutter Mane|Psyshock|p2a: Blissey\n|-damage|p2a: Blissey|237/566\n|-damage|p1a: Flutter Mane|143/203 par|[from] item: Life Orb\n|\n|-weather|SunnyDay|[upkeep]\n|-heal|p2a: Blissey|272/566|[from] item: Leftovers\n|upkeep\n|turn|4\n|j| joylar\n|\n|t:|1729271692\n|move|p2a: Blissey|Soft-Boiled|p2a: Blissey\n|-heal|p2a: Blissey|555/566\n|move|p1a: Flutter Mane|Calm Mind|p1a: Flutter Mane\n|-boost|p1a: Flutter Mane|spa|1\n|-boost|p1a: Flutter Mane|spd|1\n|\n|-weather|SunnyDay|[upkeep]\n|-heal|p2a: Blissey|566/566|[from] item: Leftovers\n|upkeep\n|turn|5\n|\n|t:|1729271701\n|switch|p2a: Lunala|Lunala, L70|308/308\n|move|p1a: Flutter Mane|Psyshock|p2a: Lunala\n|-resisted|p2a: Lunala\n|-damage|p2a: Lunala|263/308\n|-damage|p1a: Flutter Mane|123/203 par|[from] item: Life Orb\n|\n|-weather|none\n|-end|p1a: Flutter Mane|Protosynthesis\n|-heal|p2a: Lunala|282/308|[from] item: Leftovers\n|upkeep\n|turn|6\n|\n|t:|1729271712\n|move|p2a: Lunala|Moongeist Beam|p1a: Flutter Mane\n|-supereffective|p1a: Flutter Mane\n|-damage|p1a: Flutter Mane|15/203 par\n|move|p1a: Flutter Mane|Shadow Ball|p2a: Lunala\n|-supereffective|p2a: Lunala\n|-damage|p2a: Lunala|0 fnt\n|faint|p2a: Lunala\n|-damage|p1a: Flutter Mane|0 fnt|[from] item: Life Orb\n|faint|p1a: Flutter Mane\n|-end|p1a: Flutter Mane|Protosynthesis|[silent]\n|\n|upkeep\n|\n|t:|1729271725\n|switch|p1a: Basculin|Basculin, L86, F|261/261\n|switch|p2a: Koraidon|Koraidon, L64|235/235\n|-weather|SunnyDay|[from] ability: Orichalcum Pulse|[of] p2a: Koraidon\n|-activate|p2a: Koraidon|Orichalcum Pulse|[source]\n|turn|7\n|\n|t:|1729271731\n|move|p1a: Basculin|Flip Turn|p2a: Koraidon\n|-resisted|p2a: Koraidon\n|-damage|p2a: Koraidon|202/235\n|\n|t:|1729271736\n|switch|p1a: Dipplin|Dipplin, L88, F|284/284|[from] Flip Turn\n|move|p2a: Koraidon|U-turn|p1a: Dipplin\n|-supereffective|p1a: Dipplin\n|-damage|p1a: Dipplin|202/284\n|\n|t:|1729271744\n|switch|p2a: Cobalion|Cobalion, L80|277/277|[from] U-turn\n|\n|-weather|SunnyDay|[upkeep]\n|upkeep\n|turn|8\n|\n|t:|1729271749\n|move|p2a: Cobalion|Calm Mind|p2a: Cobalion\n|-boost|p2a: Cobalion|spa|1\n|-boost|p2a: Cobalion|spd|1\n|move|p1a: Dipplin|Dragon Tail|p2a: Cobalion\n|-resisted|p2a: Cobalion\n|-damage|p2a: Cobalion|253/277\n|drag|p2a: Blissey|Blissey, L84, F|566/566\n|\n|-weather|SunnyDay|[upkeep]\n|upkeep\n|turn|9\n|\n|t:|1729271758\n|move|p2a: Blissey|Thunder Wave|p1a: Dipplin\n|-status|p1a: Dipplin|par\n|move|p1a: Dipplin|Dragon Tail|p2a: Blissey\n|-damage|p2a: Blissey|397/566\n|drag|p2a: Minun|Minun, L95, M|268/268\n|\n|-weather|SunnyDay|[upkeep]\n|upkeep\n|turn|10\n|\n|t:|1729271768\n|-terastallize|p2a: Minun|Fairy\n|move|p2a: Minun|Encore|p1a: Dipplin\n|-start|p1a: Dipplin|Encore\n|move|p1a: Dipplin|Dragon Tail|p2a: Minun\n|-immune|p2a: Minun\n|\n|-weather|SunnyDay|[upkeep]\n|upkeep\n|turn|11\n|\n|t:|1729271791\n|switch|p1a: Klefki|Klefki, L84, M|233/233\n|move|p2a: Minun|Nasty Plot|p2a: Minun\n|-boost|p2a: Minun|spa|2\n|\n|-weather|none\n|upkeep\n|turn|12\n|\n|t:|1729271794\n|switch|p1a: Dipplin|Dipplin, L88, F|202/284 par\n|move|p2a: Minun|Thunderbolt|p1a: Dipplin\n|-resisted|p1a: Dipplin\n|-damage|p1a: Dipplin|159/284 par\n|-damage|p2a: Minun|242/268|[from] item: Life Orb\n|\n|upkeep\n|turn|13\n|\n|t:|1729271812\n|move|p2a: Minun|Alluring Voice|p1a: Dipplin\n|-supereffective|p1a: Dipplin\n|-damage|p1a: Dipplin|0 fnt\n|faint|p1a: Dipplin\n|-damage|p2a: Minun|216/268|[from] item: Life Orb\n|\n|upkeep\n|\n|t:|1729271816\n|switch|p1a: Lurantis|Lurantis, L87, F|264/264\n|turn|14\n|\n|t:|1729271830\n|move|p2a: Minun|Alluring Voice|p1a: Lurantis\n|-damage|p1a: Lurantis|115/264\n|-damage|p2a: Minun|190/268|[from] item: Life Orb\n|move|p1a: Lurantis|Leaf Storm|p2a: Minun\n|-damage|p2a: Minun|82/268\n|-boost|p1a: Lurantis|spa|2\n|\n|upkeep\n|turn|15\n|\n|t:|1729271839\n|switch|p1a: Klefki|Klefki, L84, M|233/233\n|move|p2a: Minun|Alluring Voice|p1a: Klefki\n|-resisted|p1a: Klefki\n|-damage|p1a: Klefki|121/233\n|-damage|p2a: Minun|56/268|[from] item: Life Orb\n|\n|-heal|p1a: Klefki|135/233|[from] item: Leftovers\n|upkeep\n|turn|16\n|\n|t:|1729271847\n|move|p1a: Klefki|Spikes|p2a: Minun\n|-sidestart|p2: samuelayers|Spikes\n|move|p2a: Minun|Thunderbolt|p1a: Klefki\n|-damage|p1a: Klefki|0 fnt\n|faint|p1a: Klefki\n|-damage|p2a: Minun|30/268|[from] item: Life Orb\n|\n|upkeep\n|\n|t:|1729271853\n|switch|p1a: Basculin|Basculin, L86, F|261/261\n|turn|17\n|\n|t:|1729271857\n|move|p1a: Basculin|Aqua Jet|p2a: Minun\n|-damage|p2a: Minun|0 fnt\n|faint|p2a: Minun\n|\n|upkeep\n|\n|t:|1729271861\n|switch|p2a: Koraidon|Koraidon, L64|202/235\n|-damage|p2a: Koraidon|173/235|[from] Spikes\n|-weather|SunnyDay|[from] ability: Orichalcum Pulse|[of] p2a: Koraidon\n|-activate|p2a: Koraidon|Orichalcum Pulse|[source]\n|turn|18\n|\n|t:|1729271867\n|switch|p1a: Lurantis|Lurantis, L87, F|115/264\n|move|p2a: Koraidon|Close Combat|p1a: Lurantis\n|-damage|p1a: Lurantis|0 fnt\n|-unboost|p2a: Koraidon|def|1\n|-unboost|p2a: Koraidon|spd|1\n|faint|p1a: Lurantis\n|\n|-weather|SunnyDay|[upkeep]\n|upkeep\n|\n|t:|1729271873\n|switch|p1a: Cloyster|Cloyster, L79, F|209/209\n|turn|19\n|\n|t:|1729271877\n|-terastallize|p1a: Cloyster|Ground\n|move|p2a: Koraidon|Close Combat|p1a: Cloyster\n|-damage|p1a: Cloyster|100/209\n|-unboost|p2a: Koraidon|def|1\n|-unboost|p2a: Koraidon|spd|1\n|move|p1a: Cloyster|Shell Smash|p1a: Cloyster\n|-unboost|p1a: Cloyster|def|1\n|-unboost|p1a: Cloyster|spd|1\n|-boost|p1a: Cloyster|atk|2\n|-boost|p1a: Cloyster|spa|2\n|-boost|p1a: Cloyster|spe|2\n|-enditem|p1a: Cloyster|White Herb\n|-clearnegativeboost|p1a: Cloyster|[silent]\n|\n|-weather|SunnyDay|[upkeep]\n|upkeep\n|turn|20\n|\n|t:|1729271891\n|move|p1a: Cloyster|Icicle Spear|p2a: Koraidon\n|-supereffective|p2a: Koraidon\n|-damage|p2a: Koraidon|0 fnt\n|faint|p2a: Koraidon\n|-hitcount|p2: Koraidon|1\n|\n|-weather|SunnyDay|[upkeep]\n|upkeep\n|\n|t:|1729271893\n|switch|p2a: Cobalion|Cobalion, L80|253/277\n|-damage|p2a: Cobalion|219/277|[from] Spikes\n|turn|21\n|\n|t:|1729271899\n|move|p1a: Cloyster|Drill Run|p2a: Cobalion\n|-supereffective|p2a: Cobalion\n|-damage|p2a: Cobalion|0 fnt\n|faint|p2a: Cobalion\n|\n|-weather|SunnyDay|[upkeep]\n|upkeep\n|\n|t:|1729271904\n|switch|p2a: Raikou|Raikou, L81|278/278\n|-damage|p2a: Raikou|244/278|[from] Spikes\n|-ability|p2a: Raikou|Pressure\n|turn|22\n|\n|t:|1729271910\n|move|p1a: Cloyster|Drill Run|p2a: Raikou\n|-supereffective|p2a: Raikou\n|-damage|p2a: Raikou|0 fnt\n|faint|p2a: Raikou\n|\n|-weather|none\n|upkeep\n|-message|samuelayers forfeited.\n|\n|win|velvestrade\n|raw|velvestrade's rating: 2217 &rarr; <strong>2248</strong><br />(+31 for winning)\n|raw|samuelayers's rating: 2426 &rarr; <strong>2395</strong><br />(-31 for losing)\n|l|\u2606samuelayers\n|player|p2|\n", "inputlog": ">version 24b5ea12b3dbe77b1f0aa07975a48e3bd4b94ca5\n>start {\"formatid\":\"gen9randombattle\",\"seed\":[6084,59319,14316,61385],\"rated\":\"Rated battle\"}\n>player p1 {\"name\":\"velvestrade\",\"avatar\":\"miku-ground\",\"rating\":2217,\"seed\":[42247,26560,48952,12548]}\n>player p2 {\"name\":\"samuelayers\",\"avatar\":\"gentleman-gen4dp\",\"rating\":2426,\"seed\":[54744,31358,42909,40756]}\n>p1 move moonblast\n>p2 switch 2\n>p1 move psyshock\n>p2 move thunderwave\n>p1 move psyshock\n>p2 move softboiled\n>p1 move calmmind\n>p2 move softboiled\n>p1 move psyshock\n>p2 switch 5\n>p1 move shadowball\n>p2 move moongeistbeam\n>p1 switch 6\n>p2 switch 2\n>p1 move flipturn\n>p2 move uturn\n>p1 switch 4\n>p2 switch 6\n>p1 move dragontail\n>p2 move calmmind\n>p1 move dragontail\n>p2 move thunderwave\n>p1 move gigadrain\n>p2 move encore terastallize\n>p1 switch 3\n>p2 move nastyplot\n>p1 switch 3\n>p2 move thunderbolt\n>p1 move gigadrain\n>p2 move alluringvoice\n>p1 switch 5\n>p1 move leafstorm\n>p2 move alluringvoice\n>p1 switch 3\n>p2 move alluringvoice\n>p1 move spikes\n>p2 move thunderbolt\n>p1 switch 4\n>p1 move aquajet\n>p2 move thunderbolt\n>p2 switch 6\n>p1 switch 3\n>p2 move closecombat\n>p1 switch 2\n>p1 move shellsmash terastallize\n>p2 move closecombat\n>p1 move iciclespear\n>p2 move closecombat\n>p2 switch 5\n>p1 move drillrun\n>p2 move aurasphere\n>p2 switch 4\n>p1 move drillrun\n>p2 move scald\n>forcelose p2", "uploadtime": 1729271917, "views": 54, "formatid": "gen9randombattle", "rating": 2248, "private": 0, "password": null}