{"id": "gen9randombattle-2260602002", "format": "[Gen 9] Random Battle", "players": ["faflafur", "paxus147"], "log": "|j|\u2606faflafur\n|j|\u2606paxus147\n|t:|1733868058\n|gametype|singles\n|player|p1|faflafur|102|1160\n|player|p2|paxus147|ethan|1179\n|teamsize|p1|6\n|teamsize|p2|6\n|gen|9\n|tier|[Gen 9] Random Battle\n|rated|\n|rule|Species Clause: Limit one of each Pok\u00e9mon\n|rule|HP Percentage Mod: HP is shown in percentages\n|rule|Sleep Clause Mod: Limit one foe put to sleep\n|rule|Illusion Level Mod: Illusion disguises the Pok\u00e9mon's true level\n|\n|t:|1733868058\n|start\n|switch|p1a: Galvantula|Galvantula, L82, F|249/249\n|switch|p2a: Eternatus|Eternatus, L69|308/308\n|-ability|p2a: Eternatus|Pressure\n|turn|1\n|inactive|Battle timer is ON: inactive players will automatically lose when time's up. (requested by paxus147)\n|\n|t:|1733868087\n|move|p1a: Galvantula|Sticky Web|p2a: Eternatus\n|-sidestart|p2: paxus147|move: Sticky Web\n|move|p2a: Eternatus|Fire Blast|p1a: Galvantula\n|-supereffective|p1a: Galvantula\n|-damage|p1a: Galvantula|41/249\n|\n|upkeep\n|turn|2\n|\n|t:|1733868108\n|move|p1a: Galvantula|Thunder|p2a: Eternatus\n|-resisted|p2a: Eternatus\n|-damage|p2a: Eternatus|242/308\n|-status|p2a: Eternatus|par\n|move|p2a: Eternatus|Sludge Bomb|p1a: Galvantula\n|-crit|p1a: Galvantula\n|-damage|p1a: Galvantula|0 fnt\n|faint|p1a: Galvantula\n|\n|upkeep\n|\n|t:|1733868118\n|switch|p1a: Misdreavus|Misdreavus, L90, F|254/254\n|turn|3\n|\n|t:|1733868140\n|switch|p2a: Girafarig|Girafarig, L89, M|269/269\n|-activate|p2a: Girafarig|move: Sticky Web\n|-unboost|p2a: Girafarig|spe|1\n|-terastallize|p1a: Misdreavus|Fairy\n|move|p1a: Misdreavus|Calm Mind|p1a: Misdreavus\n|-boost|p1a: Misdreavus|spa|1\n|-boost|p1a: Misdreavus|spd|1\n|\n|upkeep\n|turn|4\n|\n|t:|1733868152\n|move|p1a: Misdreavus|Shadow Ball|p2a: Girafarig\n|-immune|p2a: Girafarig\n|move|p2a: Girafarig|Nasty Plot|p2a: Girafarig\n|-boost|p2a: Girafarig|spa|2\n|\n|upkeep\n|turn|5\n|\n|t:|1733868161\n|move|p1a: Misdreavus|Calm Mind|p1a: Misdreavus\n|-boost|p1a: Misdreavus|spa|1\n|-boost|p1a: Misdreavus|spd|1\n|move|p2a: Girafarig|Thunderbolt|p1a: Misdreavus\n|-damage|p1a: Misdreavus|215/254\n|\n|upkeep\n|turn|6\n|\n|t:|1733868172\n|switch|p2a: Wugtrio|Wugtrio, L91, F|212/212\n|-activate|p2a: Wugtrio|move: Sticky Web\n|-unboost|p2a: Wugtrio|spe|1\n|move|p1a: Misdreavus|Calm Mind|p1a: Misdreavus\n|-boost|p1a: Misdreavus|spa|1\n|-boost|p1a: Misdreavus|spd|1\n|\n|upkeep\n|turn|7\n|\n|t:|1733868183\n|move|p1a: Misdreavus|Will-O-Wisp|p2a: Wugtrio\n|-status|p2a: Wugtrio|brn\n|move|p2a: Wugtrio|Liquidation|p1a: Misdreavus\n|-damage|p1a: Misdreavus|151/254\n|\n|-damage|p2a: Wugtrio|199/212 brn|[from] brn\n|upkeep\n|turn|8\n|\n|t:|1733868195\n|move|p1a: Misdreavus|Calm Mind|p1a: Misdreavus\n|-boost|p1a: Misdreavus|spa|1\n|-boost|p1a: Misdreavus|spd|1\n|move|p2a: Wugtrio|Liquidation|p1a: Misdreavus\n|-damage|p1a: Misdreavus|82/254\n|\n|-damage|p2a: Wugtrio|186/212 brn|[from] brn\n|upkeep\n|turn|9\n|\n|t:|1733868208\n|move|p1a: Misdreavus|Draining Kiss|p2a: Wugtrio\n|-damage|p2a: Wugtrio|0 fnt\n|-heal|p1a: Misdreavus|222/254|[from] drain|[of] p2a: Wugtrio\n|-ability|p2a: Wugtrio|Gooey\n|-unboost|p1a: Misdreavus|spe|1\n|faint|p2a: Wugtrio\n|\n|upkeep\n|\n|t:|1733868221\n|switch|p2a: Torkoal|Torkoal, L88, F|266/266\n|-weather|SunnyDay|[from] ability: Drought|[of] p2a: Torkoal\n|turn|10\n|\n|t:|1733868227\n|move|p1a: Misdreavus|Shadow Ball|p2a: Torkoal\n|-damage|p2a: Torkoal|0 fnt\n|faint|p2a: Torkoal\n|\n|-weather|SunnyDay|[upkeep]\n|upkeep\n|-message|paxus147 forfeited.\n|\n|win|faflafur\n|raw|faflafur's rating: 1184 &rarr; <strong>1209</strong><br />(+25 for winning)\n|raw|paxus147's rating: 1179 &rarr; <strong>1154</strong><br />(-25 for losing)\n|l|\u2606paxus147\n|player|p2|\n", "inputlog": ">version bfd83cad13791eb5a5a409923076391caf6fb4d4\n>start {\"formatid\":\"gen9randombattle\",\"seed\":[4137,6424,54557,28287],\"rated\":\"Rated battle\"}\n>player p1 {\"name\":\"faflafur\",\"avatar\":\"102\",\"rating\":1160,\"seed\":[47377,57703,27002,11982]}\n>player p2 {\"name\":\"paxus147\",\"avatar\":\"ethan\",\"rating\":1179,\"seed\":[43480,63497,4845,41229]}\n>p1 move stickyweb\n>p2 move fireblast\n>p1 move thunder\n>p2 move sludgebomb\n>p1 switch 4\n>p1 move calmmind terastallize\n>p2 switch 6\n>p1 move shadowball\n>p2 move nastyplot\n>p1 move calmmind\n>p2 move thunderbolt\n>p1 move calmmind\n>p2 switch 5\n>p1 move willowisp\n>p2 move liquidation\n>p1 move calmmind\n>p2 move liquidation\n>p1 move drainingkiss\n>p2 move liquidation\n>p2 switch 2\n>p1 move shadowball\n>p2 move rapidspin\n>forcelose p2", "uploadtime": 1733868238, "views": 1, "formatid": "gen9randombattle", "rating": 1154, "private": 0, "password": null}