{"id": "gen9randombattle-2260763679", "format": "[Gen 9] Random Battle", "players": ["I Love Your Plants", "KarumaRaito"], "log": "|j|\u2606I Love Your Plants\n|j|\u2606KarumaRaito\n|t:|1733888528\n|gametype|singles\n|player|p1|I Love Your Plants|170|1502\n|player|p2|KarumaRaito|1|1564\n|teamsize|p1|6\n|teamsize|p2|6\n|gen|9\n|tier|[Gen 9] Random Battle\n|rated|\n|rule|Species Clause: Limit one of each Pok\u00e9mon\n|rule|HP Percentage Mod: HP is shown in percentages\n|rule|Sleep Clause Mod: Limit one foe put to sleep\n|rule|Illusion Level Mod: Illusion disguises the Pok\u00e9mon's true level\n|\n|t:|1733888528\n|start\n|switch|p1a: Bastiodon|Bastiodon, L89, M|252/252\n|switch|p2a: Cyclizar|Cyclizar, L83, F|252/252\n|turn|1\n|inactive|Battle timer is ON: inactive players will automatically lose when time's up. (requested by KarumaRaito)\n|\n|t:|1733888541\n|move|p2a: Cyclizar|Knock Off|p1a: Bastiodon\n|-damage|p1a: Bastiodon|212/252\n|-enditem|p1a: Bastiodon|Chesto Berry|[from] move: Knock Off|[of] p2a: Cyclizar\n|move|p1a: Bastiodon|Iron Defense|p1a: Bastiodon\n|-boost|p1a: Bastiodon|def|2\n|\n|upkeep\n|turn|2\n|\n|t:|1733888550\n|move|p2a: Cyclizar|Shed Tail|p2a: Cyclizar\n|-start|p2a: Cyclizar|Substitute|[from] move: Shed Tail\n|-damage|p2a: Cyclizar|126/252\n|\n|t:|1733888572\n|switch|p2a: Donphan|Donphan, L84, M|288/288|[from] Shed Tail\n|move|p1a: Bastiodon|Iron Defense|p1a: Bastiodon\n|-boost|p1a: Bastiodon|def|2\n|\n|upkeep\n|turn|3\n|\n|t:|1733888583\n|-terastallize|p1a: Bastiodon|Fighting\n|move|p2a: Donphan|Earthquake|p1a: Bastiodon\n|-damage|p1a: Bastiodon|172/252\n|move|p1a: Bastiodon|Body Press|p2a: Donphan\n|-end|p2a: Donphan|Substitute\n|\n|upkeep\n|turn|4\n|\n|t:|1733888612\n|switch|p2a: Cyclizar|Cyclizar, L83, F|210/252\n|move|p1a: Bastiodon|Iron Defense|p1a: Bastiodon\n|-boost|p1a: Bastiodon|def|2\n|\n|upkeep\n|turn|5\n|\n|t:|1733888622\n|move|p2a: Cyclizar|Shed Tail|p2a: Cyclizar\n|-start|p2a: Cyclizar|Substitute|[from] move: Shed Tail\n|-damage|p2a: Cyclizar|84/252\n|\n|t:|1733888629\n|switch|p2a: Florges|Florges-Blue, L85, F|271/271|[from] Shed Tail\n|move|p1a: Bastiodon|Body Press|p2a: Florges\n|-resisted|p2a: Florges\n|-end|p2a: Florges|Substitute\n|\n|upkeep\n|turn|6\n|\n|t:|1733888640\n|move|p2a: Florges|Moonblast|p1a: Bastiodon\n|-supereffective|p1a: Bastiodon\n|-damage|p1a: Bastiodon|22/252\n|move|p1a: Bastiodon|Body Press|p2a: Florges\n|-resisted|p2a: Florges\n|-damage|p2a: Florges|0 fnt\n|faint|p2a: Florges\n|\n|upkeep\n|\n|t:|1733888654\n|switch|p2a: Comfey|Comfey, L85, M|225/225\n|turn|7\n|\n|t:|1733888661\n|move|p2a: Comfey|Draining Kiss|p1a: Bastiodon\n|-supereffective|p1a: Bastiodon\n|-damage|p1a: Bastiodon|0 fnt\n|faint|p1a: Bastiodon\n|\n|upkeep\n|\n|t:|1733888668\n|switch|p1a: Whiscash|Whiscash, L88, M|337/337\n|turn|8\n|\n|t:|1733888679\n|move|p2a: Comfey|Calm Mind|p2a: Comfey\n|-boost|p2a: Comfey|spa|1\n|-boost|p2a: Comfey|spd|1\n|move|p1a: Whiscash|Dragon Dance|p1a: Whiscash\n|-boost|p1a: Whiscash|atk|1\n|-boost|p1a: Whiscash|spe|1\n|\n|upkeep\n|turn|9\n|\n|t:|1733888690\n|move|p2a: Comfey|Giga Drain|p1a: Whiscash\n|-supereffective|p1a: Whiscash\n|-damage|p1a: Whiscash|17/337\n|move|p1a: Whiscash|Liquidation|p2a: Comfey\n|-damage|p2a: Comfey|69/225\n|-damage|p1a: Whiscash|0 fnt|[from] item: Life Orb\n|faint|p1a: Whiscash\n|\n|-heal|p2a: Comfey|83/225|[from] item: Leftovers\n|upkeep\n|\n|t:|1733888699\n|switch|p1a: Pachirisu|Pachirisu, L96, F|271/271\n|turn|10\n|\n|t:|1733888707\n|move|p1a: Pachirisu|Nuzzle|p2a: Comfey\n|-damage|p2a: Comfey|65/225\n|-status|p2a: Comfey|par\n|move|p2a: Comfey|Calm Mind|p2a: Comfey\n|-boost|p2a: Comfey|spa|1\n|-boost|p2a: Comfey|spd|1\n|\n|-heal|p2a: Comfey|79/225 par|[from] item: Leftovers\n|upkeep\n|turn|11\n|\n|t:|1733888720\n|move|p2a: Comfey|Draining Kiss|p1a: Pachirisu\n|-damage|p1a: Pachirisu|214/271\n|-heal|p2a: Comfey|122/225 par|[from] drain|[of] p1a: Pachirisu\n|move|p1a: Pachirisu|Thunderbolt|p2a: Comfey\n|-damage|p2a: Comfey|92/225 par\n|\n|-heal|p2a: Comfey|106/225 par|[from] item: Leftovers\n|upkeep\n|turn|12\n|\n|t:|1733888724\n|move|p1a: Pachirisu|U-turn|p2a: Comfey\n|-resisted|p2a: Comfey\n|-crit|p2a: Comfey\n|-damage|p2a: Comfey|79/225 par\n|\n|t:|1733888734\n|switch|p1a: Suicune|Suicune, L82|298/298|[from] U-turn\n|-ability|p1a: Suicune|Pressure\n|move|p2a: Comfey|Calm Mind|p2a: Comfey\n|-boost|p2a: Comfey|spa|1\n|-boost|p2a: Comfey|spd|1\n|\n|-heal|p2a: Comfey|93/225 par|[from] item: Leftovers\n|upkeep\n|turn|13\n|\n|t:|1733888745\n|move|p1a: Suicune|Substitute|p1a: Suicune\n|-start|p1a: Suicune|Substitute\n|-damage|p1a: Suicune|224/298\n|move|p2a: Comfey|Calm Mind|p2a: Comfey\n|-boost|p2a: Comfey|spa|1\n|-boost|p2a: Comfey|spd|1\n|\n|-heal|p1a: Suicune|242/298|[from] item: Leftovers\n|-heal|p2a: Comfey|107/225 par|[from] item: Leftovers\n|upkeep\n|turn|14\n|\n|t:|1733888749\n|move|p2a: Comfey|Giga Drain|p1a: Suicune\n|-supereffective|p1a: Suicune\n|-end|p1a: Suicune|Substitute\n|-heal|p2a: Comfey|144/225 par|[from] drain|[of] p1a: Suicune\n|move|p1a: Suicune|Calm Mind|p1a: Suicune\n|-boost|p1a: Suicune|spa|1\n|-boost|p1a: Suicune|spd|1\n|\n|-heal|p1a: Suicune|260/298|[from] item: Leftovers\n|-heal|p2a: Comfey|158/225 par|[from] item: Leftovers\n|upkeep\n|turn|15\n|\n|t:|1733888755\n|move|p2a: Comfey|Giga Drain|p1a: Suicune\n|-supereffective|p1a: Suicune\n|-damage|p1a: Suicune|98/298\n|-heal|p2a: Comfey|225/225 par|[from] drain|[of] p1a: Suicune\n|move|p1a: Suicune|Substitute|p1a: Suicune\n|-start|p1a: Suicune|Substitute\n|-damage|p1a: Suicune|24/298\n|\n|-heal|p1a: Suicune|42/298|[from] item: Leftovers\n|upkeep\n|turn|16\n|\n|t:|1733888763\n|move|p2a: Comfey|Giga Drain|p1a: Suicune\n|-supereffective|p1a: Suicune\n|-end|p1a: Suicune|Substitute\n|move|p1a: Suicune|Calm Mind|p1a: Suicune\n|-boost|p1a: Suicune|spa|1\n|-boost|p1a: Suicune|spd|1\n|\n|-heal|p1a: Suicune|60/298|[from] item: Leftovers\n|upkeep\n|turn|17\n|\n|t:|1733888767\n|move|p2a: Comfey|Giga Drain|p1a: Suicune\n|-supereffective|p1a: Suicune\n|-damage|p1a: Suicune|0 fnt\n|faint|p1a: Suicune\n|\n|upkeep\n|c|\u2606I Love Your Plants|Cancer game\n|c|\u2606I Love Your Plants|Not one para hack\n|c|\u2606I Love Your Plants|Fucking cancer game\n|\n|t:|1733888793\n|switch|p1a: Lokix|Lokix, L82, F|251/251\n|turn|18\n|\n|t:|1733888798\n|move|p2a: Comfey|Draining Kiss|p1a: Lokix\n|-supereffective|p1a: Lokix\n|-damage|p1a: Lokix|0 fnt\n|faint|p1a: Lokix\n|\n|upkeep\n|\n|t:|1733888802\n|switch|p1a: Infernape|Infernape, L82, F|259/259\n|turn|19\n|c|\u2606KarumaRaito|Dont play then\n|\n|t:|1733888809\n|move|p1a: Infernape|Knock Off|p2a: Comfey\n|-resisted|p2a: Comfey\n|-damage|p2a: Comfey|180/225 par\n|-enditem|p2a: Comfey|Leftovers|[from] move: Knock Off|[of] p1a: Infernape\n|-damage|p1a: Infernape|234/259|[from] item: Life Orb\n|move|p2a: Comfey|Stored Power|p1a: Infernape\n|-supereffective|p1a: Infernape\n|-damage|p1a: Infernape|0 fnt\n|faint|p1a: Infernape\n|\n|upkeep\n|c|\u2606I Love Your Plants|Shut the\n|c|\u2606I Love Your Plants|Fuck\n|c|\u2606I Love Your Plants|Up\n|\n|t:|1733888818\n|switch|p1a: Pachirisu|Pachirisu, L96, F|214/271\n|turn|20\n|c|\u2606KarumaRaito|Sssssssh\n|c|\u2606I Love Your Plants|Go\n|c|\u2606I Love Your Plants|Die\n|c|\u2606KarumaRaito|Dont cry to me\n|n|!I Love Your Plants|iloveyourplants\n|-message|I Love Your Plants forfeited.\n|\n|win|KarumaRaito\n", "inputlog": ">version bfd83cad13791eb5a5a409923076391caf6fb4d4\n>start {\"formatid\":\"gen9randombattle\",\"seed\":[26198,64087,49190,12922],\"rated\":\"Rated battle\"}\n>player p1 {\"name\":\"I Love Your Plants\",\"avatar\":\"170\",\"rating\":1502,\"seed\":[9432,41519,2978,46599]}\n>player p2 {\"name\":\"KarumaRaito\",\"avatar\":\"1\",\"rating\":1564,\"seed\":[42023,54888,441,21645]}\n>p1 move irondefense\n>p2 move knockoff\n>p1 move irondefense\n>p2 move shedtail\n>p2 switch 3\n>p1 move bodypress terastallize\n>p2 move earthquake\n>p1 move irondefense\n>p2 switch 3\n>p1 move bodypress\n>p2 move shedtail\n>p2 switch 5\n>p1 move bodypress\n>p2 move moonblast\n>p2 switch 6\n>p1 move rest\n>p2 move drainingkiss\n>p1 switch 6\n>p1 move dragondance\n>p2 move calmmind\n>p1 move liquidation\n>p2 move gigadrain\n>p1 switch 4\n>p1 move nuzzle\n>p2 move calmmind\n>p1 move thunderbolt\n>p2 move drainingkiss\n>p1 move uturn\n>p2 move calmmind\n>p1 switch 3\n>p1 move substitute\n>p2 move calmmind\n>p1 move calmmind\n>p2 move gigadrain\n>p1 move substitute\n>p2 move gigadrain\n>p1 move calmmind\n>p2 move gigadrain\n>p1 move calmmind\n>p2 move gigadrain\n>chat \u2606I Love Your Plants|Cancer game\n>chat \u2606I Love Your Plants|Not one para hack\n>chat \u2606I Love Your Plants|Fucking cancer game\n>p1 switch 5\n>p1 move firstimpression\n>p2 move drainingkiss\n>p1 switch 2\n>chat \u2606KarumaRaito|Dont play then \n>p1 move knockoff\n>p2 move storedpower\n>chat \u2606I Love Your Plants|Shut the\n>chat \u2606I Love Your Plants|Fuck\n>chat \u2606I Love Your Plants|Up\n>p1 switch 3\n>chat \u2606KarumaRaito|Sssssssh\n>chat \u2606I Love Your Plants|Go \n>chat \u2606I Love Your Plants|Die\n>chat \u2606KarumaRaito|Dont cry to me \n>chat \u2606I Love Your Plants|Cancer cunt\n>forcelose p1", "uploadtime": 1733888785, "views": 9, "formatid": "gen9randombattle", "rating": null, "private": 0, "password": null}