{"id": "gen9randombattle-2227455133", "format": "[Gen 9] Random Battle", "players": ["sleepydolphin7", "velvestrade"], "log": "|j|\u2606sleepydolphin7\n|j|\u2606velvestrade\n|t:|1729488566\n|gametype|singles\n|player|p1|sleepydolphin7|fisherman-gen4|2224\n|player|p2|velvestrade|miku-ground|2183\n|teamsize|p1|6\n|teamsize|p2|6\n|gen|9\n|tier|[Gen 9] Random Battle\n|rated|\n|rule|Species Clause: Limit one of each Pok\u00e9mon\n|rule|HP Percentage Mod: HP is shown in percentages\n|rule|Sleep Clause Mod: Limit one foe put to sleep\n|rule|Illusion Level Mod: Illusion disguises the Pok\u00e9mon's true level\n|\n|t:|1729488566\n|start\n|switch|p1a: Ampharos|Ampharos, L88, F|302/302\n|switch|p2a: Poliwrath|Poliwrath, L88, M|302/302\n|turn|1\n|inactive|Battle timer is ON: inactive players will automatically lose when time's up. (requested by velvestrade)\n|j| LhostGhost\n|\n|t:|1729488586\n|switch|p2a: Leavanny|Leavanny, L86, M|269/269\n|move|p1a: Ampharos|Thunderbolt|p2a: Leavanny\n|-resisted|p2a: Leavanny\n|-damage|p2a: Leavanny|182/269\n|-damage|p1a: Ampharos|272/302|[from] item: Life Orb\n|\n|upkeep\n|turn|2\n|\n|t:|1729488615\n|switch|p1a: Kingdra|Kingdra, L84, F|263/263\n|move|p2a: Leavanny|Sticky Web|p1a: Kingdra\n|-sidestart|p1: sleepydolphin7|move: Sticky Web\n|\n|upkeep\n|turn|3\n|\n|t:|1729488630\n|move|p2a: Leavanny|Knock Off|p1a: Kingdra\n|-damage|p1a: Kingdra|189/263\n|-enditem|p1a: Kingdra|Life Orb|[from] move: Knock Off|[of] p2a: Leavanny\n|move|p1a: Kingdra|Rain Dance|p1a: Kingdra\n|-weather|RainDance\n|\n|-weather|RainDance|[upkeep]\n|upkeep\n|turn|4\n|\n|t:|1729488647\n|switch|p2a: Volcanion|Volcanion, L79|256/256\n|move|p1a: Kingdra|Hurricane|p2a: Volcanion\n|-damage|p2a: Volcanion|177/256\n|-start|p2a: Volcanion|confusion\n|\n|-weather|RainDance|[upkeep]\n|upkeep\n|turn|5\n|\n|t:|1729488659\n|switch|p2a: Dachsbun|Dachsbun, L91, M|252/252\n|move|p1a: Kingdra|Hurricane|p2a: Dachsbun\n|-damage|p2a: Dachsbun|169/252\n|\n|-weather|RainDance|[upkeep]\n|-heal|p2a: Dachsbun|184/252|[from] item: Leftovers\n|upkeep\n|turn|6\n|\n|t:|1729488670\n|-terastallize|p1a: Kingdra|Water\n|move|p1a: Kingdra|Wave Crash|p2a: Dachsbun\n|-damage|p2a: Dachsbun|10/252\n|-damage|p1a: Kingdra|132/263|[from] Recoil\n|move|p2a: Dachsbun|Play Rough|p1a: Kingdra\n|-damage|p1a: Kingdra|36/263\n|\n|-weather|RainDance|[upkeep]\n|-heal|p2a: Dachsbun|25/252|[from] item: Leftovers\n|upkeep\n|turn|7\n|\n|t:|1729488680\n|switch|p1a: Oricorio|Oricorio, L84, M|263/263\n|move|p2a: Dachsbun|Protect||[still]\n|-fail|p2a: Dachsbun\n|\n|-weather|none\n|-heal|p2a: Dachsbun|40/252|[from] item: Leftovers\n|upkeep\n|turn|8\n|\n|t:|1729488702\n|switch|p2a: Zangoose|Zangoose, L85, F|263/263\n|move|p1a: Oricorio|Quiver Dance|p1a: Oricorio\n|-boost|p1a: Oricorio|spa|1\n|-boost|p1a: Oricorio|spd|1\n|-boost|p1a: Oricorio|spe|1\n|\n|-status|p2a: Zangoose|tox|[from] item: Toxic Orb\n|upkeep\n|turn|9\n|\n|t:|1729488712\n|switch|p1a: Tyranitar|Tyranitar, L79, F|288/288\n|-activate|p1a: Tyranitar|move: Sticky Web\n|-unboost|p1a: Tyranitar|spe|1\n|-weather|Sandstorm|[from] ability: Sand Stream|[of] p1a: Tyranitar\n|move|p2a: Zangoose|Facade|p1a: Tyranitar\n|-resisted|p1a: Tyranitar\n|-damage|p1a: Tyranitar|170/288\n|\n|-weather|Sandstorm|[upkeep]\n|-damage|p2a: Zangoose|247/263 tox|[from] Sandstorm\n|-damage|p2a: Zangoose|231/263 tox|[from] psn\n|upkeep\n|turn|10\n|\n|t:|1729488722\n|switch|p1a: Grimmsnarl|Grimmsnarl, L83, M|293/293\n|-activate|p1a: Grimmsnarl|move: Sticky Web\n|-unboost|p1a: Grimmsnarl|spe|1\n|move|p2a: Zangoose|Close Combat|p1a: Grimmsnarl\n|-damage|p1a: Grimmsnarl|110/293\n|-unboost|p2a: Zangoose|def|1\n|-unboost|p2a: Zangoose|spd|1\n|\n|-weather|Sandstorm|[upkeep]\n|-damage|p2a: Zangoose|215/263 tox|[from] Sandstorm\n|-damage|p1a: Grimmsnarl|92/293|[from] Sandstorm\n|-heal|p1a: Grimmsnarl|110/293|[from] item: Leftovers\n|-damage|p2a: Zangoose|183/263 tox|[from] psn\n|upkeep\n|turn|11\n|\n|t:|1729488730\n|move|p2a: Zangoose|Quick Attack|p1a: Grimmsnarl\n|-damage|p1a: Grimmsnarl|22/293\n|move|p1a: Grimmsnarl|Sucker Punch||[still]\n|-fail|p1a: Grimmsnarl\n|\n|-weather|Sandstorm|[upkeep]\n|-damage|p2a: Zangoose|167/263 tox|[from] Sandstorm\n|-damage|p1a: Grimmsnarl|4/293|[from] Sandstorm\n|-heal|p1a: Grimmsnarl|22/293|[from] item: Leftovers\n|-damage|p2a: Zangoose|119/263 tox|[from] psn\n|upkeep\n|turn|12\n|\n|t:|1729488743\n|move|p2a: Zangoose|Quick Attack|p1a: Grimmsnarl\n|-damage|p1a: Grimmsnarl|0 fnt\n|faint|p1a: Grimmsnarl\n|\n|-weather|Sandstorm|[upkeep]\n|-damage|p2a: Zangoose|103/263 tox|[from] Sandstorm\n|-damage|p2a: Zangoose|39/263 tox|[from] psn\n|upkeep\n|\n|t:|1729488746\n|switch|p1a: Kingdra|Kingdra, L84, F, tera:Water|36/263\n|-activate|p1a: Kingdra|move: Sticky Web\n|-unboost|p1a: Kingdra|spe|1\n|turn|13\n|\n|t:|1729488756\n|move|p2a: Zangoose|Quick Attack|p1a: Kingdra\n|-damage|p1a: Kingdra|0 fnt\n|faint|p1a: Kingdra\n|\n|-weather|none\n|-damage|p2a: Zangoose|0 fnt|[from] psn\n|faint|p2a: Zangoose\n|upkeep\n|l| LhostGhost\n|\n|t:|1729488766\n|switch|p2a: Passimian|Passimian, L83, M|302/302\n|switch|p1a: Tyranitar|Tyranitar, L79, F|170/288\n|-activate|p1a: Tyranitar|move: Sticky Web\n|-unboost|p1a: Tyranitar|spe|1\n|-weather|Sandstorm|[from] ability: Sand Stream|[of] p1a: Tyranitar\n|turn|14\n|\n|t:|1729488773\n|switch|p1a: Ampharos|Ampharos, L88, F|272/302\n|-activate|p1a: Ampharos|move: Sticky Web\n|-unboost|p1a: Ampharos|spe|1\n|move|p2a: Passimian|Close Combat|p1a: Ampharos\n|-damage|p1a: Ampharos|128/302\n|-unboost|p2a: Passimian|def|1\n|-unboost|p2a: Passimian|spd|1\n|\n|-weather|Sandstorm|[upkeep]\n|-damage|p2a: Passimian|284/302|[from] Sandstorm\n|-damage|p1a: Ampharos|110/302|[from] Sandstorm\n|upkeep\n|turn|15\n|\n|t:|1729488787\n|switch|p2a: Leavanny|Leavanny, L86, M|182/269\n|move|p1a: Ampharos|Thunderbolt|p2a: Leavanny\n|-resisted|p2a: Leavanny\n|-damage|p2a: Leavanny|105/269\n|-status|p2a: Leavanny|par\n|-damage|p1a: Ampharos|80/302|[from] item: Life Orb\n|\n|-weather|Sandstorm|[upkeep]\n|-damage|p2a: Leavanny|89/269 par|[from] Sandstorm\n|-damage|p1a: Ampharos|62/302|[from] Sandstorm\n|upkeep\n|turn|16\n|\n|t:|1729488804\n|move|p2a: Leavanny|Knock Off|p1a: Ampharos\n|-damage|p1a: Ampharos|0 fnt\n|-enditem|p1a: Ampharos|Life Orb|[from] move: Knock Off|[of] p2a: Leavanny\n|faint|p1a: Ampharos\n|\n|-weather|Sandstorm|[upkeep]\n|-damage|p2a: Leavanny|73/269 par|[from] Sandstorm\n|upkeep\n|\n|t:|1729488813\n|switch|p1a: Oricorio|Oricorio, L84, M|263/263\n|turn|17\n|\n|t:|1729488825\n|move|p1a: Oricorio|Quiver Dance|p1a: Oricorio\n|-boost|p1a: Oricorio|spa|1\n|-boost|p1a: Oricorio|spd|1\n|-boost|p1a: Oricorio|spe|1\n|move|p2a: Leavanny|Knock Off|p1a: Oricorio\n|-damage|p1a: Oricorio|181/263\n|-enditem|p1a: Oricorio|Heavy-Duty Boots|[from] move: Knock Off|[of] p2a: Leavanny\n|\n|-weather|Sandstorm|[upkeep]\n|-damage|p1a: Oricorio|165/263|[from] Sandstorm\n|-damage|p2a: Leavanny|57/269 par|[from] Sandstorm\n|upkeep\n|turn|18\n|\n|t:|1729488834\n|switch|p2a: Dachsbun|Dachsbun, L91, M|40/252\n|move|p1a: Oricorio|Quiver Dance|p1a: Oricorio\n|-boost|p1a: Oricorio|spa|1\n|-boost|p1a: Oricorio|spd|1\n|-boost|p1a: Oricorio|spe|1\n|\n|-weather|none\n|-heal|p2a: Dachsbun|55/252|[from] item: Leftovers\n|upkeep\n|turn|19\n|\n|t:|1729488841\n|move|p1a: Oricorio|Quiver Dance|p1a: Oricorio\n|-boost|p1a: Oricorio|spa|1\n|-boost|p1a: Oricorio|spd|1\n|-boost|p1a: Oricorio|spe|1\n|move|p2a: Dachsbun|Wish|p2a: Dachsbun\n|\n|-heal|p2a: Dachsbun|70/252|[from] item: Leftovers\n|upkeep\n|turn|20\n|\n|t:|1729488851\n|-terastallize|p2a: Dachsbun|Steel\n|move|p2a: Dachsbun|Protect|p2a: Dachsbun\n|-singleturn|p2a: Dachsbun|Protect\n|move|p1a: Oricorio|Hurricane|p2a: Dachsbun\n|-activate|p2a: Dachsbun|move: Protect\n|\n|-heal|p2a: Dachsbun|196/252|[from] move: Wish|[wisher] Dachsbun\n|-heal|p2a: Dachsbun|211/252|[from] item: Leftovers\n|upkeep\n|turn|21\n|\n|t:|1729488862\n|move|p1a: Oricorio|Quiver Dance|p1a: Oricorio\n|-boost|p1a: Oricorio|spa|1\n|-boost|p1a: Oricorio|spd|1\n|-boost|p1a: Oricorio|spe|1\n|move|p2a: Dachsbun|Wish|p2a: Dachsbun\n|\n|-heal|p2a: Dachsbun|226/252|[from] item: Leftovers\n|upkeep\n|turn|22\n|\n|t:|1729488867\n|move|p1a: Oricorio|Quiver Dance|p1a: Oricorio\n|-boost|p1a: Oricorio|spa|1\n|-boost|p1a: Oricorio|spd|1\n|-boost|p1a: Oricorio|spe|1\n|move|p2a: Dachsbun|Play Rough|p1a: Oricorio\n|-resisted|p1a: Oricorio\n|-damage|p1a: Oricorio|110/263\n|\n|-heal|p2a: Dachsbun|252/252|[from] move: Wish|[wisher] Dachsbun\n|upkeep\n|turn|23\n|\n|t:|1729488881\n|move|p1a: Oricorio|Hurricane|p2a: Dachsbun|[miss]\n|-miss|p1a: Oricorio|p2a: Dachsbun\n|move|p2a: Dachsbun|Wish|p2a: Dachsbun\n|\n|upkeep\n|turn|24\n|\n|t:|1729488891\n|move|p1a: Oricorio|Roost|p1a: Oricorio\n|-heal|p1a: Oricorio|242/263\n|-singleturn|p1a: Oricorio|move: Roost\n|move|p2a: Dachsbun|Play Rough|p1a: Oricorio\n|-resisted|p1a: Oricorio\n|-damage|p1a: Oricorio|181/263\n|\n|upkeep\n|turn|25\n|\n|t:|1729488902\n|move|p1a: Oricorio|Quiver Dance|p1a: Oricorio\n|-boost|p1a: Oricorio|spa|1\n|-boost|p1a: Oricorio|spd|1\n|-boost|p1a: Oricorio|spe|1\n|move|p2a: Dachsbun|Wish|p2a: Dachsbun\n|\n|upkeep\n|turn|26\n|\n|t:|1729488907\n|move|p1a: Oricorio|Hurricane|p2a: Dachsbun|[miss]\n|-miss|p1a: Oricorio|p2a: Dachsbun\n|move|p2a: Dachsbun|Play Rough|p1a: Oricorio\n|-resisted|p1a: Oricorio\n|-damage|p1a: Oricorio|129/263\n|\n|upkeep\n|turn|27\n|\n|t:|1729488916\n|move|p1a: Oricorio|Hurricane|p2a: Dachsbun\n|-resisted|p2a: Dachsbun\n|-damage|p2a: Dachsbun|12/252\n|-start|p2a: Dachsbun|confusion\n|-activate|p2a: Dachsbun|confusion\n|move|p2a: Dachsbun|Wish|p2a: Dachsbun\n|\n|-heal|p2a: Dachsbun|27/252|[from] item: Leftovers\n|upkeep\n|turn|28\n|\n|t:|1729488922\n|move|p1a: Oricorio|Roost|p1a: Oricorio\n|-heal|p1a: Oricorio|261/263\n|-singleturn|p1a: Oricorio|move: Roost\n|-end|p2a: Dachsbun|confusion\n|move|p2a: Dachsbun|Play Rough|p1a: Oricorio\n|-resisted|p1a: Oricorio\n|-damage|p1a: Oricorio|199/263\n|\n|-heal|p2a: Dachsbun|153/252|[from] move: Wish|[wisher] Dachsbun\n|-heal|p2a: Dachsbun|168/252|[from] item: Leftovers\n|upkeep\n|turn|29\n|\n|t:|1729488936\n|move|p1a: Oricorio|Hurricane|p2a: Dachsbun|[miss]\n|-miss|p1a: Oricorio|p2a: Dachsbun\n|move|p2a: Dachsbun|Wish|p2a: Dachsbun\n|\n|-heal|p2a: Dachsbun|183/252|[from] item: Leftovers\n|upkeep\n|turn|30\n|\n|t:|1729488940\n|move|p2a: Dachsbun|Protect|p2a: Dachsbun\n|-singleturn|p2a: Dachsbun|Protect\n|move|p1a: Oricorio|Hurricane|p2a: Dachsbun\n|-activate|p2a: Dachsbun|move: Protect\n|\n|-heal|p2a: Dachsbun|252/252|[from] move: Wish|[wisher] Dachsbun\n|upkeep\n|turn|31\n|\n|t:|1729488950\n|move|p1a: Oricorio|Hurricane|p2a: Dachsbun\n|-resisted|p2a: Dachsbun\n|-damage|p2a: Dachsbun|14/252\n|move|p2a: Dachsbun|Play Rough|p1a: Oricorio\n|-resisted|p1a: Oricorio\n|-crit|p1a: Oricorio\n|-damage|p1a: Oricorio|121/263\n|\n|-heal|p2a: Dachsbun|29/252|[from] item: Leftovers\n|upkeep\n|turn|32\n|\n|t:|1729488957\n|move|p1a: Oricorio|Hurricane|p2a: Dachsbun\n|-resisted|p2a: Dachsbun\n|-damage|p2a: Dachsbun|0 fnt\n|faint|p2a: Dachsbun\n|\n|upkeep\n|\n|t:|1729488967\n|switch|p2a: Poliwrath|Poliwrath, L88, M|302/302\n|turn|33\n|\n|t:|1729488970\n|move|p1a: Oricorio|Hurricane|p2a: Poliwrath|[miss]\n|-miss|p1a: Oricorio|p2a: Poliwrath\n|move|p2a: Poliwrath|Liquidation|p1a: Oricorio\n|-supereffective|p1a: Oricorio\n|-damage|p1a: Oricorio|0 fnt\n|faint|p1a: Oricorio\n|-damage|p2a: Poliwrath|272/302|[from] item: Life Orb\n|\n|upkeep\n|\n|t:|1729488987\n|switch|p1a: Gastrodon|Gastrodon, L86, M|331/331\n|-activate|p1a: Gastrodon|move: Sticky Web\n|-unboost|p1a: Gastrodon|spe|1\n|turn|34\n|\n|t:|1729488993\n|move|p2a: Poliwrath|Knock Off|p1a: Gastrodon\n|-damage|p1a: Gastrodon|208/331\n|-enditem|p1a: Gastrodon|Leftovers|[from] move: Knock Off|[of] p2a: Poliwrath\n|-damage|p2a: Poliwrath|242/302|[from] item: Life Orb\n|move|p1a: Gastrodon|Earthquake|p2a: Poliwrath\n|-damage|p2a: Poliwrath|154/302\n|\n|upkeep\n|turn|35\n|-message|sleepydolphin7 forfeited.\n|\n|win|velvestrade\n|raw|sleepydolphin7's rating: 2224 &rarr; <strong>2202</strong><br />(-22 for losing)\n|raw|velvestrade's rating: 2183 &rarr; <strong>2205</strong><br />(+22 for winning)\n|l|\u2606sleepydolphin7\n|player|p1|\n", "inputlog": ">version f848a9fd958ec8f1ca6a9f7c452a4b12c3110db6\n>start {\"formatid\":\"gen9randombattle\",\"seed\":[35053,8463,10957,61112],\"rated\":\"Rated battle\"}\n>player p1 {\"name\":\"sleepydolphin7\",\"avatar\":\"fisherman-gen4\",\"rating\":2224,\"seed\":[4562,21608,22589,23409]}\n>player p2 {\"name\":\"velvestrade\",\"avatar\":\"miku-ground\",\"rating\":2183,\"seed\":[23026,17380,50296,29126]}\n>p1 move thunderbolt\n>p2 switch 5\n>p1 switch 4\n>p2 move stickyweb\n>p1 move raindance\n>p2 move knockoff\n>p1 move hurricane\n>p2 switch 2\n>p1 move hurricane\n>p2 switch 3\n>p1 move wavecrash terastallize\n>p2 move playrough\n>p1 switch 6\n>p2 move protect\n>p1 move quiverdance\n>p2 switch 6\n>p1 switch 5\n>p2 move facade\n>p1 switch 3\n>p2 move closecombat\n>p1 move suckerpunch\n>p2 move quickattack\n>p1 move spiritbreak\n>p2 move quickattack\n>p1 switch 6\n>p1 move raindance\n>p2 move quickattack\n>p1 switch 3\n>p2 switch 4\n>p1 switch 4\n>p2 move closecombat\n>p1 move thunderbolt\n>p2 switch 2\n>p1 move agility\n>p2 move knockoff\n>p1 switch 5\n>p1 move quiverdance\n>p2 move knockoff\n>p1 move quiverdance\n>p2 switch 6\n>p1 move quiverdance\n>p2 move wish\n>p1 move hurricane\n>p2 move protect terastallize\n>p1 move quiverdance\n>p2 move wish\n>p1 move quiverdance\n>p2 move playrough\n>p1 move hurricane\n>p2 move wish\n>p1 move roost\n>p2 move playrough\n>p1 move quiverdance\n>p2 move wish\n>p1 move hurricane\n>p2 move playrough\n>p1 move hurricane\n>p2 move wish\n>p1 move roost\n>p2 move playrough\n>p1 move hurricane\n>p2 move wish\n>p1 move hurricane\n>p2 move protect\n>p1 move hurricane\n>p2 move playrough\n>p1 move hurricane\n>p2 move stompingtantrum\n>p2 switch 5\n>p1 move hurricane\n>p2 move liquidation\n>p1 switch 2\n>p1 move earthquake\n>p2 move knockoff\n>forcelose p1", "uploadtime": 1729488583, "views": 85, "formatid": "gen9randombattle", "rating": 2202, "private": 0, "password": null}