{"id": "gen9randombattle-2259807662", "format": "[Gen 9] Random Battle", "players": ["suntopia_", "Shnurgly"], "log": "|j|\u2606suntopia_\n|j|\u2606Shnurgly\n|t:|1733768695\n|gametype|singles\n|player|p1|suntopia_|169|1119\n|player|p2|Shnurgly|2|1150\n|teamsize|p1|6\n|teamsize|p2|6\n|gen|9\n|tier|[Gen 9] Random Battle\n|rated|\n|rule|Species Clause: Limit one of each Pok\u00e9mon\n|rule|HP Percentage Mod: HP is shown in percentages\n|rule|Sleep Clause Mod: Limit one foe put to sleep\n|rule|Illusion Level Mod: Illusion disguises the Pok\u00e9mon's true level\n|\n|t:|1733768695\n|start\n|switch|p1a: Basculegion|Basculegion-F, L83, F|335/335\n|switch|p2a: Copperajah|Copperajah, L86, F|350/350\n|turn|1\n|\n|t:|1733768708\n|switch|p2a: Ariados|Ariados, L95, F|287/287\n|move|p1a: Basculegion|Ice Beam|p2a: Ariados\n|-damage|p2a: Ariados|188/287\n|\n|upkeep\n|turn|2\n|\n|t:|1733768724\n|move|p1a: Basculegion|Ice Beam|p2a: Ariados\n|-damage|p2a: Ariados|89/287\n|move|p2a: Ariados|Sticky Web|p1a: Basculegion\n|-sidestart|p1: suntopia_|move: Sticky Web\n|\n|upkeep\n|turn|3\n|inactive|Battle timer is ON: inactive players will automatically lose when time's up. (requested by Shnurgly)\n|\n|t:|1733768730\n|move|p1a: Basculegion|Ice Beam|p2a: Ariados\n|-damage|p2a: Ariados|0 fnt\n|faint|p2a: Ariados\n|\n|upkeep\n|\n|t:|1733768754\n|switch|p2a: Copperajah|Copperajah, L86, F|350/350\n|turn|4\n|\n|t:|1733768764\n|switch|p1a: Passimian|Passimian, L83, M|302/302\n|-activate|p1a: Passimian|move: Sticky Web\n|-unboost|p1a: Passimian|spe|1\n|-ability|p1a: Passimian|Defiant|boost\n|-boost|p1a: Passimian|atk|2\n|move|p2a: Copperajah|Earthquake|p1a: Passimian\n|-damage|p1a: Passimian|185/302\n|-damage|p2a: Copperajah|315/350|[from] item: Life Orb\n|\n|upkeep\n|turn|5\n|\n|t:|1733768776\n|-terastallize|p2a: Copperajah|Fairy\n|move|p1a: Passimian|Close Combat|p2a: Copperajah\n|-resisted|p2a: Copperajah\n|-damage|p2a: Copperajah|144/350\n|-unboost|p1a: Passimian|def|1\n|-unboost|p1a: Passimian|spd|1\n|move|p2a: Copperajah|Play Rough|p1a: Passimian\n|-supereffective|p1a: Passimian\n|-damage|p1a: Passimian|0 fnt\n|faint|p1a: Passimian\n|\n|upkeep\n|\n|t:|1733768787\n|switch|p1a: Basculegion|Basculegion-F, L83, F|335/335\n|-activate|p1a: Basculegion|move: Sticky Web\n|-unboost|p1a: Basculegion|spe|1\n|turn|6\n|\n|t:|1733768794\n|move|p1a: Basculegion|Hydro Pump|p2a: Copperajah\n|-crit|p2a: Copperajah\n|-damage|p2a: Copperajah|0 fnt\n|faint|p2a: Copperajah\n|\n|upkeep\n|\n|t:|1733768802\n|switch|p2a: Scream Tail|Scream Tail, L84|330/330\n|turn|7\n|\n|t:|1733768818\n|switch|p1a: Dragalge|Dragalge, L88, F|258/258\n|-activate|p1a: Dragalge|move: Sticky Web\n|-unboost|p1a: Dragalge|spe|1\n|move|p2a: Scream Tail|Wish|p2a: Scream Tail\n|\n|upkeep\n|turn|8\n|\n|t:|1733768834\n|-end|p2a: Scream Tail|Protosynthesis|[silent]\n|switch|p2a: Jirachi|Jirachi, L80|291/291\n|switch|p1a: Basculegion|Basculegion-F, L83, F|335/335\n|-activate|p1a: Basculegion|move: Sticky Web\n|-unboost|p1a: Basculegion|spe|1\n|\n|upkeep\n|turn|9\n|inactive|suntopia_ has 120 seconds left.\n|\n|t:|1733768864\n|move|p2a: Jirachi|U-turn|p1a: Basculegion\n|-resisted|p1a: Basculegion\n|-damage|p1a: Basculegion|305/335\n|\n|t:|1733768867\n|switch|p2a: Toucannon|Toucannon, L88, F|284/284|[from] U-turn\n|move|p1a: Basculegion|Shadow Ball|p2a: Toucannon\n|-immune|p2a: Toucannon\n|\n|upkeep\n|turn|10\n|inactive|suntopia_ has 120 seconds left.\n|\n|t:|1733768881\n|switch|p1a: Dragalge|Dragalge, L88, F|258/258\n|-activate|p1a: Dragalge|move: Sticky Web\n|-unboost|p1a: Dragalge|spe|1\n|move|p2a: Toucannon|Bullet Seed|p1a: Dragalge\n|-resisted|p1a: Dragalge\n|-damage|p1a: Dragalge|252/258\n|-resisted|p1a: Dragalge\n|-damage|p1a: Dragalge|246/258\n|-resisted|p1a: Dragalge\n|-damage|p1a: Dragalge|240/258\n|-resisted|p1a: Dragalge\n|-damage|p1a: Dragalge|235/258\n|-resisted|p1a: Dragalge\n|-damage|p1a: Dragalge|230/258\n|-hitcount|p1a: Dragalge|5\n|\n|upkeep\n|turn|11\n|\n|t:|1733768908\n|switch|p2a: Jirachi|Jirachi, L80|291/291\n|move|p1a: Dragalge|Focus Blast|p2a: Jirachi|[miss]\n|-miss|p1a: Dragalge|p2a: Jirachi\n|\n|upkeep\n|turn|12\n|inactive|Shnurgly has 120 seconds left.\n|inactive|suntopia_ has 120 seconds left.\n|\n|t:|1733768930\n|switch|p2a: Scream Tail|Scream Tail, L84|330/330\n|move|p1a: Dragalge|Focus Blast|p2a: Scream Tail\n|-resisted|p2a: Scream Tail\n|-damage|p2a: Scream Tail|300/330\n|\n|-heal|p2a: Scream Tail|320/330|[from] item: Leftovers\n|upkeep\n|turn|13\n|\n|t:|1733768940\n|switch|p1a: Registeel|Registeel, L81|262/262\n|-activate|p1a: Registeel|move: Sticky Web\n|-fail|p1a: Registeel|unboost|[from] ability: Clear Body|[of] p1a: Registeel\n|move|p2a: Scream Tail|Thunder Wave|p1a: Registeel\n|-status|p1a: Registeel|par\n|\n|-heal|p2a: Scream Tail|330/330|[from] item: Leftovers\n|upkeep\n|turn|14\n|inactive|suntopia_ has 120 seconds left.\n|\n|t:|1733768961\n|-end|p2a: Scream Tail|Protosynthesis|[silent]\n|switch|p2a: Jirachi|Jirachi, L80|291/291\n|move|p1a: Registeel|Iron Head|p2a: Jirachi\n|-resisted|p2a: Jirachi\n|-damage|p2a: Jirachi|258/291\n|\n|upkeep\n|turn|15\n|inactive|suntopia_ has 120 seconds left.\n|\n|t:|1733768976\n|move|p2a: Jirachi|Drain Punch|p1a: Registeel\n|-supereffective|p1a: Registeel\n|-damage|p1a: Registeel|190/262 par\n|-heal|p2a: Jirachi|291/291|[from] drain|[of] p1a: Registeel\n|move|p1a: Registeel|Body Press|p2a: Jirachi\n|-damage|p2a: Jirachi|223/291\n|\n|upkeep\n|turn|16\n|inactive|Shnurgly has 120 seconds left.\n|inactive|suntopia_ has 90 seconds left.\n|\n|t:|1733769021\n|move|p2a: Jirachi|Drain Punch|p1a: Registeel\n|-supereffective|p1a: Registeel\n|-damage|p1a: Registeel|118/262 par\n|-heal|p2a: Jirachi|259/291|[from] drain|[of] p1a: Registeel\n|move|p1a: Registeel|Body Press|p2a: Jirachi\n|-damage|p2a: Jirachi|189/291\n|\n|upkeep\n|turn|17\n|\n|t:|1733769032\n|switch|p1a: Squawkabilly|Squawkabilly-Yellow, L89, F|291/291\n|move|p2a: Jirachi|Drain Punch|p1a: Squawkabilly\n|-damage|p1a: Squawkabilly|219/291\n|-heal|p2a: Jirachi|225/291|[from] drain|[of] p1a: Squawkabilly\n|\n|upkeep\n|turn|18\n|\n|t:|1733769045\n|move|p1a: Squawkabilly|Brave Bird|p2a: Jirachi\n|-resisted|p2a: Jirachi\n|-damage|p2a: Jirachi|73/291\n|-damage|p1a: Squawkabilly|169/291|[from] Recoil\n|move|p2a: Jirachi|Body Slam|p1a: Squawkabilly\n|-damage|p1a: Squawkabilly|84/291\n|-status|p1a: Squawkabilly|par\n|\n|upkeep\n|turn|19\n|\n|t:|1733769054\n|move|p2a: Jirachi|Iron Head|p1a: Squawkabilly\n|-damage|p1a: Squawkabilly|0 fnt\n|faint|p1a: Squawkabilly\n|\n|upkeep\n|inactive|suntopia_ has 90 seconds left.\n|\n|t:|1733769062\n|switch|p1a: Basculegion|Basculegion-F, L83, F|305/335\n|-activate|p1a: Basculegion|move: Sticky Web\n|-unboost|p1a: Basculegion|spe|1\n|turn|20\n|inactive|Shnurgly has 120 seconds left.\n|\n|t:|1733769077\n|move|p2a: Jirachi|U-turn|p1a: Basculegion\n|-resisted|p1a: Basculegion\n|-damage|p1a: Basculegion|277/335\n|\n|t:|1733769080\n|switch|p2a: Toucannon|Toucannon, L88, F|284/284|[from] U-turn\n|move|p1a: Basculegion|Hydro Pump|p2a: Toucannon\n|-damage|p2a: Toucannon|16/284\n|\n|upkeep\n|turn|21\n|inactive|Shnurgly has 120 seconds left.\n|\n|t:|1733769094\n|move|p2a: Toucannon|Bullet Seed|p1a: Basculegion\n|-supereffective|p1a: Basculegion\n|-damage|p1a: Basculegion|213/335\n|-supereffective|p1a: Basculegion\n|-damage|p1a: Basculegion|157/335\n|-supereffective|p1a: Basculegion\n|-damage|p1a: Basculegion|95/335\n|-supereffective|p1a: Basculegion\n|-damage|p1a: Basculegion|33/335\n|-supereffective|p1a: Basculegion\n|-damage|p1a: Basculegion|0 fnt\n|faint|p1a: Basculegion\n|-hitcount|p1: Basculegion|5\n|\n|upkeep\n|\n|t:|1733769107\n|switch|p1a: Dragalge|Dragalge, L88, F|230/258\n|-activate|p1a: Dragalge|move: Sticky Web\n|-unboost|p1a: Dragalge|spe|1\n|turn|22\n|\n|t:|1733769114\n|move|p2a: Toucannon|Boomburst|p1a: Dragalge\n|-damage|p1a: Dragalge|137/258\n|move|p1a: Dragalge|Sludge Wave|p2a: Toucannon\n|-damage|p2a: Toucannon|0 fnt\n|faint|p2a: Toucannon\n|\n|upkeep\n|\n|t:|1733769123\n|switch|p2a: Jirachi|Jirachi, L80|73/291\n|turn|23\n|inactive|suntopia_ has 120 seconds left.\n|\n|t:|1733769132\n|move|p2a: Jirachi|Drain Punch|p1a: Dragalge\n|-resisted|p1a: Dragalge\n|-damage|p1a: Dragalge|114/258\n|-heal|p2a: Jirachi|85/291|[from] drain|[of] p1a: Dragalge\n|move|p1a: Dragalge|Sludge Wave|p2a: Jirachi\n|-immune|p2a: Jirachi\n|\n|upkeep\n|turn|24\n|inactive|suntopia_ has 120 seconds left.\n|\n|t:|1733769144\n|switch|p1a: Registeel|Registeel, L81|118/262 par\n|-activate|p1a: Registeel|move: Sticky Web\n|-fail|p1a: Registeel|unboost|[from] ability: Clear Body|[of] p1a: Registeel\n|move|p2a: Jirachi|Drain Punch|p1a: Registeel\n|-supereffective|p1a: Registeel\n|-damage|p1a: Registeel|54/262 par\n|-heal|p2a: Jirachi|117/291|[from] drain|[of] p1a: Registeel\n|\n|upkeep\n|turn|25\n|\n|t:|1733769154\n|move|p2a: Jirachi|Drain Punch|p1a: Registeel\n|-supereffective|p1a: Registeel\n|-damage|p1a: Registeel|0 fnt\n|-heal|p2a: Jirachi|144/291|[from] drain|[of] p1a: Registeel\n|faint|p1a: Registeel\n|\n|upkeep\n|\n|t:|1733769159\n|switch|p1a: Hydrapple|Hydrapple, L83, M|312/312\n|-activate|p1a: Hydrapple|move: Sticky Web\n|-unboost|p1a: Hydrapple|spe|1\n|turn|26\n|\n|t:|1733769175\n|move|p2a: Jirachi|Body Slam|p1a: Hydrapple\n|-damage|p1a: Hydrapple|264/312\n|move|p1a: Hydrapple|Earth Power|p2a: Jirachi\n|-supereffective|p2a: Jirachi\n|-damage|p2a: Jirachi|50/291\n|\n|upkeep\n|turn|27\n|\n|t:|1733769189\n|move|p2a: Jirachi|U-turn|p1a: Hydrapple\n|-supereffective|p1a: Hydrapple\n|-damage|p1a: Hydrapple|188/312\n|\n|t:|1733769194\n|switch|p2a: Scream Tail|Scream Tail, L84|330/330|[from] U-turn\n|move|p1a: Hydrapple|Earth Power|p2a: Scream Tail\n|-damage|p2a: Scream Tail|265/330\n|\n|-heal|p2a: Scream Tail|285/330|[from] item: Leftovers\n|upkeep\n|turn|28\n|\n|t:|1733769215\n|-terastallize|p1a: Hydrapple|Steel\n|move|p2a: Scream Tail|Play Rough|p1a: Hydrapple\n|-resisted|p1a: Hydrapple\n|-damage|p1a: Hydrapple|155/312\n|move|p1a: Hydrapple|Giga Drain|p2a: Scream Tail\n|-crit|p2a: Scream Tail\n|-damage|p2a: Scream Tail|176/330\n|-heal|p1a: Hydrapple|210/312|[from] drain|[of] p2a: Scream Tail\n|\n|-heal|p2a: Scream Tail|196/330|[from] item: Leftovers\n|upkeep\n|turn|29\n|\n|t:|1733769236\n|move|p2a: Scream Tail|Play Rough|p1a: Hydrapple\n|-resisted|p1a: Hydrapple\n|-damage|p1a: Hydrapple|178/312\n|move|p1a: Hydrapple|Giga Drain|p2a: Scream Tail\n|-damage|p2a: Scream Tail|123/330\n|-heal|p1a: Hydrapple|215/312|[from] drain|[of] p2a: Scream Tail\n|\n|-heal|p2a: Scream Tail|143/330|[from] item: Leftovers\n|upkeep\n|turn|30\n|\n|t:|1733769250\n|move|p2a: Scream Tail|Protect|p2a: Scream Tail\n|-singleturn|p2a: Scream Tail|Protect\n|move|p1a: Hydrapple|Earth Power|p2a: Scream Tail\n|-activate|p2a: Scream Tail|move: Protect\n|\n|-heal|p2a: Scream Tail|163/330|[from] item: Leftovers\n|upkeep\n|turn|31\n|\n|t:|1733769259\n|move|p2a: Scream Tail|Wish|p2a: Scream Tail\n|move|p1a: Hydrapple|Earth Power|p2a: Scream Tail\n|-damage|p2a: Scream Tail|105/330\n|\n|-heal|p2a: Scream Tail|125/330|[from] item: Leftovers\n|upkeep\n|turn|32\n|\n|t:|1733769269\n|move|p2a: Scream Tail|Thunder Wave|p1a: Hydrapple\n|-status|p1a: Hydrapple|par\n|move|p1a: Hydrapple|Giga Drain|p2a: Scream Tail\n|-damage|p2a: Scream Tail|50/330\n|-heal|p1a: Hydrapple|253/312 par|[from] drain|[of] p2a: Scream Tail\n|\n|-heal|p2a: Scream Tail|215/330|[from] move: Wish|[wisher] Scream Tail\n|-heal|p2a: Scream Tail|235/330|[from] item: Leftovers\n|upkeep\n|turn|33\n|\n|t:|1733769281\n|move|p2a: Scream Tail|Wish|p2a: Scream Tail\n|cant|p1a: Hydrapple|par\n|\n|-heal|p2a: Scream Tail|255/330|[from] item: Leftovers\n|upkeep\n|turn|34\n|c|\u2606suntopia_|ur so fucking fat\n|\n|t:|1733769298\n|-end|p2a: Scream Tail|Protosynthesis|[silent]\n|switch|p2a: Jirachi|Jirachi, L80|50/291\n|move|p1a: Hydrapple|Giga Drain|p2a: Jirachi\n|-resisted|p2a: Jirachi\n|-damage|p2a: Jirachi|18/291\n|-heal|p1a: Hydrapple|269/312 par|[from] drain|[of] p2a: Jirachi\n|\n|-heal|p2a: Jirachi|183/291|[from] move: Wish|[wisher] Scream Tail\n|upkeep\n|turn|35\n|\n|t:|1733769308\n|move|p2a: Jirachi|Drain Punch|p1a: Hydrapple\n|-supereffective|p1a: Hydrapple\n|-damage|p1a: Hydrapple|185/312 par\n|-heal|p2a: Jirachi|225/291|[from] drain|[of] p1a: Hydrapple\n|cant|p1a: Hydrapple|par\n|\n|upkeep\n|turn|36\n|\n|t:|1733769316\n|move|p2a: Jirachi|Drain Punch|p1a: Hydrapple\n|-supereffective|p1a: Hydrapple\n|-damage|p1a: Hydrapple|101/312 par\n|-heal|p2a: Jirachi|267/291|[from] drain|[of] p1a: Hydrapple\n|move|p1a: Hydrapple|Earth Power|p2a: Jirachi\n|-supereffective|p2a: Jirachi\n|-damage|p2a: Jirachi|165/291\n|\n|upkeep\n|turn|37\n|\n|t:|1733769326\n|move|p2a: Jirachi|Drain Punch|p1a: Hydrapple\n|-supereffective|p1a: Hydrapple\n|-damage|p1a: Hydrapple|15/312 par\n|-heal|p2a: Jirachi|208/291|[from] drain|[of] p1a: Hydrapple\n|move|p1a: Hydrapple|Dragon Tail|p2a: Jirachi|[miss]\n|-miss|p1a: Hydrapple|p2a: Jirachi\n|\n|upkeep\n|turn|38\n|\n|t:|1733769336\n|move|p2a: Jirachi|Drain Punch|p1a: Hydrapple\n|-supereffective|p1a: Hydrapple\n|-damage|p1a: Hydrapple|0 fnt\n|-heal|p2a: Jirachi|216/291|[from] drain|[of] p1a: Hydrapple\n|faint|p1a: Hydrapple\n|\n|upkeep\n|\n|t:|1733769339\n|switch|p1a: Dragalge|Dragalge, L88, F|114/258\n|-activate|p1a: Dragalge|move: Sticky Web\n|-unboost|p1a: Dragalge|spe|1\n|turn|39\n|\n|t:|1733769366\n|move|p2a: Jirachi|Body Slam|p1a: Dragalge\n|-damage|p1a: Dragalge|62/258\n|move|p1a: Dragalge|Sludge Wave|p2a: Jirachi\n|-immune|p2a: Jirachi\n|\n|upkeep\n|turn|40\n|-message|suntopia_ forfeited.\n|\n|win|Shnurgly\n", "inputlog": ">version bfd83cad13791eb5a5a409923076391caf6fb4d4\n>start {\"formatid\":\"gen9randombattle\",\"seed\":[22347,41982,43730,14952],\"rated\":\"Rated battle\"}\n>player p1 {\"name\":\"suntopia_\",\"avatar\":\"169\",\"rating\":1119,\"seed\":[21701,36669,62985,21298]}\n>player p2 {\"name\":\"Shnurgly\",\"avatar\":\"2\",\"rating\":1150,\"seed\":[28440,51557,6788,2055]}\n>p1 move icebeam\n>p2 switch 4\n>p1 move icebeam\n>p2 move stickyweb\n>p1 move icebeam\n>p2 move knockoff\n>p2 switch 4\n>p1 switch 2\n>p2 move earthquake\n>p1 move closecombat\n>p2 move playrough terastallize\n>p1 switch 2\n>p1 move hydropump\n>p2 move playrough\n>p2 switch 5\n>p1 switch 5\n>p2 move wish\n>p1 switch 5\n>p2 switch 3\n>p1 move shadowball\n>p2 move uturn\n>p2 switch 6\n>p1 switch 5\n>p2 move bulletseed\n>p1 move focusblast\n>p2 switch 6\n>p1 move focusblast\n>p2 switch 3\n>p1 switch 4\n>p2 move thunderwave\n>p1 move ironhead\n>p2 switch 3\n>p1 move bodypress\n>p2 move drainpunch\n>p1 move bodypress\n>p2 move drainpunch\n>p1 switch 6\n>p2 move drainpunch\n>p1 move bravebird\n>p2 move bodyslam\n>p1 move bravebird\n>p2 move ironhead\n>p1 switch 5\n>p1 move hydropump\n>p2 move uturn\n>p2 switch 6\n>p1 move hydropump\n>p2 move bulletseed\n>p1 switch 4\n>p1 move sludgewave\n>p2 move boomburst\n>p2 switch 6\n>p1 move sludgewave\n>p2 move drainpunch\n>p1 switch 6\n>p2 move drainpunch\n>p1 move rest\n>p2 move drainpunch\n>p1 switch 3\n>p1 move earthpower\n>p2 move bodyslam\n>p1 move earthpower\n>p2 move uturn\n>p2 switch 3\n>p1 move gigadrain terastallize\n>p2 move playrough\n>p1 move gigadrain\n>p2 move playrough\n>p1 move earthpower\n>p2 move protect\n>p1 move earthpower\n>p2 move wish\n>p1 move gigadrain\n>p2 move thunderwave\n>p1 move gigadrain\n>p2 move wish\n>chat \u2606suntopia_|ur so fucking fat\n>p1 move gigadrain\n>p2 switch 3\n>p1 move earthpower\n>p2 move drainpunch\n>p1 move earthpower\n>p2 move drainpunch\n>p1 move dragontail\n>p2 move drainpunch\n>p1 move earthpower\n>p2 move drainpunch\n>p1 switch 6\n>p1 move sludgewave\n>p2 move bodyslam\n>forcelose p1", "uploadtime": 1733769294, "views": 1, "formatid": "gen9randombattle", "rating": null, "private": 0, "password": null}