{"id": "gen9randombattle-2094870185", "format": "[Gen 9] Random Battle", "players": ["Mr.Fuji245", "TeamCapinTeamCapon"], "log": "|badge|p1|bronze|gen9randombattle|100-1\n|uhtml|medal-msg|<div class=\"broadcast-blue\">Curious what those medals under the avatar are? PS now has Ladder Seasons! For more information, check out the <a href=\"https://www.smogon.com/forums/threads/3740067/\">thread on Smogon.</a></div>\n|badge|p2|bronze|gen9randombattle|100-1\n|uhtml|medal-msg|<div class=\"broadcast-blue\">Curious what those medals under the avatar are? PS now has Ladder Seasons! For more information, check out the <a href=\"https://www.smogon.com/forums/threads/3740067/\">thread on Smogon.</a></div>\n|j|\u2606Mr.Fuji245\n|j|\u2606TeamCapinTeamCapon\n|t:|1712121218\n|gametype|singles\n|player|p1|Mr.Fuji245|mrfuji-gen3|2306\n|player|p2|TeamCapinTeamCapon|backersf|2303\n|teamsize|p1|6\n|teamsize|p2|6\n|gen|9\n|tier|[Gen 9] Random Battle\n|rated|\n|rule|Species Clause: Limit one of each Pok\u00e9mon\n|rule|HP Percentage Mod: HP is shown in percentages\n|rule|Sleep Clause Mod: Limit one foe put to sleep\n|rule|Illusion Level Mod: Illusion disguises the Pok\u00e9mon's true level\n|\n|t:|1712121218\n|start\n|switch|p1a: Camerupt|Camerupt, L91, M|275/275\n|switch|p2a: Arbok|Arbok, L87, F|246/246\n|-ability|p2a: Arbok|Intimidate|boost\n|-unboost|p1a: Camerupt|atk|1\n|turn|1\n|\n|t:|1712121229\n|move|p2a: Arbok|Toxic Spikes|p1a: Camerupt\n|-sidestart|p1: Mr.Fuji245|move: Toxic Spikes\n|move|p1a: Camerupt|Earthquake|p2a: Arbok\n|-supereffective|p2a: Arbok\n|-damage|p2a: Arbok|52/246\n|\n|upkeep\n|turn|2\n|\n|t:|1712121243\n|move|p2a: Arbok|Toxic Spikes|p1a: Camerupt\n|-sidestart|p1: Mr.Fuji245|move: Toxic Spikes\n|move|p1a: Camerupt|Stealth Rock|p2a: Arbok\n|-sidestart|p2: TeamCapinTeamCapon|move: Stealth Rock\n|\n|upkeep\n|turn|3\n|\n|t:|1712121246\n|move|p2a: Arbok|Earthquake|p1a: Camerupt\n|-supereffective|p1a: Camerupt\n|-damage|p1a: Camerupt|145/275\n|move|p1a: Camerupt|Earthquake|p2a: Arbok\n|-supereffective|p2a: Arbok\n|-damage|p2a: Arbok|0 fnt\n|faint|p2a: Arbok\n|\n|-heal|p1a: Camerupt|162/275|[from] item: Leftovers\n|upkeep\n|inactive|Battle timer is ON: inactive players will automatically lose when time's up. (requested by Mr.Fuji245)\n|\n|t:|1712121256\n|switch|p2a: Moltres|Moltres, L81|278/278\n|turn|4\n|\n|t:|1712121275\n|switch|p1a: Kyurem|Kyurem, L77|319/319\n|-ability|p1a: Kyurem|Pressure\n|move|p2a: Moltres|Scorching Sands|p1a: Kyurem\n|-damage|p1a: Kyurem|255/319\n|-status|p1a: Kyurem|brn\n|\n|-damage|p1a: Kyurem|236/319 brn|[from] brn\n|upkeep\n|turn|5\n|\n|t:|1712121292\n|switch|p2a: Glastrier|Glastrier, L86|311/311\n|-damage|p2a: Glastrier|234/311|[from] Stealth Rock\n|move|p1a: Kyurem|Draco Meteor|p2a: Glastrier\n|-damage|p2a: Glastrier|113/311\n|-unboost|p1a: Kyurem|spa|2\n|\n|-damage|p1a: Kyurem|217/319 brn|[from] brn\n|upkeep\n|turn|6\n|\n|t:|1712121311\n|move|p1a: Kyurem|Draco Meteor|p2a: Glastrier\n|-damage|p2a: Glastrier|50/311\n|-unboost|p1a: Kyurem|spa|2\n|move|p2a: Glastrier|Close Combat|p1a: Kyurem\n|-supereffective|p1a: Kyurem\n|-damage|p1a: Kyurem|0 fnt\n|-unboost|p2a: Glastrier|def|1\n|-unboost|p2a: Glastrier|spd|1\n|faint|p1a: Kyurem\n|-ability|p2a: Glastrier|Chilling Neigh|boost\n|-boost|p2a: Glastrier|atk|1\n|\n|upkeep\n|\n|t:|1712121314\n|switch|p1a: Victreebel|Victreebel, L90, M|290/290\n|-sideend|p1: Mr.Fuji245|move: Toxic Spikes|[of] p1a: Victreebel\n|turn|7\n|\n|t:|1712121327\n|move|p1a: Victreebel|Sludge Wave|p2a: Glastrier\n|-damage|p2a: Glastrier|0 fnt\n|faint|p2a: Glastrier\n|-damage|p1a: Victreebel|261/290|[from] item: Life Orb\n|\n|upkeep\n|\n|t:|1712121330\n|switch|p2a: Moltres|Moltres, L81|278/278\n|turn|8\n|\n|t:|1712121333\n|switch|p1a: Lanturn|Lanturn, L89, F|367/367\n|move|p2a: Moltres|Brave Bird|p1a: Lanturn\n|-resisted|p1a: Lanturn\n|-damage|p1a: Lanturn|294/367\n|-damage|p2a: Moltres|254/278|[from] Recoil\n|\n|-heal|p1a: Lanturn|316/367|[from] item: Leftovers\n|upkeep\n|turn|9\n|j| Jormaguy\n|l| Jormaguy\n|\n|t:|1712121348\n|switch|p2a: Hypno|Hypno, L95, F|315/315\n|-damage|p2a: Hypno|276/315|[from] Stealth Rock\n|move|p1a: Lanturn|Scald|p2a: Hypno\n|-damage|p2a: Hypno|222/315\n|\n|-heal|p2a: Hypno|241/315|[from] item: Leftovers\n|-heal|p1a: Lanturn|338/367|[from] item: Leftovers\n|upkeep\n|turn|10\n|\n|t:|1712121367\n|switch|p1a: Meganium|Meganium, L90, F|290/290\n|move|p2a: Hypno|Toxic|p1a: Meganium\n|-status|p1a: Meganium|tox\n|\n|-heal|p2a: Hypno|260/315|[from] item: Leftovers\n|-damage|p1a: Meganium|272/290 tox|[from] psn\n|upkeep\n|turn|11\n|\n|t:|1712121376\n|move|p2a: Hypno|Protect|p2a: Hypno\n|-singleturn|p2a: Hypno|Protect\n|move|p1a: Meganium|Knock Off|p2a: Hypno\n|-activate|p2a: Hypno|move: Protect\n|\n|-heal|p1a: Meganium|290/290 tox|[from] item: Leftovers\n|-heal|p2a: Hypno|279/315|[from] item: Leftovers\n|-damage|p1a: Meganium|254/290 tox|[from] psn\n|upkeep\n|turn|12\n|\n|t:|1712121380\n|switch|p2a: Moltres|Moltres, L81|254/278\n|move|p1a: Meganium|Knock Off|p2a: Moltres\n|-damage|p2a: Moltres|184/278\n|-enditem|p2a: Moltres|Heavy-Duty Boots|[from] move: Knock Off|[of] p1a: Meganium\n|\n|-heal|p1a: Meganium|272/290 tox|[from] item: Leftovers\n|-damage|p1a: Meganium|218/290 tox|[from] psn\n|upkeep\n|turn|13\n|\n|t:|1712121392\n|move|p1a: Meganium|Encore||[still]\n|-fail|p1a: Meganium\n|move|p2a: Moltres|Scorching Sands|p1a: Meganium\n|-resisted|p1a: Meganium\n|-damage|p1a: Meganium|195/290 tox\n|\n|-heal|p1a: Meganium|213/290 tox|[from] item: Leftovers\n|-damage|p1a: Meganium|141/290 tox|[from] psn\n|upkeep\n|turn|14\n|\n|t:|1712121416\n|move|p1a: Meganium|Encore|p2a: Moltres\n|-start|p2a: Moltres|Encore\n|move|p2a: Moltres|Scorching Sands|p1a: Meganium\n|-resisted|p1a: Meganium\n|-damage|p1a: Meganium|115/290 tox\n|\n|-heal|p1a: Meganium|133/290 tox|[from] item: Leftovers\n|-damage|p1a: Meganium|43/290 tox|[from] psn\n|upkeep\n|turn|15\n|\n|t:|1712121420\n|move|p1a: Meganium|Knock Off|p2a: Moltres\n|-damage|p2a: Moltres|135/278\n|move|p2a: Moltres|Scorching Sands|p1a: Meganium\n|-resisted|p1a: Meganium\n|-damage|p1a: Meganium|17/290 tox\n|\n|-heal|p1a: Meganium|35/290 tox|[from] item: Leftovers\n|-damage|p1a: Meganium|0 fnt|[from] psn\n|faint|p1a: Meganium\n|upkeep\n|\n|t:|1712121434\n|switch|p1a: Lanturn|Lanturn, L89, F|338/367\n|turn|16\n|\n|t:|1712121442\n|move|p2a: Moltres|Scorching Sands|p1a: Lanturn\n|-supereffective|p1a: Lanturn\n|-damage|p1a: Lanturn|226/367\n|move|p1a: Lanturn|Thunderbolt|p2a: Moltres\n|-supereffective|p2a: Moltres\n|-damage|p2a: Moltres|0 fnt\n|faint|p2a: Moltres\n|\n|-heal|p1a: Lanturn|248/367|[from] item: Leftovers\n|upkeep\n|\n|t:|1712121446\n|switch|p2a: Hypno|Hypno, L95, F|279/315\n|-damage|p2a: Hypno|240/315|[from] Stealth Rock\n|turn|17\n|\n|t:|1712121465\n|switch|p1a: Camerupt|Camerupt, L91, M|162/275\n|move|p2a: Hypno|Toxic|p1a: Camerupt\n|-status|p1a: Camerupt|tox\n|\n|-heal|p2a: Hypno|259/315|[from] item: Leftovers\n|-heal|p1a: Camerupt|179/275 tox|[from] item: Leftovers\n|-damage|p1a: Camerupt|162/275 tox|[from] psn\n|upkeep\n|turn|18\n|\n|t:|1712121473\n|move|p2a: Hypno|Protect|p2a: Hypno\n|-singleturn|p2a: Hypno|Protect\n|move|p1a: Camerupt|Earthquake|p2a: Hypno\n|-activate|p2a: Hypno|move: Protect\n|\n|-heal|p2a: Hypno|278/315|[from] item: Leftovers\n|-heal|p1a: Camerupt|179/275 tox|[from] item: Leftovers\n|-damage|p1a: Camerupt|145/275 tox|[from] psn\n|upkeep\n|turn|19\n|\n|t:|1712121477\n|switch|p2a: Latios|Latios, L78, M|253/253\n|-damage|p2a: Latios|222/253|[from] Stealth Rock\n|move|p1a: Camerupt|Earthquake|p2a: Latios\n|-immune|p2a: Latios|[from] ability: Levitate\n|\n|-heal|p1a: Camerupt|162/275 tox|[from] item: Leftovers\n|-damage|p1a: Camerupt|111/275 tox|[from] psn\n|upkeep\n|turn|20\n|\n|t:|1712121484\n|move|p2a: Latios|Calm Mind|p2a: Latios\n|-boost|p2a: Latios|spa|1\n|-boost|p2a: Latios|spd|1\n|move|p1a: Camerupt|Will-O-Wisp|p2a: Latios\n|-status|p2a: Latios|brn\n|\n|-heal|p1a: Camerupt|128/275 tox|[from] item: Leftovers\n|-damage|p1a: Camerupt|60/275 tox|[from] psn\n|-damage|p2a: Latios|207/253 brn|[from] brn\n|upkeep\n|turn|21\n|\n|t:|1712121488\n|move|p2a: Latios|Calm Mind|p2a: Latios\n|-boost|p2a: Latios|spa|1\n|-boost|p2a: Latios|spd|1\n|move|p1a: Camerupt|Overheat|p2a: Latios\n|-resisted|p2a: Latios\n|-damage|p2a: Latios|166/253 brn\n|-unboost|p1a: Camerupt|spa|2\n|\n|-heal|p1a: Camerupt|77/275 tox|[from] item: Leftovers\n|-damage|p1a: Camerupt|0 fnt|[from] psn\n|faint|p1a: Camerupt\n|-damage|p2a: Latios|151/253 brn|[from] brn\n|upkeep\n|\n|t:|1712121492\n|switch|p1a: Mienshao|Mienshao, L83, F|244/244\n|turn|22\n|\n|t:|1712121505\n|-terastallize|p2a: Latios|Steel\n|move|p1a: Mienshao|Fake Out|p2a: Latios\n|-resisted|p2a: Latios\n|-damage|p2a: Latios|131/253 brn\n|cant|p2a: Latios|flinch\n|\n|-damage|p2a: Latios|116/253 brn|[from] brn\n|upkeep\n|turn|23\n|\n|t:|1712121512\n|move|p1a: Mienshao|Close Combat|p2a: Latios\n|-supereffective|p2a: Latios\n|-damage|p2a: Latios|0 fnt\n|-unboost|p1a: Mienshao|def|1\n|-unboost|p1a: Mienshao|spd|1\n|faint|p2a: Latios\n|\n|upkeep\n|\n|t:|1712121514\n|switch|p2a: Hypno|Hypno, L95, F|278/315\n|-damage|p2a: Hypno|239/315|[from] Stealth Rock\n|turn|24\n|\n|t:|1712121523\n|move|p1a: Mienshao|U-turn|p2a: Hypno\n|-supereffective|p2a: Hypno\n|-damage|p2a: Hypno|117/315\n|\n|t:|1712121526\n|switch|p1a: Lanturn|Lanturn, L89, F|248/367|[from] U-turn\n|move|p2a: Hypno|Psychic Noise|p1a: Lanturn\n|-crit|p1a: Lanturn\n|-damage|p1a: Lanturn|106/367\n|-start|p1a: Lanturn|move: Heal Block\n|\n|-heal|p2a: Hypno|136/315|[from] item: Leftovers\n|upkeep\n|turn|25\n|\n|t:|1712121535\n|move|p2a: Hypno|Psychic Noise|p1a: Lanturn\n|-damage|p1a: Lanturn|24/367\n|-fail|p1a: Lanturn|move: Heal Block\n|move|p1a: Lanturn|Thunderbolt|p2a: Hypno\n|-damage|p2a: Hypno|73/315\n|\n|-heal|p2a: Hypno|92/315|[from] item: Leftovers\n|-end|p1a: Lanturn|move: Heal Block\n|upkeep\n|turn|26\n|\n|t:|1712121541\n|move|p2a: Hypno|Protect|p2a: Hypno\n|-singleturn|p2a: Hypno|Protect\n|move|p1a: Lanturn|Thunderbolt|p2a: Hypno\n|-activate|p2a: Hypno|move: Protect\n|\n|-heal|p2a: Hypno|111/315|[from] item: Leftovers\n|-heal|p1a: Lanturn|46/367|[from] item: Leftovers\n|upkeep\n|turn|27\n|\n|t:|1712121543\n|move|p2a: Hypno|Psychic Noise|p1a: Lanturn\n|-damage|p1a: Lanturn|0 fnt\n|faint|p1a: Lanturn\n|\n|-heal|p2a: Hypno|130/315|[from] item: Leftovers\n|upkeep\n|\n|t:|1712121545\n|switch|p1a: Mienshao|Mienshao, L83, F|244/244\n|turn|28\n|\n|t:|1712121548\n|move|p2a: Hypno|Protect|p2a: Hypno\n|-singleturn|p2a: Hypno|Protect\n|move|p1a: Mienshao|Fake Out|p2a: Hypno\n|-activate|p2a: Hypno|move: Protect\n|\n|-heal|p2a: Hypno|149/315|[from] item: Leftovers\n|upkeep\n|turn|29\n|\n|t:|1712121554\n|-terastallize|p1a: Mienshao|Dark\n|move|p1a: Mienshao|Knock Off|p2a: Hypno\n|-supereffective|p2a: Hypno\n|-damage|p2a: Hypno|0 fnt\n|-enditem|p2a: Hypno|Leftovers|[from] move: Knock Off|[of] p1a: Mienshao\n|faint|p2a: Hypno\n|\n|upkeep\n|\n|t:|1712121557\n|switch|p2a: Minior|Minior, L79|223/223\n|-damage|p2a: Minior|168/223|[from] Stealth Rock\n|-formechange|p2a: Minior|Minior-Meteor||[from] ability: Shields Down\n|turn|30\n|\n|t:|1712121563\n|move|p1a: Mienshao|Close Combat|p2a: Minior\n|-damage|p2a: Minior|18/223\n|-unboost|p1a: Mienshao|def|1\n|-unboost|p1a: Mienshao|spd|1\n|move|p2a: Minior|Shell Smash|p2a: Minior\n|-unboost|p2a: Minior|def|1\n|-unboost|p2a: Minior|spd|1\n|-boost|p2a: Minior|atk|2\n|-boost|p2a: Minior|spa|2\n|-boost|p2a: Minior|spe|2\n|-enditem|p2a: Minior|White Herb\n|-clearnegativeboost|p2a: Minior|[silent]\n|\n|-formechange|p2a: Minior|Minior||[from] ability: Shields Down\n|upkeep\n|turn|31\n|\n|t:|1712121568\n|switch|p1a: Victreebel|Victreebel, L90, M|261/290\n|move|p2a: Minior|Shell Smash|p2a: Minior\n|-unboost|p2a: Minior|def|1\n|-unboost|p2a: Minior|spd|1\n|-boost|p2a: Minior|atk|2\n|-boost|p2a: Minior|spa|2\n|-boost|p2a: Minior|spe|2\n|\n|upkeep\n|turn|32\n|\n|t:|1712121572\n|move|p1a: Victreebel|Sucker Punch|p2a: Minior\n|-damage|p2a: Minior|0 fnt\n|faint|p2a: Minior\n|-damage|p1a: Victreebel|232/290|[from] item: Life Orb\n|\n|win|Mr.Fuji245\n|raw|Mr.Fuji245's rating: 2306 &rarr; <strong>2326</strong><br />(+20 for winning)\n|raw|TeamCapinTeamCapon's rating: 2303 &rarr; <strong>2283</strong><br />(-20 for losing)\n|c|\u2606Mr.Fuji245|gg\n|l|\u2606TeamCapinTeamCapon\n|player|p2|\n|l|\u2606Mr.Fuji245\n|player|p1|\n", "inputlog": ">version 5e6884075e425dc5b64255756e621f094dcccacd\n>start {\"formatid\":\"gen9randombattle\",\"seed\":[44433,40677,28095,36016],\"rated\":\"Rated battle\"}\n>player p1 {\"name\":\"Mr.Fuji245\",\"avatar\":\"mrfuji-gen3\",\"rating\":2306,\"seed\":[25199,59611,56055,55777]}\n>player p2 {\"name\":\"TeamCapinTeamCapon\",\"avatar\":\"backersf\",\"rating\":2303,\"seed\":[40277,36759,49956,57840]}\n>p1 move earthquake\n>p2 move toxicspikes\n>p1 move stealthrock\n>p2 move toxicspikes\n>p1 move earthquake\n>p2 move earthquake\n>p2 switch 2\n>p1 switch 4\n>p2 move scorchingsands\n>p1 move dracometeor\n>p2 switch 5\n>p1 move dracometeor\n>p2 move closecombat\n>p1 switch 5\n>p1 move sludgewave\n>p2 move closecombat\n>p2 switch 5\n>p1 switch 3\n>p2 move bravebird\n>p1 move scald\n>p2 switch 4\n>p1 switch 2\n>p2 move toxic\n>p1 move knockoff\n>p2 move protect\n>p1 move knockoff\n>p2 switch 4\n>p1 move encore\n>p2 move scorchingsands\n>p1 move encore\n>p2 move scorchingsands\n>p1 move knockoff\n>p2 move scorchingsands\n>p1 switch 2\n>p1 move thunderbolt\n>p2 move scorchingsands\n>p2 switch 4\n>p1 switch 4\n>p2 move toxic\n>p1 move earthquake\n>p2 move protect\n>p1 move earthquake\n>p2 switch 6\n>p1 move willowisp\n>p2 move calmmind\n>p1 move overheat\n>p2 move calmmind\n>p1 switch 6\n>p1 move fakeout\n>p2 move psyshock terastallize\n>p1 move closecombat\n>p2 move psyshock\n>p2 switch 6\n>p1 move uturn\n>p2 move psychicnoise\n>p1 switch 4\n>p1 move thunderbolt\n>p2 move psychicnoise\n>p1 move thunderbolt\n>p2 move protect\n>p1 move thunderbolt\n>p2 move psychicnoise\n>p1 switch 4\n>p1 move fakeout\n>p2 move protect\n>p1 move knockoff terastallize\n>p2 move psychicnoise\n>p2 switch 3\n>p1 move closecombat\n>p2 move shellsmash\n>p1 switch 3\n>p2 move shellsmash\n>p1 move suckerpunch\n>p2 move acrobatics", "uploadtime": 1712121645, "views": 244, "formatid": "gen9randombattle", "rating": 2283, "private": 0, "password": null}