{"id": "gen9randombattle-2127903454", "format": "[Gen 9] Random Battle", "players": ["PokeChess", "pokeblade\u2606101"], "log": "|badge|p2|silver|gen9randombattle|30-1\n|uhtml|medal-msg|<div class=\"broadcast-blue\">Curious what those medals under the avatar are? PS now has Ladder Seasons! For more information, check out the <a href=\"https://www.smogon.com/forums/threads/3740067/\">thread on Smogon.</a></div>\n|j|\u2606PokeChess\n|j|\u2606pokeblade\u2606101\n|t:|1716344865\n|gametype|singles\n|player|p1|PokeChess|cynthia-anime2|2224\n|player|p2|pokeblade\u2606101|#rbtt7teamchiyu|2419\n|teamsize|p1|6\n|teamsize|p2|6\n|gen|9\n|tier|[Gen 9] Random Battle\n|rated|\n|rule|Species Clause: Limit one of each Pok\u00e9mon\n|rule|HP Percentage Mod: HP is shown in percentages\n|rule|Sleep Clause Mod: Limit one foe put to sleep\n|rule|Illusion Level Mod: Illusion disguises the Pok\u00e9mon's true level\n|\n|t:|1716344865\n|start\n|switch|p1a: Oricorio|Oricorio, L84, M|263/263\n|switch|p2a: Torkoal|Torkoal, L88, F|266/266\n|-weather|SunnyDay|[from] ability: Drought|[of] p2a: Torkoal\n|turn|1\n|j| HUUKPTUH\n|inactive|Battle timer is ON: inactive players will automatically lose when time's up. (requested by PokeChess)\n|j| Popkid20\n|inactive|PokeChess has 120 seconds left.\n|\n|t:|1716344903\n|switch|p1a: Mew|Mew, L82|298/298\n|switch|p2a: Wigglytuff|Wigglytuff, L96, F|424/424\n|\n|-weather|SunnyDay|[upkeep]\n|upkeep\n|turn|2\n|\n|t:|1716344909\n|move|p1a: Mew|Stealth Rock|p2a: Wigglytuff\n|-sidestart|p2: pokeblade\u2606101|move: Stealth Rock\n|move|p2a: Wigglytuff|Knock Off|p1a: Mew\n|-supereffective|p1a: Mew\n|-damage|p1a: Mew|156/298\n|-enditem|p1a: Mew|Leftovers|[from] move: Knock Off|[of] p2a: Wigglytuff\n|\n|-weather|SunnyDay|[upkeep]\n|upkeep\n|turn|3\n|\n|t:|1716344923\n|move|p1a: Mew|Encore|p2a: Wigglytuff\n|-start|p2a: Wigglytuff|Encore\n|move|p2a: Wigglytuff|Knock Off|p1a: Mew\n|-supereffective|p1a: Mew\n|-damage|p1a: Mew|72/298\n|\n|-weather|SunnyDay|[upkeep]\n|upkeep\n|turn|4\n|\n|t:|1716344927\n|move|p1a: Mew|Knock Off|p2a: Wigglytuff\n|-resisted|p2a: Wigglytuff\n|-damage|p2a: Wigglytuff|378/424\n|-enditem|p2a: Wigglytuff|Leftovers|[from] move: Knock Off|[of] p1a: Mew\n|move|p2a: Wigglytuff|Knock Off|p1a: Mew\n|-supereffective|p1a: Mew\n|-damage|p1a: Mew|0 fnt\n|faint|p1a: Mew\n|\n|-weather|SunnyDay|[upkeep]\n|upkeep\n|inactive|PokeChess has 120 seconds left.\n|\n|t:|1716344964\n|switch|p1a: Eternatus|Eternatus, L69|308/308\n|-ability|p1a: Eternatus|Pressure\n|turn|5\n|inactive|PokeChess has 120 seconds left.\n|\n|t:|1716344979\n|switch|p2a: Torkoal|Torkoal, L88, F|266/266\n|move|p1a: Eternatus|Sludge Bomb|p2a: Torkoal\n|-damage|p2a: Torkoal|164/266\n|-status|p2a: Torkoal|psn\n|\n|-weather|none\n|-damage|p2a: Torkoal|131/266 psn|[from] psn\n|upkeep\n|turn|6\n|inactive|PokeChess has 120 seconds left.\n|\n|t:|1716344987\n|move|p1a: Eternatus|Sludge Bomb|p2a: Torkoal\n|-damage|p2a: Torkoal|29/266 psn\n|move|p2a: Torkoal|Rapid Spin|p1a: Eternatus\n|-damage|p1a: Eternatus|263/308\n|-boost|p2a: Torkoal|spe|1\n|-sideend|p2: pokeblade\u2606101|Stealth Rock|[from] move: Rapid Spin|[of] p2a: Torkoal\n|\n|-heal|p1a: Eternatus|282/308|[from] item: Leftovers\n|-damage|p2a: Torkoal|0 fnt|[from] psn\n|faint|p2a: Torkoal\n|upkeep\n|\n|t:|1716344994\n|switch|p2a: Dragalge|Dragalge, L88, F|258/258\n|turn|7\n|inactive|PokeChess has 120 seconds left.\n|\n|t:|1716345012\n|switch|p1a: Sableye|Sableye, L90, F|236/236\n|move|p2a: Dragalge|Draco Meteor|p1a: Sableye\n|-damage|p1a: Sableye|0 fnt\n|-unboost|p2a: Dragalge|spa|2\n|faint|p1a: Sableye\n|\n|upkeep\n|inactive|PokeChess has 120 seconds left.\n|inactive|PokeChess has 90 seconds left.\n|\n|t:|1716345061\n|switch|p1a: Oricorio|Oricorio, L84, M|263/263\n|turn|8\n|\n|t:|1716345081\n|switch|p2a: Wigglytuff|Wigglytuff, L96, F|378/424\n|move|p1a: Oricorio|Quiver Dance|p1a: Oricorio\n|-boost|p1a: Oricorio|spa|1\n|-boost|p1a: Oricorio|spd|1\n|-boost|p1a: Oricorio|spe|1\n|\n|upkeep\n|turn|9\n|inactive|PokeChess has 90 seconds left.\n|inactive|PokeChess has 60 seconds left.\n|\n|t:|1716345123\n|-terastallize|p1a: Oricorio|Ground\n|move|p1a: Oricorio|Quiver Dance|p1a: Oricorio\n|-boost|p1a: Oricorio|spa|1\n|-boost|p1a: Oricorio|spd|1\n|-boost|p1a: Oricorio|spe|1\n|move|p2a: Wigglytuff|Alluring Voice|p1a: Oricorio\n|-damage|p1a: Oricorio|205/263\n|-start|p1a: Oricorio|confusion\n|\n|upkeep\n|turn|10\n|inactive|PokeChess has 60 seconds left.\n|\n|t:|1716345138\n|-activate|p1a: Oricorio|confusion\n|move|p1a: Oricorio|Quiver Dance|p1a: Oricorio\n|-boost|p1a: Oricorio|spa|1\n|-boost|p1a: Oricorio|spd|1\n|-boost|p1a: Oricorio|spe|1\n|move|p2a: Wigglytuff|Knock Off|p1a: Oricorio\n|-damage|p1a: Oricorio|126/263\n|-enditem|p1a: Oricorio|Heavy-Duty Boots|[from] move: Knock Off|[of] p2a: Wigglytuff\n|\n|upkeep\n|turn|11\n|\n|t:|1716345143\n|-activate|p1a: Oricorio|confusion\n|move|p1a: Oricorio|Roost|p1a: Oricorio\n|-heal|p1a: Oricorio|258/263\n|move|p2a: Wigglytuff|Knock Off|p1a: Oricorio\n|-crit|p1a: Oricorio\n|-damage|p1a: Oricorio|178/263\n|\n|upkeep\n|turn|12\n|\n|t:|1716345148\n|-activate|p1a: Oricorio|confusion\n|move|p1a: Oricorio|Quiver Dance|p1a: Oricorio\n|-boost|p1a: Oricorio|spa|1\n|-boost|p1a: Oricorio|spd|1\n|-boost|p1a: Oricorio|spe|1\n|move|p2a: Wigglytuff|Knock Off|p1a: Oricorio\n|-damage|p1a: Oricorio|119/263\n|\n|upkeep\n|turn|13\n|\n|t:|1716345153\n|-activate|p1a: Oricorio|confusion\n|-damage|p1a: Oricorio|100/263|[from] confusion\n|move|p2a: Wigglytuff|Knock Off|p1a: Oricorio\n|-damage|p1a: Oricorio|43/263\n|\n|upkeep\n|turn|14\n|\n|t:|1716345156\n|-end|p1a: Oricorio|confusion\n|move|p1a: Oricorio|Roost|p1a: Oricorio\n|-heal|p1a: Oricorio|175/263\n|move|p2a: Wigglytuff|Knock Off|p1a: Oricorio\n|-damage|p1a: Oricorio|121/263\n|\n|upkeep\n|turn|15\n|\n|t:|1716345160\n|move|p1a: Oricorio|Roost|p1a: Oricorio\n|-heal|p1a: Oricorio|253/263\n|move|p2a: Wigglytuff|Knock Off|p1a: Oricorio\n|-damage|p1a: Oricorio|202/263\n|\n|upkeep\n|turn|16\n|\n|t:|1716345168\n|move|p1a: Oricorio|Roost|p1a: Oricorio\n|-heal|p1a: Oricorio|263/263\n|move|p2a: Wigglytuff|Knock Off|p1a: Oricorio\n|-damage|p1a: Oricorio|202/263\n|\n|upkeep\n|turn|17\n|inactive|PokeChess has 120 seconds left.\n|\n|t:|1716345189\n|move|p1a: Oricorio|Revelation Dance|p2a: Wigglytuff\n|-damage|p2a: Wigglytuff|0 fnt\n|faint|p2a: Wigglytuff\n|\n|upkeep\n|\n|t:|1716345197\n|switch|p2a: Wugtrio|Wugtrio, L91, M|212/212\n|turn|18\n|\n|t:|1716345207\n|switch|p1a: Eternatus|Eternatus, L69|282/308\n|-ability|p1a: Eternatus|Pressure\n|-terastallize|p2a: Wugtrio|Water\n|move|p2a: Wugtrio|Aqua Jet|p1a: Eternatus\n|-resisted|p1a: Eternatus\n|-damage|p1a: Eternatus|221/308\n|\n|-heal|p1a: Eternatus|240/308|[from] item: Leftovers\n|upkeep\n|turn|19\n|inactive|PokeChess has 120 seconds left.\n|\n|t:|1716345217\n|switch|p2a: Magearna|Magearna-Original, L77|250/250\n|move|p1a: Eternatus|Dynamax Cannon|p2a: Magearna\n|-immune|p2a: Magearna\n|\n|-heal|p1a: Eternatus|259/308|[from] item: Leftovers\n|upkeep\n|turn|20\n|inactive|PokeChess has 120 seconds left.\n|\n|t:|1716345233\n|switch|p2a: Wugtrio|Wugtrio, L91, M, tera:Water|212/212\n|move|p1a: Eternatus|Fire Blast|p2a: Wugtrio\n|-resisted|p2a: Wugtrio\n|-damage|p2a: Wugtrio|169/212\n|-status|p2a: Wugtrio|brn\n|\n|-heal|p1a: Eternatus|278/308|[from] item: Leftovers\n|-damage|p2a: Wugtrio|156/212 brn|[from] brn\n|upkeep\n|turn|21\n|inactive|PokeChess has 120 seconds left.\n|c|\u2606pokeblade\u2606101|lol\n|c|\u2606pokeblade\u2606101|man\n|c|\u2606PokeChess|mb\n|inactive|PokeChess has 90 seconds left.\n|\n|t:|1716345274\n|move|p2a: Wugtrio|Stomping Tantrum|p1a: Eternatus\n|-supereffective|p1a: Eternatus\n|-damage|p1a: Eternatus|173/308\n|move|p1a: Eternatus|Dynamax Cannon|p2a: Wugtrio\n|-damage|p2a: Wugtrio|50/212 brn\n|\n|-heal|p1a: Eternatus|192/308|[from] item: Leftovers\n|-damage|p2a: Wugtrio|37/212 brn|[from] brn\n|upkeep\n|turn|22\n|\n|t:|1716345279\n|move|p2a: Wugtrio|Stomping Tantrum|p1a: Eternatus\n|-supereffective|p1a: Eternatus\n|-crit|p1a: Eternatus\n|-damage|p1a: Eternatus|16/308\n|move|p1a: Eternatus|Recover|p1a: Eternatus\n|-heal|p1a: Eternatus|170/308\n|\n|-heal|p1a: Eternatus|189/308|[from] item: Leftovers\n|-damage|p2a: Wugtrio|24/212 brn|[from] brn\n|upkeep\n|turn|23\n|\n|t:|1716345282\n|move|p2a: Wugtrio|Stomping Tantrum|p1a: Eternatus\n|-supereffective|p1a: Eternatus\n|-damage|p1a: Eternatus|74/308\n|move|p1a: Eternatus|Recover|p1a: Eternatus\n|-heal|p1a: Eternatus|228/308\n|\n|-heal|p1a: Eternatus|247/308|[from] item: Leftovers\n|-damage|p2a: Wugtrio|11/212 brn|[from] brn\n|upkeep\n|turn|24\n|\n|t:|1716345288\n|switch|p2a: Dragalge|Dragalge, L88, F|258/258\n|move|p1a: Eternatus|Recover|p1a: Eternatus\n|-heal|p1a: Eternatus|308/308\n|\n|upkeep\n|turn|25\n|inactive|PokeChess has 120 seconds left.\n|inactive|PokeChess has 90 seconds left.\n|\n|t:|1716345334\n|switch|p1a: Vigoroth|Vigoroth, L85, M|275/275\n|move|p2a: Dragalge|Draco Meteor|p1a: Vigoroth\n|-damage|p1a: Vigoroth|1/275\n|-unboost|p2a: Dragalge|spa|2\n|\n|upkeep\n|turn|26\n|\n|t:|1716345349\n|move|p1a: Vigoroth|Slack Off|p1a: Vigoroth\n|-heal|p1a: Vigoroth|139/275\n|move|p2a: Dragalge|Draco Meteor|p1a: Vigoroth\n|-damage|p1a: Vigoroth|7/275\n|-unboost|p2a: Dragalge|spa|2\n|\n|upkeep\n|turn|27\n|inactive|PokeChess has 90 seconds left.\n|\n|t:|1716345366\n|switch|p2a: Appletun|Appletun, L92, M|352/352\n|move|p1a: Vigoroth|Slack Off|p1a: Vigoroth\n|-heal|p1a: Vigoroth|145/275\n|\n|upkeep\n|turn|28\n|\n|t:|1716345386\n|move|p1a: Vigoroth|Body Slam|p2a: Appletun\n|-damage|p2a: Appletun|267/352\n|-status|p2a: Appletun|par\n|move|p2a: Appletun|Apple Acid|p1a: Vigoroth\n|-damage|p1a: Vigoroth|43/275\n|-unboost|p1a: Vigoroth|spd|1\n|\n|-heal|p2a: Appletun|289/352 par|[from] item: Leftovers\n|upkeep\n|turn|29\n|inactive|PokeChess has 60 seconds left.\n|\n|t:|1716345409\n|move|p1a: Vigoroth|Body Slam|p2a: Appletun\n|-crit|p2a: Appletun\n|-damage|p2a: Appletun|177/352 par\n|move|p2a: Appletun|Leech Seed|p1a: Vigoroth\n|-start|p1a: Vigoroth|move: Leech Seed\n|\n|-heal|p2a: Appletun|199/352 par|[from] item: Leftovers\n|-damage|p1a: Vigoroth|9/275|[from] Leech Seed|[of] p2a: Appletun\n|-heal|p2a: Appletun|233/352 par|[silent]\n|upkeep\n|turn|30\n|inactive|PokeChess has 60 seconds left.\n|\n|t:|1716345436\n|move|p1a: Vigoroth|Slack Off|p1a: Vigoroth\n|-heal|p1a: Vigoroth|147/275\n|move|p2a: Appletun|Recover|p2a: Appletun\n|-heal|p2a: Appletun|352/352 par\n|\n|-damage|p1a: Vigoroth|113/275|[from] Leech Seed|[of] p2a: Appletun\n|upkeep\n|turn|31\n|\n|t:|1716345447\n|switch|p2a: Magearna|Magearna-Original, L77|250/250\n|move|p1a: Vigoroth|Body Slam|p2a: Magearna\n|-resisted|p2a: Magearna\n|-damage|p2a: Magearna|211/250\n|\n|-heal|p2a: Magearna|226/250|[from] item: Leftovers\n|-damage|p1a: Vigoroth|79/275|[from] Leech Seed|[of] p2a: Magearna\n|-heal|p2a: Magearna|250/250|[silent]\n|upkeep\n|turn|32\n|\n|t:|1716345475\n|switch|p1a: Eternatus|Eternatus, L69|308/308\n|-ability|p1a: Eternatus|Pressure\n|move|p2a: Magearna|Shift Gear|p2a: Magearna\n|-boost|p2a: Magearna|spe|2\n|-boost|p2a: Magearna|atk|1\n|\n|upkeep\n|turn|33\n|\n|t:|1716345494\n|move|p2a: Magearna|Calm Mind|p2a: Magearna\n|-boost|p2a: Magearna|spa|1\n|-boost|p2a: Magearna|spd|1\n|move|p1a: Eternatus|Fire Blast|p2a: Magearna\n|-supereffective|p2a: Magearna\n|-damage|p2a: Magearna|164/250\n|\n|-heal|p2a: Magearna|179/250|[from] item: Leftovers\n|upkeep\n|turn|34\n|\n|t:|1716345506\n|move|p2a: Magearna|Calm Mind|p2a: Magearna\n|-boost|p2a: Magearna|spa|1\n|-boost|p2a: Magearna|spd|1\n|move|p1a: Eternatus|Fire Blast|p2a: Magearna\n|-supereffective|p2a: Magearna\n|-damage|p2a: Magearna|111/250\n|\n|-heal|p2a: Magearna|126/250|[from] item: Leftovers\n|upkeep\n|turn|35\n|\n|t:|1716345535\n|move|p2a: Magearna|Calm Mind|p2a: Magearna\n|-boost|p2a: Magearna|spa|1\n|-boost|p2a: Magearna|spd|1\n|move|p1a: Eternatus|Fire Blast|p2a: Magearna\n|-supereffective|p2a: Magearna\n|-damage|p2a: Magearna|74/250\n|\n|-heal|p2a: Magearna|89/250|[from] item: Leftovers\n|upkeep\n|turn|36\n|inactive|PokeChess has 30 seconds left.\n|inactive|PokeChess has 20 seconds left.\n|inactive|PokeChess has 15 seconds left.\n|\n|t:|1716345566\n|switch|p1a: Vigoroth|Vigoroth, L85, M|79/275\n|move|p2a: Magearna|Flash Cannon|p1a: Vigoroth\n|-damage|p1a: Vigoroth|0 fnt\n|faint|p1a: Vigoroth\n|-ability|p2a: Magearna|Soul-Heart|boost\n|-boost|p2a: Magearna|spa|1\n|\n|-heal|p2a: Magearna|104/250|[from] item: Leftovers\n|upkeep\n|inactive|PokeChess has 20 seconds left this turn.\n|inactive|PokeChess has 15 seconds left.\n|\n|t:|1716345575\n|switch|p1a: Oricorio|Oricorio, L84, M, tera:Ground|202/263\n|turn|37\n|inactive|PokeChess has 25 seconds left this turn.\n|c|\u2606PokeChess|gg\n|inactive|PokeChess has 20 seconds left.\n|\n|t:|1716345588\n|move|p2a: Magearna|Flash Cannon|p1a: Oricorio\n|-damage|p1a: Oricorio|0 fnt\n|faint|p1a: Oricorio\n|-ability|p2a: Magearna|Soul-Heart|boost\n|-boost|p2a: Magearna|spa|1\n|\n|-heal|p2a: Magearna|119/250|[from] item: Leftovers\n|upkeep\n|inactive|PokeChess has 25 seconds left this turn.\n|\n|t:|1716345591\n|switch|p1a: Thundurus|Thundurus, L80, M|258/258\n|turn|38\n|\n|t:|1716345594\n|move|p2a: Magearna|Fleur Cannon|p1a: Thundurus\n|-damage|p1a: Thundurus|0 fnt\n|-unboost|p2a: Magearna|spa|2\n|faint|p1a: Thundurus\n|-ability|p2a: Magearna|Soul-Heart|boost\n|-boost|p2a: Magearna|spa|1\n|\n|-heal|p2a: Magearna|134/250|[from] item: Leftovers\n|upkeep\n|\n|t:|1716345603\n|switch|p1a: Eternatus|Eternatus, L69|308/308\n|-ability|p1a: Eternatus|Pressure\n|turn|39\n|\n|t:|1716345624\n|move|p2a: Magearna|Fleur Cannon|p1a: Eternatus\n|-damage|p1a: Eternatus|0 fnt\n|-unboost|p2a: Magearna|spa|2\n|faint|p1a: Eternatus\n|\n|win|pokeblade\u2606101\n|raw|PokeChess's rating: 2224 &rarr; <strong>2213</strong><br />(-11 for losing)\n|raw|pokeblade\u2606101's rating: 2396 &rarr; <strong>2407</strong><br />(+11 for winning)\n|l|\u2606pokeblade\u2606101\n|player|p2|\n|l| Popkid20\n", "inputlog": ">version 7158ead19aeac8750849df2840eabb6dbec77df6\n>start {\"formatid\":\"gen9randombattle\",\"seed\":[49558,57317,751,1060],\"rated\":\"Rated battle\"}\n>player p1 {\"name\":\"PokeChess\",\"avatar\":\"cynthia-anime2\",\"rating\":2224,\"seed\":[29534,3285,50776,20059]}\n>player p2 {\"name\":\"pokeblade\u2606101\",\"avatar\":\"#rbtt7teamchiyu\",\"rating\":2419,\"seed\":[41643,28538,29247,14254]}\n>p1 switch 3\n>p2 switch 3\n>p1 move stealthrock\n>p2 move knockoff\n>p1 move encore\n>p2 move alluringvoice\n>p1 move knockoff\n>p2 move knockoff\n>p1 switch 4\n>p1 move sludgebomb\n>p2 switch 3\n>p1 move sludgebomb\n>p2 move rapidspin\n>p2 switch 5\n>p1 switch 5\n>p2 move dracometeor\n>p1 switch 3\n>p1 move quiverdance\n>p2 switch 3\n>p1 move quiverdance terastallize\n>p2 move alluringvoice\n>p1 move quiverdance\n>p2 move knockoff\n>p1 move roost\n>p2 move knockoff\n>p1 move quiverdance\n>p2 move knockoff\n>p1 move roost\n>p2 move knockoff\n>p1 move roost\n>p2 move knockoff\n>p1 move roost\n>p2 move knockoff\n>p1 move roost\n>p2 move knockoff\n>p1 move revelationdance\n>p2 move knockoff\n>p2 switch 6\n>p1 switch 5\n>p2 move aquajet terastallize\n>p1 move dynamaxcannon\n>p2 switch 2\n>p1 move fireblast\n>p2 switch 2\n>chat \u2606pokeblade\u2606101|lol\n>chat \u2606pokeblade\u2606101|man\n>chat \u2606PokeChess|mb\n>p1 move dynamaxcannon\n>p2 move stompingtantrum\n>p1 move recover\n>p2 move stompingtantrum\n>p1 move recover\n>p2 move stompingtantrum\n>p1 move recover\n>p2 switch 3\n>p1 switch 6\n>p2 move dracometeor\n>p1 move slackoff\n>p2 move dracometeor\n>p1 move slackoff\n>p2 switch 4\n>p1 move bodyslam\n>p2 move appleacid\n>p1 move bodyslam\n>p2 move leechseed\n>p1 move slackoff\n>p2 move recover\n>p1 move bodyslam\n>p2 switch 2\n>p1 switch 6\n>p2 move shiftgear\n>p1 move fireblast\n>p2 move calmmind\n>p1 move fireblast\n>p2 move calmmind\n>p1 move fireblast\n>p2 move calmmind\n>p1 switch 6\n>p2 move flashcannon\n>p1 switch 5\n>chat \u2606PokeChess|gg\n>p1 move revelationdance\n>p2 move flashcannon\n>p1 switch 2\n>p1 move thunderbolt\n>p2 move fleurcannon\n>p1 switch 6\n>p1 move fireblast\n>p2 move fleurcannon", "uploadtime": 1716345627, "views": 209, "formatid": "gen9randombattle", "rating": 2213, "private": 0, "password": null}