{"id": "gen9randombattle-2260293456", "format": "[Gen 9] Random Battle", "players": ["cvbvnm1", "dannyaro"], "log": "|j|\u2606cvbvnm1\n|j|\u2606dannyaro\n|t:|1733836231\n|gametype|singles\n|player|p1|cvbvnm1|1|1174\n|player|p2|dannyaro|101|1124\n|teamsize|p1|6\n|teamsize|p2|6\n|gen|9\n|tier|[Gen 9] Random Battle\n|rated|\n|rule|Species Clause: Limit one of each Pok\u00e9mon\n|rule|HP Percentage Mod: HP is shown in percentages\n|rule|Sleep Clause Mod: Limit one foe put to sleep\n|rule|Illusion Level Mod: Illusion disguises the Pok\u00e9mon's true level\n|\n|t:|1733836231\n|start\n|switch|p1a: Ogerpon|Ogerpon-Cornerstone, L76, F|247/247\n|switch|p2a: Typhlosion|Typhlosion-Hisui, L83, M|257/257\n|turn|1\n|inactive|Battle timer is ON: inactive players will automatically lose when time's up. (requested by cvbvnm1)\n|\n|t:|1733836244\n|move|p1a: Ogerpon|Swords Dance|p1a: Ogerpon\n|-boost|p1a: Ogerpon|atk|2\n|move|p2a: Typhlosion|Fire Blast|p1a: Ogerpon\n|-damage|p1a: Ogerpon|96/247\n|\n|upkeep\n|turn|2\n|\n|t:|1733836264\n|move|p1a: Ogerpon|Ivy Cudgel|p2a: Typhlosion|[anim] Ivy Cudgel Rock\n|-supereffective|p2a: Typhlosion\n|-crit|p2a: Typhlosion\n|-damage|p2a: Typhlosion|0 fnt\n|faint|p2a: Typhlosion\n|\n|upkeep\n|inactive|dannyaro has 120 seconds left.\n|\n|t:|1733836300\n|switch|p2a: Squawkabilly|Squawkabilly-Yellow, L89, F|291/291\n|turn|3\n|\n|t:|1733836304\n|move|p2a: Squawkabilly|Double-Edge|p1a: Ogerpon\n|-resisted|p1a: Ogerpon\n|-damage|p1a: Ogerpon|0 fnt\n|faint|p1a: Ogerpon\n|-damage|p2a: Squawkabilly|259/291|[from] Recoil\n|\n|upkeep\n|\n|t:|1733836309\n|switch|p1a: Sandaconda|Sandaconda, L84, M|258/258\n|turn|4\n|\n|t:|1733836324\n|move|p2a: Squawkabilly|Parting Shot|p1a: Sandaconda\n|-unboost|p1a: Sandaconda|atk|1\n|-unboost|p1a: Sandaconda|spa|1\n|\n|t:|1733836330\n|switch|p2a: Klawf|Klawf, L90, F|272/272|[from] Parting Shot\n|move|p1a: Sandaconda|Coil|p1a: Sandaconda\n|-boost|p1a: Sandaconda|atk|1\n|-boost|p1a: Sandaconda|def|1\n|-boost|p1a: Sandaconda|accuracy|1\n|\n|upkeep\n|turn|5\n|\n|t:|1733836337\n|move|p2a: Klawf|Crabhammer|p1a: Sandaconda\n|-supereffective|p1a: Sandaconda\n|-damage|p1a: Sandaconda|176/258\n|move|p1a: Sandaconda|Glare|p2a: Klawf\n|-status|p2a: Klawf|par\n|\n|-heal|p1a: Sandaconda|192/258|[from] item: Leftovers\n|upkeep\n|turn|6\n|\n|t:|1733836341\n|move|p1a: Sandaconda|Coil|p1a: Sandaconda\n|-boost|p1a: Sandaconda|atk|1\n|-boost|p1a: Sandaconda|def|1\n|-boost|p1a: Sandaconda|accuracy|1\n|cant|p2a: Klawf|par\n|\n|-heal|p1a: Sandaconda|208/258|[from] item: Leftovers\n|upkeep\n|turn|7\n|\n|t:|1733836344\n|move|p1a: Sandaconda|Coil|p1a: Sandaconda\n|-boost|p1a: Sandaconda|atk|1\n|-boost|p1a: Sandaconda|def|1\n|-boost|p1a: Sandaconda|accuracy|1\n|move|p2a: Klawf|Crabhammer|p1a: Sandaconda\n|-supereffective|p1a: Sandaconda\n|-damage|p1a: Sandaconda|158/258\n|\n|-heal|p1a: Sandaconda|174/258|[from] item: Leftovers\n|upkeep\n|turn|8\n|\n|t:|1733836347\n|move|p1a: Sandaconda|Earthquake|p2a: Klawf\n|-supereffective|p2a: Klawf\n|-crit|p2a: Klawf\n|-damage|p2a: Klawf|0 fnt\n|faint|p2a: Klawf\n|\n|-heal|p1a: Sandaconda|190/258|[from] item: Leftovers\n|upkeep\n|\n|t:|1733836353\n|switch|p2a: Squawkabilly|Squawkabilly-Yellow, L89, F|259/291\n|turn|9\n|\n|t:|1733836375\n|move|p2a: Squawkabilly|Brave Bird|p1a: Sandaconda|[miss]\n|-miss|p2a: Squawkabilly|p1a: Sandaconda\n|move|p1a: Sandaconda|Stone Edge|p2a: Squawkabilly\n|-supereffective|p2a: Squawkabilly\n|-damage|p2a: Squawkabilly|0 fnt\n|faint|p2a: Squawkabilly\n|\n|-heal|p1a: Sandaconda|206/258|[from] item: Leftovers\n|upkeep\n|\n|t:|1733836391\n|switch|p2a: Hippowdon|Hippowdon, L82, F|311/311\n|-weather|Sandstorm|[from] ability: Sand Stream|[of] p2a: Hippowdon\n|turn|10\n|\n|t:|1733836396\n|move|p1a: Sandaconda|Glare|p2a: Hippowdon\n|-status|p2a: Hippowdon|par\n|move|p2a: Hippowdon|Whirlwind|p1a: Sandaconda\n|drag|p1a: Slaking|Slaking, L84, F|389/389\n|\n|-weather|Sandstorm|[upkeep]\n|-damage|p1a: Slaking|365/389|[from] Sandstorm\n|upkeep\n|turn|11\n|\n|t:|1733836412\n|move|p1a: Slaking|Double-Edge|p2a: Hippowdon\n|-damage|p2a: Hippowdon|167/311 par\n|-damage|p1a: Slaking|317/389|[from] Recoil\n|move|p2a: Hippowdon|Earthquake|p1a: Slaking\n|-damage|p1a: Slaking|220/389\n|\n|-weather|Sandstorm|[upkeep]\n|-damage|p1a: Slaking|196/389|[from] Sandstorm\n|-heal|p2a: Hippowdon|186/311 par|[from] item: Leftovers\n|upkeep\n|turn|12\n|\n|t:|1733836420\n|switch|p1a: Iron Jugulis|Iron Jugulis, L78|275/275\n|move|p2a: Hippowdon|Slack Off|p2a: Hippowdon\n|-heal|p2a: Hippowdon|311/311 par\n|\n|-weather|Sandstorm|[upkeep]\n|-damage|p1a: Iron Jugulis|258/275|[from] Sandstorm\n|upkeep\n|turn|13\n|\n|t:|1733836425\n|move|p1a: Iron Jugulis|Dark Pulse|p2a: Hippowdon\n|-damage|p2a: Hippowdon|205/311 par\n|move|p2a: Hippowdon|Stone Edge|p1a: Iron Jugulis\n|-supereffective|p1a: Iron Jugulis\n|-damage|p1a: Iron Jugulis|98/275\n|\n|-weather|Sandstorm|[upkeep]\n|-damage|p1a: Iron Jugulis|81/275|[from] Sandstorm\n|-heal|p2a: Hippowdon|224/311 par|[from] item: Leftovers\n|upkeep\n|turn|14\n|\n|t:|1733836433\n|move|p1a: Iron Jugulis|Dark Pulse|p2a: Hippowdon\n|-damage|p2a: Hippowdon|125/311 par\n|cant|p2a: Hippowdon|par\n|\n|-weather|none\n|-heal|p2a: Hippowdon|144/311 par|[from] item: Leftovers\n|upkeep\n|turn|15\n|\n|t:|1733836438\n|move|p1a: Iron Jugulis|Dark Pulse|p2a: Hippowdon\n|-damage|p2a: Hippowdon|30/311 par\n|move|p2a: Hippowdon|Slack Off|p2a: Hippowdon\n|-heal|p2a: Hippowdon|186/311 par\n|\n|-heal|p2a: Hippowdon|205/311 par|[from] item: Leftovers\n|upkeep\n|turn|16\n|\n|t:|1733836447\n|move|p1a: Iron Jugulis|Dark Pulse|p2a: Hippowdon\n|-damage|p2a: Hippowdon|96/311 par\n|move|p2a: Hippowdon|Stone Edge|p1a: Iron Jugulis|[miss]\n|-miss|p2a: Hippowdon|p1a: Iron Jugulis\n|\n|-heal|p2a: Hippowdon|115/311 par|[from] item: Leftovers\n|upkeep\n|turn|17\n|\n|t:|1733836452\n|move|p1a: Iron Jugulis|Dark Pulse|p2a: Hippowdon\n|-damage|p2a: Hippowdon|4/311 par\n|move|p2a: Hippowdon|Slack Off|p2a: Hippowdon\n|-heal|p2a: Hippowdon|160/311 par\n|\n|-heal|p2a: Hippowdon|179/311 par|[from] item: Leftovers\n|upkeep\n|turn|18\n|\n|t:|1733836462\n|move|p1a: Iron Jugulis|Dark Pulse|p2a: Hippowdon\n|-damage|p2a: Hippowdon|73/311 par\n|cant|p2a: Hippowdon|par\n|\n|-heal|p2a: Hippowdon|92/311 par|[from] item: Leftovers\n|upkeep\n|turn|19\n|\n|t:|1733836470\n|move|p1a: Iron Jugulis|Dark Pulse|p2a: Hippowdon\n|-damage|p2a: Hippowdon|0 fnt\n|faint|p2a: Hippowdon\n|\n|upkeep\n|\n|t:|1733836475\n|switch|p2a: Blissey|Blissey, L84, F|566/566\n|turn|20\n|\n|t:|1733836482\n|-end|p1a: Iron Jugulis|Quark Drive|[silent]\n|switch|p1a: Sandaconda|Sandaconda, L84, M|206/258\n|move|p2a: Blissey|Thunder Wave|p1a: Sandaconda\n|-immune|p1a: Sandaconda\n|\n|-heal|p1a: Sandaconda|222/258|[from] item: Leftovers\n|upkeep\n|turn|21\n|\n|t:|1733836494\n|move|p1a: Sandaconda|Glare|p2a: Blissey\n|-status|p2a: Blissey|par\n|move|p2a: Blissey|Seismic Toss|p1a: Sandaconda\n|-damage|p1a: Sandaconda|138/258\n|\n|-heal|p1a: Sandaconda|154/258|[from] item: Leftovers\n|upkeep\n|turn|22\n|inactive|cvbvnm1 has 120 seconds left.\n|inactive|cvbvnm1 has 90 seconds left.\n|\n|t:|1733836568\n|move|p1a: Sandaconda|Coil|p1a: Sandaconda\n|-boost|p1a: Sandaconda|atk|1\n|-boost|p1a: Sandaconda|def|1\n|-boost|p1a: Sandaconda|accuracy|1\n|move|p2a: Blissey|Seismic Toss|p1a: Sandaconda\n|-damage|p1a: Sandaconda|70/258\n|\n|-heal|p1a: Sandaconda|86/258|[from] item: Leftovers\n|upkeep\n|turn|23\n|\n|t:|1733836574\n|move|p1a: Sandaconda|Earthquake|p2a: Blissey\n|-damage|p2a: Blissey|73/566 par\n|move|p2a: Blissey|Seismic Toss|p1a: Sandaconda\n|-damage|p1a: Sandaconda|2/258\n|\n|-heal|p1a: Sandaconda|18/258|[from] item: Leftovers\n|-heal|p2a: Blissey|108/566 par|[from] item: Leftovers\n|upkeep\n|turn|24\n|\n|t:|1733836580\n|move|p1a: Sandaconda|Earthquake|p2a: Blissey\n|-damage|p2a: Blissey|0 fnt\n|faint|p2a: Blissey\n|\n|-heal|p1a: Sandaconda|34/258|[from] item: Leftovers\n|upkeep\n|\n|t:|1733836581\n|switch|p2a: Cresselia|Cresselia, L80, F|323/323\n|turn|25\n|\n|t:|1733836593\n|move|p2a: Cresselia|Moonblast|p1a: Sandaconda\n|-damage|p1a: Sandaconda|0 fnt\n|faint|p1a: Sandaconda\n|\n|upkeep\n|\n|t:|1733836609\n|switch|p1a: Comfey|Comfey, L85, F|225/225\n|turn|26\n|\n|t:|1733836619\n|move|p1a: Comfey|Calm Mind|p1a: Comfey\n|-boost|p1a: Comfey|spa|1\n|-boost|p1a: Comfey|spd|1\n|move|p2a: Cresselia|Calm Mind|p2a: Cresselia\n|-boost|p2a: Cresselia|spa|1\n|-boost|p2a: Cresselia|spd|1\n|\n|upkeep\n|turn|27\n|\n|t:|1733836624\n|move|p1a: Comfey|Calm Mind|p1a: Comfey\n|-boost|p1a: Comfey|spa|1\n|-boost|p1a: Comfey|spd|1\n|move|p2a: Cresselia|Calm Mind|p2a: Cresselia\n|-boost|p2a: Cresselia|spa|1\n|-boost|p2a: Cresselia|spd|1\n|\n|upkeep\n|turn|28\n|\n|t:|1733836626\n|move|p1a: Comfey|Calm Mind|p1a: Comfey\n|-boost|p1a: Comfey|spa|1\n|-boost|p1a: Comfey|spd|1\n|move|p2a: Cresselia|Calm Mind|p2a: Cresselia\n|-boost|p2a: Cresselia|spa|1\n|-boost|p2a: Cresselia|spd|1\n|\n|upkeep\n|turn|29\n|\n|t:|1733836628\n|move|p1a: Comfey|Calm Mind|p1a: Comfey\n|-boost|p1a: Comfey|spa|1\n|-boost|p1a: Comfey|spd|1\n|move|p2a: Cresselia|Calm Mind|p2a: Cresselia\n|-boost|p2a: Cresselia|spa|1\n|-boost|p2a: Cresselia|spd|1\n|\n|upkeep\n|turn|30\n|\n|t:|1733836631\n|move|p1a: Comfey|Calm Mind|p1a: Comfey\n|-boost|p1a: Comfey|spa|1\n|-boost|p1a: Comfey|spd|1\n|move|p2a: Cresselia|Calm Mind|p2a: Cresselia\n|-boost|p2a: Cresselia|spa|1\n|-boost|p2a: Cresselia|spd|1\n|\n|upkeep\n|turn|31\n|\n|t:|1733836633\n|-terastallize|p1a: Comfey|Steel\n|move|p1a: Comfey|Calm Mind|p1a: Comfey\n|-boost|p1a: Comfey|spa|1\n|-boost|p1a: Comfey|spd|1\n|move|p2a: Cresselia|Calm Mind|p2a: Cresselia\n|-boost|p2a: Cresselia|spa|1\n|-boost|p2a: Cresselia|spd|1\n|\n|upkeep\n|turn|32\n|\n|t:|1733836638\n|move|p1a: Comfey|Stored Power|p2a: Cresselia\n|-resisted|p2a: Cresselia\n|-damage|p2a: Cresselia|257/323\n|move|p2a: Cresselia|Psyshock|p1a: Comfey\n|-resisted|p1a: Comfey\n|-crit|p1a: Comfey\n|-damage|p1a: Comfey|30/225\n|\n|-heal|p1a: Comfey|44/225|[from] item: Leftovers\n|-heal|p2a: Cresselia|277/323|[from] item: Leftovers\n|upkeep\n|turn|33\n|\n|t:|1733836649\n|move|p1a: Comfey|Draining Kiss|p2a: Cresselia\n|-damage|p2a: Cresselia|235/323\n|-heal|p1a: Comfey|76/225|[from] drain|[of] p2a: Cresselia\n|move|p2a: Cresselia|Psyshock|p1a: Comfey\n|-resisted|p1a: Comfey\n|-damage|p1a: Comfey|0 fnt\n|faint|p1a: Comfey\n|\n|-heal|p2a: Cresselia|255/323|[from] item: Leftovers\n|upkeep\n|\n|t:|1733836652\n|switch|p1a: Slaking|Slaking, L84, F|196/389\n|turn|34\n|\n|t:|1733836661\n|move|p1a: Slaking|Knock Off|p2a: Cresselia\n|-supereffective|p2a: Cresselia\n|-damage|p2a: Cresselia|89/323\n|-enditem|p2a: Cresselia|Leftovers|[from] move: Knock Off|[of] p1a: Slaking\n|move|p2a: Cresselia|Moonblast|p1a: Slaking\n|-crit|p1a: Slaking\n|-damage|p1a: Slaking|0 fnt\n|faint|p1a: Slaking\n|\n|upkeep\n|\n|t:|1733836668\n|switch|p1a: Iron Jugulis|Iron Jugulis, L78|81/275\n|turn|35\n|\n|t:|1733836676\n|-terastallize|p2a: Cresselia|Fairy\n|move|p1a: Iron Jugulis|Dark Pulse|p2a: Cresselia\n|-resisted|p2a: Cresselia\n|-damage|p2a: Cresselia|80/323\n|cant|p2a: Cresselia|flinch\n|\n|upkeep\n|turn|36\n|\n|t:|1733836684\n|move|p1a: Iron Jugulis|Hurricane|p2a: Cresselia\n|-damage|p2a: Cresselia|56/323\n|move|p2a: Cresselia|Moonlight|p2a: Cresselia\n|-heal|p2a: Cresselia|217/323\n|\n|upkeep\n|turn|37\n|inactive|cvbvnm1 has 120 seconds left.\n|inactive|cvbvnm1 has 90 seconds left.\n|inactive|cvbvnm1 has 60 seconds left.\n|inactive|cvbvnm1 has 30 seconds left.\n|inactive|cvbvnm1 has 20 seconds left.\n|inactive|cvbvnm1 has 15 seconds left.\n|inactive|cvbvnm1 has 10 seconds left.\n|inactive|cvbvnm1 has 5 seconds left.\n|-message|cvbvnm1 lost due to inactivity.\n|\n|win|dannyaro\n|raw|cvbvnm1's rating: 1174 &rarr; <strong>1145</strong><br />(-29 for losing)\n|raw|dannyaro's rating: 1124 &rarr; <strong>1153</strong><br />(+29 for winning)\n", "inputlog": ">version bfd83cad13791eb5a5a409923076391caf6fb4d4\n>start {\"formatid\":\"gen9randombattle\",\"seed\":[40465,11696,62814,16546],\"rated\":\"Rated battle\"}\n>player p1 {\"name\":\"cvbvnm1\",\"avatar\":\"1\",\"rating\":1174,\"seed\":[16031,2504,17804,28115]}\n>player p2 {\"name\":\"dannyaro\",\"avatar\":\"101\",\"rating\":1124,\"seed\":[41841,17968,30374,33441]}\n>p1 move swordsdance\n>p2 move fireblast\n>p1 move ivycudgel\n>p2 move fireblast\n>p2 switch 4\n>p1 move ivycudgel\n>p2 move doubleedge\n>p1 switch 6\n>p1 move coil\n>p2 move partingshot\n>p2 switch 2\n>p1 move glare\n>p2 move crabhammer\n>p1 move coil\n>p2 move crabhammer\n>p1 move coil\n>p2 move crabhammer\n>p1 move earthquake\n>p2 move crabhammer\n>p2 switch 2\n>p1 move stoneedge\n>p2 move bravebird\n>p2 switch 3\n>p1 move glare\n>p2 move whirlwind\n>p1 move doubleedge\n>p2 move earthquake\n>p1 switch 4\n>p2 move slackoff\n>p1 move darkpulse\n>p2 move stoneedge\n>p1 move darkpulse\n>p2 move stoneedge\n>p1 move darkpulse\n>p2 move slackoff\n>p1 move darkpulse\n>p2 move stoneedge\n>p1 move darkpulse\n>p2 move slackoff\n>p1 move darkpulse\n>p2 move slackoff\n>p1 move darkpulse\n>p2 move slackoff\n>p2 switch 5\n>p1 switch 2\n>p2 move thunderwave\n>p1 move glare\n>p2 move seismictoss\n>p1 move coil\n>p2 move seismictoss\n>p1 move earthquake\n>p2 move seismictoss\n>p1 move earthquake\n>p2 move seismictoss\n>p2 switch 6\n>p1 move glare\n>p2 move moonblast\n>p1 switch 5\n>p1 move calmmind\n>p2 move calmmind\n>p1 move calmmind\n>p2 move calmmind\n>p1 move calmmind\n>p2 move calmmind\n>p1 move calmmind\n>p2 move calmmind\n>p1 move calmmind\n>p2 move calmmind\n>p1 move calmmind terastallize\n>p2 move calmmind\n>p1 move storedpower\n>p2 move psyshock\n>p1 move drainingkiss\n>p2 move psyshock\n>p1 switch 4\n>p1 move knockoff\n>p2 move moonblast\n>p1 switch 2\n>p1 move darkpulse\n>p2 move moonlight terastallize\n>p1 move hurricane\n>p2 move moonlight\n>forcelose p1", "uploadtime": 1733836841, "views": 10, "formatid": "gen9randombattle", "rating": 1145, "private": 0, "password": null}