{"id": "gen9randombattle-2164214547", "format": "[Gen 9] Random Battle", "players": ["Evo Evo Evolving", "superbcookiez"], "log": "|j|\u2606Evo Evo Evolving\n|j|\u2606superbcookiez\n|t:|1721474148\n|gametype|singles\n|player|p1|Evo Evo Evolving|102|2243\n|player|p2|superbcookiez|170|2220\n|teamsize|p1|6\n|teamsize|p2|6\n|gen|9\n|tier|[Gen 9] Random Battle\n|rated|\n|rule|Species Clause: Limit one of each Pok\u00e9mon\n|rule|HP Percentage Mod: HP is shown in percentages\n|rule|Sleep Clause Mod: Limit one foe put to sleep\n|rule|Illusion Level Mod: Illusion disguises the Pok\u00e9mon's true level\n|\n|t:|1721474148\n|start\n|switch|p1a: Dewgong|Dewgong, L93, M|318/318\n|switch|p2a: Spidops|Spidops, L96, M|271/271\n|turn|1\n|inactive|Battle timer is ON: inactive players will automatically lose when time's up. (requested by superbcookiez)\n|\n|t:|1721474164\n|switch|p1a: Typhlosion|Typhlosion, L84, F|267/267\n|move|p2a: Spidops|Knock Off|p1a: Typhlosion\n|-damage|p1a: Typhlosion|114/267\n|-enditem|p1a: Typhlosion|Choice Scarf|[from] move: Knock Off|[of] p2a: Spidops\n|\n|upkeep\n|turn|2\n|\n|t:|1721474183\n|switch|p2a: Regidrago|Regidrago, L77|435/435\n|move|p1a: Typhlosion|Fire Blast|p2a: Regidrago\n|-resisted|p2a: Regidrago\n|-damage|p2a: Regidrago|327/435\n|\n|upkeep\n|turn|3\n|\n|t:|1721474190\n|switch|p1a: Hippowdon|Hippowdon, L82, M|311/311\n|-weather|Sandstorm|[from] ability: Sand Stream|[of] p1a: Hippowdon\n|move|p2a: Regidrago|Dragon Dance|p2a: Regidrago\n|-boost|p2a: Regidrago|atk|1\n|-boost|p2a: Regidrago|spe|1\n|\n|-weather|Sandstorm|[upkeep]\n|-damage|p2a: Regidrago|300/435|[from] Sandstorm\n|upkeep\n|turn|4\n|\n|t:|1721474200\n|move|p2a: Regidrago|Dragon Claw|p1a: Hippowdon\n|-damage|p1a: Hippowdon|142/311\n|-damage|p2a: Regidrago|257/435|[from] item: Life Orb\n|move|p1a: Hippowdon|Earthquake|p2a: Regidrago\n|-crit|p2a: Regidrago\n|-damage|p2a: Regidrago|0 fnt\n|faint|p2a: Regidrago\n|\n|-weather|Sandstorm|[upkeep]\n|-heal|p1a: Hippowdon|161/311|[from] item: Leftovers\n|upkeep\n|\n|t:|1721474210\n|switch|p2a: Spidops|Spidops, L96, M|271/271\n|turn|5\n|\n|t:|1721474213\n|switch|p1a: Typhlosion|Typhlosion, L84, F|114/267\n|move|p2a: Spidops|Sticky Web|p1a: Typhlosion\n|-sidestart|p1: Evo Evo Evolving|move: Sticky Web\n|\n|-weather|Sandstorm|[upkeep]\n|-damage|p1a: Typhlosion|98/267|[from] Sandstorm\n|-damage|p2a: Spidops|255/271|[from] Sandstorm\n|upkeep\n|turn|6\n|\n|t:|1721474223\n|move|p1a: Typhlosion|Fire Blast|p2a: Spidops\n|-supereffective|p2a: Spidops\n|-damage|p2a: Spidops|45/271\n|move|p2a: Spidops|Spikes|p1a: Typhlosion\n|-sidestart|p1: Evo Evo Evolving|Spikes\n|\n|-weather|Sandstorm|[upkeep]\n|-damage|p1a: Typhlosion|82/267|[from] Sandstorm\n|-damage|p2a: Spidops|29/271|[from] Sandstorm\n|upkeep\n|turn|7\n|\n|t:|1721474229\n|move|p1a: Typhlosion|Eruption|p2a: Spidops\n|-supereffective|p2a: Spidops\n|-damage|p2a: Spidops|0 fnt\n|faint|p2a: Spidops\n|\n|-weather|none\n|upkeep\n|\n|t:|1721474253\n|switch|p2a: Krookodile|Krookodile, L80, F|283/283\n|-ability|p2a: Krookodile|Intimidate|boost\n|-unboost|p1a: Typhlosion|atk|1\n|turn|8\n|\n|t:|1721474276\n|move|p1a: Typhlosion|Focus Blast|p2a: Krookodile\n|-supereffective|p2a: Krookodile\n|-damage|p2a: Krookodile|63/283\n|move|p2a: Krookodile|Earthquake|p1a: Typhlosion\n|-supereffective|p1a: Typhlosion\n|-damage|p1a: Typhlosion|0 fnt\n|faint|p1a: Typhlosion\n|-damage|p2a: Krookodile|35/283|[from] item: Life Orb\n|\n|upkeep\n|\n|t:|1721474287\n|switch|p1a: Hippowdon|Hippowdon, L82, M|161/311\n|-activate|p1a: Hippowdon|move: Sticky Web\n|-unboost|p1a: Hippowdon|spe|1\n|-damage|p1a: Hippowdon|123/311|[from] Spikes\n|-weather|Sandstorm|[from] ability: Sand Stream|[of] p1a: Hippowdon\n|turn|9\n|\n|t:|1721474292\n|move|p2a: Krookodile|Knock Off|p1a: Hippowdon\n|-damage|p1a: Hippowdon|13/311\n|-enditem|p1a: Hippowdon|Leftovers|[from] move: Knock Off|[of] p2a: Krookodile\n|-damage|p2a: Krookodile|7/283|[from] item: Life Orb\n|move|p1a: Hippowdon|Slack Off|p1a: Hippowdon\n|-heal|p1a: Hippowdon|169/311\n|\n|-weather|Sandstorm|[upkeep]\n|upkeep\n|turn|10\n|\n|t:|1721474297\n|move|p2a: Krookodile|Stealth Rock|p1a: Hippowdon\n|-sidestart|p1: Evo Evo Evolving|move: Stealth Rock\n|move|p1a: Hippowdon|Slack Off|p1a: Hippowdon\n|-heal|p1a: Hippowdon|311/311\n|\n|-weather|Sandstorm|[upkeep]\n|upkeep\n|turn|11\n|\n|t:|1721474303\n|move|p2a: Krookodile|Gunk Shot|p1a: Hippowdon\n|-resisted|p1a: Hippowdon\n|-damage|p1a: Hippowdon|264/311\n|-status|p1a: Hippowdon|psn\n|-damage|p2a: Krookodile|0 fnt|[from] item: Life Orb\n|faint|p2a: Krookodile\n|move|p1a: Hippowdon|Slack Off|p1a: Hippowdon\n|-heal|p1a: Hippowdon|311/311 psn\n|\n|-weather|Sandstorm|[upkeep]\n|-damage|p1a: Hippowdon|273/311 psn|[from] psn\n|upkeep\n|\n|t:|1721474329\n|switch|p2a: Glimmora|Glimmora, L75, M|248/248\n|turn|12\n|\n|t:|1721474342\n|-terastallize|p2a: Glimmora|Grass\n|move|p2a: Glimmora|Meteor Beam||[still]\n|-prepare|p2a: Glimmora|Meteor Beam\n|-boost|p2a: Glimmora|spa|1\n|-enditem|p2a: Glimmora|Power Herb\n|-anim|p2a: Glimmora|Meteor Beam|p1a: Hippowdon\n|-resisted|p1a: Hippowdon\n|-damage|p1a: Hippowdon|162/311 psn\n|move|p1a: Hippowdon|Stealth Rock|p2a: Glimmora\n|-sidestart|p2: superbcookiez|move: Stealth Rock\n|\n|-weather|Sandstorm|[upkeep]\n|-damage|p2a: Glimmora|233/248|[from] Sandstorm\n|-damage|p1a: Hippowdon|124/311 psn|[from] psn\n|upkeep\n|turn|13\n|\n|t:|1721474347\n|switch|p1a: Slowbro|Slowbro-Galar, L87, F|307/307\n|-activate|p1a: Slowbro|move: Sticky Web\n|-unboost|p1a: Slowbro|spe|1\n|-damage|p1a: Slowbro|269/307|[from] Spikes\n|-damage|p1a: Slowbro|231/307|[from] Stealth Rock\n|move|p2a: Glimmora|Energy Ball|p1a: Slowbro\n|-resisted|p1a: Slowbro\n|-damage|p1a: Slowbro|177/307\n|\n|-weather|none\n|upkeep\n|turn|14\n|\n|t:|1721474352\n|move|p2a: Glimmora|Earth Power|p1a: Slowbro\n|-supereffective|p1a: Slowbro\n|-damage|p1a: Slowbro|17/307\n|-unboost|p1a: Slowbro|spd|1\n|move|p1a: Slowbro|Shell Side Arm|p2a: Glimmora|[anim] Shell Side Arm Special\n|-supereffective|p2a: Glimmora\n|-damage|p2a: Glimmora|0 fnt\n|-hint|Special Shell Side Arm\n|faint|p2a: Glimmora\n|\n|upkeep\n|\n|t:|1721474359\n|switch|p2a: Gholdengo|Gholdengo, L77|261/261\n|-damage|p2a: Gholdengo|245/261|[from] Stealth Rock\n|turn|15\n|\n|t:|1721474369\n|switch|p1a: Hippowdon|Hippowdon, L82, M|124/311 psn\n|-activate|p1a: Hippowdon|move: Sticky Web\n|-unboost|p1a: Hippowdon|spe|1\n|-damage|p1a: Hippowdon|86/311 psn|[from] Spikes\n|-damage|p1a: Hippowdon|67/311 psn|[from] Stealth Rock\n|-weather|Sandstorm|[from] ability: Sand Stream|[of] p1a: Hippowdon\n|move|p2a: Gholdengo|Shadow Ball|p1a: Hippowdon\n|-damage|p1a: Hippowdon|0 fnt\n|faint|p1a: Hippowdon\n|\n|-weather|Sandstorm|[upkeep]\n|-heal|p2a: Gholdengo|261/261|[from] item: Leftovers\n|upkeep\n|\n|t:|1721474375\n|switch|p1a: Dewgong|Dewgong, L93, M|318/318\n|-activate|p1a: Dewgong|move: Sticky Web\n|-unboost|p1a: Dewgong|spe|1\n|-damage|p1a: Dewgong|279/318|[from] Spikes\n|-damage|p1a: Dewgong|200/318|[from] Stealth Rock\n|turn|16\n|\n|t:|1721474384\n|move|p2a: Gholdengo|Shadow Ball|p1a: Dewgong\n|-damage|p1a: Dewgong|148/318\n|-unboost|p1a: Dewgong|spd|1\n|move|p1a: Dewgong|Knock Off|p2a: Gholdengo\n|-supereffective|p2a: Gholdengo\n|-damage|p2a: Gholdengo|125/261\n|-enditem|p2a: Gholdengo|Leftovers|[from] move: Knock Off|[of] p1a: Dewgong\n|\n|-weather|Sandstorm|[upkeep]\n|-damage|p1a: Dewgong|129/318|[from] Sandstorm\n|upkeep\n|turn|17\n|inactive|Evo Evo Evolving has 120 seconds left.\n|\n|t:|1721474432\n|move|p2a: Gholdengo|Recover|p2a: Gholdengo\n|-heal|p2a: Gholdengo|256/261\n|move|p1a: Dewgong|Hydro Pump|p2a: Gholdengo\n|-damage|p2a: Gholdengo|144/261\n|\n|-weather|Sandstorm|[upkeep]\n|-damage|p1a: Dewgong|110/318|[from] Sandstorm\n|upkeep\n|turn|18\n|\n|t:|1721474440\n|move|p2a: Gholdengo|Recover|p2a: Gholdengo\n|-heal|p2a: Gholdengo|261/261\n|move|p1a: Dewgong|Hydro Pump|p2a: Gholdengo\n|-damage|p2a: Gholdengo|135/261\n|\n|-weather|Sandstorm|[upkeep]\n|-damage|p1a: Dewgong|91/318|[from] Sandstorm\n|upkeep\n|turn|19\n|inactive|Evo Evo Evolving has 120 seconds left.\n|\n|t:|1721474446\n|move|p2a: Gholdengo|Shadow Ball|p1a: Dewgong\n|-damage|p1a: Dewgong|12/318\n|move|p1a: Dewgong|Hydro Pump|p2a: Gholdengo\n|-damage|p2a: Gholdengo|15/261\n|\n|-weather|none\n|upkeep\n|turn|20\n|\n|t:|1721474450\n|move|p2a: Gholdengo|Recover|p2a: Gholdengo\n|-heal|p2a: Gholdengo|146/261\n|move|p1a: Dewgong|Hydro Pump|p2a: Gholdengo\n|-damage|p2a: Gholdengo|26/261\n|\n|upkeep\n|turn|21\n|\n|t:|1721474456\n|move|p2a: Gholdengo|Shadow Ball|p1a: Dewgong\n|-damage|p1a: Dewgong|0 fnt\n|faint|p1a: Dewgong\n|\n|upkeep\n|\n|t:|1721474461\n|switch|p1a: Cresselia|Cresselia, L80, F|323/323\n|-damage|p1a: Cresselia|283/323|[from] Stealth Rock\n|turn|22\n|\n|t:|1721474465\n|move|p1a: Cresselia|Thunderbolt|p2a: Gholdengo\n|-damage|p2a: Gholdengo|0 fnt\n|faint|p2a: Gholdengo\n|\n|-heal|p1a: Cresselia|303/323|[from] item: Leftovers\n|upkeep\n|\n|t:|1721474469\n|switch|p2a: Maushold|Maushold-Four, L76|238/238\n|-damage|p2a: Maushold|209/238|[from] Stealth Rock\n|turn|23\n|\n|t:|1721474490\n|move|p2a: Maushold|Tidy Up|p2a: Maushold\n|-sideend|p2: superbcookiez|Stealth Rock\n|-sideend|p1: Evo Evo Evolving|Spikes\n|-sideend|p1: Evo Evo Evolving|Stealth Rock\n|-sideend|p1: Evo Evo Evolving|Sticky Web\n|-activate|p2a: Maushold|move: Tidy Up\n|-boost|p2a: Maushold|atk|1\n|-boost|p2a: Maushold|spe|1\n|move|p1a: Cresselia|Psyshock|p2a: Maushold\n|-damage|p2a: Maushold|118/238\n|\n|-heal|p1a: Cresselia|323/323|[from] item: Leftovers\n|upkeep\n|turn|24\n|\n|t:|1721474508\n|move|p2a: Maushold|Tidy Up|p2a: Maushold\n|-boost|p2a: Maushold|atk|1\n|-boost|p2a: Maushold|spe|1\n|move|p1a: Cresselia|Psyshock|p2a: Maushold\n|-damage|p2a: Maushold|39/238\n|\n|upkeep\n|turn|25\n|\n|t:|1721474515\n|switch|p1a: Pecharunt|Pecharunt, L77|262/262\n|move|p2a: Maushold|Population Bomb|p1a: Pecharunt\n|-immune|p1a: Pecharunt\n|\n|upkeep\n|turn|26\n|\n|t:|1721474519\n|-terastallize|p1a: Pecharunt|Dark\n|move|p2a: Maushold|Bite|p1a: Pecharunt\n|-resisted|p1a: Pecharunt\n|-damage|p1a: Pecharunt|233/262\n|-damage|p2a: Maushold|0 fnt|[from] item: Rocky Helmet|[of] p1a: Pecharunt\n|faint|p2a: Maushold\n|\n|win|Evo Evo Evolving\n|raw|Evo Evo Evolving's rating: 2254 &rarr; <strong>2272</strong><br />(+18 for winning)\n|raw|superbcookiez's rating: 2220 &rarr; <strong>2202</strong><br />(-18 for losing)\n|l|\u2606superbcookiez\n|player|p2|\n", "inputlog": ">version 8f20eb19a59425721c3f378d0bfeb9145c1a01d7\n>start {\"formatid\":\"gen9randombattle\",\"seed\":[64871,12807,48972,2346],\"rated\":\"Rated battle\"}\n>player p1 {\"name\":\"Evo Evo Evolving\",\"avatar\":\"102\",\"rating\":2243,\"seed\":[24194,62606,64189,20182]}\n>player p2 {\"name\":\"superbcookiez\",\"avatar\":\"170\",\"rating\":2220,\"seed\":[376,42726,55432,29865]}\n>p1 switch 5\n>p2 move knockoff\n>p1 move fireblast\n>p2 switch 6\n>p1 switch 4\n>p2 move dragondance\n>p1 move earthquake\n>p2 move dragonclaw\n>p2 switch 6\n>p1 switch 4\n>p2 move stickyweb\n>p1 move fireblast\n>p2 move spikes\n>p1 move eruption\n>p2 move spikes\n>p2 switch 3\n>p1 move focusblast\n>p2 move earthquake\n>p1 switch 4\n>p1 move slackoff\n>p2 move knockoff\n>p1 move slackoff\n>p2 move stealthrock\n>p1 move slackoff\n>p2 move gunkshot\n>p2 switch 5\n>p1 move stealthrock\n>p2 move meteorbeam terastallize\n>p1 switch 2\n>p2 move energyball\n>p1 move shellsidearm\n>p2 move earthpower\n>p2 switch 2\n>p1 switch 2\n>p2 move shadowball\n>p1 switch 5\n>p1 move knockoff\n>p2 move shadowball\n>p1 move hydropump\n>p2 move recover\n>p1 move hydropump\n>p2 move recover\n>p1 move hydropump\n>p2 move shadowball\n>p1 move hydropump\n>p2 move recover\n>p1 move flipturn\n>p2 move shadowball\n>p1 switch 3\n>p1 move thunderbolt\n>p2 move thunderwave\n>p2 switch 4\n>p1 move psyshock\n>p2 move tidyup\n>p1 move psyshock\n>p2 move tidyup\n>p1 switch 6\n>p2 move populationbomb\n>p1 move malignantchain terastallize\n>p2 move bite", "uploadtime": 1721474540, "views": 161, "formatid": "gen9randombattle", "rating": 2202, "private": 0, "password": null}