{"id": "gen9randombattle-2260436092", "format": "[Gen 9] Random Battle", "players": ["Sewenet", "Hjjnjugccff"], "log": "|j|\u2606Sewenet\n|j|\u2606Hjjnjugccff\n|t:|1733851419\n|gametype|singles\n|player|p1|Sewenet|1|1000\n|player|p2|Hjjnjugccff|adaman|1000\n|teamsize|p1|6\n|teamsize|p2|6\n|gen|9\n|tier|[Gen 9] Random Battle\n|rated|\n|rule|Species Clause: Limit one of each Pok\u00e9mon\n|rule|HP Percentage Mod: HP is shown in percentages\n|rule|Sleep Clause Mod: Limit one foe put to sleep\n|rule|Illusion Level Mod: Illusion disguises the Pok\u00e9mon's true level\n|\n|t:|1733851419\n|start\n|switch|p1a: Smeargle|Smeargle, L95, M|258/258\n|switch|p2a: Eelektross|Eelektross, L87, F|290/290\n|turn|1\n|inactive|Battle timer is ON: inactive players will automatically lose when time's up. (requested by Hjjnjugccff)\n|\n|t:|1733851428\n|switch|p2a: Leafeon|Leafeon, L88, F|258/258\n|move|p1a: Smeargle|Ceaseless Edge|p2a: Leafeon\n|-damage|p2a: Leafeon|239/258\n|-sidestart|p2: Hjjnjugccff|Spikes\n|\n|-heal|p2a: Leafeon|255/258|[from] item: Leftovers\n|upkeep\n|turn|2\n|\n|t:|1733851442\n|move|p2a: Leafeon|Substitute|p2a: Leafeon\n|-start|p2a: Leafeon|Substitute\n|-damage|p2a: Leafeon|191/258\n|move|p1a: Smeargle|Whirlwind|p2a: Leafeon\n|drag|p2a: Sableye|Sableye, L89, F|234/234\n|-damage|p2a: Sableye|205/234|[from] Spikes\n|\n|-heal|p2a: Sableye|219/234|[from] item: Leftovers\n|upkeep\n|turn|3\n|\n|t:|1733851452\n|move|p2a: Sableye|Thunder Wave|p1a: Smeargle\n|-status|p1a: Smeargle|par\n|move|p1a: Smeargle|Sticky Web|p2a: Sableye\n|-sidestart|p2: Hjjnjugccff|move: Sticky Web\n|\n|-heal|p2a: Sableye|233/234|[from] item: Leftovers\n|upkeep\n|turn|4\n|\n|t:|1733851458\n|move|p2a: Sableye|Encore|p1a: Smeargle\n|-start|p1a: Smeargle|Encore\n|move|p1a: Smeargle|Sticky Web||[still]\n|-fail|p1a: Smeargle\n|\n|-heal|p2a: Sableye|234/234|[from] item: Leftovers\n|upkeep\n|turn|5\n|\n|t:|1733851467\n|switch|p1a: Spectrier|Spectrier, L75|274/274\n|move|p2a: Sableye|Knock Off|p1a: Spectrier\n|-supereffective|p1a: Spectrier\n|-damage|p1a: Spectrier|4/274\n|-enditem|p1a: Spectrier|Life Orb|[from] move: Knock Off|[of] p2a: Sableye\n|\n|upkeep\n|turn|6\n|\n|t:|1733851474\n|move|p1a: Spectrier|Shadow Ball|p2a: Sableye\n|-damage|p2a: Sableye|111/234\n|move|p2a: Sableye|Knock Off|p1a: Spectrier\n|-supereffective|p1a: Spectrier\n|-damage|p1a: Spectrier|0 fnt\n|faint|p1a: Spectrier\n|\n|-heal|p2a: Sableye|125/234|[from] item: Leftovers\n|upkeep\n|\n|t:|1733851485\n|switch|p1a: Iron Hands|Iron Hands, L79|373/373\n|turn|7\n|\n|t:|1733851488\n|move|p2a: Sableye|Knock Off|p1a: Iron Hands\n|-resisted|p1a: Iron Hands\n|-damage|p1a: Iron Hands|327/373\n|-enditem|p1a: Iron Hands|Assault Vest|[from] move: Knock Off|[of] p2a: Sableye\n|move|p1a: Iron Hands|Close Combat|p2a: Sableye\n|-immune|p2a: Sableye\n|\n|-heal|p2a: Sableye|139/234|[from] item: Leftovers\n|upkeep\n|turn|8\n|\n|t:|1733851499\n|move|p2a: Sableye|Encore|p1a: Iron Hands\n|-start|p1a: Iron Hands|Encore\n|move|p1a: Iron Hands|Close Combat|p2a: Sableye\n|-immune|p2a: Sableye\n|\n|-heal|p2a: Sableye|153/234|[from] item: Leftovers\n|upkeep\n|turn|9\n|\n|t:|1733851509\n|-end|p1a: Iron Hands|Quark Drive|[silent]\n|switch|p1a: Munkidori|Munkidori, L79, M|269/269\n|move|p2a: Sableye|Knock Off|p1a: Munkidori\n|-supereffective|p1a: Munkidori\n|-damage|p1a: Munkidori|27/269\n|-enditem|p1a: Munkidori|Choice Specs|[from] move: Knock Off|[of] p2a: Sableye\n|\n|-heal|p2a: Sableye|167/234|[from] item: Leftovers\n|upkeep\n|turn|10\n|\n|t:|1733851526\n|move|p1a: Munkidori|Sludge Wave|p2a: Sableye\n|-resisted|p2a: Sableye\n|-damage|p2a: Sableye|107/234\n|move|p2a: Sableye|Knock Off|p1a: Munkidori\n|-supereffective|p1a: Munkidori\n|-damage|p1a: Munkidori|0 fnt\n|faint|p1a: Munkidori\n|\n|-heal|p2a: Sableye|121/234|[from] item: Leftovers\n|upkeep\n|\n|t:|1733851534\n|switch|p1a: Lilligant|Lilligant-Hisui, L79, F|240/240\n|turn|11\n|\n|t:|1733851539\n|move|p2a: Sableye|Thunder Wave|p1a: Lilligant|[miss]\n|-miss|p2a: Sableye|p1a: Lilligant\n|move|p1a: Lilligant|Leaf Blade|p2a: Sableye\n|-crit|p2a: Sableye\n|-damage|p2a: Sableye|0 fnt\n|faint|p2a: Sableye\n|-damage|p1a: Lilligant|216/240|[from] item: Life Orb\n|\n|upkeep\n|\n|t:|1733851549\n|switch|p2a: Qwilfish|Qwilfish, L86, M|252/252\n|-damage|p2a: Qwilfish|221/252|[from] Spikes\n|-activate|p2a: Qwilfish|move: Sticky Web\n|-unboost|p2a: Qwilfish|spe|1\n|-ability|p2a: Qwilfish|Intimidate|boost\n|-unboost|p1a: Lilligant|atk|1\n|turn|12\n|\n|t:|1733851556\n|move|p1a: Lilligant|Close Combat|p2a: Qwilfish\n|-resisted|p2a: Qwilfish\n|-damage|p2a: Qwilfish|142/252\n|-unboost|p1a: Lilligant|def|1\n|-unboost|p1a: Lilligant|spd|1\n|-damage|p1a: Lilligant|192/240|[from] item: Life Orb\n|move|p2a: Qwilfish|Thunder Wave|p1a: Lilligant\n|-status|p1a: Lilligant|par\n|\n|-heal|p2a: Qwilfish|157/252|[from] item: Leftovers\n|upkeep\n|turn|13\n|\n|t:|1733851562\n|move|p2a: Qwilfish|Gunk Shot|p1a: Lilligant\n|-supereffective|p1a: Lilligant\n|-damage|p1a: Lilligant|0 fnt\n|faint|p1a: Lilligant\n|\n|-heal|p2a: Qwilfish|172/252|[from] item: Leftovers\n|upkeep\n|\n|t:|1733851566\n|switch|p1a: Noivern|Noivern, L82, M|274/274\n|turn|14\n|\n|t:|1733851569\n|move|p1a: Noivern|Draco Meteor|p2a: Qwilfish|[miss]\n|-miss|p1a: Noivern|p2a: Qwilfish\n|move|p2a: Qwilfish|Thunder Wave|p1a: Noivern|[miss]\n|-miss|p2a: Qwilfish|p1a: Noivern\n|\n|-heal|p2a: Qwilfish|187/252|[from] item: Leftovers\n|upkeep\n|turn|15\n|\n|t:|1733851575\n|move|p1a: Noivern|Draco Meteor|p2a: Qwilfish\n|-damage|p2a: Qwilfish|0 fnt\n|-unboost|p1a: Noivern|spa|2\n|faint|p2a: Qwilfish\n|\n|upkeep\n|\n|t:|1733851578\n|switch|p2a: Avalugg|Avalugg, L88, F|310/310\n|turn|16\n|\n|t:|1733851581\n|move|p1a: Noivern|Draco Meteor|p2a: Avalugg\n|-damage|p2a: Avalugg|213/310\n|-unboost|p1a: Noivern|spa|2\n|move|p2a: Avalugg|Rapid Spin|p1a: Noivern\n|-damage|p1a: Noivern|222/274\n|-boost|p2a: Avalugg|spe|1\n|-sideend|p2: Hjjnjugccff|Spikes|[from] move: Rapid Spin|[of] p2a: Avalugg\n|-sideend|p2: Hjjnjugccff|Sticky Web|[from] move: Rapid Spin|[of] p2a: Avalugg\n|\n|upkeep\n|turn|17\n|\n|t:|1733851584\n|move|p1a: Noivern|Flamethrower|p2a: Avalugg\n|-supereffective|p2a: Avalugg\n|-damage|p2a: Avalugg|151/310\n|move|p2a: Avalugg|Avalanche|p1a: Noivern\n|-supereffective|p1a: Noivern\n|-damage|p1a: Noivern|0 fnt\n|faint|p1a: Noivern\n|\n|upkeep\n|\n|t:|1733851589\n|switch|p1a: Iron Hands|Iron Hands, L79|327/373\n|turn|18\n|\n|t:|1733851595\n|-terastallize|p2a: Avalugg|Fighting\n|-terastallize|p1a: Iron Hands|Fighting\n|move|p2a: Avalugg|Body Press|p1a: Iron Hands\n|-damage|p1a: Iron Hands|177/373\n|move|p1a: Iron Hands|Wild Charge|p2a: Avalugg\n|-damage|p2a: Avalugg|96/310\n|-damage|p1a: Iron Hands|163/373|[from] Recoil\n|\n|upkeep\n|turn|19\n|\n|t:|1733851606\n|move|p2a: Avalugg|Recover|p2a: Avalugg\n|-heal|p2a: Avalugg|251/310\n|move|p1a: Iron Hands|Close Combat|p2a: Avalugg\n|-damage|p2a: Avalugg|149/310\n|-unboost|p1a: Iron Hands|def|1\n|-unboost|p1a: Iron Hands|spd|1\n|\n|upkeep\n|turn|20\n|\n|t:|1733851613\n|move|p2a: Avalugg|Recover|p2a: Avalugg\n|-heal|p2a: Avalugg|304/310\n|move|p1a: Iron Hands|Close Combat|p2a: Avalugg\n|-damage|p2a: Avalugg|190/310\n|-unboost|p1a: Iron Hands|def|1\n|-unboost|p1a: Iron Hands|spd|1\n|\n|upkeep\n|turn|21\n|\n|t:|1733851620\n|move|p2a: Avalugg|Body Press|p1a: Iron Hands\n|-damage|p1a: Iron Hands|0 fnt\n|faint|p1a: Iron Hands\n|-end|p1a: Iron Hands|Quark Drive|[silent]\n|\n|upkeep\n|\n|t:|1733851624\n|switch|p1a: Smeargle|Smeargle, L95, M|258/258 par\n|turn|22\n|-message|Sewenet forfeited.\n|\n|win|Hjjnjugccff\n|raw|Sewenet's rating: 1000 &rarr; <strong>1000</strong><br />(+0 for losing)\n|raw|Hjjnjugccff's rating: 1000 &rarr; <strong>1040</strong><br />(+40 for winning)\n|l|\u2606Sewenet\n|player|p1|\n", "inputlog": ">version bfd83cad13791eb5a5a409923076391caf6fb4d4\n>start {\"formatid\":\"gen9randombattle\",\"seed\":[22263,39024,39555,60037],\"rated\":\"Rated battle\"}\n>player p1 {\"name\":\"Sewenet\",\"avatar\":\"1\",\"rating\":1000,\"seed\":[65495,14035,41518,15909]}\n>player p2 {\"name\":\"Hjjnjugccff\",\"avatar\":\"adaman\",\"rating\":1000,\"seed\":[14480,16249,57820,32131]}\n>p1 move ceaselessedge\n>p2 switch 6\n>p1 move whirlwind\n>p2 move substitute\n>p1 move stickyweb\n>p2 move thunderwave\n>p1 move whirlwind\n>p2 move encore\n>p1 switch 2\n>p2 move knockoff\n>p1 move shadowball\n>p2 move knockoff\n>p1 switch 5\n>p1 move closecombat\n>p2 move knockoff\n>p1 move heavyslam\n>p2 move encore\n>p1 switch 6\n>p2 move knockoff\n>p1 move sludgewave\n>p2 move knockoff\n>p1 switch 3\n>p1 move leafblade\n>p2 move thunderwave\n>p2 switch 4\n>p1 move closecombat\n>p2 move thunderwave\n>p1 move icespinner\n>p2 move gunkshot\n>p1 switch 4\n>p1 move dracometeor\n>p2 move thunderwave\n>p1 move dracometeor\n>p2 move thunderwave\n>p2 switch 5\n>p1 move dracometeor\n>p2 move rapidspin\n>p1 move flamethrower\n>p2 move avalanche\n>p1 switch 6\n>p1 move wildcharge terastallize\n>p2 move bodypress terastallize\n>p1 move closecombat\n>p2 move recover\n>p1 move closecombat\n>p2 move recover\n>p1 move closecombat\n>p2 move bodypress\n>p1 switch 2\n>forcelose p1", "uploadtime": 1733851629, "views": 1, "formatid": "gen9randombattle", "rating": 1000, "private": 0, "password": null}