{"id": "gen9randombattle-2060371871", "format": "[Gen 9] Random Battle", "players": ["thethirstysimp", "Sunday-love-vgc"], "log": "|j|\u2606thethirstysimp\n|j|\u2606Sunday-love-vgc\n|t:|1708045450\n|gametype|singles\n|player|p1|thethirstysimp|102|2255\n|player|p2|Sunday-love-vgc|2|2291\n|teamsize|p1|6\n|teamsize|p2|6\n|gen|9\n|tier|[Gen 9] Random Battle\n|rated|\n|rule|Species Clause: Limit one of each Pok\u00e9mon\n|rule|HP Percentage Mod: HP is shown in percentages\n|rule|Sleep Clause Mod: Limit one foe put to sleep\n|rule|Illusion Level Mod: Illusion disguises the Pok\u00e9mon's true level\n|\n|t:|1708045450\n|start\n|switch|p1a: Snorlax|Snorlax, L82, M|397/397\n|switch|p2a: Drednaw|Drednaw, L80, F|275/275\n|turn|1\n|\n|t:|1708045460\n|move|p2a: Drednaw|Shell Smash|p2a: Drednaw\n|-unboost|p2a: Drednaw|def|1\n|-unboost|p2a: Drednaw|spd|1\n|-boost|p2a: Drednaw|atk|2\n|-boost|p2a: Drednaw|spa|2\n|-boost|p2a: Drednaw|spe|2\n|-enditem|p2a: Drednaw|White Herb\n|-clearnegativeboost|p2a: Drednaw|[silent]\n|move|p1a: Snorlax|Curse|p1a: Snorlax\n|-unboost|p1a: Snorlax|spe|1\n|-boost|p1a: Snorlax|atk|1\n|-boost|p1a: Snorlax|def|1\n|\n|upkeep\n|turn|2\n|\n|t:|1708045476\n|move|p2a: Drednaw|Shell Smash|p2a: Drednaw\n|-unboost|p2a: Drednaw|def|1\n|-unboost|p2a: Drednaw|spd|1\n|-boost|p2a: Drednaw|atk|2\n|-boost|p2a: Drednaw|spa|2\n|-boost|p2a: Drednaw|spe|2\n|move|p1a: Snorlax|Curse|p1a: Snorlax\n|-unboost|p1a: Snorlax|spe|1\n|-boost|p1a: Snorlax|atk|1\n|-boost|p1a: Snorlax|def|1\n|\n|upkeep\n|turn|3\n|\n|t:|1708045484\n|move|p2a: Drednaw|Liquidation|p1a: Snorlax\n|-damage|p1a: Snorlax|217/397\n|move|p1a: Snorlax|Body Slam|p2a: Drednaw\n|-resisted|p2a: Drednaw\n|-damage|p2a: Drednaw|141/275\n|\n|-heal|p1a: Snorlax|241/397|[from] item: Leftovers\n|upkeep\n|turn|4\n|\n|t:|1708045502\n|move|p2a: Drednaw|Liquidation|p1a: Snorlax\n|-damage|p1a: Snorlax|60/397\n|move|p1a: Snorlax|Rest|p1a: Snorlax\n|-status|p1a: Snorlax|slp|[from] move: Rest\n|-heal|p1a: Snorlax|397/397 slp|[silent]\n|\n|upkeep\n|turn|5\n|\n|t:|1708045509\n|move|p2a: Drednaw|Liquidation|p1a: Snorlax\n|-damage|p1a: Snorlax|204/397 slp\n|cant|p1a: Snorlax|slp\n|move|p1a: Snorlax|Sleep Talk|p1a: Snorlax\n|move|p1a: Snorlax|Curse|p1a: Snorlax|[from]move: Sleep Talk\n|-unboost|p1a: Snorlax|spe|1\n|-boost|p1a: Snorlax|atk|1\n|-boost|p1a: Snorlax|def|1\n|\n|-heal|p1a: Snorlax|228/397 slp|[from] item: Leftovers\n|upkeep\n|turn|6\n|\n|t:|1708045518\n|move|p2a: Drednaw|Liquidation|p1a: Snorlax\n|-damage|p1a: Snorlax|77/397 slp\n|-unboost|p1a: Snorlax|def|1\n|cant|p1a: Snorlax|slp\n|move|p1a: Snorlax|Sleep Talk|p1a: Snorlax\n|move|p1a: Snorlax|Rest||[from]move: Sleep Talk|[still]\n|-fail|p1a: Snorlax\n|\n|-heal|p1a: Snorlax|101/397 slp|[from] item: Leftovers\n|upkeep\n|turn|7\n|\n|t:|1708045527\n|move|p2a: Drednaw|Liquidation|p1a: Snorlax\n|-damage|p1a: Snorlax|0 fnt\n|faint|p1a: Snorlax\n|\n|upkeep\n|\n|t:|1708045532\n|switch|p1a: Smeargle|Smeargle, L90, F|245/245\n|turn|8\n|\n|t:|1708045534\n|move|p2a: Drednaw|Liquidation|p1a: Smeargle\n|-enditem|p1a: Smeargle|Focus Sash\n|-damage|p1a: Smeargle|1/245\n|move|p1a: Smeargle|Spore|p2a: Drednaw\n|-status|p2a: Drednaw|slp|[from] move: Spore\n|\n|upkeep\n|turn|9\n|\n|t:|1708045548\n|cant|p2a: Drednaw|slp\n|move|p1a: Smeargle|Stone Axe|p2a: Drednaw\n|-damage|p2a: Drednaw|106/275 slp\n|-sidestart|p2: Sunday-love-vgc|move: Stealth Rock\n|\n|upkeep\n|turn|10\n|\n|t:|1708045557\n|cant|p2a: Drednaw|slp\n|move|p1a: Smeargle|Ceaseless Edge|p2a: Drednaw\n|-damage|p2a: Drednaw|75/275 slp\n|-sidestart|p2: Sunday-love-vgc|Spikes\n|\n|upkeep\n|turn|11\n|\n|t:|1708045565\n|cant|p2a: Drednaw|slp\n|move|p1a: Smeargle|Ceaseless Edge|p2a: Drednaw\n|-damage|p2a: Drednaw|41/275 slp\n|-sidestart|p2: Sunday-love-vgc|Spikes\n|\n|upkeep\n|turn|12\n|\n|t:|1708045573\n|-curestatus|p2a: Drednaw|slp|[msg]\n|move|p2a: Drednaw|Liquidation|p1a: Smeargle\n|-damage|p1a: Smeargle|0 fnt\n|faint|p1a: Smeargle\n|\n|upkeep\n|\n|t:|1708045602\n|switch|p1a: Mesprit|Mesprit, L85|275/275\n|turn|13\n|\n|t:|1708045614\n|-terastallize|p1a: Mesprit|Fairy\n|move|p2a: Drednaw|Crunch|p1a: Mesprit\n|-resisted|p1a: Mesprit\n|-damage|p1a: Mesprit|157/275\n|move|p1a: Mesprit|Dazzling Gleam|p2a: Drednaw\n|-damage|p2a: Drednaw|0 fnt\n|faint|p2a: Drednaw\n|\n|upkeep\n|\n|t:|1708045626\n|switch|p2a: Terapagos|Terapagos, L75, F|259/259\n|-activate|p2a: Terapagos|ability: Tera Shift\n|detailschange|p2a: Terapagos|Terapagos-Terastal, L75, F\n|-heal|p2a: Terapagos|266/266|[silent]\n|-damage|p2a: Terapagos|233/266|[from] Stealth Rock\n|-damage|p2a: Terapagos|189/266|[from] Spikes\n|turn|14\n|\n|t:|1708045641\n|move|p1a: Mesprit|Dazzling Gleam|p2a: Terapagos\n|-damage|p2a: Terapagos|107/266\n|move|p2a: Terapagos|Rapid Spin|p1a: Mesprit\n|-damage|p1a: Mesprit|120/275\n|-boost|p2a: Terapagos|spe|1\n|-sideend|p2: Sunday-love-vgc|Spikes|[from] move: Rapid Spin|[of] p2a: Terapagos\n|-sideend|p2: Sunday-love-vgc|Stealth Rock|[from] move: Rapid Spin|[of] p2a: Terapagos\n|\n|-heal|p2a: Terapagos|123/266|[from] item: Leftovers\n|upkeep\n|turn|15\n|\n|t:|1708045650\n|move|p1a: Mesprit|Dazzling Gleam|p2a: Terapagos\n|-damage|p2a: Terapagos|27/266\n|move|p2a: Terapagos|Calm Mind|p2a: Terapagos\n|-boost|p2a: Terapagos|spa|1\n|-boost|p2a: Terapagos|spd|1\n|\n|-heal|p2a: Terapagos|43/266|[from] item: Leftovers\n|upkeep\n|turn|16\n|\n|t:|1708045662\n|-terastallize|p2a: Terapagos|Stellar\n|detailschange|p2a: Terapagos|Terapagos-Stellar, L75, F, tera:Stellar\n|-heal|p2a: Terapagos|141/364|[silent]\n|move|p1a: Mesprit|Dazzling Gleam|p2a: Terapagos\n|-damage|p2a: Terapagos|84/364\n|move|p2a: Terapagos|Tera Starstorm|p1a: Mesprit\n|-supereffective|p1a: Mesprit\n|-damage|p1a: Mesprit|0 fnt\n|faint|p1a: Mesprit\n|\n|-heal|p2a: Terapagos|106/364|[from] item: Leftovers\n|upkeep\n|\n|t:|1708045673\n|switch|p1a: Iron Treads|Iron Treads, L77|265/265\n|turn|17\n|\n|t:|1708045683\n|move|p2a: Terapagos|Tera Starstorm|p1a: Iron Treads\n|-damage|p1a: Iron Treads|56/265\n|move|p1a: Iron Treads|Earthquake|p2a: Terapagos\n|-damage|p2a: Terapagos|4/364\n|\n|-heal|p2a: Terapagos|26/364|[from] item: Leftovers\n|-heal|p1a: Iron Treads|72/265|[from] item: Leftovers\n|upkeep\n|turn|18\n|\n|t:|1708045691\n|move|p2a: Terapagos|Tera Starstorm|p1a: Iron Treads\n|-damage|p1a: Iron Treads|0 fnt\n|faint|p1a: Iron Treads\n|-end|p1a: Iron Treads|Quark Drive|[silent]\n|\n|-heal|p2a: Terapagos|48/364|[from] item: Leftovers\n|upkeep\n|\n|t:|1708045695\n|switch|p1a: Mew|Mew, L82|298/298\n|turn|19\n|\n|t:|1708045701\n|move|p2a: Terapagos|Tera Starstorm|p1a: Mew\n|-damage|p1a: Mew|149/298\n|move|p1a: Mew|Psychic|p2a: Terapagos\n|-damage|p2a: Terapagos|0 fnt\n|faint|p2a: Terapagos\n|\n|-heal|p1a: Mew|167/298|[from] item: Leftovers\n|upkeep\n|\n|t:|1708045709\n|switch|p2a: Mismagius|Mismagius, L86, F|243/243\n|turn|20\n|\n|t:|1708045717\n|move|p2a: Mismagius|Shadow Ball|p1a: Mew\n|-supereffective|p1a: Mew\n|-damage|p1a: Mew|0 fnt\n|faint|p1a: Mew\n|\n|upkeep\n|\n|t:|1708045720\n|switch|p1a: Arceus|Arceus-Fairy, L69|280/280\n|turn|21\n|\n|t:|1708045730\n|move|p2a: Mismagius|Shadow Ball|p1a: Arceus\n|-damage|p1a: Arceus|150/280\n|-unboost|p1a: Arceus|spd|1\n|move|p1a: Arceus|Calm Mind|p1a: Arceus\n|-boost|p1a: Arceus|spa|1\n|-boost|p1a: Arceus|spd|1\n|\n|upkeep\n|turn|22\n|-message|thethirstysimp forfeited.\n|\n|win|Sunday-love-vgc\n|raw|thethirstysimp's rating: 2255 &rarr; <strong>2237</strong><br />(-18 for losing)\n|raw|Sunday-love-vgc's rating: 2291 &rarr; <strong>2309</strong><br />(+18 for winning)\n|l|\u2606thethirstysimp\n|player|p1|\n", "inputlog": ">version de83653606c272e7c0c778fb40cf7baa5f066de2\n>start {\"formatid\":\"gen9randombattle\",\"seed\":[58629,29488,31555,40670],\"rated\":\"Rated battle\"}\n>player p1 {\"name\":\"thethirstysimp\",\"avatar\":\"102\",\"rating\":2255,\"seed\":[20822,43314,17325,40500]}\n>player p2 {\"name\":\"Sunday-love-vgc\",\"avatar\":\"2\",\"rating\":2291,\"seed\":[53971,46702,45688,7602]}\n>p1 move curse\n>p2 move shellsmash\n>p1 move curse\n>p2 move shellsmash\n>p1 move bodyslam\n>p2 move liquidation\n>p1 move rest\n>p2 move liquidation\n>p1 move sleeptalk\n>p2 move liquidation\n>p1 move sleeptalk\n>p2 move liquidation\n>p1 move rest\n>p2 move liquidation\n>p1 switch 6\n>p1 move spore\n>p2 move liquidation\n>p1 move stoneaxe\n>p2 move liquidation\n>p1 move ceaselessedge\n>p2 move liquidation\n>p1 move ceaselessedge\n>p2 move liquidation\n>p1 move ceaselessedge\n>p2 move liquidation\n>p1 switch 5\n>p1 move dazzlinggleam terastallize\n>p2 move crunch\n>p2 switch 5\n>p1 move dazzlinggleam\n>p2 move rapidspin\n>p1 move dazzlinggleam\n>p2 move calmmind\n>p1 move dazzlinggleam\n>p2 move terastarstorm terastallize\n>p1 switch 3\n>p1 move earthquake\n>p2 move terastarstorm\n>p1 move rapidspin\n>p2 move terastarstorm\n>p1 switch 4\n>p1 move psychic\n>p2 move terastarstorm\n>p2 switch 6\n>p1 move toxicspikes\n>p2 move shadowball\n>p1 switch 2\n>p1 move calmmind\n>p2 move shadowball\n>forcelose p1", "uploadtime": 1708045739, "views": 286, "formatid": "gen9randombattle", "rating": 2237, "private": 0, "password": null}