{"id": "gen9randombattle-2259998344", "format": "[Gen 9] Random Battle", "players": ["jl1101", "Oh didufghA"], "log": "|j|\u2606jl1101\n|j|\u2606Oh didufghA\n|t:|1733789236\n|gametype|singles\n|player|p1|jl1101|265|1416\n|player|p2|Oh didufghA|102|1437\n|teamsize|p1|6\n|teamsize|p2|6\n|gen|9\n|tier|[Gen 9] Random Battle\n|rated|\n|rule|Species Clause: Limit one of each Pok\u00e9mon\n|rule|HP Percentage Mod: HP is shown in percentages\n|rule|Sleep Clause Mod: Limit one foe put to sleep\n|rule|Illusion Level Mod: Illusion disguises the Pok\u00e9mon's true level\n|\n|t:|1733789236\n|start\n|switch|p1a: Magcargo|Magcargo, L95, M|268/268\n|switch|p2a: Ursaluna|Ursaluna, L79, M|335/335\n|turn|1\n|inactive|Battle timer is ON: inactive players will automatically lose when time's up. (requested by Oh didufghA)\n|\n|t:|1733789277\n|switch|p1a: Serperior|Serperior, L79, M|248/248\n|move|p2a: Ursaluna|Headlong Rush|p1a: Serperior\n|-resisted|p1a: Serperior\n|-damage|p1a: Serperior|171/248\n|-unboost|p2a: Ursaluna|def|1\n|-unboost|p2a: Ursaluna|spd|1\n|\n|-heal|p1a: Serperior|186/248|[from] item: Leftovers\n|-status|p2a: Ursaluna|brn|[from] item: Flame Orb\n|upkeep\n|turn|2\n|\n|t:|1733789305\n|-terastallize|p2a: Ursaluna|Normal\n|move|p1a: Serperior|Leaf Storm|p2a: Ursaluna\n|-damage|p2a: Ursaluna|173/335 brn\n|-boost|p1a: Serperior|spa|2\n|move|p2a: Ursaluna|Facade|p1a: Serperior\n|-damage|p1a: Serperior|0 fnt\n|faint|p1a: Serperior\n|\n|-damage|p2a: Ursaluna|153/335 brn|[from] brn\n|upkeep\n|\n|t:|1733789329\n|switch|p1a: Annihilape|Annihilape, L76, M|292/292\n|turn|3\n|\n|t:|1733789343\n|move|p1a: Annihilape|Bulk Up|p1a: Annihilape\n|-boost|p1a: Annihilape|atk|1\n|-boost|p1a: Annihilape|def|1\n|move|p2a: Ursaluna|Trailblaze|p1a: Annihilape\n|-crit|p1a: Annihilape\n|-damage|p1a: Annihilape|184/292\n|-boost|p2a: Ursaluna|spe|1\n|\n|-damage|p2a: Ursaluna|133/335 brn|[from] brn\n|upkeep\n|turn|4\n|\n|t:|1733789351\n|move|p2a: Ursaluna|Headlong Rush|p1a: Annihilape\n|-damage|p1a: Annihilape|16/292\n|-unboost|p2a: Ursaluna|def|1\n|-unboost|p2a: Ursaluna|spd|1\n|move|p1a: Annihilape|Drain Punch|p2a: Ursaluna\n|-supereffective|p2a: Ursaluna\n|-damage|p2a: Ursaluna|0 fnt\n|-heal|p1a: Annihilape|83/292|[from] drain|[of] p2a: Ursaluna\n|faint|p2a: Ursaluna\n|\n|upkeep\n|\n|t:|1733789366\n|switch|p2a: Lucario|Lucario, L84, F|255/255\n|turn|5\n|\n|t:|1733789374\n|move|p2a: Lucario|Meteor Mash|p1a: Annihilape\n|-damage|p1a: Annihilape|0 fnt\n|faint|p1a: Annihilape\n|-damage|p2a: Lucario|230/255|[from] item: Life Orb\n|\n|upkeep\n|\n|t:|1733789380\n|switch|p1a: Scrafty|Scrafty, L84, M|246/246\n|-ability|p1a: Scrafty|Intimidate|boost\n|-unboost|p2a: Lucario|atk|1\n|turn|6\n|\n|t:|1733789391\n|move|p2a: Lucario|Close Combat|p1a: Scrafty\n|-supereffective|p1a: Scrafty\n|-damage|p1a: Scrafty|35/246\n|-unboost|p2a: Lucario|def|1\n|-unboost|p2a: Lucario|spd|1\n|-damage|p2a: Lucario|205/255|[from] item: Life Orb\n|move|p1a: Scrafty|Dragon Dance|p1a: Scrafty\n|-boost|p1a: Scrafty|atk|1\n|-boost|p1a: Scrafty|spe|1\n|\n|upkeep\n|turn|7\n|\n|t:|1733789397\n|move|p2a: Lucario|Extreme Speed|p1a: Scrafty\n|-damage|p1a: Scrafty|0 fnt\n|faint|p1a: Scrafty\n|-damage|p2a: Lucario|180/255|[from] item: Life Orb\n|\n|upkeep\n|\n|t:|1733789401\n|switch|p1a: Magcargo|Magcargo, L95, M|268/268\n|turn|8\n|\n|t:|1733789417\n|move|p2a: Lucario|Close Combat|p1a: Magcargo\n|-supereffective|p1a: Magcargo\n|-damage|p1a: Magcargo|112/268\n|-unboost|p2a: Lucario|def|1\n|-unboost|p2a: Lucario|spd|1\n|-ability|p1a: Magcargo|Weak Armor|boost\n|-unboost|p1a: Magcargo|def|1\n|-boost|p1a: Magcargo|spe|2\n|-damage|p2a: Lucario|155/255|[from] item: Life Orb\n|move|p1a: Magcargo|Shell Smash|p1a: Magcargo\n|-unboost|p1a: Magcargo|def|1\n|-unboost|p1a: Magcargo|spd|1\n|-boost|p1a: Magcargo|atk|2\n|-boost|p1a: Magcargo|spa|2\n|-boost|p1a: Magcargo|spe|2\n|\n|upkeep\n|turn|9\n|\n|t:|1733789438\n|move|p2a: Lucario|Extreme Speed|p1a: Magcargo\n|-resisted|p1a: Magcargo\n|-damage|p1a: Magcargo|74/268\n|-ability|p1a: Magcargo|Weak Armor|boost\n|-unboost|p1a: Magcargo|def|1\n|-boost|p1a: Magcargo|spe|2\n|-damage|p2a: Lucario|130/255|[from] item: Life Orb\n|move|p1a: Magcargo|Earth Power|p2a: Lucario\n|-supereffective|p2a: Lucario\n|-damage|p2a: Lucario|0 fnt\n|faint|p2a: Lucario\n|\n|upkeep\n|\n|t:|1733789446\n|switch|p2a: Chimecho|Chimecho, L93, F|290/290\n|turn|10\n|\n|t:|1733789456\n|move|p1a: Magcargo|Fire Blast|p2a: Chimecho\n|-damage|p2a: Chimecho|40/290\n|move|p2a: Chimecho|Cosmic Power|p2a: Chimecho\n|-boost|p2a: Chimecho|def|1\n|-boost|p2a: Chimecho|spd|1\n|\n|-heal|p2a: Chimecho|58/290|[from] item: Leftovers\n|upkeep\n|turn|11\n|\n|t:|1733789460\n|move|p1a: Magcargo|Power Gem|p2a: Chimecho\n|-damage|p2a: Chimecho|0 fnt\n|faint|p2a: Chimecho\n|\n|upkeep\n|\n|t:|1733789464\n|switch|p2a: Gardevoir|Gardevoir, L83, M|249/249\n|-ability|p2a: Gardevoir|Weak Armor|[from] ability: Trace|[of] p1a: Magcargo\n|turn|12\n|\n|t:|1733789479\n|move|p1a: Magcargo|Fire Blast|p2a: Gardevoir\n|-damage|p2a: Gardevoir|35/249\n|-status|p2a: Gardevoir|brn\n|move|p2a: Gardevoir|Moonblast|p1a: Magcargo\n|-resisted|p1a: Magcargo\n|-damage|p1a: Magcargo|0 fnt\n|faint|p1a: Magcargo\n|-damage|p2a: Gardevoir|11/249 brn|[from] item: Life Orb\n|\n|-damage|p2a: Gardevoir|0 fnt|[from] brn\n|faint|p2a: Gardevoir\n|upkeep\n|\n|t:|1733789485\n|switch|p2a: Houndstone|Houndstone, L86, F|264/264\n|switch|p1a: Hypno|Hypno, L95, M|315/315\n|turn|13\n|\n|t:|1733789491\n|move|p1a: Hypno|Knock Off|p2a: Houndstone\n|-supereffective|p2a: Houndstone\n|-damage|p2a: Houndstone|200/264\n|-enditem|p2a: Houndstone|Choice Band|[from] move: Knock Off|[of] p1a: Hypno\n|move|p2a: Houndstone|Poltergeist|p1a: Hypno\n|-activate|p1a: Hypno|move: Poltergeist|Leftovers\n|-supereffective|p1a: Hypno\n|-damage|p1a: Hypno|63/315\n|\n|-heal|p1a: Hypno|82/315|[from] item: Leftovers\n|upkeep\n|turn|14\n|\n|t:|1733789496\n|move|p2a: Houndstone|Shadow Sneak|p1a: Hypno\n|-supereffective|p1a: Hypno\n|-damage|p1a: Hypno|0 fnt\n|faint|p1a: Hypno\n|\n|upkeep\n|\n|t:|1733789498\n|switch|p1a: Kingambit|Kingambit, L74, F|270/270\n|-activate|p1a: Kingambit|ability: Supreme Overlord\n|-start|p1a: Kingambit|fallen5|[silent]\n|turn|15\n|\n|t:|1733789505\n|move|p2a: Houndstone|Body Press|p1a: Kingambit\n|-supereffective|p1a: Kingambit\n|-damage|p1a: Kingambit|62/270\n|move|p1a: Kingambit|Kowtow Cleave|p2a: Houndstone\n|-supereffective|p2a: Houndstone\n|-damage|p2a: Houndstone|76/264\n|\n|-heal|p1a: Kingambit|78/270|[from] item: Leftovers\n|upkeep\n|turn|16\n|\n|t:|1733789513\n|-terastallize|p1a: Kingambit|Flying\n|move|p1a: Kingambit|Sucker Punch|p2a: Houndstone\n|-supereffective|p2a: Houndstone\n|-damage|p2a: Houndstone|0 fnt\n|faint|p2a: Houndstone\n|\n|-heal|p1a: Kingambit|94/270|[from] item: Leftovers\n|upkeep\n|\n|t:|1733789517\n|switch|p2a: Scrafty|Scrafty, L84, F|246/246\n|turn|17\n|\n|t:|1733789526\n|move|p2a: Scrafty|Knock Off|p1a: Kingambit\n|-damage|p1a: Kingambit|12/270\n|-enditem|p1a: Kingambit|Leftovers|[from] move: Knock Off|[of] p2a: Scrafty\n|move|p1a: Kingambit|Iron Head|p2a: Scrafty\n|-damage|p2a: Scrafty|143/246\n|\n|-heal|p2a: Scrafty|158/246|[from] item: Leftovers\n|upkeep\n|turn|18\n|\n|t:|1733789531\n|move|p1a: Kingambit|Sucker Punch|p2a: Scrafty\n|-resisted|p2a: Scrafty\n|-damage|p2a: Scrafty|136/246\n|move|p2a: Scrafty|Drain Punch|p1a: Kingambit\n|-resisted|p1a: Kingambit\n|-damage|p1a: Kingambit|0 fnt\n|-heal|p2a: Scrafty|142/246|[from] drain|[of] p1a: Kingambit\n|faint|p1a: Kingambit\n|-end|p1a: Kingambit|fallen5|[silent]\n|\n|win|Oh didufghA\n|raw|jl1101's rating: 1416 &rarr; <strong>1397</strong><br />(-19 for losing)\n|raw|Oh didufghA's rating: 1437 &rarr; <strong>1456</strong><br />(+19 for winning)\n|l|\u2606jl1101\n|player|p1|\n", "inputlog": ">version bfd83cad13791eb5a5a409923076391caf6fb4d4\n>start {\"formatid\":\"gen9randombattle\",\"seed\":[60391,152,4926,53775],\"rated\":\"Rated battle\"}\n>player p1 {\"name\":\"jl1101\",\"avatar\":\"265\",\"rating\":1416,\"seed\":[9459,43952,44738,16533]}\n>player p2 {\"name\":\"Oh didufghA\",\"avatar\":\"102\",\"rating\":1437,\"seed\":[60989,54546,20301,34409]}\n>p1 switch 3\n>p2 move headlongrush\n>p1 move leafstorm\n>p2 move facade terastallize\n>p1 switch 4\n>p1 move bulkup\n>p2 move trailblaze\n>p1 move drainpunch\n>p2 move headlongrush\n>p2 switch 5\n>p1 move drainpunch\n>p2 move meteormash\n>p1 switch 2\n>p1 move dragondance\n>p2 move closecombat\n>p1 move closecombat\n>p2 move extremespeed\n>p1 switch 3\n>p1 move shellsmash\n>p2 move closecombat\n>p1 move earthpower\n>p2 move extremespeed\n>p2 switch 3\n>p1 move fireblast\n>p2 move cosmicpower\n>p1 move powergem\n>p2 move recover\n>p2 switch 6\n>p1 move fireblast\n>p2 move moonblast\n>p1 switch 5\n>p2 switch 2\n>p1 move knockoff\n>p2 move poltergeist\n>p1 move psychicnoise\n>p2 move shadowsneak\n>p1 switch 6\n>p1 move kowtowcleave\n>p2 move bodypress\n>p1 move suckerpunch terastallize\n>p2 move bodypress\n>p2 switch 4\n>p1 move ironhead\n>p2 move knockoff\n>p1 move suckerpunch\n>p2 move drainpunch", "uploadtime": 1733789685, "views": 1, "formatid": "gen9randombattle", "rating": 1397, "private": 0, "password": null}