{"id": "gen9randombattle-2260763224", "format": "[Gen 9] Random Battle", "players": ["sdfjksda", "Gendova99"], "log": "|j|\u2606sdfjksda\n|j|\u2606Gendova99\n|t:|1733888464\n|gametype|singles\n|player|p1|sdfjksda|101|1000\n|player|p2|Gendova99|1|1000\n|teamsize|p1|6\n|teamsize|p2|6\n|gen|9\n|tier|[Gen 9] Random Battle\n|rated|\n|rule|Species Clause: Limit one of each Pok\u00e9mon\n|rule|HP Percentage Mod: HP is shown in percentages\n|rule|Sleep Clause Mod: Limit one foe put to sleep\n|rule|Illusion Level Mod: Illusion disguises the Pok\u00e9mon's true level\n|\n|t:|1733888464\n|start\n|switch|p1a: Blaziken|Blaziken, L76, M|247/247\n|switch|p2a: Urshifu|Urshifu-Rapid-Strike, L75, M|274/274\n|turn|1\n|\n|t:|1733888494\n|switch|p1a: Ludicolo|Ludicolo, L90, M|290/290\n|move|p2a: Urshifu|Swords Dance|p2a: Urshifu\n|-boost|p2a: Urshifu|atk|2\n|\n|upkeep\n|turn|2\n|inactive|Battle timer is ON: inactive players will automatically lose when time's up. (requested by sdfjksda)\n|\n|t:|1733888506\n|move|p2a: Urshifu|Ice Spinner|p1a: Ludicolo\n|-damage|p1a: Ludicolo|111/290\n|-damage|p2a: Urshifu|247/274|[from] item: Life Orb\n|move|p1a: Ludicolo|Giga Drain|p2a: Urshifu\n|-supereffective|p2a: Urshifu\n|-damage|p2a: Urshifu|0 fnt\n|-heal|p1a: Ludicolo|235/290|[from] drain|[of] p2a: Urshifu\n|faint|p2a: Urshifu\n|-damage|p1a: Ludicolo|206/290|[from] item: Life Orb\n|\n|upkeep\n|\n|t:|1733888521\n|switch|p2a: Hydreigon|Hydreigon, L79, F|275/275\n|turn|3\n|inactive|sdfjksda has 120 seconds left.\n|\n|t:|1733888553\n|move|p2a: Hydreigon|Draco Meteor|p1a: Ludicolo\n|-damage|p1a: Ludicolo|17/290\n|-unboost|p2a: Hydreigon|spa|2\n|move|p1a: Ludicolo|Ice Beam|p2a: Hydreigon\n|-supereffective|p2a: Hydreigon\n|-damage|p2a: Hydreigon|75/275\n|-damage|p1a: Ludicolo|0 fnt|[from] item: Life Orb\n|faint|p1a: Ludicolo\n|\n|upkeep\n|inactive|sdfjksda has 120 seconds left.\n|\n|t:|1733888565\n|switch|p1a: Blaziken|Blaziken, L76, M|247/247\n|turn|4\n|\n|t:|1733888581\n|switch|p2a: Mudsdale|Mudsdale, L84, F|305/305\n|move|p1a: Blaziken|Swords Dance|p1a: Blaziken\n|-boost|p1a: Blaziken|atk|2\n|\n|-ability|p1a: Blaziken|Speed Boost|boost\n|-boost|p1a: Blaziken|spe|1\n|upkeep\n|turn|5\n|inactive|sdfjksda has 120 seconds left.\n|inactive|sdfjksda has 90 seconds left.\n|\n|t:|1733888629\n|switch|p1a: Perrserker|Perrserker, L89, F|269/269\n|move|p2a: Mudsdale|Earthquake|p1a: Perrserker\n|-supereffective|p1a: Perrserker\n|-damage|p1a: Perrserker|65/269\n|\n|upkeep\n|turn|6\n|\n|t:|1733888637\n|move|p1a: Perrserker|Iron Head|p2a: Mudsdale\n|-damage|p2a: Mudsdale|103/305\n|-ability|p2a: Mudsdale|Stamina|boost\n|-boost|p2a: Mudsdale|def|1\n|move|p2a: Mudsdale|Stealth Rock|p1a: Perrserker\n|-sidestart|p1: sdfjksda|move: Stealth Rock\n|\n|-heal|p2a: Mudsdale|122/305|[from] item: Leftovers\n|upkeep\n|turn|7\n|\n|t:|1733888649\n|move|p1a: Perrserker|Iron Head|p2a: Mudsdale\n|-damage|p2a: Mudsdale|0 fnt\n|faint|p2a: Mudsdale\n|\n|upkeep\n|\n|t:|1733888656\n|switch|p2a: Hydreigon|Hydreigon, L79, F|75/275\n|turn|8\n|\n|t:|1733888660\n|move|p2a: Hydreigon|U-turn|p1a: Perrserker\n|-resisted|p1a: Perrserker\n|-damage|p1a: Perrserker|46/269\n|\n|t:|1733888664\n|switch|p2a: Lanturn|Lanturn, L89, F|367/367|[from] U-turn\n|move|p1a: Perrserker|Iron Head|p2a: Lanturn\n|-resisted|p2a: Lanturn\n|-damage|p2a: Lanturn|293/367\n|\n|upkeep\n|turn|9\n|\n|t:|1733888677\n|move|p2a: Lanturn|Thunderbolt|p1a: Perrserker\n|-damage|p1a: Perrserker|0 fnt\n|faint|p1a: Perrserker\n|\n|upkeep\n|\n|t:|1733888683\n|switch|p1a: Raikou|Raikou, L81|278/278\n|-damage|p1a: Raikou|244/278|[from] Stealth Rock\n|-ability|p1a: Raikou|Pressure\n|turn|10\n|\n|t:|1733888690\n|move|p1a: Raikou|Calm Mind|p1a: Raikou\n|-boost|p1a: Raikou|spa|1\n|-boost|p1a: Raikou|spd|1\n|move|p2a: Lanturn|Volt Switch|p1a: Raikou\n|-resisted|p1a: Raikou\n|-crit|p1a: Raikou\n|-damage|p1a: Raikou|195/278\n|\n|t:|1733888701\n|switch|p2a: Umbreon|Umbreon, L84, M|297/297|[from] Volt Switch\n|\n|-heal|p1a: Raikou|212/278|[from] item: Leftovers\n|upkeep\n|turn|11\n|\n|t:|1733888711\n|move|p1a: Raikou|Thunderbolt|p2a: Umbreon\n|-damage|p2a: Umbreon|183/297\n|move|p2a: Umbreon|Foul Play|p1a: Raikou\n|-crit|p1a: Raikou\n|-damage|p1a: Raikou|92/278\n|\n|-heal|p1a: Raikou|109/278|[from] item: Leftovers\n|-heal|p2a: Umbreon|201/297|[from] item: Leftovers\n|upkeep\n|turn|12\n|\n|t:|1733888722\n|move|p1a: Raikou|Thunderbolt|p2a: Umbreon\n|-damage|p2a: Umbreon|80/297\n|move|p2a: Umbreon|Toxic|p1a: Raikou\n|-status|p1a: Raikou|tox\n|\n|-heal|p1a: Raikou|126/278 tox|[from] item: Leftovers\n|-heal|p2a: Umbreon|98/297|[from] item: Leftovers\n|-damage|p1a: Raikou|109/278 tox|[from] psn\n|upkeep\n|turn|13\n|\n|t:|1733888734\n|move|p1a: Raikou|Thunderbolt|p2a: Umbreon\n|-damage|p2a: Umbreon|0 fnt\n|faint|p2a: Umbreon\n|\n|-heal|p1a: Raikou|126/278 tox|[from] item: Leftovers\n|-damage|p1a: Raikou|92/278 tox|[from] psn\n|upkeep\n|\n|t:|1733888742\n|switch|p2a: Hydreigon|Hydreigon, L79, F|75/275\n|turn|14\n|\n|t:|1733888750\n|move|p1a: Raikou|Thunderbolt|p2a: Hydreigon\n|-resisted|p2a: Hydreigon\n|-damage|p2a: Hydreigon|0 fnt\n|faint|p2a: Hydreigon\n|\n|-heal|p1a: Raikou|109/278 tox|[from] item: Leftovers\n|-damage|p1a: Raikou|58/278 tox|[from] psn\n|upkeep\n|\n|t:|1733888759\n|switch|p2a: Lanturn|Lanturn, L89, F|293/367\n|turn|15\n|\n|t:|1733888767\n|move|p1a: Raikou|Shadow Ball|p2a: Lanturn\n|-damage|p2a: Lanturn|197/367\n|move|p2a: Lanturn|Volt Switch|p1a: Raikou\n|-resisted|p1a: Raikou\n|-damage|p1a: Raikou|37/278 tox\n|\n|t:|1733888773\n|switch|p2a: Oranguru|Oranguru, L92, F|315/315|[from] Volt Switch\n|\n|-heal|p1a: Raikou|54/278 tox|[from] item: Leftovers\n|-damage|p1a: Raikou|0 fnt|[from] psn\n|faint|p1a: Raikou\n|upkeep\n|\n|t:|1733888784\n|switch|p1a: Blaziken|Blaziken, L76, M|247/247\n|-damage|p1a: Blaziken|217/247|[from] Stealth Rock\n|turn|16\n|\n|t:|1733888794\n|-terastallize|p1a: Blaziken|Dark\n|move|p1a: Blaziken|Swords Dance|p1a: Blaziken\n|-boost|p1a: Blaziken|atk|2\n|move|p2a: Oranguru|Psyshock|p1a: Blaziken\n|-immune|p1a: Blaziken\n|\n|-ability|p1a: Blaziken|Speed Boost|boost\n|-boost|p1a: Blaziken|spe|1\n|upkeep\n|turn|17\n|\n|t:|1733888807\n|move|p1a: Blaziken|Knock Off|p2a: Oranguru\n|-supereffective|p2a: Oranguru\n|-damage|p2a: Oranguru|0 fnt\n|-enditem|p2a: Oranguru|Life Orb|[from] move: Knock Off|[of] p1a: Blaziken\n|faint|p2a: Oranguru\n|-damage|p1a: Blaziken|193/247|[from] item: Life Orb\n|\n|-ability|p1a: Blaziken|Speed Boost|boost\n|-boost|p1a: Blaziken|spe|1\n|upkeep\n|-message|Gendova99 forfeited by changing their name.\n|l| gendova99\n|\n|win|sdfjksda\n|raw|sdfjksda's rating: 1000 &rarr; <strong>1040</strong><br />(+40 for winning)\n|raw|Gendova99's rating: 1000 &rarr; <strong>1000</strong><br />(+0 for losing)\n", "inputlog": ">version bfd83cad13791eb5a5a409923076391caf6fb4d4\n>start {\"formatid\":\"gen9randombattle\",\"seed\":[55747,39512,24746,63863],\"rated\":\"Rated battle\"}\n>player p1 {\"name\":\"sdfjksda\",\"avatar\":\"101\",\"rating\":1000,\"seed\":[63588,245,8838,9869]}\n>player p2 {\"name\":\"Gendova99\",\"avatar\":\"1\",\"rating\":1000,\"seed\":[46929,16614,26693,28007]}\n>p1 switch 3\n>p2 move swordsdance\n>p1 move gigadrain\n>p2 move icespinner\n>p2 switch 3\n>p1 move icebeam\n>p2 move dracometeor\n>p1 switch 3\n>p1 move swordsdance\n>p2 switch 2\n>p1 switch 4\n>p2 move earthquake\n>p1 move ironhead\n>p2 move stealthrock\n>p1 move ironhead\n>p2 move roar\n>p2 switch 2\n>p1 move ironhead\n>p2 move uturn\n>p2 switch 4\n>p1 move ironhead\n>p2 move thunderbolt\n>p1 switch 6\n>p1 move calmmind\n>p2 move voltswitch\n>p2 switch 5\n>p1 move thunderbolt\n>p2 move foulplay\n>p1 move thunderbolt\n>p2 move toxic\n>p1 move thunderbolt\n>p2 move foulplay\n>p2 switch 4\n>p1 move thunderbolt\n>p2 move dracometeor\n>p2 switch 5\n>p1 move shadowball\n>p2 move voltswitch\n>p2 switch 6\n>p1 switch 4\n>p1 move swordsdance terastallize\n>p2 move psyshock\n>p1 move knockoff\n>p2 move thunderbolt\n>forcelose p2", "uploadtime": 1733888819, "views": 9, "formatid": "gen9randombattle", "rating": 1000, "private": 0, "password": null}