{"id": "gen9randombattle-2112046402", "format": "[Gen 9] Random Battle", "players": ["jameshardie", "Star Wheel"], "log": "|uhtml|medal-msg|<div class=\"broadcast-blue\">Curious what those medals under the avatar are? PS now has Ladder Seasons! For more information, check out the <a href=\"https://www.smogon.com/forums/threads/3740067/\">thread on Smogon.</a></div>\n|badge|p2|bronze|gen9randombattle|100-1\n|uhtml|medal-msg|<div class=\"broadcast-blue\">Curious what those medals under the avatar are? PS now has Ladder Seasons! For more information, check out the <a href=\"https://www.smogon.com/forums/threads/3740067/\">thread on Smogon.</a></div>\n|j|\u2606jameshardie\n|j|\u2606Star Wheel\n|t:|1714142042\n|gametype|singles\n|player|p1|jameshardie|169|2274\n|player|p2|Star Wheel|darach-caitlin|2448\n|teamsize|p1|6\n|teamsize|p2|6\n|gen|9\n|tier|[Gen 9] Random Battle\n|rated|\n|rule|Species Clause: Limit one of each Pok\u00e9mon\n|rule|HP Percentage Mod: HP is shown in percentages\n|rule|Sleep Clause Mod: Limit one foe put to sleep\n|rule|Illusion Level Mod: Illusion disguises the Pok\u00e9mon's true level\n|\n|t:|1714142042\n|start\n|switch|p1a: Wugtrio|Wugtrio, L91, F|212/212\n|switch|p2a: Volcanion|Volcanion, L79|256/256\n|turn|1\n|inactive|Battle timer is ON: inactive players will automatically lose when time's up. (requested by Star Wheel)\n|\n|t:|1714142050\n|move|p1a: Wugtrio|Stomping Tantrum|p2a: Volcanion\n|-supereffective|p2a: Volcanion\n|-damage|p2a: Volcanion|102/256\n|move|p2a: Volcanion|Sludge Bomb|p1a: Wugtrio\n|-damage|p1a: Wugtrio|132/212\n|\n|upkeep\n|turn|2\n|\n|t:|1714142056\n|switch|p1a: Excadrill|Excadrill, L80, F|307/307\n|-ability|p1a: Excadrill|Mold Breaker\n|switch|p2a: Altaria|Altaria, L88, M|275/275\n|\n|upkeep\n|turn|3\n|\n|t:|1714142072\n|switch|p2a: Tentacruel|Tentacruel, L84, F|272/272\n|switch|p1a: Milotic|Milotic, L83, M|293/293\n|\n|upkeep\n|turn|4\n|\n|t:|1714142085\n|switch|p1a: Excadrill|Excadrill, L80, F|307/307\n|-ability|p1a: Excadrill|Mold Breaker\n|move|p2a: Tentacruel|Sludge Bomb|p1a: Excadrill\n|-immune|p1a: Excadrill\n|\n|upkeep\n|turn|5\n|\n|t:|1714142089\n|move|p2a: Tentacruel|Flip Turn|p1a: Excadrill\n|-supereffective|p1a: Excadrill\n|-damage|p1a: Excadrill|167/307\n|\n|t:|1714142094\n|switch|p2a: Sunflora|Sunflora, F|312/312|[from] Flip Turn\n|move|p1a: Excadrill|Earthquake|p2a: Sunflora\n|-resisted|p2a: Sunflora\n|-damage|p2a: Sunflora|211/312\n|-damage|p1a: Excadrill|137/307|[from] item: Life Orb\n|\n|upkeep\n|turn|6\n|\n|t:|1714142107\n|move|p1a: Excadrill|Iron Head|p2a: Sunflora\n|-damage|p2a: Sunflora|55/312\n|-damage|p1a: Excadrill|107/307|[from] item: Life Orb\n|move|p2a: Sunflora|Leaf Storm|p1a: Excadrill\n|-damage|p1a: Excadrill|0 fnt\n|-unboost|p2a: Sunflora|spa|2\n|faint|p1a: Excadrill\n|\n|upkeep\n|\n|t:|1714142122\n|switch|p1a: Furret|Furret, L93, F|309/309\n|-item|p2a: Sunflora|Choice Specs|[from] ability: Frisk|[of] p1a: Furret|[identify]\n|turn|7\n|\n|t:|1714142126\n|move|p1a: Furret|U-turn|p2a: Sunflora\n|-supereffective|p2a: Sunflora\n|-damage|p2a: Sunflora|0 fnt\n|faint|p2a: Sunflora\n|\n|t:|1714142145\n|switch|p1a: Toucannon|Toucannon, L88, M|284/284|[from] U-turn\n|\n|upkeep\n|\n|t:|1714142161\n|switch|p2a: Electivire|Electivire, L85, F|266/266\n|turn|8\n|\n|t:|1714142179\n|move|p2a: Electivire|Bulk Up|p2a: Electivire\n|-boost|p2a: Electivire|atk|1\n|-boost|p2a: Electivire|def|1\n|move|p1a: Toucannon|U-turn|p2a: Electivire\n|-damage|p2a: Electivire|212/266\n|\n|t:|1714142185\n|switch|p1a: Wugtrio|Wugtrio, L91, F|132/212|[from] U-turn\n|\n|upkeep\n|turn|9\n|\n|t:|1714142190\n|move|p1a: Wugtrio|Stomping Tantrum|p2a: Electivire\n|-supereffective|p2a: Electivire\n|-damage|p2a: Electivire|64/266\n|move|p2a: Electivire|Earthquake|p1a: Wugtrio\n|-damage|p1a: Wugtrio|0 fnt\n|faint|p1a: Wugtrio\n|-damage|p2a: Electivire|38/266|[from] item: Life Orb\n|\n|upkeep\n|\n|t:|1714142196\n|switch|p1a: Furret|Furret, L93, F|309/309\n|-item|p2a: Electivire|Life Orb|[from] ability: Frisk|[of] p1a: Furret|[identify]\n|turn|10\n|\n|t:|1714142203\n|switch|p2a: Volcanion|Volcanion, L79|102/256\n|move|p1a: Furret|Double-Edge|p2a: Volcanion\n|-damage|p2a: Volcanion|0 fnt\n|faint|p2a: Volcanion\n|-damage|p1a: Furret|275/309|[from] Recoil\n|\n|upkeep\n|\n|t:|1714142208\n|switch|p2a: Victreebel|Victreebel, L90, F|290/290\n|turn|11\n|j| Nozem\n|\n|t:|1714142223\n|-terastallize|p2a: Victreebel|Steel\n|move|p1a: Furret|Double-Edge|p2a: Victreebel\n|-resisted|p2a: Victreebel\n|-damage|p2a: Victreebel|185/290\n|-damage|p1a: Furret|240/309|[from] Recoil\n|move|p2a: Victreebel|Sludge Wave|p1a: Furret\n|-damage|p1a: Furret|37/309\n|-status|p1a: Furret|psn\n|-damage|p2a: Victreebel|156/290|[from] item: Life Orb\n|\n|-damage|p1a: Furret|0 fnt|[from] psn\n|faint|p1a: Furret\n|upkeep\n|inactive|jameshardie has 120 seconds left.\n|\n|t:|1714142256\n|switch|p1a: Slither Wing|Slither Wing, L81|270/270\n|-enditem|p1a: Slither Wing|Booster Energy\n|-activate|p1a: Slither Wing|ability: Protosynthesis|[fromitem]\n|-start|p1a: Slither Wing|protosynthesisatk\n|turn|12\n|\n|t:|1714142261\n|switch|p2a: Altaria|Altaria, L88, M|275/275\n|move|p1a: Slither Wing|Close Combat|p2a: Altaria\n|-resisted|p2a: Altaria\n|-damage|p2a: Altaria|182/275\n|-unboost|p1a: Slither Wing|def|1\n|-unboost|p1a: Slither Wing|spd|1\n|\n|upkeep\n|turn|13\n|\n|t:|1714142268\n|-end|p1a: Slither Wing|Protosynthesis|[silent]\n|switch|p1a: Milotic|Milotic, L83, M|293/293\n|move|p2a: Altaria|Brave Bird|p1a: Milotic\n|-damage|p1a: Milotic|167/293\n|-damage|p2a: Altaria|140/275|[from] Recoil\n|\n|-heal|p1a: Milotic|185/293|[from] item: Leftovers\n|upkeep\n|turn|14\n|\n|t:|1714142278\n|switch|p2a: Tentacruel|Tentacruel, L84, F|272/272\n|switch|p1a: Toucannon|Toucannon, L88, M|284/284\n|\n|upkeep\n|turn|15\n|\n|t:|1714142289\n|-singleturn|p1a: Toucannon|move: Beak Blast\n|move|p2a: Tentacruel|Sludge Bomb|p1a: Toucannon\n|-damage|p1a: Toucannon|193/284\n|-status|p1a: Toucannon|psn\n|move|p1a: Toucannon|Beak Blast|p2a: Tentacruel\n|-damage|p2a: Tentacruel|112/272\n|\n|-heal|p2a: Tentacruel|129/272|[from] item: Leftovers\n|-damage|p1a: Toucannon|158/284 psn|[from] psn\n|upkeep\n|turn|16\n|\n|t:|1714142302\n|-singleturn|p1a: Toucannon|move: Beak Blast\n|move|p2a: Tentacruel|Flip Turn|p1a: Toucannon\n|-crit|p1a: Toucannon\n|-damage|p1a: Toucannon|80/284 psn\n|-status|p2a: Tentacruel|brn\n|\n|t:|1714142306\n|switch|p2a: Altaria|Altaria, L88, M|140/275|[from] Flip Turn\n|move|p1a: Toucannon|Beak Blast|p2a: Altaria\n|-damage|p2a: Altaria|14/275\n|\n|-damage|p1a: Toucannon|45/284 psn|[from] psn\n|upkeep\n|turn|17\n|\n|t:|1714142323\n|-singleturn|p1a: Toucannon|move: Beak Blast\n|move|p2a: Altaria|Roost|p2a: Altaria\n|-heal|p2a: Altaria|152/275\n|-singleturn|p2a: Altaria|move: Roost\n|move|p1a: Toucannon|Beak Blast|p2a: Altaria\n|-damage|p2a: Altaria|25/275\n|\n|-damage|p1a: Toucannon|10/284 psn|[from] psn\n|upkeep\n|turn|18\n|\n|t:|1714142328\n|-singleturn|p1a: Toucannon|move: Beak Blast\n|move|p2a: Altaria|Brave Bird|p1a: Toucannon\n|-damage|p1a: Toucannon|0 fnt\n|-status|p2a: Altaria|brn\n|faint|p1a: Toucannon\n|-damage|p2a: Altaria|22/275 brn|[from] Recoil\n|\n|-damage|p2a: Altaria|5/275 brn|[from] brn\n|upkeep\n|inactive|jameshardie has 120 seconds left.\n|\n|t:|1714142376\n|switch|p1a: Milotic|Milotic, L83, M|185/293\n|turn|19\n|\n|t:|1714142382\n|-curestatus|p2a: Altaria|brn|[from] ability: Natural Cure\n|switch|p2a: Tentacruel|Tentacruel, L84, F|129/272 brn\n|move|p1a: Milotic|Recover|p1a: Milotic\n|-heal|p1a: Milotic|293/293\n|\n|-heal|p2a: Tentacruel|146/272 brn|[from] item: Leftovers\n|-damage|p2a: Tentacruel|129/272 brn|[from] brn\n|upkeep\n|turn|20\n|inactive|jameshardie has 120 seconds left.\n|\n|t:|1714142389\n|-terastallize|p1a: Milotic|Steel\n|move|p2a: Tentacruel|Sludge Bomb|p1a: Milotic\n|-immune|p1a: Milotic\n|move|p1a: Milotic|Scald|p2a: Tentacruel\n|-resisted|p2a: Tentacruel\n|-damage|p2a: Tentacruel|96/272 brn\n|\n|-heal|p2a: Tentacruel|113/272 brn|[from] item: Leftovers\n|-damage|p2a: Tentacruel|96/272 brn|[from] brn\n|upkeep\n|turn|21\n|\n|t:|1714142396\n|move|p2a: Tentacruel|Surf|p1a: Milotic\n|-damage|p1a: Milotic|229/293\n|move|p1a: Milotic|Scald|p2a: Tentacruel\n|-resisted|p2a: Tentacruel\n|-damage|p2a: Tentacruel|65/272 brn\n|\n|-heal|p2a: Tentacruel|82/272 brn|[from] item: Leftovers\n|-heal|p1a: Milotic|247/293|[from] item: Leftovers\n|-damage|p2a: Tentacruel|65/272 brn|[from] brn\n|upkeep\n|turn|22\n|\n|t:|1714142401\n|move|p2a: Tentacruel|Surf|p1a: Milotic\n|-damage|p1a: Milotic|186/293\n|move|p1a: Milotic|Scald|p2a: Tentacruel\n|-resisted|p2a: Tentacruel\n|-damage|p2a: Tentacruel|34/272 brn\n|\n|-heal|p2a: Tentacruel|51/272 brn|[from] item: Leftovers\n|-heal|p1a: Milotic|204/293|[from] item: Leftovers\n|-damage|p2a: Tentacruel|34/272 brn|[from] brn\n|upkeep\n|turn|23\n|\n|t:|1714142404\n|move|p2a: Tentacruel|Surf|p1a: Milotic\n|-damage|p1a: Milotic|143/293\n|move|p1a: Milotic|Recover|p1a: Milotic\n|-heal|p1a: Milotic|290/293\n|\n|-heal|p2a: Tentacruel|51/272 brn|[from] item: Leftovers\n|-heal|p1a: Milotic|293/293|[from] item: Leftovers\n|-damage|p2a: Tentacruel|34/272 brn|[from] brn\n|upkeep\n|turn|24\n|\n|t:|1714142407\n|move|p2a: Tentacruel|Surf|p1a: Milotic\n|-damage|p1a: Milotic|227/293\n|move|p1a: Milotic|Scald|p2a: Tentacruel\n|-resisted|p2a: Tentacruel\n|-damage|p2a: Tentacruel|0 fnt\n|faint|p2a: Tentacruel\n|\n|-heal|p1a: Milotic|245/293|[from] item: Leftovers\n|upkeep\n|\n|t:|1714142413\n|switch|p2a: Electivire|Electivire, L85, F|38/266\n|turn|25\n|\n|t:|1714142429\n|switch|p1a: Slither Wing|Slither Wing, L81|270/270\n|move|p2a: Electivire|Earthquake|p1a: Slither Wing\n|-resisted|p1a: Slither Wing\n|-damage|p1a: Slither Wing|201/270\n|-damage|p2a: Electivire|12/266|[from] item: Life Orb\n|\n|upkeep\n|turn|26\n|\n|t:|1714142443\n|move|p2a: Electivire|Supercell Slam|p1a: Slither Wing\n|-damage|p1a: Slither Wing|0 fnt\n|faint|p1a: Slither Wing\n|-end|p1a: Slither Wing|Protosynthesis|[silent]\n|-damage|p2a: Electivire|0 fnt|[from] item: Life Orb\n|faint|p2a: Electivire\n|\n|upkeep\n|\n|t:|1714142450\n|switch|p2a: Altaria|Altaria, L88, M|5/275\n|switch|p1a: Milotic|Milotic, L83, M, tera:Steel|245/293\n|turn|27\n|\n|t:|1714142453\n|move|p2a: Altaria|Roost|p2a: Altaria\n|-heal|p2a: Altaria|143/275\n|-singleturn|p2a: Altaria|move: Roost\n|move|p1a: Milotic|Ice Beam|p2a: Altaria\n|-supereffective|p2a: Altaria\n|-damage|p2a: Altaria|41/275\n|\n|-heal|p1a: Milotic|263/293|[from] item: Leftovers\n|upkeep\n|turn|28\n|-message|Star Wheel forfeited.\n|\n|win|jameshardie\n|raw|jameshardie's rating: 2274 &rarr; <strong>2303</strong><br />(+29 for winning)\n|raw|Star Wheel's rating: 2448 &rarr; <strong>2419</strong><br />(-29 for losing)\n|l|\u2606Star Wheel\n|player|p2|\n", "inputlog": ">version 56c3b69fcd3b113ffc796eb8c36c032ea017d75b\n>start {\"formatid\":\"gen9randombattle\",\"seed\":[38117,4746,39686,56435],\"rated\":\"Rated battle\"}\n>player p1 {\"name\":\"jameshardie\",\"avatar\":\"169\",\"rating\":2274,\"seed\":[18440,4032,61337,59054]}\n>player p2 {\"name\":\"Star Wheel\",\"avatar\":\"darach-caitlin\",\"rating\":2448,\"seed\":[18099,64080,32675,8127]}\n>p1 move stompingtantrum\n>p2 move sludgebomb\n>p1 switch 6\n>p2 switch 2\n>p1 switch 3\n>p2 switch 4\n>p1 switch 3\n>p2 move sludgebomb\n>p1 move earthquake\n>p2 move flipturn\n>p2 switch 5\n>p1 move ironhead\n>p2 move leafstorm\n>p1 switch 5\n>p1 move uturn\n>p2 move leafstorm\n>p1 switch 4\n>p2 switch 6\n>p1 move uturn\n>p2 move bulkup\n>p1 switch 6\n>p1 move stompingtantrum\n>p2 move earthquake\n>p1 switch 4\n>p1 move doubleedge\n>p2 switch 2\n>p2 switch 3\n>p1 move doubleedge\n>p2 move sludgewave terastallize\n>p1 switch 2\n>p1 move closecombat\n>p2 switch 4\n>p1 switch 3\n>p2 move bravebird\n>p1 switch 6\n>p2 switch 5\n>p1 move beakblast\n>p2 move sludgebomb\n>p1 move beakblast\n>p2 move flipturn\n>p2 switch 5\n>p1 move beakblast\n>p2 move roost\n>p1 move beakblast\n>p2 move bravebird\n>p1 switch 6\n>p1 move recover\n>p2 switch 5\n>p1 move scald terastallize\n>p2 move sludgebomb\n>p1 move scald\n>p2 move surf\n>p1 move scald\n>p2 move surf\n>p1 move recover\n>p2 move surf\n>p1 move scald\n>p2 move surf\n>p2 switch 2\n>p1 switch 3\n>p2 move earthquake\n>p1 move leechlife\n>p2 move supercellslam\n>p1 switch 3\n>p2 switch 5\n>p1 move icebeam\n>p2 move roost\n>forcelose p2", "uploadtime": 1714142460, "views": 238, "formatid": "gen9randombattle", "rating": 2303, "private": 0, "password": null}