{"id": "gen9randombattle-2260717030", "format": "[Gen 9] Random Battle", "players": ["gymleader2021", "BlastTLWS"], "log": "|j|\u2606gymleader2021\n|j|\u2606BlastTLWS\n|t:|1733882273\n|gametype|singles\n|player|p1|gymleader2021|101|1826\n|player|p2|BlastTLWS|lucas|1902\n|teamsize|p1|6\n|teamsize|p2|6\n|gen|9\n|tier|[Gen 9] Random Battle\n|rated|\n|rule|Species Clause: Limit one of each Pok\u00e9mon\n|rule|HP Percentage Mod: HP is shown in percentages\n|rule|Sleep Clause Mod: Limit one foe put to sleep\n|rule|Illusion Level Mod: Illusion disguises the Pok\u00e9mon's true level\n|\n|t:|1733882273\n|start\n|switch|p1a: Palossand|Palossand, L89, M|296/296\n|switch|p2a: Golurk|Golurk, L87|297/297\n|turn|1\n|inactive|Battle timer is ON: inactive players will automatically lose when time's up. (requested by BlastTLWS)\n|inactive|gymleader2021 has 120 seconds left.\n|c|\u2606BlastTLWS|glhf\n|inactive|gymleader2021 has 90 seconds left.\n|inactive|gymleader2021 has 60 seconds left.\n|inactive|gymleader2021 has 30 seconds left.\n|inactive|gymleader2021 has 20 seconds left.\n|inactive|gymleader2021 has 15 seconds left.\n|inactive|gymleader2021 has 10 seconds left.\n|inactive|gymleader2021 has 5 seconds left.\n|\n|t:|1733882420\n|switch|p1a: Abomasnow|Abomasnow, L85, M|291/291\n|-weather|Snow|[from] ability: Snow Warning|[of] p1a: Abomasnow\n|move|p2a: Golurk|Stealth Rock|p1a: Abomasnow\n|-sidestart|p1: gymleader2021|move: Stealth Rock\n|\n|-weather|Snow|[upkeep]\n|upkeep\n|turn|2\n|\n|t:|1733882441\n|switch|p2a: Froslass|Froslass, L87, F|263/263\n|move|p1a: Abomasnow|Aurora Veil|p1a: Abomasnow\n|-sidestart|p1: gymleader2021|move: Aurora Veil\n|\n|-weather|Snow|[upkeep]\n|upkeep\n|turn|3\n|inactive|gymleader2021 has 60 seconds left.\n|\n|t:|1733882474\n|switch|p1a: Venomoth|Venomoth, L84, F|255/255\n|move|p2a: Froslass|Spikes|p1a: Venomoth\n|-sidestart|p1: gymleader2021|Spikes\n|\n|-weather|Snow|[upkeep]\n|upkeep\n|turn|4\n|\n|t:|1733882489\n|move|p2a: Froslass|Taunt|p1a: Venomoth\n|-start|p1a: Venomoth|move: Taunt\n|cant|p1a: Venomoth|move: Taunt|Quiver Dance\n|\n|-weather|Snow|[upkeep]\n|upkeep\n|turn|5\n|\n|t:|1733882502\n|move|p2a: Froslass|Poltergeist|p1a: Venomoth\n|-activate|p1a: Venomoth|move: Poltergeist|Heavy-Duty Boots\n|-damage|p1a: Venomoth|187/255\n|move|p1a: Venomoth|Sludge Wave|p2a: Froslass\n|-resisted|p2a: Froslass\n|-damage|p2a: Froslass|157/263\n|-status|p2a: Froslass|psn\n|\n|-weather|none\n|-damage|p2a: Froslass|125/263 psn|[from] psn\n|upkeep\n|turn|6\n|inactive|gymleader2021 has 60 seconds left.\n|inactive|BlastTLWS has 120 seconds left.\n|\n|t:|1733882539\n|move|p2a: Froslass|Poltergeist|p1a: Venomoth\n|-activate|p1a: Venomoth|move: Poltergeist|Heavy-Duty Boots\n|-damage|p1a: Venomoth|121/255\n|move|p1a: Venomoth|Sludge Wave|p2a: Froslass\n|-resisted|p2a: Froslass\n|-damage|p2a: Froslass|17/263 psn\n|\n|-damage|p2a: Froslass|0 fnt|[from] psn\n|faint|p2a: Froslass\n|-end|p1a: Venomoth|move: Taunt\n|upkeep\n|\n|t:|1733882562\n|switch|p2a: Palafin|Palafin, L77, M|281/281\n|turn|7\n|inactive|gymleader2021 has 30 seconds left.\n|inactive|gymleader2021 has 20 seconds left.\n|inactive|gymleader2021 has 15 seconds left.\n|\n|t:|1733882599\n|move|p2a: Palafin|Flip Turn|p1a: Venomoth\n|-damage|p1a: Venomoth|83/255\n|inactive|gymleader2021 has 20 seconds left this turn.\n|\n|t:|1733882603\n|detailschange|p2a: Palafin|Palafin-Hero, L77, M\n|switch|p2a: Dedenne|Dedenne, L88, F|261/261|[from] Flip Turn\n|move|p1a: Venomoth|Sleep Powder|p2a: Dedenne\n|-status|p2a: Dedenne|slp|[from] move: Sleep Powder\n|\n|upkeep\n|turn|8\n|inactive|gymleader2021 has 30 seconds left this turn.\n|\n|t:|1733882615\n|cant|p2a: Dedenne|slp\n|move|p1a: Venomoth|Quiver Dance|p1a: Venomoth\n|-boost|p1a: Venomoth|spa|1\n|-boost|p1a: Venomoth|spd|1\n|-boost|p1a: Venomoth|spe|1\n|\n|upkeep\n|turn|9\n|\n|t:|1733882624\n|move|p1a: Venomoth|Sludge Wave|p2a: Dedenne\n|-supereffective|p2a: Dedenne\n|-damage|p2a: Dedenne|0 fnt\n|faint|p2a: Dedenne\n|\n|-sideend|p1: gymleader2021|move: Aurora Veil\n|upkeep\n|\n|t:|1733882628\n|switch|p2a: Palafin|Palafin-Hero, L77, M|281/281\n|-activate|p2a: Palafin|ability: Zero to Hero\n|turn|10\n|\n|t:|1733882634\n|switch|p1a: Abomasnow|Abomasnow, L85, M|291/291\n|-damage|p1a: Abomasnow|219/291|[from] Stealth Rock\n|-damage|p1a: Abomasnow|183/291|[from] Spikes\n|-weather|Snow|[from] ability: Snow Warning|[of] p1a: Abomasnow\n|move|p2a: Palafin|Jet Punch|p1a: Abomasnow\n|-resisted|p1a: Abomasnow\n|-damage|p1a: Abomasnow|135/291\n|\n|-weather|Snow|[upkeep]\n|upkeep\n|turn|11\n|inactive|BlastTLWS has 120 seconds left.\n|\n|t:|1733882650\n|switch|p2a: Comfey|Comfey, L85, F|225/225\n|move|p1a: Abomasnow|Aurora Veil|p1a: Abomasnow\n|-sidestart|p1: gymleader2021|move: Aurora Veil\n|\n|-weather|Snow|[upkeep]\n|upkeep\n|turn|12\n|inactive|gymleader2021 has 60 seconds left.\n|inactive|gymleader2021 has 30 seconds left.\n|\n|t:|1733882687\n|switch|p1a: Venomoth|Venomoth, L84, F|83/255\n|move|p2a: Comfey|Calm Mind|p2a: Comfey\n|-boost|p2a: Comfey|spa|1\n|-boost|p2a: Comfey|spd|1\n|\n|-weather|Snow|[upkeep]\n|upkeep\n|turn|13\n|\n|t:|1733882694\n|move|p2a: Comfey|Stored Power|p1a: Venomoth\n|-supereffective|p1a: Venomoth\n|-damage|p1a: Venomoth|15/255\n|move|p1a: Venomoth|Sleep Powder|p2a: Comfey\n|-status|p2a: Comfey|slp|[from] move: Sleep Powder\n|\n|-weather|Snow|[upkeep]\n|upkeep\n|turn|14\n|\n|t:|1733882712\n|cant|p2a: Comfey|slp\n|move|p1a: Venomoth|Quiver Dance|p1a: Venomoth\n|-boost|p1a: Venomoth|spa|1\n|-boost|p1a: Venomoth|spd|1\n|-boost|p1a: Venomoth|spe|1\n|\n|-weather|none\n|upkeep\n|turn|15\n|\n|t:|1733882715\n|-curestatus|p2a: Comfey|slp|[msg]\n|move|p2a: Comfey|Draining Kiss|p1a: Venomoth\n|-resisted|p1a: Venomoth\n|-damage|p1a: Venomoth|2/255\n|move|p1a: Venomoth|Sludge Wave|p2a: Comfey\n|-supereffective|p2a: Comfey\n|-damage|p2a: Comfey|63/225\n|\n|-heal|p2a: Comfey|77/225|[from] item: Leftovers\n|upkeep\n|turn|16\n|\n|t:|1733882734\n|move|p2a: Comfey|Draining Kiss|p1a: Venomoth\n|-resisted|p1a: Venomoth\n|-damage|p1a: Venomoth|0 fnt\n|-heal|p2a: Comfey|79/225|[from] drain|[of] p1a: Venomoth\n|faint|p1a: Venomoth\n|\n|-heal|p2a: Comfey|93/225|[from] item: Leftovers\n|upkeep\n|\n|t:|1733882741\n|switch|p1a: Froslass|Froslass, L87, F|263/263\n|-damage|p1a: Froslass|198/263|[from] Stealth Rock\n|-damage|p1a: Froslass|166/263|[from] Spikes\n|turn|17\n|\n|t:|1733882746\n|move|p2a: Comfey|Draining Kiss|p1a: Froslass\n|-damage|p1a: Froslass|124/263\n|-heal|p2a: Comfey|125/225|[from] drain|[of] p1a: Froslass\n|-start|p2a: Comfey|Disable|Draining Kiss|[from] ability: Cursed Body|[of] p1a: Froslass\n|move|p1a: Froslass|Poltergeist|p2a: Comfey\n|-activate|p2a: Comfey|move: Poltergeist|Leftovers\n|-damage|p2a: Comfey|19/225\n|\n|-heal|p2a: Comfey|33/225|[from] item: Leftovers\n|upkeep\n|turn|18\n|\n|t:|1733882766\n|switch|p2a: Chi-Yu|Chi-Yu, L77|211/211\n|-ability|p2a: Chi-Yu|Beads of Ruin\n|move|p1a: Froslass|Poltergeist|p2a: Chi-Yu\n|-activate|p2a: Chi-Yu|move: Poltergeist|Heavy-Duty Boots\n|-resisted|p2a: Chi-Yu\n|-damage|p2a: Chi-Yu|145/211\n|\n|-sideend|p1: gymleader2021|move: Aurora Veil\n|upkeep\n|turn|19\n|inactive|gymleader2021 has 30 seconds left.\n|\n|t:|1733882802\n|switch|p1a: Abomasnow|Abomasnow, L85, M|135/291\n|-damage|p1a: Abomasnow|63/291|[from] Stealth Rock\n|-damage|p1a: Abomasnow|27/291|[from] Spikes\n|-weather|Snow|[from] ability: Snow Warning|[of] p1a: Abomasnow\n|move|p2a: Chi-Yu|Nasty Plot|p2a: Chi-Yu\n|-boost|p2a: Chi-Yu|spa|2\n|\n|-weather|Snow|[upkeep]\n|upkeep\n|turn|20\n|inactive|gymleader2021 has 30 seconds left.\n|\n|t:|1733882816\n|move|p1a: Abomasnow|Ice Shard|p2a: Chi-Yu\n|-resisted|p2a: Chi-Yu\n|-damage|p2a: Chi-Yu|121/211\n|move|p2a: Chi-Yu|Dark Pulse|p1a: Abomasnow\n|-damage|p1a: Abomasnow|0 fnt\n|faint|p1a: Abomasnow\n|\n|-weather|Snow|[upkeep]\n|upkeep\n|inactive|gymleader2021 has 30 seconds left this turn.\n|\n|t:|1733882819\n|switch|p1a: Iron Boulder|Iron Boulder, L77|265/265\n|-damage|p1a: Iron Boulder|232/265|[from] Stealth Rock\n|-damage|p1a: Iron Boulder|199/265|[from] Spikes\n|-enditem|p1a: Iron Boulder|Booster Energy\n|-activate|p1a: Iron Boulder|ability: Quark Drive|[fromitem]\n|-start|p1a: Iron Boulder|quarkdrivespe\n|turn|21\n|inactive|gymleader2021 has 30 seconds left.\n|\n|t:|1733882838\n|switch|p2a: Comfey|Comfey, L85, F|33/225\n|move|p1a: Iron Boulder|Swords Dance|p1a: Iron Boulder\n|-boost|p1a: Iron Boulder|atk|2\n|\n|-weather|Snow|[upkeep]\n|-heal|p2a: Comfey|47/225|[from] item: Leftovers\n|upkeep\n|turn|22\n|\n|t:|1733882844\n|move|p2a: Comfey|Draining Kiss|p1a: Iron Boulder\n|-damage|p1a: Iron Boulder|153/265\n|-heal|p2a: Comfey|82/225|[from] drain|[of] p1a: Iron Boulder\n|move|p1a: Iron Boulder|Mighty Cleave|p2a: Comfey\n|-damage|p2a: Comfey|0 fnt\n|faint|p2a: Comfey\n|\n|-weather|Snow|[upkeep]\n|upkeep\n|\n|t:|1733882853\n|switch|p2a: Palafin|Palafin-Hero, L77, M|281/281\n|turn|23\n|\n|t:|1733882873\n|-terastallize|p1a: Iron Boulder|Fighting\n|move|p1a: Iron Boulder|Close Combat|p2a: Palafin\n|-damage|p2a: Palafin|23/281\n|-unboost|p1a: Iron Boulder|def|1\n|-unboost|p1a: Iron Boulder|spd|1\n|move|p2a: Palafin|Wave Crash|p1a: Iron Boulder\n|-damage|p1a: Iron Boulder|0 fnt\n|faint|p1a: Iron Boulder\n|-end|p1a: Iron Boulder|Quark Drive|[silent]\n|-damage|p2a: Palafin|0 fnt|[from] Recoil\n|faint|p2a: Palafin\n|\n|-weather|none\n|upkeep\n|inactive|gymleader2021 has 30 seconds left.\n|inactive|gymleader2021 has 20 seconds left.\n|\n|t:|1733882899\n|switch|p1a: Drednaw|Drednaw, L81, F|278/278\n|switch|p2a: Chi-Yu|Chi-Yu, L77|121/211\n|-ability|p2a: Chi-Yu|Beads of Ruin\n|-damage|p1a: Drednaw|244/278|[from] Stealth Rock\n|-damage|p1a: Drednaw|210/278|[from] Spikes\n|turn|24\n|inactive|gymleader2021 has 30 seconds left this turn.\n|\n|t:|1733882909\n|move|p2a: Chi-Yu|Will-O-Wisp|p1a: Drednaw\n|-status|p1a: Drednaw|brn\n|move|p1a: Drednaw|Shell Smash|p1a: Drednaw\n|-unboost|p1a: Drednaw|def|1\n|-unboost|p1a: Drednaw|spd|1\n|-boost|p1a: Drednaw|atk|2\n|-boost|p1a: Drednaw|spa|2\n|-boost|p1a: Drednaw|spe|2\n|-enditem|p1a: Drednaw|White Herb\n|-clearnegativeboost|p1a: Drednaw|[silent]\n|\n|-damage|p1a: Drednaw|193/278 brn|[from] brn\n|upkeep\n|turn|25\n|\n|t:|1733882917\n|-terastallize|p2a: Chi-Yu|Dark\n|move|p1a: Drednaw|Liquidation|p2a: Chi-Yu\n|-damage|p2a: Chi-Yu|17/211\n|move|p2a: Chi-Yu|Dark Pulse|p1a: Drednaw\n|-damage|p1a: Drednaw|0 fnt\n|faint|p1a: Drednaw\n|\n|upkeep\n|\n|t:|1733882926\n|switch|p1a: Froslass|Froslass, L87, F|124/263\n|-damage|p1a: Froslass|59/263|[from] Stealth Rock\n|-damage|p1a: Froslass|27/263|[from] Spikes\n|turn|26\n|\n|t:|1733882935\n|move|p1a: Froslass|Poltergeist|p2a: Chi-Yu\n|-activate|p2a: Chi-Yu|move: Poltergeist|Heavy-Duty Boots\n|-resisted|p2a: Chi-Yu\n|-damage|p2a: Chi-Yu|0 fnt\n|faint|p2a: Chi-Yu\n|\n|upkeep\n|\n|t:|1733882937\n|switch|p2a: Golurk|Golurk, L87|297/297\n|turn|27\n|\n|t:|1733882958\n|move|p1a: Froslass|Will-O-Wisp|p2a: Golurk\n|-status|p2a: Golurk|brn\n|move|p2a: Golurk|Earthquake|p1a: Froslass\n|-damage|p1a: Froslass|0 fnt\n|faint|p1a: Froslass\n|-damage|p2a: Golurk|268/297 brn|[from] item: Life Orb\n|\n|-damage|p2a: Golurk|250/297 brn|[from] brn\n|upkeep\n|\n|t:|1733882967\n|switch|p1a: Palossand|Palossand, L89, M|296/296\n|-damage|p1a: Palossand|278/296|[from] Stealth Rock\n|-damage|p1a: Palossand|241/296|[from] Spikes\n|turn|28\n|\n|t:|1733882972\n|move|p2a: Golurk|Poltergeist|p1a: Palossand\n|-activate|p1a: Palossand|move: Poltergeist|Leftovers\n|-supereffective|p1a: Palossand\n|-damage|p1a: Palossand|72/296\n|-damage|p2a: Golurk|221/297 brn|[from] item: Life Orb\n|move|p1a: Palossand|Shadow Ball|p2a: Golurk\n|-supereffective|p2a: Golurk\n|-damage|p2a: Golurk|27/297 brn\n|\n|-heal|p1a: Palossand|90/296|[from] item: Leftovers\n|-damage|p2a: Golurk|9/297 brn|[from] brn\n|upkeep\n|turn|29\n|\n|t:|1733882983\n|move|p2a: Golurk|Poltergeist|p1a: Palossand\n|-activate|p1a: Palossand|move: Poltergeist|Leftovers\n|-supereffective|p1a: Palossand\n|-crit|p1a: Palossand\n|-damage|p1a: Palossand|0 fnt\n|faint|p1a: Palossand\n|-damage|p2a: Golurk|0 fnt|[from] item: Life Orb\n|faint|p2a: Golurk\n|\n|win|BlastTLWS\n|raw|gymleader2021's rating: 1826 &rarr; <strong>1810</strong><br />(-16 for losing)\n|raw|BlastTLWS's rating: 1902 &rarr; <strong>1918</strong><br />(+16 for winning)\n|l|\u2606gymleader2021\n|player|p1|\n|c|\u2606BlastTLWS|gg:)\n", "inputlog": ">version bfd83cad13791eb5a5a409923076391caf6fb4d4\n>start {\"formatid\":\"gen9randombattle\",\"seed\":[21310,5010,9972,47157],\"rated\":\"Rated battle\"}\n>player p1 {\"name\":\"gymleader2021\",\"avatar\":\"101\",\"rating\":1826,\"seed\":[12302,56635,64656,32830]}\n>player p2 {\"name\":\"BlastTLWS\",\"avatar\":\"lucas\",\"rating\":1902,\"seed\":[49166,45371,51620,29889]}\n>chat \u2606BlastTLWS|glhf\n>p1 switch 5\n>p2 move stealthrock\n>p1 move auroraveil\n>p2 switch 6\n>p1 switch 2\n>p2 move spikes\n>p1 move quiverdance\n>p2 move taunt\n>p1 move sludgewave\n>p2 move poltergeist\n>p1 move sludgewave\n>p2 move poltergeist\n>p2 switch 5\n>p1 move sleeppowder\n>p2 move flipturn\n>p2 switch 3\n>p1 move quiverdance\n>p2 move thunderbolt\n>p1 move sludgewave\n>p2 move uturn\n>p2 switch 3\n>p1 switch 2\n>p2 move jetpunch\n>p1 move auroraveil\n>p2 switch 2\n>p1 switch 2\n>p2 move calmmind\n>p1 move sleeppowder\n>p2 move storedpower\n>p1 move quiverdance\n>p2 move storedpower\n>p1 move sludgewave\n>p2 move drainingkiss\n>p1 move sludgewave\n>p2 move drainingkiss\n>p1 switch 3\n>p1 move poltergeist\n>p2 move drainingkiss\n>p1 move poltergeist\n>p2 switch 4\n>p1 switch 2\n>p2 move nastyplot\n>p1 move iceshard\n>p2 move darkpulse\n>p1 switch 4\n>p1 move swordsdance\n>p2 switch 4\n>p1 move mightycleave\n>p2 move drainingkiss\n>p2 switch 2\n>p1 move closecombat terastallize\n>p2 move wavecrash\n>p1 switch 6\n>p2 switch 4\n>p1 move shellsmash\n>p2 move willowisp\n>p1 move liquidation\n>p2 move darkpulse terastallize\n>p1 switch 2\n>p1 move poltergeist\n>p2 move darkpulse\n>p2 switch 6\n>p1 move willowisp\n>p2 move earthquake\n>p1 switch 5\n>p1 move shadowball\n>p2 move poltergeist\n>p1 move shoreup\n>p2 move poltergeist", "uploadtime": 1733883010, "views": 14, "formatid": "gen9randombattle", "rating": 1810, "private": 0, "password": null}