{"id": "gen9randombattle-2193837014", "format": "[Gen 9] Random Battle", "players": ["MichaelderBesteVGC", "Delta 2777"], "log": "|badge|p1|silver|gen9randombattle|30-2\n|uhtml|medal-msg|<div class=\"broadcast-blue\">Curious what those medals under the avatar are? PS now has Ladder Seasons! For more information, check out the <a href=\"https://www.smogon.com/forums/threads/3740067/\">thread on Smogon.</a></div>\n|badge|p2|silver|gen9randombattle|30-2\n|uhtml|medal-msg|<div class=\"broadcast-blue\">Curious what those medals under the avatar are? PS now has Ladder Seasons! For more information, check out the <a href=\"https://www.smogon.com/forums/threads/3740067/\">thread on Smogon.</a></div>\n|j|\u2606MichaelderBesteVGC\n|j|\u2606Delta 2777\n|t:|1725386802\n|gametype|singles\n|player|p1|MichaelderBesteVGC|#vgcpliiizoruas|2482\n|player|p2|Delta 2777|265|2419\n|teamsize|p1|6\n|teamsize|p2|6\n|gen|9\n|tier|[Gen 9] Random Battle\n|rated|\n|rule|Species Clause: Limit one of each Pok\u00e9mon\n|rule|HP Percentage Mod: HP is shown in percentages\n|rule|Sleep Clause Mod: Limit one foe put to sleep\n|rule|Illusion Level Mod: Illusion disguises the Pok\u00e9mon's true level\n|\n|t:|1725386802\n|start\n|switch|p1a: Palafin|Palafin, L77, F|281/281\n|switch|p2a: Koraidon|Koraidon, L64|235/235\n|-weather|SunnyDay|[from] ability: Orichalcum Pulse|[of] p2a: Koraidon\n|-activate|p2a: Koraidon|Orichalcum Pulse|[source]\n|turn|1\n|inactive|Battle timer is ON: inactive players will automatically lose when time's up. (requested by Delta 2777)\n|\n|t:|1725386820\n|detailschange|p1a: Palafin|Palafin-Hero, L77, F\n|switch|p1a: Munkidori|Munkidori, L79, M|269/269\n|move|p2a: Koraidon|U-turn|p1a: Munkidori\n|-damage|p1a: Munkidori|165/269\n|\n|t:|1725386840\n|switch|p2a: Slaking|Slaking, L84, F|389/389|[from] U-turn\n|\n|-weather|SunnyDay|[upkeep]\n|upkeep\n|turn|2\n|\n|t:|1725386845\n|switch|p1a: Klefki|Klefki, L84, F|233/233\n|move|p2a: Slaking|Knock Off|p1a: Klefki\n|-resisted|p1a: Klefki\n|-damage|p1a: Klefki|163/233\n|-enditem|p1a: Klefki|Leftovers|[from] move: Knock Off|[of] p2a: Slaking\n|\n|-weather|SunnyDay|[upkeep]\n|upkeep\n|turn|3\n|\n|t:|1725386851\n|switch|p2a: Quagsire|Quagsire, L84, F|297/297\n|move|p1a: Klefki|Spikes|p2a: Quagsire\n|-sidestart|p2: Delta 2777|Spikes\n|\n|-weather|SunnyDay|[upkeep]\n|upkeep\n|turn|4\n|\n|t:|1725386864\n|move|p1a: Klefki|Spikes|p2a: Quagsire\n|-sidestart|p2: Delta 2777|Spikes\n|move|p2a: Quagsire|Spikes|p1a: Klefki\n|-sidestart|p1: MichaelderBesteVGC|Spikes\n|\n|-weather|SunnyDay|[upkeep]\n|upkeep\n|turn|5\n|\n|t:|1725386867\n|switch|p1a: Palafin|Palafin-Hero, L77, F|281/281\n|-damage|p1a: Palafin|246/281|[from] Spikes\n|-activate|p1a: Palafin|ability: Zero to Hero\n|move|p2a: Quagsire|Earthquake|p1a: Palafin\n|-damage|p1a: Palafin|152/281\n|\n|-weather|none\n|upkeep\n|turn|6\n|\n|t:|1725386875\n|move|p1a: Palafin|Close Combat|p2a: Quagsire\n|-damage|p2a: Quagsire|131/297\n|-unboost|p1a: Palafin|def|1\n|-unboost|p1a: Palafin|spd|1\n|move|p2a: Quagsire|Recover|p2a: Quagsire\n|-heal|p2a: Quagsire|280/297\n|\n|-heal|p2a: Quagsire|297/297|[from] item: Leftovers\n|upkeep\n|turn|7\n|\n|t:|1725386881\n|switch|p2a: Slowbro|Slowbro-Galar, L87, M|307/307\n|-damage|p2a: Slowbro|256/307|[from] Spikes\n|move|p1a: Palafin|Close Combat|p2a: Slowbro\n|-resisted|p2a: Slowbro\n|-damage|p2a: Slowbro|222/307\n|-unboost|p1a: Palafin|def|1\n|-unboost|p1a: Palafin|spd|1\n|\n|upkeep\n|turn|8\n|\n|t:|1725386888\n|switch|p1a: Munkidori|Munkidori, L79, M|165/269\n|-damage|p1a: Munkidori|132/269|[from] Spikes\n|move|p2a: Slowbro|Fire Blast|p1a: Munkidori\n|-damage|p1a: Munkidori|44/269\n|\n|upkeep\n|turn|9\n|\n|t:|1725386895\n|move|p1a: Munkidori|Psyshock|p2a: Slowbro\n|-damage|p2a: Slowbro|113/307\n|-damage|p1a: Munkidori|18/269|[from] item: Life Orb\n|move|p2a: Slowbro|Earthquake|p1a: Munkidori\n|-supereffective|p1a: Munkidori\n|-damage|p1a: Munkidori|0 fnt\n|faint|p1a: Munkidori\n|\n|upkeep\n|\n|t:|1725386907\n|switch|p1a: Gyarados|Gyarados, L79, F|280/280\n|-ability|p1a: Gyarados|Intimidate|boost\n|-unboost|p2a: Slowbro|atk|1\n|turn|10\n|\n|t:|1725386918\n|switch|p2a: Quagsire|Quagsire, L84, F|297/297\n|-damage|p2a: Quagsire|248/297|[from] Spikes\n|move|p1a: Gyarados|Earthquake|p2a: Quagsire\n|-damage|p2a: Quagsire|168/297\n|\n|-heal|p2a: Quagsire|186/297|[from] item: Leftovers\n|upkeep\n|turn|11\n|\n|t:|1725386933\n|move|p1a: Gyarados|Waterfall|p2a: Quagsire\n|-damage|p2a: Quagsire|93/297\n|move|p2a: Quagsire|Toxic|p1a: Gyarados|[miss]\n|-miss|p2a: Quagsire|p1a: Gyarados\n|\n|-heal|p2a: Quagsire|111/297|[from] item: Leftovers\n|upkeep\n|turn|12\n|\n|t:|1725386938\n|move|p1a: Gyarados|Waterfall|p2a: Quagsire\n|-damage|p2a: Quagsire|12/297\n|cant|p2a: Quagsire|flinch\n|\n|-heal|p2a: Quagsire|30/297|[from] item: Leftovers\n|upkeep\n|turn|13\n|\n|t:|1725386945\n|move|p1a: Gyarados|Earthquake|p2a: Quagsire\n|-damage|p2a: Quagsire|0 fnt\n|faint|p2a: Quagsire\n|\n|upkeep\n|\n|t:|1725386957\n|switch|p2a: Slaking|Slaking, L84, F|389/389\n|-damage|p2a: Slaking|325/389|[from] Spikes\n|turn|14\n|\n|t:|1725386962\n|switch|p1a: Carbink|Carbink, L90|236/236\n|-damage|p1a: Carbink|207/236|[from] Spikes\n|move|p2a: Slaking|Earthquake|p1a: Carbink\n|-supereffective|p1a: Carbink\n|-damage|p1a: Carbink|5/236\n|\n|-heal|p1a: Carbink|19/236|[from] item: Leftovers\n|upkeep\n|turn|15\n|\n|t:|1725386974\n|switch|p2a: Slowbro|Slowbro-Galar, L87, M|215/307\n|-damage|p2a: Slowbro|164/307|[from] Spikes\n|switch|p1a: Palafin|Palafin-Hero, L77, F|152/281\n|-damage|p1a: Palafin|117/281|[from] Spikes\n|\n|upkeep\n|turn|16\n|\n|t:|1725386980\n|switch|p2a: Koraidon|Koraidon, L64|235/235\n|-damage|p2a: Koraidon|196/235|[from] Spikes\n|-weather|SunnyDay|[from] ability: Orichalcum Pulse|[of] p2a: Koraidon\n|-activate|p2a: Koraidon|Orichalcum Pulse|[source]\n|move|p1a: Palafin|Ice Punch|p2a: Koraidon\n|-supereffective|p2a: Koraidon\n|-damage|p2a: Koraidon|2/235\n|\n|-weather|SunnyDay|[upkeep]\n|upkeep\n|turn|17\n|\n|t:|1725386997\n|switch|p1a: Carbink|Carbink, L90|19/236\n|-damage|p1a: Carbink|0 fnt|[from] Spikes\n|faint|p1a: Carbink\n|move|p2a: Koraidon|Close Combat|p1: Carbink|[notarget]\n|-fail|p2a: Koraidon\n|\n|-weather|SunnyDay|[upkeep]\n|upkeep\n|\n|t:|1725387001\n|switch|p1a: Klefki|Klefki, L84, F|219/219\n|-damage|p1a: Klefki|192/219|[from] Spikes\n|turn|18\n|\n|t:|1725387006\n|move|p1a: Klefki|Nasty Plot|p1a: Klefki\n|-boost|p1a: Klefki|spa|2\n|move|p2a: Koraidon|Close Combat|p1a: Klefki\n|-immune|p1a: Klefki\n|\n|-weather|SunnyDay|[upkeep]\n|upkeep\n|turn|19\n|\n|t:|1725387013\n|switch|p2a: Meowscarada|Meowscarada, L78, F|247/247\n|move|p1a: Klefki|Nasty Plot|p1a: Klefki\n|-boost|p1a: Klefki|spa|2\n|\n|-weather|SunnyDay|[upkeep]\n|upkeep\n|turn|20\n|\n|t:|1725387019\n|-terastallize|p1a: Klefki|Normal\n|move|p2a: Meowscarada|U-turn|p1a: Klefki\n|-start|p2a: Meowscarada|typechange|Bug|[from] ability: Protean\n|-damage|p1a: Klefki|90/219\n|replace|p1a: Zoroark|Zoroark-Hisui, L80, M\n|-end|p1a: Zoroark|Illusion\n|-hint|Illusion Level Mod is active, so this Pok\u00e9mon's true level was hidden.\n|\n|t:|1725387026\n|switch|p2a: Koraidon|Koraidon, L64|2/235|[from] U-turn\n|-damage|p2a: Koraidon|0 fnt|[from] Spikes\n|faint|p2a: Koraidon\n|move|p1a: Zoroark|Hyper Voice|p2: Koraidon|[notarget]\n|-fail|p1a: Zoroark\n|\n|-weather|none\n|upkeep\n|\n|t:|1725387028\n|switch|p2a: Meowscarada|Meowscarada, L78, F|247/247\n|turn|21\n|\n|t:|1725387033\n|switch|p1a: Klefki|Klefki, L84, F|163/233\n|-damage|p1a: Klefki|134/233|[from] Spikes\n|move|p2a: Meowscarada|Knock Off|p1a: Klefki\n|-start|p2a: Meowscarada|typechange|Dark|[from] ability: Protean\n|-resisted|p1a: Klefki\n|-damage|p1a: Klefki|102/233\n|\n|upkeep\n|turn|22\n|j| Bug Catcher Bart\n|\n|t:|1725387047\n|switch|p1a: Gyarados|Gyarados, L79, F|280/280\n|-ability|p1a: Gyarados|Intimidate|boost\n|-unboost|p2a: Meowscarada|atk|1\n|move|p2a: Meowscarada|U-turn|p1a: Gyarados\n|-resisted|p1a: Gyarados\n|-damage|p1a: Gyarados|261/280\n|\n|t:|1725387058\n|switch|p2a: Ursaring|Ursaring, L84, F|288/288|[from] U-turn\n|-damage|p2a: Ursaring|240/288|[from] Spikes\n|\n|upkeep\n|turn|23\n|\n|t:|1725387068\n|switch|p1a: Klefki|Klefki, L84, F|102/233\n|-damage|p1a: Klefki|73/233|[from] Spikes\n|move|p2a: Ursaring|Earthquake|p1a: Klefki\n|-supereffective|p1a: Klefki\n|-damage|p1a: Klefki|0 fnt\n|faint|p1a: Klefki\n|\n|upkeep\n|\n|t:|1725387072\n|switch|p1a: Gyarados|Gyarados, L79, F|261/280\n|-ability|p1a: Gyarados|Intimidate|boost\n|-unboost|p2a: Ursaring|atk|1\n|turn|24\n|\n|t:|1725387083\n|move|p1a: Gyarados|Dragon Dance|p1a: Gyarados\n|-boost|p1a: Gyarados|atk|1\n|-boost|p1a: Gyarados|spe|1\n|move|p2a: Ursaring|Body Slam|p1a: Gyarados\n|-damage|p1a: Gyarados|167/280\n|-status|p1a: Gyarados|par\n|\n|upkeep\n|turn|25\n|\n|t:|1725387099\n|move|p2a: Ursaring|Body Slam|p1a: Gyarados\n|-damage|p1a: Gyarados|79/280 par\n|cant|p1a: Gyarados|par\n|\n|upkeep\n|turn|26\n|-message|MichaelderBesteVGC forfeited.\n|\n|win|Delta 2777\n|raw|MichaelderBesteVGC's rating: 2482 &rarr; <strong>2458</strong><br />(-24 for losing)\n|raw|Delta 2777's rating: 2419 &rarr; <strong>2443</strong><br />(+24 for winning)\n|l|\u2606MichaelderBesteVGC\n|player|p1|\n", "inputlog": ">version fb38517c27254f3634e2780c496b6b56e66c1790\n>start {\"formatid\":\"gen9randombattle\",\"seed\":[16040,11272,38771,61922],\"rated\":\"Rated battle\"}\n>player p1 {\"name\":\"MichaelderBesteVGC\",\"avatar\":\"#vgcpliiizoruas\",\"rating\":2482,\"seed\":[35839,3777,55686,32020]}\n>player p2 {\"name\":\"Delta 2777\",\"avatar\":\"265\",\"rating\":2419,\"seed\":[64458,49594,56528,7008]}\n>p1 switch 6\n>p2 move uturn\n>p2 switch 2\n>p1 switch 5\n>p2 move knockoff\n>p1 move spikes\n>p2 switch 4\n>p1 move spikes\n>p2 move spikes\n>p1 switch 6\n>p2 move earthquake\n>p1 move closecombat\n>p2 move recover\n>p1 move closecombat\n>p2 switch 5\n>p1 switch 5\n>p2 move fireblast\n>p1 move psyshock\n>p2 move earthquake\n>p1 switch 4\n>p1 move earthquake\n>p2 switch 5\n>p1 move waterfall\n>p2 move toxic\n>p1 move waterfall\n>p2 move recover\n>p1 move earthquake\n>p2 move recover\n>p2 switch 4\n>p1 switch 3\n>p2 move earthquake\n>p1 switch 5\n>p2 switch 5\n>p1 move icepunch\n>p2 switch 2\n>p1 switch 5\n>p2 move closecombat\n>p1 switch 2\n>p1 move nastyplot\n>p2 move closecombat\n>p1 move nastyplot\n>p2 switch 6\n>p1 move hypervoice terastallize\n>p2 move uturn\n>p2 switch 6\n>p2 switch 6\n>p1 switch 6\n>p2 move knockoff\n>p1 switch 3\n>p2 move uturn\n>p2 switch 3\n>p1 switch 3\n>p2 move earthquake\n>p1 switch 3\n>p1 move dragondance\n>p2 move bodyslam\n>p1 move waterfall\n>p2 move bodyslam\n>forcelose p1", "uploadtime": 1725387110, "views": 117, "formatid": "gen9randombattle", "rating": 2443, "private": 0, "password": null}