{"id": "gen9randombattle-2260825474", "format": "[Gen 9] Random Battle", "players": ["Hdbshsbevfhdjff", "KIELI"], "log": "|j|\u2606Hdbshsbevfhdjff\n|j|\u2606KIELI\n|t:|1733898985\n|gametype|singles\n|player|p1|Hdbshsbevfhdjff|265|1047\n|player|p2|KIELI|265|1078\n|teamsize|p1|6\n|teamsize|p2|6\n|gen|9\n|tier|[Gen 9] Random Battle\n|rated|\n|rule|Species Clause: Limit one of each Pok\u00e9mon\n|rule|HP Percentage Mod: HP is shown in percentages\n|rule|Sleep Clause Mod: Limit one foe put to sleep\n|rule|Illusion Level Mod: Illusion disguises the Pok\u00e9mon's true level\n|\n|t:|1733898985\n|start\n|switch|p1a: Donphan|Donphan, L84, M|288/288\n|switch|p2a: Registeel|Registeel, L81|262/262\n|turn|1\n|\n|t:|1733898997\n|move|p1a: Donphan|Stealth Rock|p2a: Registeel\n|-sidestart|p2: KIELI|move: Stealth Rock\n|move|p2a: Registeel|Stealth Rock|p1a: Donphan\n|-sidestart|p1: Hdbshsbevfhdjff|move: Stealth Rock\n|\n|upkeep\n|turn|2\n|\n|t:|1733899015\n|move|p1a: Donphan|Rapid Spin|p2a: Registeel\n|-resisted|p2a: Registeel\n|-damage|p2a: Registeel|247/262\n|-boost|p1a: Donphan|spe|1\n|-sideend|p1: Hdbshsbevfhdjff|Stealth Rock|[from] move: Rapid Spin|[of] p1a: Donphan\n|move|p2a: Registeel|Body Press|p1a: Donphan\n|-damage|p1a: Donphan|229/288\n|\n|-heal|p1a: Donphan|247/288|[from] item: Leftovers\n|-heal|p2a: Registeel|262/262|[from] item: Leftovers\n|upkeep\n|turn|3\n|\n|t:|1733899026\n|move|p1a: Donphan|Earthquake|p2a: Registeel\n|-supereffective|p2a: Registeel\n|-damage|p2a: Registeel|86/262\n|move|p2a: Registeel|Body Press|p1a: Donphan\n|-damage|p1a: Donphan|182/288\n|\n|-heal|p1a: Donphan|200/288|[from] item: Leftovers\n|-heal|p2a: Registeel|102/262|[from] item: Leftovers\n|upkeep\n|turn|4\n|\n|t:|1733899044\n|switch|p2a: Spidops|Spidops, L96, M|271/271\n|move|p1a: Donphan|Earthquake|p2a: Spidops\n|-resisted|p2a: Spidops\n|-damage|p2a: Spidops|222/271\n|\n|-heal|p1a: Donphan|218/288|[from] item: Leftovers\n|upkeep\n|turn|5\n|\n|t:|1733899056\n|move|p1a: Donphan|Knock Off|p2a: Spidops\n|-damage|p2a: Spidops|147/271\n|-enditem|p2a: Spidops|Heavy-Duty Boots|[from] move: Knock Off|[of] p1a: Donphan\n|move|p2a: Spidops|Knock Off|p1a: Donphan\n|-crit|p1a: Donphan\n|-damage|p1a: Donphan|123/288\n|-enditem|p1a: Donphan|Leftovers|[from] move: Knock Off|[of] p2a: Spidops\n|\n|upkeep\n|turn|6\n|\n|t:|1733899067\n|move|p1a: Donphan|Rapid Spin|p2a: Spidops\n|-damage|p2a: Spidops|110/271\n|-boost|p1a: Donphan|spe|1\n|move|p2a: Spidops|U-turn|p1a: Donphan\n|-damage|p1a: Donphan|63/288\n|\n|t:|1733899078\n|switch|p2a: Flygon|Flygon, L82, M|265/265|[from] U-turn\n|-damage|p2a: Flygon|249/265|[from] Stealth Rock\n|\n|upkeep\n|turn|7\n|\n|t:|1733899086\n|move|p2a: Flygon|Outrage|p1a: Donphan\n|-damage|p1a: Donphan|0 fnt\n|faint|p1a: Donphan\n|\n|upkeep\n|\n|t:|1733899090\n|switch|p1a: Regice|Regice, L88|284/284\n|turn|8\n|\n|t:|1733899094\n|move|p2a: Flygon|Outrage|p1a: Regice|[from]lockedmove\n|-damage|p1a: Regice|170/284\n|move|p1a: Regice|Ice Beam|p2a: Flygon\n|-supereffective|p2a: Flygon\n|-damage|p2a: Flygon|0 fnt\n|faint|p2a: Flygon\n|\n|upkeep\n|\n|t:|1733899105\n|switch|p2a: Registeel|Registeel, L81|102/262\n|-damage|p2a: Registeel|86/262|[from] Stealth Rock\n|turn|9\n|\n|t:|1733899111\n|move|p1a: Regice|Thunderbolt|p2a: Registeel\n|-damage|p2a: Registeel|41/262\n|move|p2a: Registeel|Stealth Rock|p1a: Regice\n|-sidestart|p1: Hdbshsbevfhdjff|move: Stealth Rock\n|\n|-heal|p2a: Registeel|57/262|[from] item: Leftovers\n|upkeep\n|turn|10\n|\n|t:|1733899128\n|-terastallize|p1a: Regice|Electric\n|move|p1a: Regice|Thunderbolt|p2a: Registeel\n|-damage|p2a: Registeel|0 fnt\n|faint|p2a: Registeel\n|\n|upkeep\n|\n|t:|1733899138\n|switch|p2a: Golem|Golem-Alola, L93, M|300/300\n|-damage|p2a: Golem|263/300|[from] Stealth Rock\n|turn|11\n|\n|t:|1733899151\n|move|p1a: Regice|Ice Beam|p2a: Golem\n|-damage|p2a: Golem|142/300\n|move|p2a: Golem|Earthquake|p1a: Regice\n|-supereffective|p1a: Regice\n|-damage|p1a: Regice|0 fnt\n|faint|p1a: Regice\n|\n|upkeep\n|\n|t:|1733899154\n|switch|p1a: Malamar|Malamar, L82, F|275/275\n|-damage|p1a: Malamar|241/275|[from] Stealth Rock\n|turn|12\n|\n|t:|1733899163\n|move|p1a: Malamar|Superpower|p2a: Golem\n|-supereffective|p2a: Golem\n|-damage|p2a: Golem|48/300\n|-boost|p1a: Malamar|atk|1\n|-boost|p1a: Malamar|def|1\n|move|p2a: Golem|Earthquake|p1a: Malamar\n|-damage|p1a: Malamar|131/275\n|\n|upkeep\n|turn|13\n|\n|t:|1733899179\n|switch|p2a: Spidops|Spidops, L96, M|110/271\n|-damage|p2a: Spidops|43/271|[from] Stealth Rock\n|move|p1a: Malamar|Superpower|p2a: Spidops\n|-resisted|p2a: Spidops\n|-damage|p2a: Spidops|0 fnt\n|-boost|p1a: Malamar|atk|1\n|-boost|p1a: Malamar|def|1\n|faint|p2a: Spidops\n|\n|upkeep\n|\n|t:|1733899189\n|switch|p2a: Galvantula|Galvantula, L82, M|249/249\n|turn|14\n|\n|t:|1733899200\n|switch|p1a: Ambipom|Ambipom, L84, M|263/263\n|-damage|p1a: Ambipom|231/263|[from] Stealth Rock\n|move|p2a: Galvantula|Bug Buzz|p1a: Ambipom\n|-damage|p1a: Ambipom|116/263\n|\n|upkeep\n|turn|15\n|\n|t:|1733899208\n|move|p1a: Ambipom|Double-Edge|p2a: Galvantula\n|-damage|p2a: Galvantula|11/249\n|-damage|p1a: Ambipom|37/263|[from] Recoil\n|move|p2a: Galvantula|Sticky Web|p1a: Ambipom\n|-sidestart|p1: Hdbshsbevfhdjff|move: Sticky Web\n|\n|upkeep\n|turn|16\n|\n|t:|1733899219\n|switch|p2a: Golem|Golem-Alola, L93, M|48/300\n|-damage|p2a: Golem|11/300|[from] Stealth Rock\n|move|p1a: Ambipom|Double-Edge|p2a: Golem\n|-resisted|p2a: Golem\n|-damage|p2a: Golem|0 fnt\n|faint|p2a: Golem\n|-damage|p1a: Ambipom|33/263|[from] Recoil\n|\n|upkeep\n|\n|t:|1733899231\n|switch|p2a: Galvantula|Galvantula, L82, M|11/249\n|turn|17\n|\n|t:|1733899236\n|move|p1a: Ambipom|Double-Edge|p2a: Galvantula\n|-damage|p2a: Galvantula|0 fnt\n|faint|p2a: Galvantula\n|-damage|p1a: Ambipom|29/263|[from] Recoil\n|\n|upkeep\n|\n|t:|1733899241\n|switch|p2a: Drednaw|Drednaw, L81, M|278/278\n|-damage|p2a: Drednaw|244/278|[from] Stealth Rock\n|turn|18\n|\n|t:|1733899255\n|-terastallize|p2a: Drednaw|Water\n|move|p1a: Ambipom|Double-Edge|p2a: Drednaw\n|-damage|p2a: Drednaw|46/278\n|-damage|p1a: Ambipom|0 fnt|[from] Recoil\n|faint|p1a: Ambipom\n|move|p2a: Drednaw|Shell Smash|p2a: Drednaw\n|-unboost|p2a: Drednaw|def|1\n|-unboost|p2a: Drednaw|spd|1\n|-boost|p2a: Drednaw|atk|2\n|-boost|p2a: Drednaw|spa|2\n|-boost|p2a: Drednaw|spe|2\n|-enditem|p2a: Drednaw|White Herb\n|-clearnegativeboost|p2a: Drednaw|[silent]\n|\n|upkeep\n|\n|t:|1733899261\n|switch|p1a: Gengar|Gengar, L81, M|230/230\n|-damage|p1a: Gengar|202/230|[from] Stealth Rock\n|-activate|p1a: Gengar|move: Sticky Web\n|-unboost|p1a: Gengar|spe|1\n|turn|19\n|\n|t:|1733899275\n|move|p2a: Drednaw|Earthquake|p1a: Gengar\n|-supereffective|p1a: Gengar\n|-damage|p1a: Gengar|0 fnt\n|faint|p1a: Gengar\n|\n|upkeep\n|\n|t:|1733899280\n|switch|p1a: Malamar|Malamar, L82, F|131/275\n|-damage|p1a: Malamar|97/275|[from] Stealth Rock\n|-activate|p1a: Malamar|move: Sticky Web\n|-boost|p1a: Malamar|spe|1\n|turn|20\n|\n|t:|1733899292\n|move|p2a: Drednaw|Stone Edge|p1a: Malamar\n|-damage|p1a: Malamar|0 fnt\n|faint|p1a: Malamar\n|\n|upkeep\n|\n|t:|1733899295\n|switch|p1a: Glaceon|Glaceon, L94, F|275/275\n|turn|21\n|\n|t:|1733899298\n|move|p2a: Drednaw|Earthquake|p1a: Glaceon\n|-damage|p1a: Glaceon|156/275\n|move|p1a: Glaceon|Freeze-Dry|p2a: Drednaw\n|-supereffective|p2a: Drednaw\n|-damage|p2a: Drednaw|0 fnt\n|faint|p2a: Drednaw\n|\n|win|Hdbshsbevfhdjff\n|raw|Hdbshsbevfhdjff's rating: 1076 &rarr; <strong>1105</strong><br />(+29 for winning)\n|raw|KIELI's rating: 1078 &rarr; <strong>1056</strong><br />(-22 for losing)\n", "inputlog": ">version bfd83cad13791eb5a5a409923076391caf6fb4d4\n>start {\"formatid\":\"gen9randombattle\",\"seed\":[40654,15522,28670,47582],\"rated\":\"Rated battle\"}\n>player p1 {\"name\":\"Hdbshsbevfhdjff\",\"avatar\":\"265\",\"rating\":1047,\"seed\":[28078,33540,1601,56886]}\n>player p2 {\"name\":\"KIELI\",\"avatar\":\"265\",\"rating\":1078,\"seed\":[25480,35768,11435,8014]}\n>p1 move stealthrock\n>p2 move stealthrock\n>p1 move rapidspin\n>p2 move bodypress\n>p1 move earthquake\n>p2 move bodypress\n>p1 move earthquake\n>p2 switch 6\n>p1 move knockoff\n>p2 move knockoff\n>p1 move rapidspin\n>p2 move uturn\n>p2 switch 2\n>p1 move knockoff\n>p2 move outrage\n>p1 switch 6\n>p1 move icebeam\n>p2 move outrage\n>p2 switch 6\n>p1 move thunderbolt\n>p2 move stealthrock\n>p1 move thunderbolt terastallize\n>p2 move bodypress\n>p2 switch 4\n>p1 move icebeam\n>p2 move earthquake\n>p1 switch 3\n>p1 move superpower\n>p2 move earthquake\n>p1 move superpower\n>p2 switch 2\n>p2 switch 5\n>p1 switch 4\n>p2 move bugbuzz\n>p1 move doubleedge\n>p2 move stickyweb\n>p1 move doubleedge\n>p2 switch 2\n>p2 switch 2\n>p1 move doubleedge\n>p2 move thunder\n>p2 switch 3\n>p1 move doubleedge\n>p2 move shellsmash terastallize\n>p1 switch 2\n>p1 move shadowball\n>p2 move earthquake\n>p1 switch 4\n>p1 move rest\n>p2 move stoneedge\n>p1 switch 5\n>p1 move freezedry\n>p2 move earthquake", "uploadtime": 1733899300, "views": 1, "formatid": "gen9randombattle", "rating": 1056, "private": 0, "password": null}