{"id": "gen9randombattle-2260637874", "format": "[Gen 9] Random Battle", "players": ["Tankbuster627", "GavidGrana49"], "log": "|j|\u2606Tankbuster627\n|j|\u2606GavidGrana49\n|t:|1733872266\n|gametype|singles\n|player|p1|Tankbuster627|1|1640\n|player|p2|GavidGrana49|169|1662\n|teamsize|p1|6\n|teamsize|p2|6\n|gen|9\n|tier|[Gen 9] Random Battle\n|rated|\n|rule|Species Clause: Limit one of each Pok\u00e9mon\n|rule|HP Percentage Mod: HP is shown in percentages\n|rule|Sleep Clause Mod: Limit one foe put to sleep\n|rule|Illusion Level Mod: Illusion disguises the Pok\u00e9mon's true level\n|\n|t:|1733872266\n|start\n|switch|p1a: Clodsire|Clodsire, L81, F|343/343\n|switch|p2a: Glastrier|Glastrier, L86|312/312\n|turn|1\n|inactive|Battle timer is ON: inactive players will automatically lose when time's up. (requested by GavidGrana49)\n|\n|t:|1733872279\n|switch|p1a: Lumineon|Lumineon, L93, M|279/279\n|move|p2a: Glastrier|Swords Dance|p2a: Glastrier\n|-boost|p2a: Glastrier|atk|2\n|\n|upkeep\n|turn|2\n|\n|t:|1733872284\n|move|p1a: Lumineon|Encore|p2a: Glastrier\n|-start|p2a: Glastrier|Encore\n|move|p2a: Glastrier|Swords Dance|p2a: Glastrier\n|-boost|p2a: Glastrier|atk|2\n|\n|upkeep\n|turn|3\n|\n|t:|1733872291\n|switch|p2a: Bellossom|Bellossom, L84, F|263/263\n|move|p1a: Lumineon|Hydro Pump|p2a: Bellossom\n|-resisted|p2a: Bellossom\n|-damage|p2a: Bellossom|211/263\n|\n|-heal|p2a: Bellossom|227/263|[from] item: Leftovers\n|upkeep\n|turn|4\n|\n|t:|1733872303\n|switch|p1a: Toxtricity|Toxtricity, L82, F|257/257\n|move|p2a: Bellossom|Giga Drain|p1a: Toxtricity\n|-resisted|p1a: Toxtricity\n|-damage|p1a: Toxtricity|209/257\n|-heal|p2a: Bellossom|251/263|[from] drain|[of] p1a: Toxtricity\n|\n|-heal|p2a: Bellossom|263/263|[from] item: Leftovers\n|upkeep\n|turn|5\n|\n|t:|1733872317\n|switch|p2a: Pecharunt|Pecharunt, L77|262/262\n|move|p1a: Toxtricity|Sludge Wave|p2a: Pecharunt\n|-resisted|p2a: Pecharunt\n|-damage|p2a: Pecharunt|216/262\n|\n|-heal|p2a: Pecharunt|232/262|[from] item: Leftovers\n|upkeep\n|turn|6\n|\n|t:|1733872330\n|switch|p1a: Mandibuzz|Mandibuzz, L85, F|326/326\n|move|p2a: Pecharunt|Nasty Plot|p2a: Pecharunt\n|-boost|p2a: Pecharunt|spa|2\n|\n|-heal|p2a: Pecharunt|248/262|[from] item: Leftovers\n|upkeep\n|turn|7\n|\n|t:|1733872339\n|-terastallize|p2a: Pecharunt|Dark\n|move|p1a: Mandibuzz|Knock Off|p2a: Pecharunt\n|-resisted|p2a: Pecharunt\n|-damage|p2a: Pecharunt|221/262\n|-enditem|p2a: Pecharunt|Leftovers|[from] move: Knock Off|[of] p1a: Mandibuzz\n|move|p2a: Pecharunt|Malignant Chain|p1a: Mandibuzz\n|-damage|p1a: Mandibuzz|163/326\n|-status|p1a: Mandibuzz|tox\n|-start|p1a: Mandibuzz|confusion|[from] ability: Poison Puppeteer|[of] p2a: Pecharunt\n|\n|-damage|p1a: Mandibuzz|143/326 tox|[from] psn\n|upkeep\n|turn|8\n|\n|t:|1733872353\n|-activate|p1a: Mandibuzz|confusion\n|move|p1a: Mandibuzz|Toxic|p2a: Pecharunt\n|-status|p2a: Pecharunt|tox\n|move|p2a: Pecharunt|Malignant Chain|p1a: Mandibuzz\n|-damage|p1a: Mandibuzz|0 fnt\n|faint|p1a: Mandibuzz\n|\n|-damage|p2a: Pecharunt|205/262 tox|[from] psn\n|upkeep\n|\n|t:|1733872363\n|switch|p1a: Toxtricity|Toxtricity, L82, F|209/257\n|turn|9\n|\n|t:|1733872365\n|move|p2a: Pecharunt|Shadow Ball|p1a: Toxtricity\n|-damage|p1a: Toxtricity|59/257\n|move|p1a: Toxtricity|Sludge Wave|p2a: Pecharunt\n|-damage|p2a: Pecharunt|25/262 tox\n|\n|-damage|p2a: Pecharunt|0 fnt|[from] psn\n|faint|p2a: Pecharunt\n|upkeep\n|\n|t:|1733872372\n|switch|p2a: Quaquaval|Quaquaval, L79, F|264/264\n|turn|10\n|\n|t:|1733872377\n|switch|p1a: Lumineon|Lumineon, L93, M|279/279\n|move|p2a: Quaquaval|Aqua Step|p1a: Lumineon\n|-ability|p1a: Lumineon|Storm Drain|boost\n|-boost|p1a: Lumineon|spa|1\n|\n|upkeep\n|turn|11\n|\n|t:|1733872387\n|move|p1a: Lumineon|Alluring Voice|p2a: Quaquaval\n|-supereffective|p2a: Quaquaval\n|-damage|p2a: Quaquaval|54/264\n|move|p2a: Quaquaval|Close Combat|p1a: Lumineon\n|-damage|p1a: Lumineon|114/279\n|-unboost|p2a: Quaquaval|def|1\n|-unboost|p2a: Quaquaval|spd|1\n|-damage|p2a: Quaquaval|28/264|[from] item: Life Orb\n|\n|upkeep\n|turn|12\n|\n|t:|1733872395\n|switch|p2a: Bellossom|Bellossom, L84, F|263/263\n|move|p1a: Lumineon|Alluring Voice|p2a: Bellossom\n|-damage|p2a: Bellossom|195/263\n|\n|-heal|p2a: Bellossom|211/263|[from] item: Leftovers\n|upkeep\n|turn|13\n|\n|t:|1733872400\n|move|p1a: Lumineon|U-turn|p2a: Bellossom\n|-supereffective|p2a: Bellossom\n|-damage|p2a: Bellossom|119/263\n|\n|t:|1733872406\n|switch|p1a: Clodsire|Clodsire, L81, F|343/343|[from] U-turn\n|move|p2a: Bellossom|Quiver Dance|p2a: Bellossom\n|-boost|p2a: Bellossom|spa|1\n|-boost|p2a: Bellossom|spd|1\n|-boost|p2a: Bellossom|spe|1\n|\n|-heal|p2a: Bellossom|135/263|[from] item: Leftovers\n|upkeep\n|turn|14\n|\n|t:|1733872413\n|move|p2a: Bellossom|Strength Sap|p1a: Clodsire\n|-unboost|p1a: Clodsire|atk|1\n|-heal|p2a: Bellossom|263/263\n|move|p1a: Clodsire|Poison Jab|p2a: Bellossom\n|-supereffective|p2a: Bellossom\n|-damage|p2a: Bellossom|179/263\n|-status|p2a: Bellossom|psn\n|\n|-heal|p2a: Bellossom|195/263 psn|[from] item: Leftovers\n|-damage|p2a: Bellossom|163/263 psn|[from] psn\n|upkeep\n|turn|15\n|\n|t:|1733872426\n|move|p2a: Bellossom|Quiver Dance|p2a: Bellossom\n|-boost|p2a: Bellossom|spa|1\n|-boost|p2a: Bellossom|spd|1\n|-boost|p2a: Bellossom|spe|1\n|move|p1a: Clodsire|Curse|p1a: Clodsire\n|-unboost|p1a: Clodsire|spe|1\n|-boost|p1a: Clodsire|atk|1\n|-boost|p1a: Clodsire|def|1\n|\n|-heal|p2a: Bellossom|179/263 psn|[from] item: Leftovers\n|-damage|p2a: Bellossom|147/263 psn|[from] psn\n|upkeep\n|turn|16\n|\n|t:|1733872430\n|move|p2a: Bellossom|Giga Drain|p1a: Clodsire\n|-damage|p1a: Clodsire|279/343\n|-heal|p2a: Bellossom|179/263 psn|[from] drain|[of] p1a: Clodsire\n|move|p1a: Clodsire|Poison Jab|p2a: Bellossom\n|-supereffective|p2a: Bellossom\n|-damage|p2a: Bellossom|59/263 psn\n|\n|-heal|p2a: Bellossom|75/263 psn|[from] item: Leftovers\n|-heal|p1a: Clodsire|300/343|[from] item: Leftovers\n|-damage|p2a: Bellossom|43/263 psn|[from] psn\n|upkeep\n|turn|17\n|\n|t:|1733872437\n|move|p2a: Bellossom|Strength Sap|p1a: Clodsire\n|-unboost|p1a: Clodsire|atk|1\n|-heal|p2a: Bellossom|211/263 psn\n|move|p1a: Clodsire|Curse|p1a: Clodsire\n|-unboost|p1a: Clodsire|spe|1\n|-boost|p1a: Clodsire|atk|1\n|-boost|p1a: Clodsire|def|1\n|\n|-heal|p2a: Bellossom|227/263 psn|[from] item: Leftovers\n|-heal|p1a: Clodsire|321/343|[from] item: Leftovers\n|-damage|p2a: Bellossom|195/263 psn|[from] psn\n|upkeep\n|turn|18\n|\n|t:|1733872442\n|switch|p2a: Quaquaval|Quaquaval, L79, F|28/264\n|move|p1a: Clodsire|Poison Jab|p2a: Quaquaval\n|-damage|p2a: Quaquaval|0 fnt\n|faint|p2a: Quaquaval\n|\n|-heal|p1a: Clodsire|342/343|[from] item: Leftovers\n|upkeep\n|-message|GavidGrana49 forfeited.\n|\n|win|Tankbuster627\n|raw|Tankbuster627's rating: 1640 &rarr; <strong>1661</strong><br />(+21 for winning)\n|raw|GavidGrana49's rating: 1662 &rarr; <strong>1641</strong><br />(-21 for losing)\n|l|\u2606GavidGrana49\n|player|p2|\n", "inputlog": ">version bfd83cad13791eb5a5a409923076391caf6fb4d4\n>start {\"formatid\":\"gen9randombattle\",\"seed\":[19078,38157,12318,17087],\"rated\":\"Rated battle\"}\n>player p1 {\"name\":\"Tankbuster627\",\"avatar\":\"1\",\"rating\":1640,\"seed\":[12972,58616,55448,42992]}\n>player p2 {\"name\":\"GavidGrana49\",\"avatar\":\"169\",\"rating\":1662,\"seed\":[43981,9920,63206,6664]}\n>p1 switch 3\n>p2 move swordsdance\n>p1 move encore\n>p2 move highhorsepower\n>p1 move hydropump\n>p2 switch 5\n>p1 switch 2\n>p2 move gigadrain\n>p1 move sludgewave\n>p2 switch 6\n>p1 switch 5\n>p2 move nastyplot\n>p1 move knockoff\n>p2 move malignantchain terastallize\n>p1 move toxic\n>p2 move malignantchain\n>p1 switch 5\n>p1 move sludgewave\n>p2 move shadowball\n>p2 switch 3\n>p1 switch 2\n>p2 move aquastep\n>p1 move alluringvoice\n>p2 move closecombat\n>p1 move alluringvoice\n>p2 switch 6\n>p1 move uturn\n>p2 move quiverdance\n>p1 switch 3\n>p1 move poisonjab\n>p2 move strengthsap\n>p1 move curse\n>p2 move quiverdance\n>p1 move poisonjab\n>p2 move gigadrain\n>p1 move curse\n>p2 move strengthsap\n>p1 move poisonjab\n>p2 switch 6\n>forcelose p2", "uploadtime": 1733872452, "views": 1, "formatid": "gen9randombattle", "rating": 1641, "private": 0, "password": null}