{"id": "gen9randombattle-2260559601", "format": "[Gen 9] Random Battle", "players": ["ratburg007", "volum3"], "log": "|j|\u2606ratburg007\n|j|\u2606volum3\n|t:|1733863543\n|gametype|singles\n|player|p1|ratburg007|lucas|1072\n|player|p2|volum3|169|1035\n|teamsize|p1|6\n|teamsize|p2|6\n|gen|9\n|tier|[Gen 9] Random Battle\n|rated|\n|rule|Species Clause: Limit one of each Pok\u00e9mon\n|rule|HP Percentage Mod: HP is shown in percentages\n|rule|Sleep Clause Mod: Limit one foe put to sleep\n|rule|Illusion Level Mod: Illusion disguises the Pok\u00e9mon's true level\n|\n|t:|1733863543\n|start\n|switch|p1a: Lucario|Lucario, L84, M|255/255\n|switch|p2a: Cinccino|Cinccino, L83, F|260/260\n|turn|1\n|inactive|Battle timer is ON: inactive players will automatically lose when time's up. (requested by ratburg007)\n|inactive|volum3 has 120 seconds left.\n|\n|t:|1733863577\n|switch|p2a: Armarouge|Armarouge, L80, M|267/267\n|move|p1a: Lucario|Meteor Mash|p2a: Armarouge\n|-resisted|p2a: Armarouge\n|-damage|p2a: Armarouge|192/267\n|-ability|p2a: Armarouge|Weak Armor|boost\n|-unboost|p2a: Armarouge|def|1\n|-boost|p2a: Armarouge|spe|2\n|\n|upkeep\n|turn|2\n|\n|t:|1733863594\n|switch|p1a: Walking Wake|Walking Wake, L79|286/286\n|move|p2a: Armarouge|Armor Cannon|p1a: Walking Wake\n|-resisted|p1a: Walking Wake\n|-damage|p1a: Walking Wake|222/286\n|-unboost|p2a: Armarouge|def|1\n|-unboost|p2a: Armarouge|spd|1\n|\n|upkeep\n|turn|3\n|\n|t:|1733863611\n|switch|p2a: Raging Bolt|Raging Bolt, L78|323/323\n|move|p1a: Walking Wake|Draco Meteor|p2a: Raging Bolt\n|-supereffective|p2a: Raging Bolt\n|-damage|p2a: Raging Bolt|0 fnt\n|-unboost|p1a: Walking Wake|spa|2\n|faint|p2a: Raging Bolt\n|-end|p2a: Raging Bolt|Protosynthesis|[silent]\n|-damage|p1a: Walking Wake|194/286|[from] item: Life Orb\n|\n|upkeep\n|\n|t:|1733863625\n|switch|p2a: Cinccino|Cinccino, L83, F|260/260\n|turn|4\n|\n|t:|1733863629\n|-end|p1a: Walking Wake|Protosynthesis|[silent]\n|switch|p1a: Lucario|Lucario, L84, M|255/255\n|move|p2a: Cinccino|Tidy Up|p2a: Cinccino\n|-boost|p2a: Cinccino|atk|1\n|-boost|p2a: Cinccino|spe|1\n|\n|upkeep\n|turn|5\n|inactive|volum3 has 120 seconds left.\n|\n|t:|1733863658\n|move|p2a: Cinccino|Triple Axel|p1a: Lucario\n|-resisted|p1a: Lucario\n|-damage|p1a: Lucario|238/255\n|-resisted|p1a: Lucario\n|-damage|p1a: Lucario|204/255\n|-resisted|p1a: Lucario\n|-damage|p1a: Lucario|149/255\n|-hitcount|p1a: Lucario|3\n|move|p1a: Lucario|Stone Edge|p2a: Cinccino\n|-damage|p2a: Cinccino|114/260\n|\n|upkeep\n|turn|6\n|inactive|volum3 has 120 seconds left.\n|\n|t:|1733863668\n|move|p2a: Cinccino|Tail Slap|p1a: Lucario\n|-resisted|p1a: Lucario\n|-crit|p1a: Lucario\n|-damage|p1a: Lucario|101/255\n|-resisted|p1a: Lucario\n|-damage|p1a: Lucario|70/255\n|-resisted|p1a: Lucario\n|-damage|p1a: Lucario|34/255\n|-resisted|p1a: Lucario\n|-damage|p1a: Lucario|0 fnt\n|faint|p1a: Lucario\n|-hitcount|p1: Lucario|4\n|\n|upkeep\n|\n|t:|1733863671\n|switch|p1a: Regieleki|Regieleki, L79|256/256\n|turn|7\n|inactive|volum3 has 120 seconds left.\n|\n|t:|1733863689\n|switch|p2a: Metagross|Metagross, L79|256/256\n|move|p1a: Regieleki|Volt Switch|p2a: Metagross\n|-damage|p2a: Metagross|136/256\n|\n|t:|1733863694\n|switch|p1a: Walking Wake|Walking Wake, L79|194/286|[from] Volt Switch\n|\n|upkeep\n|turn|8\n|\n|t:|1733863709\n|move|p1a: Walking Wake|Sunny Day|p1a: Walking Wake\n|-weather|SunnyDay\n|-activate|p1a: Walking Wake|ability: Protosynthesis\n|-start|p1a: Walking Wake|protosynthesisspa\n|move|p2a: Metagross|Psychic Fangs|p1a: Walking Wake\n|-damage|p1a: Walking Wake|46/286\n|\n|-weather|SunnyDay|[upkeep]\n|upkeep\n|turn|9\n|\n|t:|1733863718\n|move|p1a: Walking Wake|Hydro Steam|p2a: Metagross\n|-damage|p2a: Metagross|0 fnt\n|faint|p2a: Metagross\n|-damage|p1a: Walking Wake|18/286|[from] item: Life Orb\n|\n|-weather|SunnyDay|[upkeep]\n|upkeep\n|\n|t:|1733863725\n|switch|p2a: Cinccino|Cinccino, L83, F|114/260\n|turn|10\n|\n|t:|1733863728\n|move|p2a: Cinccino|Bullet Seed|p1a: Walking Wake\n|-damage|p1a: Walking Wake|0 fnt\n|faint|p1a: Walking Wake\n|-end|p1a: Walking Wake|Protosynthesis|[silent]\n|-hitcount|p1: Walking Wake|1\n|\n|-weather|SunnyDay|[upkeep]\n|upkeep\n|\n|t:|1733863731\n|switch|p1a: Regieleki|Regieleki, L79|256/256\n|turn|11\n|\n|t:|1733863753\n|move|p1a: Regieleki|Volt Switch|p2a: Cinccino\n|-damage|p2a: Cinccino|0 fnt\n|faint|p2a: Cinccino\n|\n|t:|1733863757\n|switch|p1a: Grafaiai|Grafaiai, L86, F|249/249|[from] Volt Switch\n|\n|-weather|SunnyDay|[upkeep]\n|upkeep\n|\n|t:|1733863766\n|switch|p2a: Polteageist|Polteageist-Antique, L79|224/224\n|turn|12\n|\n|t:|1733863775\n|switch|p1a: Volbeat|Volbeat, L90, M|263/263\n|move|p2a: Polteageist|Shell Smash|p2a: Polteageist\n|-unboost|p2a: Polteageist|def|1\n|-unboost|p2a: Polteageist|spd|1\n|-boost|p2a: Polteageist|atk|2\n|-boost|p2a: Polteageist|spa|2\n|-boost|p2a: Polteageist|spe|2\n|-enditem|p2a: Polteageist|White Herb\n|-clearnegativeboost|p2a: Polteageist|[silent]\n|\n|-weather|none\n|upkeep\n|turn|13\n|\n|t:|1733863801\n|move|p1a: Volbeat|Encore|p2a: Polteageist\n|-start|p2a: Polteageist|Encore\n|move|p2a: Polteageist|Shell Smash|p2a: Polteageist\n|-unboost|p2a: Polteageist|def|1\n|-unboost|p2a: Polteageist|spd|1\n|-boost|p2a: Polteageist|atk|2\n|-boost|p2a: Polteageist|spa|2\n|-boost|p2a: Polteageist|spe|2\n|\n|upkeep\n|turn|14\n|inactive|volum3 has 120 seconds left.\n|\n|t:|1733863816\n|move|p1a: Volbeat|Thunder Wave|p2a: Polteageist\n|-status|p2a: Polteageist|par\n|move|p2a: Polteageist|Shell Smash|p2a: Polteageist\n|-unboost|p2a: Polteageist|def|1\n|-unboost|p2a: Polteageist|spd|1\n|-boost|p2a: Polteageist|atk|2\n|-boost|p2a: Polteageist|spa|2\n|-boost|p2a: Polteageist|spe|2\n|\n|upkeep\n|turn|15\n|inactive|volum3 has 120 seconds left.\n|\n|t:|1733863834\n|move|p2a: Polteageist|Shell Smash|p2a: Polteageist\n|-unboost|p2a: Polteageist|def|1\n|-unboost|p2a: Polteageist|spd|1\n|-boost|p2a: Polteageist|atk|0\n|-boost|p2a: Polteageist|spa|0\n|-boost|p2a: Polteageist|spe|0\n|move|p1a: Volbeat|Lunge|p2a: Polteageist\n|-resisted|p2a: Polteageist\n|-damage|p2a: Polteageist|99/224 par\n|-unboost|p2a: Polteageist|atk|1\n|\n|-end|p2a: Polteageist|Encore\n|upkeep\n|turn|16\n|inactive|volum3 has 120 seconds left.\n|\n|t:|1733863844\n|move|p1a: Volbeat|Encore|p2a: Polteageist\n|-start|p2a: Polteageist|Encore\n|move|p2a: Polteageist|Shell Smash|p2a: Polteageist\n|-unboost|p2a: Polteageist|def|1\n|-unboost|p2a: Polteageist|spd|1\n|-boost|p2a: Polteageist|atk|1\n|-boost|p2a: Polteageist|spa|0\n|-boost|p2a: Polteageist|spe|0\n|\n|upkeep\n|turn|17\n|\n|t:|1733863851\n|switch|p2a: Vivillon|Vivillon-Elegant, L84, F|272/272\n|move|p1a: Volbeat|Lunge|p2a: Vivillon\n|-resisted|p2a: Vivillon\n|-damage|p2a: Vivillon|215/272\n|-unboost|p2a: Vivillon|atk|1\n|\n|upkeep\n|turn|18\n|\n|t:|1733863863\n|move|p1a: Volbeat|Thunder Wave|p2a: Vivillon|[miss]\n|-miss|p1a: Volbeat|p2a: Vivillon\n|move|p2a: Vivillon|Sleep Powder|p1a: Volbeat\n|-status|p1a: Volbeat|slp|[from] move: Sleep Powder\n|\n|upkeep\n|turn|19\n|\n|t:|1733863880\n|cant|p1a: Volbeat|slp\n|move|p2a: Vivillon|Quiver Dance|p2a: Vivillon\n|-boost|p2a: Vivillon|spa|1\n|-boost|p2a: Vivillon|spd|1\n|-boost|p2a: Vivillon|spe|1\n|\n|upkeep\n|turn|20\n|\n|t:|1733863898\n|-curestatus|p1a: Volbeat|slp|[msg]\n|move|p1a: Volbeat|Encore|p2a: Vivillon\n|-start|p2a: Vivillon|Encore\n|move|p2a: Vivillon|Quiver Dance|p2a: Vivillon\n|-boost|p2a: Vivillon|spa|1\n|-boost|p2a: Vivillon|spd|1\n|-boost|p2a: Vivillon|spe|1\n|\n|upkeep\n|turn|21\n|\n|t:|1733863907\n|switch|p2a: Polteageist|Polteageist-Antique, L79|99/224 par\n|move|p1a: Volbeat|Thunder Wave|p2a: Polteageist\n|-fail|p2a: Polteageist|par\n|\n|upkeep\n|turn|22\n|\n|t:|1733863914\n|switch|p1a: Grafaiai|Grafaiai, L86, F|249/249\n|cant|p2a: Polteageist|par\n|\n|upkeep\n|turn|23\n|\n|t:|1733863927\n|move|p1a: Grafaiai|Swords Dance|p1a: Grafaiai\n|-boost|p1a: Grafaiai|atk|2\n|move|p2a: Polteageist|Tera Blast|p1a: Grafaiai\n|-damage|p1a: Grafaiai|170/249\n|\n|upkeep\n|turn|24\n|\n|t:|1733863935\n|move|p1a: Grafaiai|Gunk Shot|p2a: Polteageist\n|-resisted|p2a: Polteageist\n|-damage|p2a: Polteageist|0 fnt\n|faint|p2a: Polteageist\n|-damage|p1a: Grafaiai|146/249|[from] item: Life Orb\n|\n|upkeep\n|\n|t:|1733863955\n|switch|p2a: Vivillon|Vivillon-Elegant, L84, F|215/272\n|turn|25\n|\n|t:|1733863962\n|move|p1a: Grafaiai|Knock Off|p2a: Vivillon\n|-damage|p2a: Vivillon|0 fnt\n|-enditem|p2a: Vivillon|Heavy-Duty Boots|[from] move: Knock Off|[of] p1a: Grafaiai\n|faint|p2a: Vivillon\n|-damage|p1a: Grafaiai|122/249|[from] item: Life Orb\n|\n|upkeep\n|\n|t:|1733863965\n|switch|p2a: Armarouge|Armarouge, L80, M|192/267\n|turn|26\n|\n|t:|1733863978\n|-terastallize|p1a: Grafaiai|Dark\n|move|p1a: Grafaiai|Knock Off|p2a: Armarouge\n|-supereffective|p2a: Armarouge\n|-damage|p2a: Armarouge|0 fnt\n|-enditem|p2a: Armarouge|Choice Specs|[from] move: Knock Off|[of] p1a: Grafaiai\n|faint|p2a: Armarouge\n|-damage|p1a: Grafaiai|98/249|[from] item: Life Orb\n|\n|win|ratburg007\n|raw|ratburg007's rating: 1072 &rarr; <strong>1098</strong><br />(+26 for winning)\n|raw|volum3's rating: 1035 &rarr; <strong>1021</strong><br />(-14 for losing)\n|l|\u2606volum3\n|player|p2|\n", "inputlog": ">version bfd83cad13791eb5a5a409923076391caf6fb4d4\n>start {\"formatid\":\"gen9randombattle\",\"seed\":[31360,21220,25489,38007],\"rated\":\"Rated battle\"}\n>player p1 {\"name\":\"ratburg007\",\"avatar\":\"lucas\",\"rating\":1072,\"seed\":[64392,40028,57510,58255]}\n>player p2 {\"name\":\"volum3\",\"avatar\":\"169\",\"rating\":1035,\"seed\":[50932,27723,48761,28764]}\n>p1 move meteormash\n>p2 switch 6\n>p1 switch 2\n>p2 move armorcannon\n>p1 move dracometeor\n>p2 switch 2\n>p2 switch 6\n>p1 switch 2\n>p2 move tidyup\n>p1 move stoneedge\n>p2 move tripleaxel\n>p1 move stoneedge\n>p2 move tailslap\n>p1 switch 5\n>p1 move voltswitch\n>p2 switch 5\n>p1 switch 2\n>p1 move sunnyday\n>p2 move psychicfangs\n>p1 move hydrosteam\n>p2 move psychicfangs\n>p2 switch 5\n>p1 move hydrosteam\n>p2 move bulletseed\n>p1 switch 2\n>p1 move voltswitch\n>p2 move tailslap\n>p1 switch 3\n>p2 switch 4\n>p1 switch 4\n>p2 move shellsmash\n>p1 move encore\n>p2 move shadowball\n>p1 move thunderwave\n>p2 move shellsmash\n>p1 move lunge\n>p2 move shellsmash\n>p1 move encore\n>p2 move shadowball\n>p1 move lunge\n>p2 switch 3\n>p1 move thunderwave\n>p2 move sleeppowder\n>p1 move encore\n>p2 move quiverdance\n>p1 move encore\n>p2 move quiverdance\n>p1 move thunderwave\n>p2 switch 3\n>p1 switch 4\n>p2 move shadowball\n>p1 move swordsdance\n>p2 move terablast\n>p1 move gunkshot\n>p2 move terablast\n>p2 switch 3\n>p1 move knockoff\n>p2 move bugbuzz\n>p2 switch 2\n>p1 move knockoff terastallize\n>p2 move aurasphere", "uploadtime": 1733864047, "views": 2, "formatid": "gen9randombattle", "rating": 1021, "private": 0, "password": null}