{"id": "gen9randombattle-2259780643", "format": "[Gen 9] Random Battle", "players": ["gabrielhigdon", "themiguelf"], "log": "|j|\u203dgabrielhigdon\n|j|\u203dthemiguelf\n|t:|1733766028\n|gametype|singles\n|player|p1|gabrielhigdon|169|1016\n|player|p2|themiguelf|erika|1044\n|teamsize|p1|6\n|teamsize|p2|6\n|gen|9\n|tier|[Gen 9] Random Battle\n|rated|\n|rule|Species Clause: Limit one of each Pok\u00e9mon\n|rule|HP Percentage Mod: HP is shown in percentages\n|rule|Sleep Clause Mod: Limit one foe put to sleep\n|rule|Illusion Level Mod: Illusion disguises the Pok\u00e9mon's true level\n|\n|t:|1733766028\n|start\n|switch|p1a: Pyroar|Pyroar, L88, M|295/295\n|switch|p2a: Porygon2|Porygon2, L82|274/274\n|-ability|p1a: Pyroar|Unnerve\n|-ability|p2a: Porygon2|Download|boost\n|-boost|p2a: Porygon2|spa|1\n|turn|1\n|\n|t:|1733766055\n|move|p1a: Pyroar|Fire Blast|p2a: Porygon2|[miss]\n|-miss|p1a: Pyroar|p2a: Porygon2\n|move|p2a: Porygon2|Thunder Wave|p1a: Pyroar|[miss]\n|-miss|p2a: Porygon2|p1a: Pyroar\n|\n|upkeep\n|turn|2\n|\n|t:|1733766063\n|move|p1a: Pyroar|Will-O-Wisp|p2a: Porygon2\n|-status|p2a: Porygon2|brn\n|move|p2a: Porygon2|Thunder Wave|p1a: Pyroar\n|-status|p1a: Pyroar|par\n|\n|-damage|p2a: Porygon2|257/274 brn|[from] brn\n|upkeep\n|turn|3\n|\n|t:|1733766089\n|switch|p2a: Hitmonlee|Hitmonlee, L85, M|223/223\n|switch|p1a: Electrode|Electrode, L92|260/260\n|\n|upkeep\n|turn|4\n|\n|t:|1733766109\n|move|p1a: Electrode|Thunderbolt|p2a: Hitmonlee\n|-damage|p2a: Hitmonlee|138/223\n|move|p2a: Hitmonlee|High Jump Kick|p1a: Electrode\n|-damage|p1a: Electrode|0 fnt\n|faint|p1a: Electrode\n|\n|upkeep\n|\n|t:|1733766124\n|switch|p1a: Porygon-Z|Porygon-Z, L83|277/277\n|turn|5\n|\n|t:|1733766138\n|move|p2a: Hitmonlee|High Jump Kick|p1a: Porygon-Z\n|-supereffective|p1a: Porygon-Z\n|-damage|p1a: Porygon-Z|0 fnt\n|faint|p1a: Porygon-Z\n|\n|upkeep\n|\n|t:|1733766149\n|switch|p1a: Sceptile|Sceptile, L87, F|264/264\n|turn|6\n|\n|t:|1733766158\n|move|p1a: Sceptile|Focus Blast|p2a: Hitmonlee\n|-damage|p2a: Hitmonlee|65/223\n|move|p2a: Hitmonlee|High Jump Kick|p1a: Sceptile\n|-damage|p1a: Sceptile|0 fnt\n|faint|p1a: Sceptile\n|\n|upkeep\n|\n|t:|1733766169\n|switch|p1a: Pyroar|Pyroar, L88, M|295/295 par\n|-ability|p1a: Pyroar|Unnerve\n|turn|7\n|\n|t:|1733766181\n|move|p2a: Hitmonlee|High Jump Kick|p1a: Pyroar\n|-supereffective|p1a: Pyroar\n|-damage|p1a: Pyroar|0 fnt\n|faint|p1a: Pyroar\n|\n|upkeep\n|\n|t:|1733766188\n|switch|p1a: Swampert|Swampert, L83, M|302/302\n|turn|8\n|\n|t:|1733766196\n|move|p2a: Hitmonlee|High Jump Kick|p1a: Swampert\n|-damage|p1a: Swampert|16/302\n|move|p1a: Swampert|Ice Beam|p2a: Hitmonlee\n|-damage|p2a: Hitmonlee|16/223\n|\n|-heal|p1a: Swampert|34/302|[from] item: Leftovers\n|upkeep\n|turn|9\n|\n|t:|1733766218\n|move|p2a: Hitmonlee|High Jump Kick|p1a: Swampert\n|-damage|p1a: Swampert|0 fnt\n|faint|p1a: Swampert\n|\n|upkeep\n|\n|t:|1733766223\n|switch|p1a: Gouging Fire|Gouging Fire, L74|277/277\n|turn|10\n|-message|gabrielhigdon forfeited.\n|\n|win|themiguelf\n|raw|gabrielhigdon's rating: 1016 &rarr; <strong>1005</strong><br />(-11 for losing)\n|raw|themiguelf's rating: 1044 &rarr; <strong>1075</strong><br />(+31 for winning)\n|l|\u203dgabrielhigdon\n|player|p1|\n", "inputlog": ">version bfd83cad13791eb5a5a409923076391caf6fb4d4\n>start {\"formatid\":\"gen9randombattle\",\"seed\":[60285,46285,36417,8315],\"rated\":\"Rated battle\"}\n>player p1 {\"name\":\"gabrielhigdon\",\"avatar\":\"169\",\"rating\":1016,\"seed\":[41889,44006,14236,46438]}\n>player p2 {\"name\":\"themiguelf\",\"avatar\":\"erika\",\"rating\":1044,\"seed\":[23913,40868,2525,6292]}\n>p1 move fireblast\n>p2 move thunderwave\n>p1 move willowisp\n>p2 move thunderwave\n>p1 switch 2\n>p2 switch 5\n>p1 move thunderbolt\n>p2 move highjumpkick\n>p1 switch 4\n>p1 move agility\n>p2 move highjumpkick\n>p1 switch 5\n>p1 move focusblast\n>p2 move highjumpkick\n>p1 switch 2\n>p1 move fireblast\n>p2 move highjumpkick\n>p1 switch 6\n>p1 move icebeam\n>p2 move highjumpkick\n>p1 move yawn\n>p2 move highjumpkick\n>p1 switch 3\n>forcelose p1", "uploadtime": 1733766247, "views": 12, "formatid": "gen9randombattle", "rating": 1005, "private": 0, "password": null}