{"id": "gen9randombattle-2260280254", "format": "[Gen 9] Random Battle", "players": ["mark_of_chaos", "gamin'extreme"], "log": "|j|\u2606mark_of_chaos\n|j|\u2606gamin'extreme\n|inactive|Battle timer is ON: inactive players will automatically lose when time's up.\n|t:|1733834429\n|gametype|singles\n|player|p1|mark_of_chaos|101|\n|player|p2|gamin'extreme|barry|\n|teamsize|p1|6\n|teamsize|p2|6\n|gen|9\n|tier|[Gen 9] Random Battle\n|rated|Tournament battle\n|rule|Species Clause: Limit one of each Pok\u00e9mon\n|rule|HP Percentage Mod: HP is shown in percentages\n|rule|Sleep Clause Mod: Limit one foe put to sleep\n|rule|Illusion Level Mod: Illusion disguises the Pok\u00e9mon's true level\n|\n|t:|1733834429\n|start\n|switch|p1a: Luvdisc|Luvdisc, F|247/247\n|switch|p2a: Ting-Lu|Ting-Lu, L78|370/370\n|-ability|p2a: Ting-Lu|Vessel of Ruin\n|turn|1\n|inactive|gamin'extreme also wants the timer to be on.\n|c|\u2606gamin'extreme|glhf\n|\n|t:|1733834456\n|move|p2a: Ting-Lu|Stealth Rock|p1a: Luvdisc\n|-sidestart|p1: mark_of_chaos|move: Stealth Rock\n|move|p1a: Luvdisc|Whirlpool|p2a: Ting-Lu\n|-supereffective|p2a: Ting-Lu\n|-damage|p2a: Ting-Lu|320/370\n|-activate|p2a: Ting-Lu|move: Whirlpool|[of] p1a: Luvdisc\n|\n|-heal|p2a: Ting-Lu|343/370|[from] item: Leftovers\n|-damage|p2a: Ting-Lu|297/370|[from] move: Whirlpool|[partiallytrapped]\n|upkeep\n|turn|2\n|\n|t:|1733834461\n|move|p1a: Luvdisc|Substitute|p1a: Luvdisc\n|-start|p1a: Luvdisc|Substitute\n|-damage|p1a: Luvdisc|186/247\n|move|p2a: Ting-Lu|Whirlwind|p1a: Luvdisc\n|drag|p1a: Slowking|Slowking, L88, M|310/310\n|\n|-heal|p2a: Ting-Lu|320/370|[from] item: Leftovers\n|-end|p2a: Ting-Lu|Whirlpool|[partiallytrapped]|[silent]\n|upkeep\n|turn|3\n|\n|t:|1733834468\n|move|p1a: Slowking|Scald|p2a: Ting-Lu\n|-supereffective|p2a: Ting-Lu\n|-damage|p2a: Ting-Lu|156/370\n|move|p2a: Ting-Lu|Throat Chop|p1a: Slowking\n|-supereffective|p1a: Slowking\n|-damage|p1a: Slowking|152/310\n|-start|p1a: Slowking|Throat Chop|[silent]\n|\n|-heal|p2a: Ting-Lu|179/370|[from] item: Leftovers\n|upkeep\n|turn|4\n|\n|t:|1733834481\n|switch|p2a: Sylveon|Sylveon, L85, M|300/300\n|move|p1a: Slowking|Scald|p2a: Sylveon\n|-damage|p2a: Sylveon|236/300\n|\n|-heal|p2a: Sylveon|254/300|[from] item: Leftovers\n|-end|p1a: Slowking|Throat Chop|[silent]\n|upkeep\n|turn|5\n|\n|t:|1733834488\n|move|p1a: Slowking|Chilly Reception|p1a: Slowking\n|-weather|Snow\n|\n|t:|1733834496\n|switch|p1a: Muk|Muk, L86, F|321/321|[from] Chilly Reception\n|-damage|p1a: Muk|281/321|[from] Stealth Rock\n|move|p2a: Sylveon|Calm Mind|p2a: Sylveon\n|-boost|p2a: Sylveon|spa|1\n|-boost|p2a: Sylveon|spd|1\n|\n|-weather|Snow|[upkeep]\n|-heal|p1a: Muk|301/321|[from] item: Leftovers\n|-heal|p2a: Sylveon|272/300|[from] item: Leftovers\n|upkeep\n|turn|6\n|\n|t:|1733834503\n|move|p2a: Sylveon|Protect|p2a: Sylveon\n|-singleturn|p2a: Sylveon|Protect\n|move|p1a: Muk|Toxic Spikes|p2a: Sylveon\n|-sidestart|p2: gamin'extreme|move: Toxic Spikes\n|\n|-weather|Snow|[upkeep]\n|-heal|p1a: Muk|321/321|[from] item: Leftovers\n|-heal|p2a: Sylveon|290/300|[from] item: Leftovers\n|upkeep\n|turn|7\n|\n|t:|1733834508\n|-terastallize|p2a: Sylveon|Steel\n|move|p1a: Muk|Toxic Spikes|p2a: Sylveon\n|-sidestart|p2: gamin'extreme|move: Toxic Spikes\n|move|p2a: Sylveon|Calm Mind|p2a: Sylveon\n|-boost|p2a: Sylveon|spa|1\n|-boost|p2a: Sylveon|spd|1\n|\n|-weather|Snow|[upkeep]\n|-heal|p2a: Sylveon|300/300|[from] item: Leftovers\n|upkeep\n|turn|8\n|\n|t:|1733834514\n|move|p2a: Sylveon|Protect|p2a: Sylveon\n|-singleturn|p2a: Sylveon|Protect\n|move|p1a: Muk|Drain Punch|p2a: Sylveon\n|-activate|p2a: Sylveon|move: Protect\n|\n|-weather|Snow|[upkeep]\n|upkeep\n|turn|9\n|\n|t:|1733834520\n|move|p1a: Muk|Knock Off|p2a: Sylveon\n|-damage|p2a: Sylveon|204/300\n|-enditem|p2a: Sylveon|Leftovers|[from] move: Knock Off|[of] p1a: Muk\n|move|p2a: Sylveon|Wish|p2a: Sylveon\n|\n|-weather|none\n|upkeep\n|turn|10\n|\n|t:|1733834527\n|move|p1a: Muk|Drain Punch|p2a: Sylveon\n|-supereffective|p2a: Sylveon\n|-damage|p2a: Sylveon|54/300\n|move|p2a: Sylveon|Hyper Voice|p1a: Muk\n|-resisted|p1a: Muk\n|-damage|p1a: Muk|195/321\n|\n|-heal|p2a: Sylveon|204/300|[from] move: Wish|[wisher] Sylveon\n|-heal|p1a: Muk|215/321|[from] item: Leftovers\n|upkeep\n|turn|11\n|inactive|gamin'extreme has 120 seconds left.\n|\n|t:|1733834559\n|switch|p2a: Suicune|Suicune, L82|298/298\n|-status|p2a: Suicune|tox\n|-ability|p2a: Suicune|Pressure\n|move|p1a: Muk|Drain Punch|p2a: Suicune\n|-damage|p2a: Suicune|250/298 tox\n|-heal|p1a: Muk|239/321|[from] drain|[of] p2a: Suicune\n|\n|-heal|p1a: Muk|259/321|[from] item: Leftovers\n|-heal|p2a: Suicune|268/298 tox|[from] item: Leftovers\n|-damage|p2a: Suicune|250/298 tox|[from] psn\n|upkeep\n|turn|12\n|\n|t:|1733834568\n|move|p1a: Muk|Gunk Shot|p2a: Suicune\n|-damage|p2a: Suicune|132/298 tox\n|move|p2a: Suicune|Calm Mind|p2a: Suicune\n|-boost|p2a: Suicune|spa|1\n|-boost|p2a: Suicune|spd|1\n|\n|-heal|p1a: Muk|279/321|[from] item: Leftovers\n|-heal|p2a: Suicune|150/298 tox|[from] item: Leftovers\n|-damage|p2a: Suicune|114/298 tox|[from] psn\n|upkeep\n|turn|13\n|\n|t:|1733834572\n|move|p1a: Muk|Gunk Shot|p2a: Suicune\n|-damage|p2a: Suicune|0 fnt\n|faint|p2a: Suicune\n|\n|-heal|p1a: Muk|299/321|[from] item: Leftovers\n|upkeep\n|\n|t:|1733834577\n|switch|p2a: Ting-Lu|Ting-Lu, L78|179/370\n|-status|p2a: Ting-Lu|tox\n|-ability|p2a: Ting-Lu|Vessel of Ruin\n|turn|14\n|\n|t:|1733834581\n|move|p2a: Ting-Lu|Earthquake|p1a: Muk\n|-supereffective|p1a: Muk\n|-damage|p1a: Muk|87/321\n|move|p1a: Muk|Drain Punch|p2a: Ting-Lu\n|-supereffective|p2a: Ting-Lu\n|-damage|p2a: Ting-Lu|87/370 tox\n|-heal|p1a: Muk|133/321|[from] drain|[of] p2a: Ting-Lu\n|\n|-heal|p2a: Ting-Lu|110/370 tox|[from] item: Leftovers\n|-heal|p1a: Muk|153/321|[from] item: Leftovers\n|-damage|p2a: Ting-Lu|87/370 tox|[from] psn\n|upkeep\n|turn|15\n|\n|t:|1733834589\n|switch|p1a: Dragonite|Dragonite, L74, F|257/257\n|move|p2a: Ting-Lu|Earthquake|p1a: Dragonite\n|-immune|p1a: Dragonite\n|\n|-heal|p2a: Ting-Lu|110/370 tox|[from] item: Leftovers\n|-damage|p2a: Ting-Lu|64/370 tox|[from] psn\n|upkeep\n|turn|16\n|\n|t:|1733834601\n|switch|p2a: Sylveon|Sylveon, L85, M, tera:Steel|204/300\n|move|p1a: Dragonite|Roost||[still]\n|-fail|p1a: Dragonite|heal\n|\n|upkeep\n|turn|17\n|\n|t:|1733834607\n|switch|p2a: Ting-Lu|Ting-Lu, L78|64/370 tox\n|-ability|p2a: Ting-Lu|Vessel of Ruin\n|move|p1a: Dragonite|Earthquake|p2a: Ting-Lu\n|-damage|p2a: Ting-Lu|5/370 tox\n|\n|-heal|p2a: Ting-Lu|28/370 tox|[from] item: Leftovers\n|-damage|p2a: Ting-Lu|5/370 tox|[from] psn\n|upkeep\n|turn|18\n|\n|t:|1733834612\n|switch|p2a: Sylveon|Sylveon, L85, M, tera:Steel|204/300\n|move|p1a: Dragonite|Roost||[still]\n|-fail|p1a: Dragonite|heal\n|\n|upkeep\n|turn|19\n|\n|t:|1733834614\n|move|p2a: Sylveon|Hyper Voice|p1a: Dragonite\n|-supereffective|p1a: Dragonite\n|-damage|p1a: Dragonite|113/257\n|move|p1a: Dragonite|Earthquake|p2a: Sylveon\n|-supereffective|p2a: Sylveon\n|-damage|p2a: Sylveon|32/300\n|\n|upkeep\n|turn|20\n|\n|t:|1733834621\n|switch|p1a: Luvdisc|Luvdisc, F|186/247\n|move|p2a: Sylveon|Wish|p2a: Sylveon\n|\n|upkeep\n|turn|21\n|\n|t:|1733834633\n|move|p2a: Sylveon|Protect|p2a: Sylveon\n|-singleturn|p2a: Sylveon|Protect\n|move|p1a: Luvdisc|Substitute|p1a: Luvdisc\n|-start|p1a: Luvdisc|Substitute\n|-damage|p1a: Luvdisc|125/247\n|\n|-heal|p2a: Sylveon|182/300|[from] move: Wish|[wisher] Sylveon\n|upkeep\n|turn|22\n|\n|t:|1733834639\n|move|p2a: Sylveon|Hyper Voice|p1a: Luvdisc\n|-damage|p1a: Luvdisc|0 fnt\n|faint|p1a: Luvdisc\n|\n|upkeep\n|\n|t:|1733834641\n|switch|p1a: Muk|Muk, L86, F|153/321\n|-damage|p1a: Muk|113/321|[from] Stealth Rock\n|turn|23\n|\n|t:|1733834646\n|move|p1a: Muk|Drain Punch|p2a: Sylveon\n|-supereffective|p2a: Sylveon\n|-damage|p2a: Sylveon|30/300\n|-heal|p1a: Muk|189/321|[from] drain|[of] p2a: Sylveon\n|move|p2a: Sylveon|Wish|p2a: Sylveon\n|\n|-heal|p1a: Muk|209/321|[from] item: Leftovers\n|upkeep\n|turn|24\n|\n|t:|1733834655\n|move|p1a: Muk|Drain Punch|p2a: Sylveon\n|-supereffective|p2a: Sylveon\n|-damage|p2a: Sylveon|0 fnt\n|-heal|p1a: Muk|224/321|[from] drain|[of] p2a: Sylveon\n|faint|p2a: Sylveon\n|\n|-heal|p1a: Muk|244/321|[from] item: Leftovers\n|upkeep\n|\n|t:|1733834664\n|switch|p2a: Dunsparce|Dunsparce, L86, F|312/312\n|-status|p2a: Dunsparce|tox\n|turn|25\n|\n|t:|1733834671\n|move|p2a: Dunsparce|Coil|p2a: Dunsparce\n|-boost|p2a: Dunsparce|atk|1\n|-boost|p2a: Dunsparce|def|1\n|-boost|p2a: Dunsparce|accuracy|1\n|move|p1a: Muk|Knock Off|p2a: Dunsparce\n|-damage|p2a: Dunsparce|273/312 tox\n|-enditem|p2a: Dunsparce|Eviolite|[from] move: Knock Off|[of] p1a: Muk\n|\n|-heal|p1a: Muk|264/321|[from] item: Leftovers\n|-damage|p2a: Dunsparce|254/312 tox|[from] psn\n|upkeep\n|turn|26\n|\n|t:|1733834680\n|move|p2a: Dunsparce|Earthquake|p1a: Muk\n|-supereffective|p1a: Muk\n|-damage|p1a: Muk|68/321\n|move|p1a: Muk|Drain Punch|p2a: Dunsparce\n|-supereffective|p2a: Dunsparce\n|-damage|p2a: Dunsparce|166/312 tox\n|-heal|p1a: Muk|112/321|[from] drain|[of] p2a: Dunsparce\n|\n|-heal|p1a: Muk|132/321|[from] item: Leftovers\n|-damage|p2a: Dunsparce|128/312 tox|[from] psn\n|upkeep\n|turn|27\n|\n|t:|1733834686\n|switch|p1a: Dragonite|Dragonite, L74, F|113/257\n|move|p2a: Dunsparce|Earthquake|p1a: Dragonite\n|-immune|p1a: Dragonite\n|\n|-damage|p2a: Dunsparce|71/312 tox|[from] psn\n|upkeep\n|turn|28\n|\n|t:|1733834689\n|move|p2a: Dunsparce|Roost|p2a: Dunsparce\n|-heal|p2a: Dunsparce|227/312 tox\n|-singleturn|p2a: Dunsparce|move: Roost\n|move|p1a: Dragonite|Roost|p1a: Dragonite\n|-heal|p1a: Dragonite|242/257\n|-singleturn|p1a: Dragonite|move: Roost\n|\n|-damage|p2a: Dunsparce|151/312 tox|[from] psn\n|upkeep\n|turn|29\n|\n|t:|1733834693\n|move|p2a: Dunsparce|Roost|p2a: Dunsparce\n|-heal|p2a: Dunsparce|307/312 tox\n|-singleturn|p2a: Dunsparce|move: Roost\n|move|p1a: Dragonite|Earthquake|p2a: Dunsparce\n|-damage|p2a: Dunsparce|256/312 tox\n|\n|-damage|p2a: Dunsparce|161/312 tox|[from] psn\n|upkeep\n|turn|30\n|\n|t:|1733834699\n|move|p2a: Dunsparce|Body Slam|p1a: Dragonite\n|-damage|p1a: Dragonite|118/257\n|-status|p1a: Dragonite|par\n|move|p1a: Dragonite|Earthquake|p2a: Dunsparce\n|-damage|p2a: Dunsparce|104/312 tox\n|\n|-damage|p2a: Dunsparce|0 fnt|[from] psn\n|faint|p2a: Dunsparce\n|upkeep\n|\n|t:|1733834717\n|switch|p2a: Tauros|Tauros, L82, M|257/257\n|-status|p2a: Tauros|tox\n|turn|31\n|\n|t:|1733834725\n|move|p1a: Dragonite|Outrage|p2a: Tauros\n|-damage|p2a: Tauros|134/257 tox\n|move|p2a: Tauros|Body Slam|p1a: Dragonite\n|-damage|p1a: Dragonite|0 fnt\n|faint|p1a: Dragonite\n|\n|-damage|p2a: Tauros|118/257 tox|[from] psn\n|upkeep\n|\n|t:|1733834731\n|switch|p1a: Dudunsparce|Dudunsparce, L83, F|343/343\n|-damage|p1a: Dudunsparce|301/343|[from] Stealth Rock\n|turn|32\n|\n|t:|1733834734\n|move|p1a: Dudunsparce|Headbutt|p2a: Tauros\n|-damage|p2a: Tauros|51/257 tox\n|cant|p2a: Tauros|flinch\n|\n|-heal|p1a: Dudunsparce|322/343|[from] item: Leftovers\n|-damage|p2a: Tauros|19/257 tox|[from] psn\n|upkeep\n|turn|33\n|\n|t:|1733834740\n|move|p1a: Dudunsparce|Headbutt|p2a: Tauros\n|-damage|p2a: Tauros|0 fnt\n|faint|p2a: Tauros\n|\n|-heal|p1a: Dudunsparce|343/343|[from] item: Leftovers\n|upkeep\n|\n|t:|1733834746\n|switch|p2a: Ting-Lu|Ting-Lu, L78|5/370 tox\n|-ability|p2a: Ting-Lu|Vessel of Ruin\n|turn|34\n|\n|t:|1733834751\n|move|p1a: Dudunsparce|Headbutt|p2a: Ting-Lu\n|-damage|p2a: Ting-Lu|0 fnt\n|faint|p2a: Ting-Lu\n|\n|upkeep\n|\n|t:|1733834754\n|switch|p2a: Necrozma|Necrozma, L80|286/286\n|-status|p2a: Necrozma|tox\n|turn|35\n|c|\u2606gamin'extreme|ggwp\n|\n|t:|1733834763\n|move|p1a: Dudunsparce|Headbutt|p2a: Necrozma\n|-damage|p2a: Necrozma|219/286 tox\n|cant|p2a: Necrozma|flinch\n|\n|-heal|p2a: Necrozma|236/286 tox|[from] item: Leftovers\n|-damage|p2a: Necrozma|219/286 tox|[from] psn\n|upkeep\n|turn|36\n|c|\u2606mark_of_chaos|gg\n|\n|t:|1733834768\n|move|p1a: Dudunsparce|Headbutt|p2a: Necrozma\n|-damage|p2a: Necrozma|153/286 tox\n|cant|p2a: Necrozma|flinch\n|\n|-heal|p2a: Necrozma|170/286 tox|[from] item: Leftovers\n|-damage|p2a: Necrozma|136/286 tox|[from] psn\n|upkeep\n|turn|37\n|\n|t:|1733834771\n|move|p1a: Dudunsparce|Headbutt|p2a: Necrozma\n|-damage|p2a: Necrozma|60/286 tox\n|move|p2a: Necrozma|Moonlight|p2a: Necrozma\n|-heal|p2a: Necrozma|203/286 tox\n|\n|-heal|p2a: Necrozma|220/286 tox|[from] item: Leftovers\n|-damage|p2a: Necrozma|169/286 tox|[from] psn\n|upkeep\n|turn|38\n|\n|t:|1733834774\n|move|p1a: Dudunsparce|Headbutt|p2a: Necrozma\n|-damage|p2a: Necrozma|103/286 tox\n|cant|p2a: Necrozma|flinch\n|\n|-heal|p2a: Necrozma|120/286 tox|[from] item: Leftovers\n|-damage|p2a: Necrozma|52/286 tox|[from] psn\n|upkeep\n|turn|39\n|\n|t:|1733834777\n|move|p1a: Dudunsparce|Headbutt|p2a: Necrozma\n|-damage|p2a: Necrozma|0 fnt\n|faint|p2a: Necrozma\n|\n|win|mark_of_chaos\n|n|\u2606mark_of_chaos|markofchaos\n|n|\u2606gamin'extreme|gaminextreme\n", "inputlog": ">version bfd83cad13791eb5a5a409923076391caf6fb4d4\n>start {\"formatid\":\"gen9randombattle@@@Twisted Dimension Mod\",\"seed\":[6414,35021,1812,62689],\"rated\":\"Tournament battle\"}\n>player p1 {\"name\":\"mark_of_chaos\",\"avatar\":\"101\",\"rating\":0,\"seed\":[22808,53723,16410,46176]}\n>player p2 {\"name\":\"gamin'extreme\",\"avatar\":\"barry\",\"rating\":0,\"seed\":[45385,51109,42430,44931]}\n>chat \u2606gamin'extreme|glhf\n>p1 move whirlpool\n>p2 move stealthrock\n>p1 move substitute\n>p2 move whirlwind\n>p1 move scald\n>p2 move throatchop\n>p1 move scald\n>p2 switch 3\n>p1 move chillyreception\n>p2 move calmmind\n>p1 switch 6\n>p1 move toxicspikes\n>p2 move protect\n>p1 move toxicspikes\n>p2 move calmmind terastallize\n>p1 move drainpunch\n>p2 move protect\n>p1 move knockoff\n>p2 move wish\n>p1 move drainpunch\n>p2 move hypervoice\n>p1 move drainpunch\n>p2 switch 5\n>p1 move gunkshot\n>p2 move calmmind\n>p1 move gunkshot\n>p2 move rest\n>p2 switch 3\n>p1 move drainpunch\n>p2 move earthquake\n>p1 switch 2\n>p2 move earthquake\n>p1 move roost\n>p2 switch 5\n>p1 move earthquake\n>p2 switch 5\n>p1 move roost\n>p2 switch 5\n>p1 move earthquake\n>p2 move hypervoice\n>p1 switch 4\n>p2 move wish\n>p1 move substitute\n>p2 move protect\n>p1 move endeavor\n>p2 move hypervoice\n>p1 switch 2\n>p1 move drainpunch\n>p2 move wish\n>p1 move drainpunch\n>p2 move hypervoice\n>p2 switch 2\n>p1 move knockoff\n>p2 move coil\n>p1 move drainpunch\n>p2 move earthquake\n>p1 switch 4\n>p2 move earthquake\n>p1 move roost\n>p2 move roost\n>p1 move earthquake\n>p2 move roost\n>p1 move earthquake\n>p2 move bodyslam\n>p2 switch 4\n>p1 move outrage\n>p2 move bodyslam\n>p1 switch 3\n>p1 move headbutt\n>p2 move closecombat\n>p1 move headbutt\n>p2 move closecombat\n>p2 switch 5\n>p1 move headbutt\n>p2 move whirlwind\n>p2 switch 6\n>chat \u2606gamin'extreme|ggwp\n>p1 move headbutt\n>p2 move photongeyser\n>chat \u2606mark_of_chaos|gg\n>p1 move headbutt\n>p2 move photongeyser\n>p1 move headbutt\n>p2 move moonlight\n>p1 move headbutt\n>p2 move photongeyser\n>p1 move headbutt\n>p2 move moonlight", "uploadtime": 1733834777, "views": 1, "formatid": "gen9randombattle", "rating": null, "private": 0, "password": null}