{"id": "gen9randombattle-2260668941", "format": "[Gen 9] Random Battle", "players": ["SkillAndPatience", "Savitar389"], "log": "|j|\u2606SkillAndPatience\n|j|\u2606Savitar389\n|t:|1733876164\n|gametype|singles\n|player|p1|SkillAndPatience|bugcatcher-gen4dp|1237\n|player|p2|Savitar389|n|1276\n|teamsize|p1|6\n|teamsize|p2|6\n|gen|9\n|tier|[Gen 9] Random Battle\n|rated|\n|rule|Species Clause: Limit one of each Pok\u00e9mon\n|rule|HP Percentage Mod: HP is shown in percentages\n|rule|Sleep Clause Mod: Limit one foe put to sleep\n|rule|Illusion Level Mod: Illusion disguises the Pok\u00e9mon's true level\n|\n|t:|1733876164\n|start\n|switch|p1a: Sneasler|Sneasler, L74, F|240/240\n|switch|p2a: Grumpig|Grumpig, L92, F|297/297\n|turn|1\n|inactive|Battle timer is ON: inactive players will automatically lose when time's up. (requested by SkillAndPatience)\n|c|\u2606SkillAndPatience|GLHF man\n|\n|t:|1733876181\n|switch|p1a: Sinistcha|Sinistcha, L83|254/254\n|move|p2a: Grumpig|Psyshock|p1a: Sinistcha\n|-damage|p1a: Sinistcha|169/254\n|\n|-heal|p1a: Sinistcha|184/254|[from] item: Leftovers\n|upkeep\n|turn|2\n|c|\u2606Savitar389|ty u 2\n|\n|t:|1733876207\n|move|p2a: Grumpig|Nasty Plot|p2a: Grumpig\n|-boost|p2a: Grumpig|spa|2\n|move|p1a: Sinistcha|Calm Mind|p1a: Sinistcha\n|-boost|p1a: Sinistcha|spa|1\n|-boost|p1a: Sinistcha|spd|1\n|\n|-heal|p1a: Sinistcha|199/254|[from] item: Leftovers\n|upkeep\n|turn|3\n|\n|t:|1733876212\n|-terastallize|p1a: Sinistcha|Steel\n|move|p2a: Grumpig|Psyshock|p1a: Sinistcha\n|-resisted|p1a: Sinistcha\n|-damage|p1a: Sinistcha|121/254\n|move|p1a: Sinistcha|Shadow Ball|p2a: Grumpig\n|-supereffective|p2a: Grumpig\n|-damage|p2a: Grumpig|51/297\n|\n|-heal|p2a: Grumpig|69/297|[from] item: Leftovers\n|-heal|p1a: Sinistcha|136/254|[from] item: Leftovers\n|upkeep\n|turn|4\n|\n|t:|1733876217\n|move|p2a: Grumpig|Earth Power|p1a: Sinistcha\n|-supereffective|p1a: Sinistcha\n|-damage|p1a: Sinistcha|0 fnt\n|faint|p1a: Sinistcha\n|\n|-heal|p2a: Grumpig|87/297|[from] item: Leftovers\n|upkeep\n|\n|t:|1733876226\n|switch|p1a: Feraligatr|Feraligatr, L79, M|264/264\n|turn|5\n|\n|t:|1733876232\n|move|p2a: Grumpig|Psyshock|p1a: Feraligatr\n|-damage|p1a: Feraligatr|78/264\n|move|p1a: Feraligatr|Crunch|p2a: Grumpig\n|-supereffective|p2a: Grumpig\n|-damage|p2a: Grumpig|0 fnt\n|faint|p2a: Grumpig\n|\n|upkeep\n|\n|t:|1733876244\n|switch|p2a: Mienshao|Mienshao, L83, M|244/244\n|turn|6\n|\n|t:|1733876255\n|move|p2a: Mienshao|Fake Out|p1a: Feraligatr\n|-damage|p1a: Feraligatr|43/264\n|cant|p1a: Feraligatr|flinch\n|\n|upkeep\n|turn|7\n|\n|t:|1733876259\n|move|p2a: Mienshao|Knock Off|p1a: Feraligatr\n|-damage|p1a: Feraligatr|0 fnt\n|-enditem|p1a: Feraligatr|Life Orb|[from] move: Knock Off|[of] p2a: Mienshao\n|faint|p1a: Feraligatr\n|\n|upkeep\n|\n|t:|1733876263\n|switch|p1a: Sneasler|Sneasler, L74, F|240/240\n|turn|8\n|\n|t:|1733876270\n|move|p2a: Mienshao|Knock Off|p1a: Sneasler\n|-resisted|p1a: Sneasler\n|-damage|p1a: Sneasler|181/240\n|-enditem|p1a: Sneasler|White Herb|[from] move: Knock Off|[of] p2a: Mienshao\n|move|p1a: Sneasler|Swords Dance|p1a: Sneasler\n|-boost|p1a: Sneasler|atk|2\n|\n|upkeep\n|turn|9\n|\n|t:|1733876280\n|move|p1a: Sneasler|Acrobatics|p2a: Mienshao\n|-supereffective|p2a: Mienshao\n|-damage|p2a: Mienshao|0 fnt\n|faint|p2a: Mienshao\n|\n|upkeep\n|c|\u2606SkillAndPatience|oh boy\n|\n|t:|1733876291\n|switch|p2a: Archaludon|Archaludon, L78, F|268/268\n|turn|10\n|\n|t:|1733876295\n|move|p1a: Sneasler|Close Combat|p2a: Archaludon\n|-supereffective|p2a: Archaludon\n|-damage|p2a: Archaludon|0 fnt\n|-unboost|p1a: Sneasler|def|1\n|-unboost|p1a: Sneasler|spd|1\n|faint|p2a: Archaludon\n|\n|upkeep\n|\n|t:|1733876303\n|switch|p2a: Dusknoir|Dusknoir, L89, M|225/225\n|turn|11\n|\n|t:|1733876308\n|move|p1a: Sneasler|Acrobatics|p2a: Dusknoir\n|-damage|p2a: Dusknoir|130/225\n|move|p2a: Dusknoir|Poltergeist||[still]\n|-fail|p2a: Dusknoir\n|\n|-heal|p2a: Dusknoir|144/225|[from] item: Leftovers\n|upkeep\n|turn|12\n|\n|t:|1733876317\n|-singleturn|p2a: Dusknoir|move: Focus Punch\n|move|p1a: Sneasler|Gunk Shot|p2a: Dusknoir\n|-resisted|p2a: Dusknoir\n|-damage|p2a: Dusknoir|60/225\n|-status|p2a: Dusknoir|psn\n|cant|p2a: Dusknoir|Focus Punch|Focus Punch\n|\n|-heal|p2a: Dusknoir|74/225 psn|[from] item: Leftovers\n|-damage|p2a: Dusknoir|46/225 psn|[from] psn\n|upkeep\n|turn|13\n|\n|t:|1733876326\n|move|p1a: Sneasler|Acrobatics|p2a: Dusknoir\n|-damage|p2a: Dusknoir|0 fnt\n|faint|p2a: Dusknoir\n|\n|upkeep\n|c|\u2606Savitar389|ggwp\n|-message|Savitar389 forfeited.\n|\n|win|SkillAndPatience\n|raw|SkillAndPatience's rating: 1237 &rarr; <strong>1265</strong><br />(+28 for winning)\n|raw|Savitar389's rating: 1276 &rarr; <strong>1248</strong><br />(-28 for losing)\n|l|\u2606Savitar389\n|player|p2|\n|c|\u2606SkillAndPatience|damn\n|l|\u2606SkillAndPatience\n|player|p1|\n|j|\u2606SkillAndPatience\n|player|p1|SkillAndPatience|bugcatcher-gen4dp|\n", "inputlog": ">version bfd83cad13791eb5a5a409923076391caf6fb4d4\n>start {\"formatid\":\"gen9randombattle\",\"seed\":[17015,8219,5203,2082],\"rated\":\"Rated battle\"}\n>player p1 {\"name\":\"SkillAndPatience\",\"avatar\":\"bugcatcher-gen4dp\",\"rating\":1237,\"seed\":[41223,11661,9884,40654]}\n>player p2 {\"name\":\"Savitar389\",\"avatar\":\"n\",\"rating\":1276,\"seed\":[61461,27331,1073,64404]}\n>chat \u2606SkillAndPatience|GLHF man\n>p1 switch 3\n>p2 move psyshock\n>chat \u2606Savitar389|ty u 2\n>p1 move calmmind\n>p2 move nastyplot\n>p1 move shadowball terastallize\n>p2 move psyshock\n>p1 move matchagotcha\n>p2 move earthpower\n>p1 switch 6\n>p1 move crunch\n>p2 move psyshock\n>p2 switch 6\n>p1 move liquidation\n>p2 move fakeout\n>p1 move liquidation\n>p2 move knockoff\n>p1 switch 3\n>p1 move swordsdance\n>p2 move knockoff\n>p1 move acrobatics\n>p2 move closecombat\n>chat \u2606SkillAndPatience|oh boy\n>p2 switch 2\n>p1 move closecombat\n>p2 move dracometeor\n>p2 switch 5\n>p1 move acrobatics\n>p2 move poltergeist\n>p1 move gunkshot\n>p2 move focuspunch\n>p1 move acrobatics\n>p2 move painsplit\n>chat \u2606Savitar389|ggwp\n>forcelose p2", "uploadtime": 1733876385, "views": 2, "formatid": "gen9randombattle", "rating": 1248, "private": 0, "password": null}