{"id": "gen9randombattle-2112871618", "format": "[Gen 9] Random Battle", "players": ["BernArt", "Piyush21"], "log": "|badge|p2|silver|gen9randombattle|30-1\n|html|<div class=\"broadcast-red\"><strong>This battle is required to be public due to one or more player having a season medal.</strong><br />During the public phase, you can discuss the state of the ladder <a href=\"/seasondiscussion\">in a special chatroom.</a></div>\n|uhtml|medal-msg|<div class=\"broadcast-blue\">Curious what those medals under the avatar are? PS now has Ladder Seasons! For more information, check out the <a href=\"https://www.smogon.com/forums/threads/3740067/\">thread on Smogon.</a></div>\n|raw|<div class=\"broadcast-blue\"><strong>This battle is required to be public due to a player having a name starting with 'medal'.</div>\n|j|\u2606BernArt\n|j|\u2606Piyush21\n|t:|1714244694\n|gametype|singles\n|player|p1|BernArt|burglar|2248\n|player|p2|Piyush21|#ouplviivaliants|2442\n|teamsize|p1|6\n|teamsize|p2|6\n|gen|9\n|tier|[Gen 9] Random Battle\n|rated|\n|rule|Species Clause: Limit one of each Pok\u00e9mon\n|rule|HP Percentage Mod: HP is shown in percentages\n|rule|Sleep Clause Mod: Limit one foe put to sleep\n|rule|Illusion Level Mod: Illusion disguises the Pok\u00e9mon's true level\n|\n|t:|1714244694\n|start\n|switch|p1a: Talonflame|Talonflame, L84, M|268/268\n|switch|p2a: Ariados|Ariados, L94, M|283/283\n|turn|1\n|inactive|Battle timer is ON: inactive players will automatically lose when time's up. (requested by Piyush21)\n|inactive|BernArt also wants the timer to be on.\n|\n|t:|1714244705\n|move|p1a: Talonflame|Overheat|p2a: Ariados\n|-supereffective|p2a: Ariados\n|-damage|p2a: Ariados|59/283\n|-unboost|p1a: Talonflame|spa|2\n|move|p2a: Ariados|Sticky Web|p1a: Talonflame\n|-sidestart|p1: BernArt|move: Sticky Web\n|\n|upkeep\n|turn|2\n|\n|t:|1714244711\n|switch|p2a: Plusle|Plusle, L94, M|265/265\n|move|p1a: Talonflame|Brave Bird|p2a: Plusle\n|-resisted|p2a: Plusle\n|-damage|p2a: Plusle|177/265\n|-damage|p1a: Talonflame|239/268|[from] Recoil\n|\n|upkeep\n|turn|3\n|\n|t:|1714244724\n|switch|p1a: Wo-Chien|Wo-Chien, L83|277/277\n|-activate|p1a: Wo-Chien|move: Sticky Web\n|-unboost|p1a: Wo-Chien|spe|1\n|-ability|p1a: Wo-Chien|Tablets of Ruin\n|move|p2a: Plusle|Nasty Plot|p2a: Plusle\n|-boost|p2a: Plusle|spa|2\n|\n|upkeep\n|turn|4\n|\n|t:|1714244729\n|move|p2a: Plusle|Nasty Plot|p2a: Plusle\n|-boost|p2a: Plusle|spa|2\n|move|p1a: Wo-Chien|Leech Seed|p2a: Plusle\n|-start|p2a: Plusle|move: Leech Seed\n|\n|-damage|p2a: Plusle|144/265|[from] Leech Seed|[of] p1a: Wo-Chien\n|upkeep\n|turn|5\n|\n|t:|1714244734\n|move|p1a: Wo-Chien|Protect|p1a: Wo-Chien\n|-singleturn|p1a: Wo-Chien|Protect\n|move|p2a: Plusle|Thunderbolt|p1a: Wo-Chien\n|-activate|p1a: Wo-Chien|move: Protect\n|\n|-damage|p2a: Plusle|111/265|[from] Leech Seed|[of] p1a: Wo-Chien\n|upkeep\n|turn|6\n|\n|t:|1714244746\n|switch|p1a: Seviper|Seviper, L93, M|287/287\n|-activate|p1a: Seviper|move: Sticky Web\n|-unboost|p1a: Seviper|spe|1\n|move|p2a: Plusle|Thunderbolt|p1a: Seviper\n|-damage|p1a: Seviper|0 fnt\n|faint|p1a: Seviper\n|-damage|p2a: Plusle|85/265|[from] item: Life Orb\n|\n|upkeep\n|\n|t:|1714244753\n|switch|p1a: Wo-Chien|Wo-Chien, L83|277/277\n|-activate|p1a: Wo-Chien|move: Sticky Web\n|-unboost|p1a: Wo-Chien|spe|1\n|-ability|p1a: Wo-Chien|Tablets of Ruin\n|turn|7\n|\n|t:|1714244761\n|move|p2a: Plusle|Thunderbolt|p1a: Wo-Chien\n|-resisted|p1a: Wo-Chien\n|-damage|p1a: Wo-Chien|122/277\n|-damage|p2a: Plusle|59/265|[from] item: Life Orb\n|move|p1a: Wo-Chien|Giga Drain|p2a: Plusle\n|-damage|p2a: Plusle|0 fnt\n|-heal|p1a: Wo-Chien|152/277|[from] drain|[of] p2a: Plusle\n|faint|p2a: Plusle\n|\n|-heal|p1a: Wo-Chien|169/277|[from] item: Leftovers\n|upkeep\n|\n|t:|1714244770\n|switch|p2a: Ariados|Ariados, L94, M|59/283\n|turn|8\n|\n|t:|1714244786\n|switch|p1a: Zebstrika|Zebstrika, L88, F|275/275\n|-activate|p1a: Zebstrika|move: Sticky Web\n|-unboost|p1a: Zebstrika|spe|1\n|move|p2a: Ariados|Poison Jab|p1a: Zebstrika\n|-damage|p1a: Zebstrika|164/275\n|\n|upkeep\n|turn|9\n|\n|t:|1714244792\n|switch|p2a: Thundurus|Thundurus-Therian, L80, M|258/258\n|move|p1a: Zebstrika|Volt Switch|p2a: Thundurus\n|-immune|p2a: Thundurus|[from] ability: Volt Absorb\n|\n|upkeep\n|turn|10\n|\n|t:|1714244800\n|move|p2a: Thundurus|Nasty Plot|p2a: Thundurus\n|-boost|p2a: Thundurus|spa|2\n|move|p1a: Zebstrika|Overheat|p2a: Thundurus|[miss]\n|-miss|p1a: Zebstrika|p2a: Thundurus\n|\n|upkeep\n|turn|11\n|\n|t:|1714244810\n|move|p2a: Thundurus|Tera Blast|p1a: Zebstrika\n|-damage|p1a: Zebstrika|0 fnt\n|faint|p1a: Zebstrika\n|\n|upkeep\n|inactive|BernArt has 120 seconds left.\n|\n|t:|1714244845\n|switch|p1a: Virizion|Virizion, L82|283/283\n|-activate|p1a: Virizion|move: Sticky Web\n|-unboost|p1a: Virizion|spe|1\n|turn|12\n|\n|t:|1714244867\n|-terastallize|p2a: Thundurus|Flying\n|-terastallize|p1a: Virizion|Rock\n|move|p2a: Thundurus|Tera Blast|p1a: Virizion|[anim] Tera Blast Flying\n|-resisted|p1a: Virizion\n|-damage|p1a: Virizion|175/283\n|move|p1a: Virizion|Stone Edge|p2a: Thundurus\n|-supereffective|p2a: Thundurus\n|-damage|p2a: Thundurus|0 fnt\n|faint|p2a: Thundurus\n|-damage|p1a: Virizion|147/283|[from] item: Life Orb\n|\n|upkeep\n|\n|t:|1714244881\n|switch|p2a: Mew|Mew, L82|298/298\n|turn|13\n|\n|t:|1714244889\n|switch|p1a: Wo-Chien|Wo-Chien, L83|169/277\n|-activate|p1a: Wo-Chien|move: Sticky Web\n|-unboost|p1a: Wo-Chien|spe|1\n|-ability|p1a: Wo-Chien|Tablets of Ruin\n|move|p2a: Mew|Toxic Spikes|p1a: Wo-Chien\n|-sidestart|p1: BernArt|move: Toxic Spikes\n|\n|-heal|p1a: Wo-Chien|186/277|[from] item: Leftovers\n|upkeep\n|turn|14\n|\n|t:|1714244908\n|move|p2a: Mew|U-turn|p1a: Wo-Chien\n|-supereffective|p1a: Wo-Chien\n|-damage|p1a: Wo-Chien|62/277\n|\n|t:|1714244910\n|switch|p2a: Ariados|Ariados, L94, M|59/283|[from] U-turn\n|move|p1a: Wo-Chien|Knock Off|p2a: Ariados\n|-damage|p2a: Ariados|0 fnt\n|-enditem|p2a: Ariados|Focus Sash|[from] move: Knock Off|[of] p1a: Wo-Chien\n|faint|p2a: Ariados\n|\n|-heal|p1a: Wo-Chien|79/277|[from] item: Leftovers\n|upkeep\n|\n|t:|1714244911\n|switch|p2a: Iron Bundle|Iron Bundle, L77|213/213\n|turn|15\n|\n|t:|1714244922\n|move|p2a: Iron Bundle|Ice Beam|p1a: Wo-Chien\n|-supereffective|p1a: Wo-Chien\n|-damage|p1a: Wo-Chien|0 fnt\n|faint|p1a: Wo-Chien\n|\n|upkeep\n|\n|t:|1714244937\n|switch|p1a: Mabosstiff|Mabosstiff, L85, F|275/275\n|-activate|p1a: Mabosstiff|move: Sticky Web\n|-unboost|p1a: Mabosstiff|spe|1\n|-status|p1a: Mabosstiff|psn\n|turn|16\n|\n|t:|1714244949\n|move|p2a: Iron Bundle|Hydro Pump|p1a: Mabosstiff\n|-damage|p1a: Mabosstiff|142/275 psn\n|move|p1a: Mabosstiff|Wild Charge|p2a: Iron Bundle\n|-supereffective|p2a: Iron Bundle\n|-damage|p2a: Iron Bundle|11/213\n|-damage|p1a: Mabosstiff|91/275 psn|[from] Recoil\n|\n|-damage|p1a: Mabosstiff|57/275 psn|[from] psn\n|upkeep\n|turn|17\n|\n|t:|1714244956\n|move|p2a: Iron Bundle|Ice Beam|p1a: Mabosstiff\n|-damage|p1a: Mabosstiff|0 fnt\n|faint|p1a: Mabosstiff\n|\n|upkeep\n|\n|t:|1714244959\n|switch|p1a: Talonflame|Talonflame, L84, M|239/268\n|turn|18\n|\n|t:|1714244963\n|move|p1a: Talonflame|Brave Bird|p2a: Iron Bundle\n|-damage|p2a: Iron Bundle|0 fnt\n|faint|p2a: Iron Bundle\n|-end|p2a: Iron Bundle|Quark Drive|[silent]\n|-damage|p1a: Talonflame|235/268|[from] Recoil\n|\n|upkeep\n|\n|t:|1714244966\n|switch|p2a: Mew|Mew, L82|298/298\n|turn|19\n|\n|t:|1714244974\n|move|p1a: Talonflame|Brave Bird|p2a: Mew\n|-damage|p2a: Mew|199/298\n|-damage|p1a: Talonflame|202/268|[from] Recoil\n|move|p2a: Mew|Psychic|p1a: Talonflame\n|-damage|p1a: Talonflame|97/268\n|\n|-heal|p2a: Mew|217/298|[from] item: Leftovers\n|upkeep\n|turn|20\n|\n|t:|1714244977\n|move|p1a: Talonflame|Roost|p1a: Talonflame\n|-heal|p1a: Talonflame|231/268\n|-singleturn|p1a: Talonflame|move: Roost\n|move|p2a: Mew|Psychic|p1a: Talonflame\n|-damage|p1a: Talonflame|126/268\n|\n|-heal|p2a: Mew|235/298|[from] item: Leftovers\n|upkeep\n|turn|21\n|\n|t:|1714244980\n|move|p1a: Talonflame|Roost|p1a: Talonflame\n|-heal|p1a: Talonflame|260/268\n|-singleturn|p1a: Talonflame|move: Roost\n|move|p2a: Mew|Psychic|p1a: Talonflame\n|-damage|p1a: Talonflame|152/268\n|\n|-heal|p2a: Mew|253/298|[from] item: Leftovers\n|upkeep\n|turn|22\n|\n|t:|1714244983\n|move|p1a: Talonflame|Overheat|p2a: Mew\n|-damage|p2a: Mew|144/298\n|-unboost|p1a: Talonflame|spa|2\n|move|p2a: Mew|Psychic|p1a: Talonflame\n|-damage|p1a: Talonflame|38/268\n|\n|-heal|p2a: Mew|162/298|[from] item: Leftovers\n|upkeep\n|turn|23\n|\n|t:|1714244987\n|move|p1a: Talonflame|Roost|p1a: Talonflame\n|-heal|p1a: Talonflame|172/268\n|-singleturn|p1a: Talonflame|move: Roost\n|move|p2a: Mew|Psychic|p1a: Talonflame\n|-damage|p1a: Talonflame|63/268\n|\n|-heal|p2a: Mew|180/298|[from] item: Leftovers\n|upkeep\n|turn|24\n|\n|t:|1714244997\n|move|p1a: Talonflame|Roost|p1a: Talonflame\n|-heal|p1a: Talonflame|197/268\n|-singleturn|p1a: Talonflame|move: Roost\n|move|p2a: Mew|Psychic|p1a: Talonflame\n|-damage|p1a: Talonflame|77/268\n|\n|-heal|p2a: Mew|198/298|[from] item: Leftovers\n|upkeep\n|turn|25\n|\n|t:|1714245001\n|move|p1a: Talonflame|Roost|p1a: Talonflame\n|-heal|p1a: Talonflame|211/268\n|-singleturn|p1a: Talonflame|move: Roost\n|move|p2a: Mew|Psychic|p1a: Talonflame\n|-damage|p1a: Talonflame|106/268\n|\n|-heal|p2a: Mew|216/298|[from] item: Leftovers\n|upkeep\n|turn|26\n|\n|t:|1714245005\n|move|p1a: Talonflame|Roost|p1a: Talonflame\n|-heal|p1a: Talonflame|240/268\n|-singleturn|p1a: Talonflame|move: Roost\n|move|p2a: Mew|Psychic|p1a: Talonflame\n|-damage|p1a: Talonflame|126/268\n|\n|-heal|p2a: Mew|234/298|[from] item: Leftovers\n|upkeep\n|turn|27\n|\n|t:|1714245012\n|move|p1a: Talonflame|Brave Bird|p2a: Mew\n|-damage|p2a: Mew|132/298\n|-damage|p1a: Talonflame|92/268|[from] Recoil\n|move|p2a: Mew|Psychic|p1a: Talonflame\n|-damage|p1a: Talonflame|0 fnt\n|faint|p1a: Talonflame\n|\n|-heal|p2a: Mew|150/298|[from] item: Leftovers\n|upkeep\n|\n|t:|1714245014\n|switch|p1a: Virizion|Virizion, L82, tera:Rock|147/283\n|-activate|p1a: Virizion|move: Sticky Web\n|-unboost|p1a: Virizion|spe|1\n|-status|p1a: Virizion|psn\n|turn|28\n|\n|t:|1714245018\n|move|p2a: Mew|Psychic|p1a: Virizion\n|-damage|p1a: Virizion|74/283 psn\n|move|p1a: Virizion|Stone Edge|p2a: Mew\n|-damage|p2a: Mew|37/298\n|-damage|p1a: Virizion|46/283 psn|[from] item: Life Orb\n|\n|-heal|p2a: Mew|55/298|[from] item: Leftovers\n|-damage|p1a: Virizion|11/283 psn|[from] psn\n|upkeep\n|turn|29\n|\n|t:|1714245021\n|move|p2a: Mew|Knock Off|p1a: Virizion\n|-damage|p1a: Virizion|0 fnt\n|-enditem|p1a: Virizion|Life Orb|[from] move: Knock Off|[of] p2a: Mew\n|faint|p1a: Virizion\n|\n|win|Piyush21\n|raw|BernArt's rating: 2248 &rarr; <strong>2238</strong><br />(-10 for losing)\n|raw|Piyush21's rating: 2442 &rarr; <strong>2452</strong><br />(+10 for winning)\n|l|\u2606BernArt\n|player|p1|\n|l|\u2606Piyush21\n|player|p2|\n", "inputlog": ">version 56c3b69fcd3b113ffc796eb8c36c032ea017d75b\n>start {\"formatid\":\"gen9randombattle\",\"seed\":[50917,24859,28301,45577],\"rated\":\"Rated battle\"}\n>player p1 {\"name\":\"BernArt\",\"avatar\":\"burglar\",\"rating\":2248,\"seed\":[7804,31572,29184,6488]}\n>player p2 {\"name\":\"Piyush21\",\"avatar\":\"#ouplviivaliants\",\"rating\":2442,\"seed\":[38110,34399,53854,3671]}\n>p1 move overheat\n>p2 move stickyweb\n>p1 move bravebird\n>p2 switch 3\n>p1 switch 2\n>p2 move nastyplot\n>p1 move leechseed\n>p2 move nastyplot\n>p1 move protect\n>p2 move thunderbolt\n>p1 switch 5\n>p2 move thunderbolt\n>p1 switch 5\n>p1 move gigadrain\n>p2 move thunderbolt\n>p2 switch 3\n>p1 switch 4\n>p2 move poisonjab\n>p1 move voltswitch\n>p2 switch 4\n>p1 move overheat\n>p2 move nastyplot\n>p1 move overheat\n>p2 move terablast\n>p1 switch 3\n>p1 move stoneedge terastallize\n>p2 move terablast terastallize\n>p2 switch 2\n>p1 switch 4\n>p2 move toxicspikes\n>p1 move knockoff\n>p2 move uturn\n>p2 switch 4\n>p2 switch 5\n>p1 move gigadrain\n>p2 move icebeam\n>p1 switch 6\n>p1 move wildcharge\n>p2 move hydropump\n>p1 move wildcharge\n>p2 move icebeam\n>p1 switch 2\n>p1 move bravebird\n>p2 move hydropump\n>p2 switch 4\n>p1 move bravebird\n>p2 move psychic\n>p1 move roost\n>p2 move psychic\n>p1 move roost\n>p2 move psychic\n>p1 move overheat\n>p2 move psychic\n>p1 move roost\n>p2 move psychic\n>p1 move roost\n>p2 move psychic\n>p1 move roost\n>p2 move psychic\n>p1 move roost\n>p2 move psychic\n>p1 move bravebird\n>p2 move psychic\n>p1 switch 4\n>p1 move stoneedge\n>p2 move psychic\n>p1 move leafblade\n>p2 move knockoff", "uploadtime": 1714245327, "views": 243, "formatid": "gen9randombattle", "rating": 2238, "private": 0, "password": null}