{"id": "gen9randombattle-2133323981", "format": "[Gen 9] Random Battle", "players": ["LizarDune", "eldin"], "log": "|badge|p2|bronze|gen9randombattle|100-1\n|uhtml|medal-msg|<div class=\"broadcast-blue\">Curious what those medals under the avatar are? PS now has Ladder Seasons! For more information, check out the <a href=\"https://www.smogon.com/forums/threads/3740067/\">thread on Smogon.</a></div>\n|j|\u2606LizarDune\n|j|\u2606eldin\n|t:|1717044576\n|gametype|singles\n|player|p1|LizarDune|musician|2188\n|player|p2|eldin|170|2370\n|teamsize|p1|6\n|teamsize|p2|6\n|gen|9\n|tier|[Gen 9] Random Battle\n|rated|\n|rule|Species Clause: Limit one of each Pok\u00e9mon\n|rule|HP Percentage Mod: HP is shown in percentages\n|rule|Sleep Clause Mod: Limit one foe put to sleep\n|rule|Illusion Level Mod: Illusion disguises the Pok\u00e9mon's true level\n|\n|t:|1717044576\n|start\n|switch|p1a: Phione|Phione, L90|290/290\n|switch|p2a: Cryogonal|Cryogonal, L89|287/287\n|turn|1\n|inactive|Battle timer is ON: inactive players will automatically lose when time's up. (requested by LizarDune)\n|\n|t:|1717044600\n|switch|p1a: Infernape|Infernape, L82, F|259/259\n|move|p2a: Cryogonal|Freeze-Dry|p1a: Infernape\n|-resisted|p1a: Infernape\n|-damage|p1a: Infernape|214/259\n|\n|upkeep\n|turn|2\n|\n|t:|1717044616\n|switch|p2a: Rhydon|Rhydon, L85, M|317/317\n|move|p1a: Infernape|Swords Dance|p1a: Infernape\n|-boost|p1a: Infernape|atk|2\n|\n|upkeep\n|turn|3\n|inactive|eldin has 120 seconds left.\n|\n|t:|1717044656\n|switch|p2a: Dedenne|Dedenne, L88, F|261/261\n|move|p1a: Infernape|Close Combat|p2a: Dedenne\n|-resisted|p2a: Dedenne\n|-damage|p2a: Dedenne|34/261\n|-unboost|p1a: Infernape|def|1\n|-unboost|p1a: Infernape|spd|1\n|-enditem|p2a: Dedenne|Sitrus Berry|[eat]\n|-heal|p2a: Dedenne|99/261|[from] item: Sitrus Berry\n|-heal|p2a: Dedenne|186/261|[from] ability: Cheek Pouch\n|-damage|p1a: Infernape|189/259|[from] item: Life Orb\n|\n|upkeep\n|turn|4\n|inactive|LizarDune has 120 seconds left.\n|\n|t:|1717044693\n|switch|p1a: Alcremie|Alcremie-Mint-Cream, L90, F|263/263\n|move|p2a: Dedenne|Nuzzle|p1a: Alcremie\n|-damage|p1a: Alcremie|245/263\n|-status|p1a: Alcremie|par\n|\n|-heal|p1a: Alcremie|261/263 par|[from] item: Leftovers\n|upkeep\n|turn|5\n|\n|t:|1717044708\n|move|p2a: Dedenne|Super Fang|p1a: Alcremie|[miss]\n|-miss|p2a: Dedenne|p1a: Alcremie\n|move|p1a: Alcremie|Alluring Voice|p2a: Dedenne\n|-damage|p2a: Dedenne|62/261\n|\n|-heal|p1a: Alcremie|263/263 par|[from] item: Leftovers\n|upkeep\n|turn|6\n|\n|t:|1717044712\n|move|p2a: Dedenne|Super Fang|p1a: Alcremie\n|-damage|p1a: Alcremie|132/263 par\n|cant|p1a: Alcremie|par\n|\n|-heal|p1a: Alcremie|148/263 par|[from] item: Leftovers\n|upkeep\n|turn|7\n|inactive|LizarDune has 120 seconds left.\n|\n|t:|1717044718\n|switch|p2a: Grumpig|Grumpig, L92, F|297/297\n|move|p1a: Alcremie|Recover|p1a: Alcremie\n|-heal|p1a: Alcremie|263/263 par\n|\n|upkeep\n|turn|8\n|inactive|LizarDune has 120 seconds left.\n|\n|t:|1717044733\n|move|p2a: Grumpig|Nasty Plot|p2a: Grumpig\n|-boost|p2a: Grumpig|spa|2\n|move|p1a: Alcremie|Alluring Voice|p2a: Grumpig\n|-damage|p2a: Grumpig|209/297\n|-start|p2a: Grumpig|confusion\n|\n|-heal|p2a: Grumpig|227/297|[from] item: Leftovers\n|upkeep\n|turn|9\n|inactive|LizarDune has 120 seconds left.\n|\n|t:|1717044755\n|-activate|p2a: Grumpig|confusion\n|-damage|p2a: Grumpig|211/297|[from] confusion\n|move|p1a: Alcremie|Alluring Voice|p2a: Grumpig\n|-damage|p2a: Grumpig|130/297\n|\n|-heal|p2a: Grumpig|148/297|[from] item: Leftovers\n|upkeep\n|turn|10\n|\n|t:|1717044760\n|-activate|p2a: Grumpig|confusion\n|move|p2a: Grumpig|Psyshock|p1a: Alcremie\n|-damage|p1a: Alcremie|61/263 par\n|move|p1a: Alcremie|Alluring Voice|p2a: Grumpig\n|-damage|p2a: Grumpig|57/297\n|\n|-heal|p2a: Grumpig|75/297|[from] item: Leftovers\n|-heal|p1a: Alcremie|77/263 par|[from] item: Leftovers\n|upkeep\n|turn|11\n|\n|t:|1717044768\n|-activate|p2a: Grumpig|confusion\n|move|p2a: Grumpig|Psyshock|p1a: Alcremie\n|-damage|p1a: Alcremie|0 fnt\n|faint|p1a: Alcremie\n|\n|-heal|p2a: Grumpig|93/297|[from] item: Leftovers\n|upkeep\n|\n|t:|1717044792\n|switch|p1a: Delibird|Delibird, F|252/252\n|turn|12\n|\n|t:|1717044803\n|move|p1a: Delibird|Brave Bird|p2a: Grumpig|[miss]\n|-miss|p1a: Delibird|p2a: Grumpig\n|-activate|p2a: Grumpig|confusion\n|move|p2a: Grumpig|Psyshock|p1a: Delibird\n|-damage|p1a: Delibird|0 fnt\n|faint|p1a: Delibird\n|\n|-heal|p2a: Grumpig|111/297|[from] item: Leftovers\n|upkeep\n|\n|t:|1717044808\n|switch|p1a: Infernape|Infernape, L82, F|189/259\n|turn|13\n|\n|t:|1717044819\n|switch|p2a: Dedenne|Dedenne, L88, F|62/261\n|move|p1a: Infernape|Knock Off|p2a: Dedenne\n|-resisted|p2a: Dedenne\n|-damage|p2a: Dedenne|27/261\n|-damage|p1a: Infernape|164/259|[from] item: Life Orb\n|\n|upkeep\n|turn|14\n|inactive|LizarDune has 120 seconds left.\n|\n|t:|1717044838\n|switch|p1a: Mesprit|Mesprit, L85|275/275\n|move|p2a: Dedenne|Nuzzle|p1a: Mesprit\n|-damage|p1a: Mesprit|260/275\n|-status|p1a: Mesprit|par\n|\n|upkeep\n|turn|15\n|inactive|LizarDune has 120 seconds left.\n|\n|t:|1717044859\n|move|p2a: Dedenne|Super Fang|p1a: Mesprit|[miss]\n|-miss|p2a: Dedenne|p1a: Mesprit\n|move|p1a: Mesprit|Dazzling Gleam|p2a: Dedenne\n|-damage|p2a: Dedenne|0 fnt\n|faint|p2a: Dedenne\n|-damage|p1a: Mesprit|233/275 par|[from] item: Life Orb\n|\n|upkeep\n|inactive|eldin has 120 seconds left.\n|\n|t:|1717044893\n|switch|p2a: Sunflora|Sunflora, M|312/312\n|turn|16\n|inactive|LizarDune has 120 seconds left.\n|\n|t:|1717044908\n|switch|p1a: Phione|Phione, L90|290/290\n|move|p2a: Sunflora|Leaf Storm|p1a: Phione|[miss]\n|-miss|p2a: Sunflora|p1a: Phione\n|\n|upkeep\n|turn|17\n|inactive|LizarDune has 120 seconds left.\n|\n|t:|1717044927\n|switch|p1a: Flapple|Flapple, L88, M|266/266\n|move|p2a: Sunflora|Leaf Storm|p1a: Flapple|[miss]\n|-miss|p2a: Sunflora|p1a: Flapple\n|\n|upkeep\n|turn|18\n|\n|t:|1717044941\n|switch|p2a: Grumpig|Grumpig, L92, F|111/297\n|move|p1a: Flapple|Dragon Dance|p1a: Flapple\n|-boost|p1a: Flapple|atk|1\n|-boost|p1a: Flapple|spe|1\n|\n|-heal|p2a: Grumpig|129/297|[from] item: Leftovers\n|upkeep\n|turn|19\n|\n|t:|1717044946\n|move|p1a: Flapple|Grav Apple|p2a: Grumpig|[miss]\n|-miss|p1a: Flapple|p2a: Grumpig\n|move|p2a: Grumpig|Dazzling Gleam|p1a: Flapple\n|-supereffective|p1a: Flapple\n|-damage|p1a: Flapple|104/266\n|\n|-heal|p2a: Grumpig|147/297|[from] item: Leftovers\n|upkeep\n|turn|20\n|\n|t:|1717044952\n|move|p1a: Flapple|Grav Apple|p2a: Grumpig\n|-damage|p2a: Grumpig|0 fnt\n|faint|p2a: Grumpig\n|\n|upkeep\n|\n|t:|1717044958\n|switch|p2a: Cryogonal|Cryogonal, L89|287/287\n|turn|21\n|\n|t:|1717044971\n|-terastallize|p1a: Flapple|Fire\n|-terastallize|p2a: Cryogonal|Steel\n|move|p1a: Flapple|Tera Blast|p2a: Cryogonal|[anim] Tera Blast Fire\n|-supereffective|p2a: Cryogonal\n|-damage|p2a: Cryogonal|0 fnt\n|faint|p2a: Cryogonal\n|\n|upkeep\n|\n|t:|1717044976\n|switch|p2a: Palkia|Palkia, L75|259/259\n|-ability|p2a: Palkia|Pressure\n|turn|22\n|\n|t:|1717044987\n|move|p1a: Flapple|Outrage|p2a: Palkia\n|-supereffective|p2a: Palkia\n|-damage|p2a: Palkia|0 fnt\n|faint|p2a: Palkia\n|\n|upkeep\n|-message|eldin forfeited.\n|\n|win|LizarDune\n|raw|LizarDune's rating: 2188 &rarr; <strong>2218</strong><br />(+30 for winning)\n|raw|eldin's rating: 2370 &rarr; <strong>2340</strong><br />(-30 for losing)\n|l|\u2606eldin\n|player|p2|\n", "inputlog": ">version 82ceab39522df80d6289bc3fb83a311a02ed08de\n>start {\"formatid\":\"gen9randombattle\",\"seed\":[19975,35795,29666,21865],\"rated\":\"Rated battle\"}\n>player p1 {\"name\":\"LizarDune\",\"avatar\":\"musician\",\"rating\":2188,\"seed\":[24191,15231,23223,49671]}\n>player p2 {\"name\":\"eldin\",\"avatar\":\"170\",\"rating\":2370,\"seed\":[61259,52775,23108,6627]}\n>p1 switch 5\n>p2 move freezedry\n>p1 move swordsdance\n>p2 switch 6\n>p1 move closecombat\n>p2 switch 5\n>p1 switch 6\n>p2 move nuzzle\n>p1 move alluringvoice\n>p2 move superfang\n>p1 move alluringvoice\n>p2 move superfang\n>p1 move recover\n>p2 switch 2\n>p1 move alluringvoice\n>p2 move nastyplot\n>p1 move alluringvoice\n>p2 move psyshock\n>p1 move alluringvoice\n>p2 move psyshock\n>p1 move alluringvoice\n>p2 move psyshock\n>p1 switch 2\n>p1 move bravebird\n>p2 move psyshock\n>p1 switch 6\n>p1 move knockoff\n>p2 switch 2\n>p1 switch 4\n>p2 move nuzzle\n>p1 move dazzlinggleam\n>p2 move superfang\n>p2 switch 4\n>p1 switch 5\n>p2 move leafstorm\n>p1 switch 3\n>p2 move leafstorm\n>p1 move dragondance\n>p2 switch 2\n>p1 move gravapple\n>p2 move dazzlinggleam\n>p1 move gravapple\n>p2 move dazzlinggleam\n>p2 switch 6\n>p1 move terablast terastallize\n>p2 move freezedry terastallize\n>p2 switch 3\n>p1 move outrage\n>p2 move spacialrend\n>forcelose p2", "uploadtime": 1717045005, "views": 185, "formatid": "gen9randombattle", "rating": 2218, "private": 0, "password": null}