{"id": "gen9randombattle-2260812098", "format": "[Gen 9] Random Battle", "players": ["ashpueblopaleta13", "RoboWahbit"], "log": "|j|\u2606ashpueblopaleta13\n|j|\u2606RoboWahbit\n|t:|1733896415\n|gametype|singles\n|player|p1|ashpueblopaleta13|265|1097\n|player|p2|RoboWahbit|101|1113\n|teamsize|p1|6\n|teamsize|p2|6\n|gen|9\n|tier|[Gen 9] Random Battle\n|rated|\n|rule|Species Clause: Limit one of each Pok\u00e9mon\n|rule|HP Percentage Mod: HP is shown in percentages\n|rule|Sleep Clause Mod: Limit one foe put to sleep\n|rule|Illusion Level Mod: Illusion disguises the Pok\u00e9mon's true level\n|\n|t:|1733896415\n|start\n|switch|p1a: Mienshao|Mienshao, L83, M|244/244\n|switch|p2a: Grafaiai|Grafaiai, L86, F|249/249\n|turn|1\n|c|\u2606RoboWahbit|hf\n|inactive|Battle timer is ON: inactive players will automatically lose when time's up. (requested by RoboWahbit)\n|\n|t:|1733896437\n|move|p2a: Grafaiai|Gunk Shot|p1a: Mienshao\n|-damage|p1a: Mienshao|72/244\n|move|p1a: Mienshao|Close Combat|p2a: Grafaiai\n|-damage|p2a: Grafaiai|60/249\n|-unboost|p1a: Mienshao|def|1\n|-unboost|p1a: Mienshao|spd|1\n|\n|upkeep\n|turn|2\n|\n|t:|1733896446\n|move|p1a: Mienshao|Fake Out||[still]\n|-hint|Fake Out only works on your first turn out.\n|-fail|p1a: Mienshao\n|move|p2a: Grafaiai|Gunk Shot|p1a: Mienshao|[miss]\n|-miss|p2a: Grafaiai|p1a: Mienshao\n|\n|upkeep\n|turn|3\n|\n|t:|1733896455\n|move|p1a: Mienshao|Fake Out||[still]\n|-hint|Fake Out only works on your first turn out.\n|-fail|p1a: Mienshao\n|move|p2a: Grafaiai|Gunk Shot|p1a: Mienshao\n|-damage|p1a: Mienshao|0 fnt\n|faint|p1a: Mienshao\n|\n|upkeep\n|\n|t:|1733896464\n|switch|p1a: Tauros|Tauros-Paldea-Combat, L82, M|257/257\n|-ability|p1a: Tauros|Intimidate|boost\n|-unboost|p2a: Grafaiai|atk|1\n|turn|4\n|\n|t:|1733896480\n|switch|p2a: Munkidori|Munkidori, L79, M|269/269\n|move|p1a: Tauros|Throat Chop|p2a: Munkidori\n|-supereffective|p2a: Munkidori\n|-damage|p2a: Munkidori|31/269\n|-start|p2a: Munkidori|Throat Chop|[silent]\n|\n|upkeep\n|turn|5\n|j| BIGOLBAPPIES\n|\n|t:|1733896487\n|move|p2a: Munkidori|Sludge Wave|p1a: Tauros\n|-damage|p1a: Tauros|128/257\n|move|p1a: Tauros|Throat Chop|p2a: Munkidori\n|-supereffective|p2a: Munkidori\n|-damage|p2a: Munkidori|0 fnt\n|faint|p2a: Munkidori\n|\n|upkeep\n|\n|t:|1733896487\n|switch|p2a: Lumineon|Lumineon, L93, F|279/279\n|turn|6\n|\n|t:|1733896500\n|move|p2a: Lumineon|Alluring Voice|p1a: Tauros\n|-supereffective|p1a: Tauros\n|-damage|p1a: Tauros|0 fnt\n|faint|p1a: Tauros\n|\n|upkeep\n|\n|t:|1733896510\n|switch|p1a: Vikavolt|Vikavolt, L83, M|263/263\n|turn|7\n|\n|t:|1733896516\n|switch|p2a: Decidueye|Decidueye, L88, F|281/281\n|move|p1a: Vikavolt|Energy Ball|p2a: Decidueye\n|-resisted|p2a: Decidueye\n|-damage|p2a: Decidueye|241/281\n|\n|upkeep\n|turn|8\n|\n|t:|1733896532\n|switch|p1a: Avalugg|Avalugg-Hisui, L90, F|317/317\n|move|p2a: Decidueye|Spirit Shackle|p1a: Avalugg\n|-damage|p1a: Avalugg|260/317\n|-activate|p1a: Avalugg|trapped\n|\n|upkeep\n|turn|9\n|\n|t:|1733896539\n|move|p2a: Decidueye|Spirit Shackle|p1a: Avalugg\n|-damage|p1a: Avalugg|212/317\n|move|p1a: Avalugg|Avalanche|p2a: Decidueye\n|-supereffective|p2a: Decidueye\n|-damage|p2a: Decidueye|0 fnt\n|faint|p2a: Decidueye\n|\n|upkeep\n|\n|t:|1733896539\n|switch|p2a: Lumineon|Lumineon, L93, F|279/279\n|turn|10\n|\n|t:|1733896558\n|move|p2a: Lumineon|Hydro Pump|p1a: Avalugg\n|-supereffective|p1a: Avalugg\n|-damage|p1a: Avalugg|0 fnt\n|faint|p1a: Avalugg\n|\n|upkeep\n|\n|t:|1733896563\n|switch|p1a: Vikavolt|Vikavolt, L83, M|263/263\n|turn|11\n|\n|t:|1733896567\n|move|p2a: Lumineon|Hydro Pump|p1a: Vikavolt|[miss]\n|-miss|p2a: Lumineon|p1a: Vikavolt\n|move|p1a: Vikavolt|Discharge|p2a: Lumineon\n|-supereffective|p2a: Lumineon\n|-damage|p2a: Lumineon|73/279\n|-status|p2a: Lumineon|par\n|\n|upkeep\n|turn|12\n|\n|t:|1733896575\n|move|p1a: Vikavolt|Discharge|p2a: Lumineon\n|-supereffective|p2a: Lumineon\n|-damage|p2a: Lumineon|0 fnt\n|faint|p2a: Lumineon\n|\n|upkeep\n|\n|t:|1733896576\n|switch|p2a: Grafaiai|Grafaiai, L86, F|60/249\n|turn|13\n|\n|t:|1733896587\n|move|p2a: Grafaiai|Gunk Shot|p1a: Vikavolt|[miss]\n|-miss|p2a: Grafaiai|p1a: Vikavolt\n|move|p1a: Vikavolt|Energy Ball|p2a: Grafaiai\n|-resisted|p2a: Grafaiai\n|-damage|p2a: Grafaiai|26/249\n|\n|upkeep\n|turn|14\n|\n|t:|1733896597\n|move|p2a: Grafaiai|Gunk Shot|p1a: Vikavolt\n|-damage|p1a: Vikavolt|122/263\n|-status|p1a: Vikavolt|psn\n|move|p1a: Vikavolt|Discharge|p2a: Grafaiai\n|-damage|p2a: Grafaiai|0 fnt\n|faint|p2a: Grafaiai\n|\n|-damage|p1a: Vikavolt|90/263 psn|[from] psn\n|upkeep\n|\n|t:|1733896597\n|switch|p2a: Chimecho|Chimecho, L93, M|290/290\n|turn|15\n|\n|t:|1733896613\n|move|p2a: Chimecho|Psyshock|p1a: Vikavolt\n|-damage|p1a: Vikavolt|0 fnt\n|faint|p1a: Vikavolt\n|\n|upkeep\n|\n|t:|1733896620\n|switch|p1a: Enamorus|Enamorus-Therian, L83, F|259/259\n|turn|16\n|\n|t:|1733896637\n|move|p2a: Chimecho|Calm Mind|p2a: Chimecho\n|-boost|p2a: Chimecho|spa|1\n|-boost|p2a: Chimecho|spd|1\n|move|p1a: Enamorus|Agility|p1a: Enamorus\n|-boost|p1a: Enamorus|spe|2\n|\n|upkeep\n|turn|17\n|\n|t:|1733896647\n|move|p1a: Enamorus|Moonblast|p2a: Chimecho\n|-damage|p2a: Chimecho|217/290\n|move|p2a: Chimecho|Psyshock|p1a: Enamorus\n|-damage|p1a: Enamorus|132/259\n|\n|-heal|p2a: Chimecho|235/290|[from] item: Leftovers\n|upkeep\n|turn|18\n|\n|t:|1733896655\n|move|p1a: Enamorus|Superpower|p2a: Chimecho\n|-resisted|p2a: Chimecho\n|-damage|p2a: Chimecho|191/290\n|-unboost|p1a: Enamorus|atk|1\n|-unboost|p1a: Enamorus|def|1\n|move|p2a: Chimecho|Psyshock|p1a: Enamorus\n|-damage|p1a: Enamorus|0 fnt\n|faint|p1a: Enamorus\n|\n|-heal|p2a: Chimecho|209/290|[from] item: Leftovers\n|upkeep\n|\n|t:|1733896663\n|switch|p1a: Scream Tail|Scream Tail, L84|330/330\n|turn|19\n|\n|t:|1733896677\n|move|p1a: Scream Tail|Protect|p1a: Scream Tail\n|-singleturn|p1a: Scream Tail|Protect\n|move|p2a: Chimecho|Calm Mind|p2a: Chimecho\n|-boost|p2a: Chimecho|spa|1\n|-boost|p2a: Chimecho|spd|1\n|\n|-heal|p2a: Chimecho|227/290|[from] item: Leftovers\n|upkeep\n|turn|20\n|\n|t:|1733896688\n|-terastallize|p1a: Scream Tail|Poison\n|move|p1a: Scream Tail|Encore|p2a: Chimecho\n|-start|p2a: Chimecho|Encore\n|move|p2a: Chimecho|Calm Mind|p2a: Chimecho\n|-boost|p2a: Chimecho|spa|1\n|-boost|p2a: Chimecho|spd|1\n|\n|-heal|p2a: Chimecho|245/290|[from] item: Leftovers\n|upkeep\n|turn|21\n|\n|t:|1733896694\n|move|p1a: Scream Tail|Protect|p1a: Scream Tail\n|-singleturn|p1a: Scream Tail|Protect\n|move|p2a: Chimecho|Calm Mind|p2a: Chimecho\n|-boost|p2a: Chimecho|spa|1\n|-boost|p2a: Chimecho|spd|1\n|\n|-heal|p2a: Chimecho|263/290|[from] item: Leftovers\n|upkeep\n|turn|22\n|\n|t:|1733896696\n|move|p1a: Scream Tail|Play Rough|p2a: Chimecho\n|-damage|p2a: Chimecho|194/290\n|move|p2a: Chimecho|Calm Mind|p2a: Chimecho\n|-boost|p2a: Chimecho|spa|1\n|-boost|p2a: Chimecho|spd|1\n|\n|-heal|p2a: Chimecho|212/290|[from] item: Leftovers\n|-end|p2a: Chimecho|Encore\n|upkeep\n|turn|23\n|\n|t:|1733896703\n|move|p1a: Scream Tail|Play Rough|p2a: Chimecho\n|-crit|p2a: Chimecho\n|-damage|p2a: Chimecho|104/290\n|move|p2a: Chimecho|Psyshock|p1a: Scream Tail\n|-supereffective|p1a: Scream Tail\n|-damage|p1a: Scream Tail|0 fnt\n|faint|p1a: Scream Tail\n|-end|p1a: Scream Tail|Protosynthesis|[silent]\n|\n|win|RoboWahbit\n|raw|ashpueblopaleta13's rating: 1097 &rarr; <strong>1074</strong><br />(-23 for losing)\n|raw|RoboWahbit's rating: 1113 &rarr; <strong>1137</strong><br />(+24 for winning)\n|c|\u2606RoboWahbit|gg\n", "inputlog": ">version bfd83cad13791eb5a5a409923076391caf6fb4d4\n>start {\"formatid\":\"gen9randombattle\",\"seed\":[65035,31956,28891,18321],\"rated\":\"Rated battle\"}\n>player p1 {\"name\":\"ashpueblopaleta13\",\"avatar\":\"265\",\"rating\":1097,\"seed\":[62830,37675,32636,18981]}\n>player p2 {\"name\":\"RoboWahbit\",\"avatar\":\"101\",\"rating\":1113,\"seed\":[689,20742,43552,45819]}\n>chat \u2606RoboWahbit|hf\n>p1 move closecombat\n>p2 move gunkshot\n>p1 move fakeout\n>p2 move gunkshot\n>p1 move fakeout\n>p2 move gunkshot\n>p1 switch 2\n>p1 move throatchop\n>p2 switch 4\n>p1 move throatchop\n>p2 move sludgewave\n>p2 switch 5\n>p1 move throatchop\n>p2 move alluringvoice\n>p1 switch 5\n>p1 move energyball\n>p2 switch 3\n>p1 switch 6\n>p2 move spiritshackle\n>p1 move avalanche\n>p2 move spiritshackle\n>p2 switch 3\n>p1 move recover\n>p2 move hydropump\n>p1 switch 6\n>p1 move discharge\n>p2 move hydropump\n>p1 move discharge\n>p2 move hydropump\n>p2 switch 4\n>p1 move energyball\n>p2 move gunkshot\n>p1 move discharge\n>p2 move gunkshot\n>p2 switch 2\n>p1 move energyball\n>p2 move psyshock\n>p1 switch 4\n>p1 move agility\n>p2 move calmmind\n>p1 move moonblast\n>p2 move psyshock\n>p1 move superpower\n>p2 move psyshock\n>p1 switch 3\n>p1 move protect\n>p2 move calmmind\n>p1 move encore terastallize\n>p2 move dazzlinggleam\n>p1 move protect\n>p2 move calmmind\n>p1 move playrough\n>p2 move calmmind\n>p1 move playrough\n>p2 move psyshock", "uploadtime": 1733896704, "views": 1, "formatid": "gen9randombattle", "rating": 1074, "private": 0, "password": null}