{"id": "gen9randombattle-2201846558", "format": "[Gen 9] Random Battle", "players": ["RBLT HB28", "RBLT chiefbeef1234"], "log": "|j|\u2606RBLT HB28\n|j|\u2606RBLT chiefbeef1234\n|t:|1726363423\n|gametype|singles\n|player|p1|RBLT HB28|#rbtt7teamhoopa|2261\n|player|p2|RBLT chiefbeef1234|shadowtriad|2249\n|teamsize|p1|6\n|teamsize|p2|6\n|gen|9\n|tier|[Gen 9] Random Battle\n|rated|\n|rule|Species Clause: Limit one of each Pok\u00e9mon\n|rule|HP Percentage Mod: HP is shown in percentages\n|rule|Sleep Clause Mod: Limit one foe put to sleep\n|rule|Illusion Level Mod: Illusion disguises the Pok\u00e9mon's true level\n|\n|t:|1726363423\n|start\n|switch|p1a: Feraligatr|Feraligatr, L79, F|264/264\n|switch|p2a: Mew|Mew, L82|298/298\n|turn|1\n|inactive|Battle timer is ON: inactive players will automatically lose when time's up. (requested by RBLT chiefbeef1234)\n|inactive|RBLT HB28 also wants the timer to be on.\n|\n|t:|1726363441\n|switch|p1a: Cinderace|Cinderace, L77, F|249/249\n|move|p2a: Mew|Will-O-Wisp|p1a: Cinderace\n|-immune|p1a: Cinderace\n|\n|upkeep\n|turn|2\n|\n|t:|1726363467\n|switch|p1a: Noivern|Noivern, L82, F|274/274\n|switch|p2a: Talonflame|Talonflame, L84, F|268/268\n|\n|upkeep\n|turn|3\n|inactive|RBLT HB28 has 120 seconds left.\n|\n|t:|1726363486\n|switch|p2a: Tentacruel|Tentacruel, L84, M|272/272\n|move|p1a: Noivern|Boomburst|p2a: Tentacruel\n|-damage|p2a: Tentacruel|198/272\n|\n|upkeep\n|turn|4\n|inactive|RBLT HB28 has 120 seconds left.\n|j| Revival Tour\n|inactive|RBLT HB28 has 90 seconds left.\n|\n|t:|1726363530\n|switch|p1a: Reuniclus|Reuniclus, L88, F|337/337\n|move|p2a: Tentacruel|Knock Off|p1a: Reuniclus\n|-supereffective|p1a: Reuniclus\n|-damage|p1a: Reuniclus|221/337\n|-enditem|p1a: Reuniclus|Life Orb|[from] move: Knock Off|[of] p2a: Tentacruel\n|\n|upkeep\n|turn|5\n|inactive|RBLT HB28 has 90 seconds left.\n|\n|t:|1726363541\n|switch|p2a: Mew|Mew, L82|298/298\n|switch|p1a: Chien-Pao|Chien-Pao, L72|234/234\n|-ability|p1a: Chien-Pao|Sword of Ruin\n|\n|upkeep\n|turn|6\n|\n|t:|1726363553\n|switch|p1a: Cinderace|Cinderace, L77, F|249/249\n|move|p2a: Mew|Will-O-Wisp|p1a: Cinderace\n|-immune|p1a: Cinderace\n|\n|upkeep\n|turn|7\n|\n|t:|1726363563\n|switch|p1a: Noivern|Noivern, L82, F|274/274\n|switch|p2a: Talonflame|Talonflame, L84, F|268/268\n|\n|upkeep\n|turn|8\n|\n|t:|1726363573\n|switch|p2a: Tentacruel|Tentacruel, L84, M|198/272\n|move|p1a: Noivern|Draco Meteor|p2a: Tentacruel\n|-damage|p2a: Tentacruel|104/272\n|-unboost|p1a: Noivern|spa|2\n|\n|upkeep\n|turn|9\n|\n|t:|1726363586\n|switch|p1a: Reuniclus|Reuniclus, L88, F|221/337\n|move|p2a: Tentacruel|Sludge Bomb|p1a: Reuniclus\n|-damage|p1a: Reuniclus|145/337\n|-status|p1a: Reuniclus|psn\n|\n|upkeep\n|turn|10\n|\n|t:|1726363600\n|switch|p2a: Zangoose|Zangoose, L85, M|263/263\n|move|p1a: Reuniclus|Recover|p1a: Reuniclus\n|-heal|p1a: Reuniclus|314/337 psn\n|\n|-status|p2a: Zangoose|tox|[from] item: Toxic Orb\n|upkeep\n|turn|11\n|\n|t:|1726363625\n|switch|p2a: Mew|Mew, L82|298/298\n|move|p1a: Reuniclus|Focus Blast|p2a: Mew\n|-resisted|p2a: Mew\n|-damage|p2a: Mew|242/298\n|\n|-heal|p2a: Mew|260/298|[from] item: Leftovers\n|upkeep\n|turn|12\n|\n|t:|1726363639\n|move|p2a: Mew|U-turn|p1a: Reuniclus\n|-supereffective|p1a: Reuniclus\n|-damage|p1a: Reuniclus|210/337 psn\n|\n|t:|1726363648\n|switch|p2a: Zangoose|Zangoose, L85, M|263/263 tox|[from] U-turn\n|move|p1a: Reuniclus|Psychic|p2a: Zangoose\n|-damage|p2a: Zangoose|101/263 tox\n|\n|-damage|p2a: Zangoose|85/263 tox|[from] psn\n|upkeep\n|turn|13\n|inactive|RBLT HB28 has 90 seconds left.\n|\n|t:|1726363704\n|switch|p1a: Cinderace|Cinderace, L77, F|249/249\n|move|p2a: Zangoose|Facade|p1a: Cinderace\n|-damage|p1a: Cinderace|0 fnt\n|faint|p1a: Cinderace\n|\n|-damage|p2a: Zangoose|53/263 tox|[from] psn\n|upkeep\n|inactive|RBLT HB28 has 60 seconds left.\n|\n|t:|1726363718\n|switch|p1a: Noivern|Noivern, L82, F|274/274\n|turn|14\n|\n|t:|1726363721\n|move|p2a: Zangoose|Quick Attack|p1a: Noivern\n|-damage|p1a: Noivern|189/274\n|move|p1a: Noivern|Boomburst|p2a: Zangoose\n|-damage|p2a: Zangoose|0 fnt\n|faint|p2a: Zangoose\n|\n|upkeep\n|\n|t:|1726363733\n|switch|p2a: Zacian|Zacian, L69|241/241\n|-ability|p2a: Zacian|Intrepid Sword|boost\n|-boost|p2a: Zacian|atk|1\n|turn|15\n|\n|t:|1726363748\n|switch|p1a: Feraligatr|Feraligatr, L79, F|264/264\n|move|p2a: Zacian|Play Rough|p1a: Feraligatr|[miss]\n|-miss|p2a: Zacian|p1a: Feraligatr\n|\n|upkeep\n|turn|16\n|\n|t:|1726363758\n|move|p2a: Zacian|Play Rough|p1a: Feraligatr|[miss]\n|-miss|p2a: Zacian|p1a: Feraligatr\n|move|p1a: Feraligatr|Dragon Dance|p1a: Feraligatr\n|-boost|p1a: Feraligatr|atk|1\n|-boost|p1a: Feraligatr|spe|1\n|\n|upkeep\n|turn|17\n|\n|t:|1726363764\n|move|p1a: Feraligatr|Dragon Dance|p1a: Feraligatr\n|-boost|p1a: Feraligatr|atk|1\n|-boost|p1a: Feraligatr|spe|1\n|move|p2a: Zacian|Play Rough|p1a: Feraligatr\n|-damage|p1a: Feraligatr|84/264\n|\n|upkeep\n|turn|18\n|c| Revival Tour|This is generational\n|\n|t:|1726363772\n|move|p1a: Feraligatr|Liquidation|p2a: Zacian\n|-damage|p2a: Zacian|0 fnt\n|faint|p2a: Zacian\n|\n|upkeep\n|\n|t:|1726363779\n|switch|p2a: Gouging Fire|Gouging Fire, L74|277/277\n|turn|19\n|c|\u2606RBLT HB28|torrent lesgoo\n|c|\u2606RBLT chiefbeef1234|youre trash\n|\n|t:|1726363789\n|-terastallize|p1a: Feraligatr|Water\n|move|p1a: Feraligatr|Liquidation|p2a: Gouging Fire\n|-damage|p2a: Gouging Fire|0 fnt\n|faint|p2a: Gouging Fire\n|-end|p2a: Gouging Fire|Protosynthesis|[silent]\n|\n|upkeep\n|-message|RBLT chiefbeef1234 forfeited.\n|\n|win|RBLT HB28\n|raw|RBLT HB28's rating: 2261 &rarr; <strong>2280</strong><br />(+19 for winning)\n|raw|RBLT chiefbeef1234's rating: 2249 &rarr; <strong>2230</strong><br />(-19 for losing)\n|l|\u2606RBLT chiefbeef1234\n|player|p2|\n|c| Revival Tour|LOOOL\n|j| paysa\n|l|\u2606RBLT HB28\n|player|p1|\n", "inputlog": ">version abcf08933808d3fb39dbc2b54a8665d830b47482\n>start {\"formatid\":\"gen9randombattle\",\"seed\":[45960,51775,14723,44310],\"rated\":\"Rated battle\"}\n>player p1 {\"name\":\"RBLT HB28\",\"avatar\":\"#rbtt7teamhoopa\",\"rating\":2261,\"seed\":[34799,7532,38989,22953]}\n>player p2 {\"name\":\"RBLT chiefbeef1234\",\"avatar\":\"shadowtriad\",\"rating\":2249,\"seed\":[23415,15234,37539,43052]}\n>p1 switch 3\n>p2 move willowisp\n>p1 switch 5\n>p2 switch 4\n>p1 move boomburst\n>p2 switch 3\n>p1 switch 6\n>p2 move knockoff\n>p1 switch 4\n>p2 switch 4\n>p1 switch 5\n>p2 move willowisp\n>p1 switch 6\n>p2 switch 3\n>p1 move dracometeor\n>p2 switch 4\n>p1 switch 4\n>p2 move sludgebomb\n>p1 move recover\n>p2 switch 6\n>p1 move focusblast\n>p2 switch 3\n>p1 move psychic\n>p2 move uturn\n>p2 switch 3\n>p1 switch 6\n>p2 move facade\n>p1 switch 4\n>p1 move boomburst\n>p2 move quickattack\n>p2 switch 5\n>p1 switch 3\n>p2 move playrough\n>p1 move dragondance\n>p2 move playrough\n>p1 move dragondance\n>p2 move playrough\n>chat  Revival Tour|This is generational \n>p1 move liquidation\n>p2 move playrough\n>p2 switch 2\n>chat \u2606RBLT HB28|torrent lesgoo\n>chat \u2606RBLT chiefbeef1234|youre trash\n>p1 move liquidation terastallize\n>p2 move outrage\n>forcelose p2", "uploadtime": 1726363809, "views": 88, "formatid": "gen9randombattle", "rating": 2230, "private": 0, "password": null}