{"id": "gen9randombattle-2260808840", "format": "[Gen 9] Random Battle", "players": ["kavin013", "RoboWahbit"], "log": "|j|\u2606kavin013\n|j|\u2606RoboWahbit\n|t:|1733895805\n|gametype|singles\n|player|p1|kavin013|red|1056\n|player|p2|RoboWahbit|101|1054\n|teamsize|p1|6\n|teamsize|p2|6\n|gen|9\n|tier|[Gen 9] Random Battle\n|rated|\n|rule|Species Clause: Limit one of each Pok\u00e9mon\n|rule|HP Percentage Mod: HP is shown in percentages\n|rule|Sleep Clause Mod: Limit one foe put to sleep\n|rule|Illusion Level Mod: Illusion disguises the Pok\u00e9mon's true level\n|\n|t:|1733895805\n|start\n|switch|p1a: Pelipper|Pelipper, L86, M|243/243\n|switch|p2a: Spectrier|Spectrier, L75|274/274\n|-weather|RainDance|[from] ability: Drizzle|[of] p1a: Pelipper\n|turn|1\n|c|\u2606RoboWahbit|hf\n|inactive|Battle timer is ON: inactive players will automatically lose when time's up. (requested by RoboWahbit)\n|j| BIGOLBAPPIES\n|inactive|kavin013 has 120 seconds left.\n|inactive|kavin013 has 90 seconds left.\n|inactive|kavin013 has 60 seconds left.\n|\n|t:|1733895920\n|switch|p2a: Jolteon|Jolteon, L84, M|246/246\n|move|p1a: Pelipper|Hurricane|p2a: Jolteon\n|-resisted|p2a: Jolteon\n|-damage|p2a: Jolteon|156/246\n|\n|-weather|RainDance|[upkeep]\n|upkeep\n|turn|2\n|\n|t:|1733895932\n|switch|p1a: Rhyperior|Rhyperior, L82, F|323/323\n|move|p2a: Jolteon|Volt Switch|p1a: Rhyperior\n|-immune|p1a: Rhyperior\n|\n|-weather|RainDance|[upkeep]\n|upkeep\n|turn|3\n|\n|t:|1733895942\n|switch|p2a: Meganium|Meganium, L90, F|290/290\n|move|p1a: Rhyperior|Stone Edge|p2a: Meganium\n|-damage|p2a: Meganium|112/290\n|\n|-weather|RainDance|[upkeep]\n|-heal|p2a: Meganium|130/290|[from] item: Leftovers\n|upkeep\n|turn|4\n|\n|t:|1733895951\n|switch|p1a: Pelipper|Pelipper, L86, M|243/243\n|move|p2a: Meganium|Energy Ball|p1a: Pelipper\n|-damage|p1a: Pelipper|135/243\n|\n|-weather|RainDance|[upkeep]\n|-heal|p2a: Meganium|148/290|[from] item: Leftovers\n|upkeep\n|turn|5\n|\n|t:|1733895959\n|move|p2a: Meganium|Energy Ball|p1a: Pelipper\n|-damage|p1a: Pelipper|20/243\n|move|p1a: Pelipper|Hurricane|p2a: Meganium\n|-supereffective|p2a: Meganium\n|-damage|p2a: Meganium|0 fnt\n|faint|p2a: Meganium\n|\n|-weather|none\n|upkeep\n|\n|t:|1733895959\n|switch|p2a: Spectrier|Spectrier, L75|274/274\n|turn|6\n|inactive|kavin013 has 120 seconds left.\n|\n|t:|1733895972\n|switch|p1a: Lokix|Lokix, L82, M|251/251\n|move|p2a: Spectrier|Shadow Ball|p1a: Lokix\n|-resisted|p1a: Lokix\n|-damage|p1a: Lokix|182/251\n|\n|upkeep\n|turn|7\n|inactive|kavin013 has 120 seconds left.\n|\n|t:|1733895979\n|move|p2a: Spectrier|Shadow Ball|p1a: Lokix\n|-resisted|p1a: Lokix\n|-damage|p1a: Lokix|110/251\n|move|p1a: Lokix|Knock Off|p2a: Spectrier\n|-supereffective|p2a: Spectrier\n|-damage|p2a: Spectrier|0 fnt\n|-enditem|p2a: Spectrier|Leftovers|[from] move: Knock Off|[of] p1a: Lokix\n|faint|p2a: Spectrier\n|-damage|p1a: Lokix|85/251|[from] item: Life Orb\n|\n|upkeep\n|\n|t:|1733895979\n|switch|p2a: Jolteon|Jolteon, L84, M|156/246\n|turn|8\n|\n|t:|1733895992\n|move|p2a: Jolteon|Alluring Voice|p1a: Lokix\n|-supereffective|p1a: Lokix\n|-damage|p1a: Lokix|0 fnt\n|faint|p1a: Lokix\n|\n|upkeep\n|\n|t:|1733895996\n|switch|p1a: Rhyperior|Rhyperior, L82, F|323/323\n|turn|9\n|\n|t:|1733896000\n|move|p2a: Jolteon|Alluring Voice|p1a: Rhyperior\n|-crit|p1a: Rhyperior\n|-damage|p1a: Rhyperior|116/323\n|move|p1a: Rhyperior|Earthquake|p2a: Jolteon\n|-supereffective|p2a: Jolteon\n|-damage|p2a: Jolteon|0 fnt\n|faint|p2a: Jolteon\n|\n|upkeep\n|\n|t:|1733896000\n|switch|p2a: Oricorio|Oricorio-Sensu, L85, F|266/266\n|turn|10\n|\n|t:|1733896014\n|switch|p1a: Pelipper|Pelipper, L86, M|20/243\n|-weather|RainDance|[from] ability: Drizzle|[of] p1a: Pelipper\n|move|p2a: Oricorio|Quiver Dance|p2a: Oricorio\n|-boost|p2a: Oricorio|spa|1\n|-boost|p2a: Oricorio|spd|1\n|-boost|p2a: Oricorio|spe|1\n|\n|-weather|RainDance|[upkeep]\n|upkeep\n|turn|11\n|\n|t:|1733896021\n|move|p2a: Oricorio|Quiver Dance|p2a: Oricorio\n|-boost|p2a: Oricorio|spa|1\n|-boost|p2a: Oricorio|spd|1\n|-boost|p2a: Oricorio|spe|1\n|move|p1a: Pelipper|Weather Ball|p2a: Oricorio\n|-damage|p2a: Oricorio|128/266\n|\n|-weather|RainDance|[upkeep]\n|upkeep\n|turn|12\n|inactive|kavin013 has 120 seconds left.\n|\n|t:|1733896072\n|move|p2a: Oricorio|Revelation Dance|p1a: Pelipper\n|-damage|p1a: Pelipper|0 fnt\n|faint|p1a: Pelipper\n|\n|-weather|RainDance|[upkeep]\n|upkeep\n|inactive|kavin013 has 90 seconds left.\n|\n|t:|1733896094\n|switch|p1a: Rhyperior|Rhyperior, L82, F|116/323\n|turn|13\n|\n|t:|1733896098\n|move|p2a: Oricorio|Revelation Dance|p1a: Rhyperior\n|-damage|p1a: Rhyperior|0 fnt\n|faint|p1a: Rhyperior\n|\n|-weather|RainDance|[upkeep]\n|upkeep\n|inactive|kavin013 has 90 seconds left.\n|\n|t:|1733896110\n|switch|p1a: Meowstic|Meowstic-F, L89, F|277/277\n|turn|14\n|\n|t:|1733896115\n|-terastallize|p1a: Meowstic|Dark\n|move|p2a: Oricorio|Roost|p2a: Oricorio\n|-heal|p2a: Oricorio|261/266\n|-singleturn|p2a: Oricorio|move: Roost\n|move|p1a: Meowstic|Dark Pulse|p2a: Oricorio\n|-supereffective|p2a: Oricorio\n|-damage|p2a: Oricorio|126/266\n|-damage|p1a: Meowstic|250/277|[from] item: Life Orb\n|\n|-weather|none\n|upkeep\n|turn|15\n|\n|t:|1733896125\n|move|p2a: Oricorio|Quiver Dance|p2a: Oricorio\n|-boost|p2a: Oricorio|spa|1\n|-boost|p2a: Oricorio|spd|1\n|-boost|p2a: Oricorio|spe|1\n|move|p1a: Meowstic|Nasty Plot|p1a: Meowstic\n|-boost|p1a: Meowstic|spa|2\n|\n|upkeep\n|turn|16\n|\n|t:|1733896131\n|move|p2a: Oricorio|Hurricane|p1a: Meowstic\n|-damage|p1a: Meowstic|0 fnt\n|faint|p1a: Meowstic\n|\n|upkeep\n|-message|kavin013 forfeited.\n|\n|win|RoboWahbit\n|raw|kavin013's rating: 1056 &rarr; <strong>1037</strong><br />(-19 for losing)\n|raw|RoboWahbit's rating: 1054 &rarr; <strong>1086</strong><br />(+32 for winning)\n|c|\u2606RoboWahbit|gg\n", "inputlog": ">version bfd83cad13791eb5a5a409923076391caf6fb4d4\n>start {\"formatid\":\"gen9randombattle\",\"seed\":[60403,64460,12745,11663],\"rated\":\"Rated battle\"}\n>player p1 {\"name\":\"kavin013\",\"avatar\":\"red\",\"rating\":1056,\"seed\":[13780,34779,55779,36493]}\n>player p2 {\"name\":\"RoboWahbit\",\"avatar\":\"101\",\"rating\":1054,\"seed\":[36666,11838,58605,16743]}\n>chat \u2606RoboWahbit|hf\n>p1 move hurricane\n>p2 switch 2\n>p1 switch 3\n>p2 move voltswitch\n>p1 move stoneedge\n>p2 switch 6\n>p1 switch 3\n>p2 move energyball\n>p1 move hurricane\n>p2 move energyball\n>p2 switch 2\n>p1 switch 5\n>p2 move shadowball\n>p1 move knockoff\n>p2 move shadowball\n>p2 switch 6\n>p1 move leechlife\n>p2 move alluringvoice\n>p1 switch 3\n>p1 move earthquake\n>p2 move alluringvoice\n>p2 switch 5\n>p1 switch 5\n>p2 move quiverdance\n>p1 move weatherball\n>p2 move quiverdance\n>p1 move weatherball\n>p2 move revelationdance\n>p1 switch 5\n>p1 move stoneedge\n>p2 move revelationdance\n>p1 switch 6\n>p1 move darkpulse terastallize\n>p2 move roost\n>p1 move nastyplot\n>p2 move quiverdance\n>p1 move darkpulse\n>p2 move hurricane\n>forcelose p1", "uploadtime": 1733896136, "views": 1, "formatid": "gen9randombattle", "rating": 1037, "private": 0, "password": null}