{"id": "gen9randombattle-2260733022", "format": "[Gen 9] Random Battle", "players": ["boinging", "Duecifer"], "log": "|j|\u2606boinging\n|j|\u2606Duecifer\n|t:|1733884377\n|gametype|singles\n|player|p1|boinging|brendan|\n|player|p2|Duecifer|dancer|\n|teamsize|p1|6\n|teamsize|p2|6\n|gen|9\n|tier|[Gen 9] Random Battle\n|rule|Species Clause: Limit one of each Pok\u00e9mon\n|rule|HP Percentage Mod: HP is shown in percentages\n|rule|Sleep Clause Mod: Limit one foe put to sleep\n|rule|Illusion Level Mod: Illusion disguises the Pok\u00e9mon's true level\n|\n|t:|1733884377\n|start\n|switch|p1a: Uxie|Uxie, L83|260/260\n|switch|p2a: Conkeldurr|Conkeldurr, L80, M|299/299\n|turn|1\n|\n|t:|1733884420\n|switch|p2a: Kricketune|Kricketune, L99, M|312/312\n|move|p1a: Uxie|Thunder Wave|p2a: Kricketune\n|-status|p2a: Kricketune|par\n|\n|upkeep\n|turn|2\n|\n|t:|1733884442\n|move|p1a: Uxie|Knock Off|p2a: Kricketune\n|-crit|p2a: Kricketune\n|-damage|p2a: Kricketune|200/312 par\n|-enditem|p2a: Kricketune|Heavy-Duty Boots|[from] move: Knock Off|[of] p1a: Uxie\n|cant|p2a: Kricketune|par\n|\n|upkeep\n|turn|3\n|\n|t:|1733884449\n|move|p1a: Uxie|Psychic Noise|p2a: Kricketune\n|-damage|p2a: Kricketune|119/312 par\n|-start|p2a: Kricketune|move: Heal Block\n|move|p2a: Kricketune|Sticky Web|p1a: Uxie\n|-sidestart|p1: boinging|move: Sticky Web\n|\n|upkeep\n|turn|4\n|\n|t:|1733884463\n|move|p1a: Uxie|Encore|p2a: Kricketune\n|-start|p2a: Kricketune|Encore\n|move|p2a: Kricketune|Sticky Web||[still]\n|-fail|p2a: Kricketune\n|\n|-end|p2a: Kricketune|move: Heal Block\n|upkeep\n|turn|5\n|\n|t:|1733884500\n|switch|p2a: Zangoose|Zangoose, L85, F|263/263\n|move|p1a: Uxie|Knock Off|p2a: Zangoose\n|-damage|p2a: Zangoose|186/263\n|-enditem|p2a: Zangoose|Toxic Orb|[from] move: Knock Off|[of] p1a: Uxie\n|\n|upkeep\n|turn|6\n|\n|t:|1733884529\n|move|p1a: Uxie|Psychic Noise|p2a: Zangoose\n|-damage|p2a: Zangoose|110/263\n|-start|p2a: Zangoose|move: Heal Block\n|move|p2a: Zangoose|Knock Off|p1a: Uxie\n|-supereffective|p1a: Uxie\n|-damage|p1a: Uxie|132/260\n|-enditem|p1a: Uxie|Leftovers|[from] move: Knock Off|[of] p2a: Zangoose\n|\n|upkeep\n|turn|7\n|\n|t:|1733884558\n|move|p1a: Uxie|Psychic Noise|p2a: Zangoose\n|-damage|p2a: Zangoose|26/263\n|move|p2a: Zangoose|Knock Off|p1a: Uxie\n|-supereffective|p1a: Uxie\n|-damage|p1a: Uxie|54/260\n|\n|-end|p2a: Zangoose|move: Heal Block\n|upkeep\n|turn|8\n|\n|t:|1733884574\n|move|p1a: Uxie|Knock Off|p2a: Zangoose\n|-damage|p2a: Zangoose|0 fnt\n|faint|p2a: Zangoose\n|\n|upkeep\n|\n|t:|1733884578\n|switch|p2a: Kricketune|Kricketune, L99, M|119/312 par\n|turn|9\n|\n|t:|1733884586\n|move|p1a: Uxie|Psychic Noise|p2a: Kricketune\n|-damage|p2a: Kricketune|43/312 par\n|-start|p2a: Kricketune|move: Heal Block\n|move|p2a: Kricketune|Pounce|p1a: Uxie\n|-supereffective|p1a: Uxie\n|-damage|p1a: Uxie|0 fnt\n|faint|p1a: Uxie\n|\n|upkeep\n|\n|t:|1733884603\n|switch|p1a: Lurantis|Lurantis, L87, F|264/264\n|-activate|p1a: Lurantis|move: Sticky Web\n|-boost|p1a: Lurantis|spe|1\n|turn|10\n|\n|t:|1733884649\n|move|p1a: Lurantis|Superpower|p2a: Kricketune\n|-resisted|p2a: Kricketune\n|-damage|p2a: Kricketune|0 fnt\n|-boost|p1a: Lurantis|atk|1\n|-boost|p1a: Lurantis|def|1\n|faint|p2a: Kricketune\n|\n|upkeep\n|\n|t:|1733884683\n|switch|p2a: Mewtwo|Mewtwo, L72|272/272\n|-ability|p2a: Mewtwo|Unnerve\n|turn|11\n|\n|t:|1733884697\n|move|p2a: Mewtwo|Psystrike|p1a: Lurantis\n|-damage|p1a: Lurantis|173/264\n|-damage|p2a: Mewtwo|245/272|[from] item: Life Orb\n|move|p1a: Lurantis|Knock Off|p2a: Mewtwo\n|-supereffective|p2a: Mewtwo\n|-damage|p2a: Mewtwo|0 fnt\n|-enditem|p2a: Mewtwo|Life Orb|[from] move: Knock Off|[of] p1a: Lurantis\n|faint|p2a: Mewtwo\n|\n|-heal|p1a: Lurantis|189/264|[from] item: Leftovers\n|upkeep\n|\n|t:|1733884716\n|switch|p2a: Conkeldurr|Conkeldurr, L80, M|299/299\n|turn|12\n|\n|t:|1733884727\n|move|p1a: Lurantis|Superpower|p2a: Conkeldurr\n|-damage|p2a: Conkeldurr|150/299\n|-boost|p1a: Lurantis|atk|1\n|-boost|p1a: Lurantis|def|1\n|move|p2a: Conkeldurr|Facade|p1a: Lurantis\n|-damage|p1a: Lurantis|156/264\n|\n|-heal|p1a: Lurantis|172/264|[from] item: Leftovers\n|-status|p2a: Conkeldurr|brn|[from] item: Flame Orb\n|upkeep\n|turn|13\n|\n|t:|1733884740\n|move|p1a: Lurantis|Superpower|p2a: Conkeldurr\n|-damage|p2a: Conkeldurr|0 fnt\n|-boost|p1a: Lurantis|atk|1\n|-boost|p1a: Lurantis|def|1\n|faint|p2a: Conkeldurr\n|\n|-heal|p1a: Lurantis|188/264|[from] item: Leftovers\n|upkeep\n|\n|t:|1733884744\n|switch|p2a: Terrakion|Terrakion, L79|273/273\n|turn|14\n|\n|t:|1733884759\n|move|p2a: Terrakion|Stone Edge|p1a: Lurantis\n|-damage|p1a: Lurantis|130/264\n|-damage|p2a: Terrakion|246/273|[from] item: Life Orb\n|move|p1a: Lurantis|Superpower|p2a: Terrakion\n|-supereffective|p2a: Terrakion\n|-damage|p2a: Terrakion|0 fnt\n|-boost|p1a: Lurantis|atk|1\n|-boost|p1a: Lurantis|def|1\n|faint|p2a: Terrakion\n|\n|-heal|p1a: Lurantis|146/264|[from] item: Leftovers\n|upkeep\n|\n|t:|1733884762\n|switch|p2a: Hippowdon|Hippowdon, L82, M|311/311\n|-weather|Sandstorm|[from] ability: Sand Stream|[of] p2a: Hippowdon\n|turn|15\n|\n|t:|1733884784\n|move|p1a: Lurantis|Synthesis|p1a: Lurantis\n|-heal|p1a: Lurantis|212/264\n|move|p2a: Hippowdon|Curse|p2a: Hippowdon\n|-unboost|p2a: Hippowdon|spe|1\n|-boost|p2a: Hippowdon|atk|1\n|-boost|p2a: Hippowdon|def|1\n|\n|-weather|Sandstorm|[upkeep]\n|-damage|p1a: Lurantis|196/264|[from] Sandstorm\n|-heal|p1a: Lurantis|212/264|[from] item: Leftovers\n|upkeep\n|turn|16\n|\n|t:|1733884795\n|move|p1a: Lurantis|Leaf Storm|p2a: Hippowdon\n|-supereffective|p2a: Hippowdon\n|-damage|p2a: Hippowdon|35/311\n|-boost|p1a: Lurantis|spa|2\n|move|p2a: Hippowdon|Slack Off|p2a: Hippowdon\n|-heal|p2a: Hippowdon|191/311\n|\n|-weather|Sandstorm|[upkeep]\n|-damage|p1a: Lurantis|196/264|[from] Sandstorm\n|-heal|p1a: Lurantis|212/264|[from] item: Leftovers\n|-heal|p2a: Hippowdon|210/311|[from] item: Leftovers\n|upkeep\n|turn|17\n|\n|t:|1733884811\n|move|p1a: Lurantis|Leaf Storm|p2a: Hippowdon|[miss]\n|-miss|p1a: Lurantis|p2a: Hippowdon\n|move|p2a: Hippowdon|Stone Edge|p1a: Lurantis\n|-damage|p1a: Lurantis|178/264\n|\n|-weather|Sandstorm|[upkeep]\n|-damage|p1a: Lurantis|162/264|[from] Sandstorm\n|-heal|p1a: Lurantis|178/264|[from] item: Leftovers\n|-heal|p2a: Hippowdon|229/311|[from] item: Leftovers\n|upkeep\n|turn|18\n|\n|t:|1733884829\n|-terastallize|p2a: Hippowdon|Rock\n|move|p1a: Lurantis|Leaf Storm|p2a: Hippowdon\n|-supereffective|p2a: Hippowdon\n|-damage|p2a: Hippowdon|0 fnt\n|-boost|p1a: Lurantis|spa|2\n|faint|p2a: Hippowdon\n|\n|win|boinging\n|l|\u2606Duecifer\n|player|p2|\n", "inputlog": ">version bfd83cad13791eb5a5a409923076391caf6fb4d4\n>start {\"formatid\":\"gen9randombattle\",\"seed\":[17720,61901,29129,60743]}\n>player p1 {\"name\":\"boinging\",\"avatar\":\"brendan\",\"rating\":0,\"seed\":[49003,35763,59234,37362]}\n>player p2 {\"name\":\"Duecifer\",\"avatar\":\"dancer\",\"rating\":0,\"seed\":[1155,44635,21344,8056]}\n>p1 move thunderwave\n>p2 switch 3\n>p1 move knockoff\n>p2 move taunt\n>p1 move psychicnoise\n>p2 move stickyweb\n>p1 move encore\n>p2 move knockoff\n>p1 move knockoff\n>p2 switch 6\n>p1 move psychicnoise\n>p2 move knockoff\n>p1 move psychicnoise\n>p2 move knockoff\n>p1 move knockoff\n>p2 move closecombat\n>p2 switch 6\n>p1 move psychicnoise\n>p2 move pounce\n>p1 switch 2\n>p1 move superpower\n>p2 move taunt\n>p2 switch 5\n>p1 move knockoff\n>p2 move psystrike\n>p2 switch 3\n>p1 move superpower\n>p2 move facade\n>p1 move superpower\n>p2 move facade\n>p2 switch 2\n>p1 move superpower\n>p2 move stoneedge\n>p2 switch 4\n>p1 move synthesis\n>p2 move curse\n>p1 move leafstorm\n>p2 move slackoff\n>p1 move leafstorm\n>p2 move stoneedge\n>p1 move leafstorm\n>p2 move stoneedge terastallize", "uploadtime": 1733884837, "views": 5, "formatid": "gen9randombattle", "rating": null, "private": 0, "password": null}