{"id": "gen9randombattle-2260731633", "format": "[Gen 9] Random Battle", "players": ["Inuzuna", "Ur great grandpa"], "log": "|j|\u2606Inuzuna\n|j|\u2606Ur great grandpa\n|t:|1733884197\n|gametype|singles\n|player|p1|Inuzuna|265|1446\n|player|p2|Ur great grandpa|170|1465\n|teamsize|p1|6\n|teamsize|p2|6\n|gen|9\n|tier|[Gen 9] Random Battle\n|rated|\n|rule|Species Clause: Limit one of each Pok\u00e9mon\n|rule|HP Percentage Mod: HP is shown in percentages\n|rule|Sleep Clause Mod: Limit one foe put to sleep\n|rule|Illusion Level Mod: Illusion disguises the Pok\u00e9mon's true level\n|\n|t:|1733884197\n|start\n|switch|p1a: Whiscash|Whiscash, L88, M|337/337\n|switch|p2a: Arbok|Arbok, L87, F|246/246\n|-ability|p2a: Arbok|Intimidate|boost\n|-fail|p1a: Whiscash|unboost|Attack|[from] ability: Oblivious|[of] p1a: Whiscash\n|turn|1\n|\n|t:|1733884233\n|switch|p2a: Toucannon|Toucannon, L88, M|284/284\n|move|p1a: Whiscash|Earthquake|p2a: Toucannon\n|-immune|p2a: Toucannon\n|\n|upkeep\n|turn|2\n|\n|t:|1733884243\n|move|p2a: Toucannon|Bullet Seed|p1a: Whiscash\n|-supereffective|p1a: Whiscash\n|-damage|p1a: Whiscash|237/337\n|-supereffective|p1a: Whiscash\n|-damage|p1a: Whiscash|137/337\n|-supereffective|p1a: Whiscash\n|-damage|p1a: Whiscash|41/337\n|-supereffective|p1a: Whiscash\n|-damage|p1a: Whiscash|0 fnt\n|faint|p1a: Whiscash\n|-hitcount|p1: Whiscash|4\n|\n|upkeep\n|\n|t:|1733884263\n|switch|p1a: Infernape|Infernape, L82, F|259/259\n|turn|3\n|\n|t:|1733884279\n|-singleturn|p2a: Toucannon|move: Beak Blast\n|move|p1a: Infernape|Flare Blitz|p2a: Toucannon\n|-damage|p2a: Toucannon|97/284\n|-damage|p1a: Infernape|197/259|[from] Recoil\n|move|p2a: Toucannon|Beak Blast|p1a: Infernape\n|-supereffective|p1a: Infernape\n|-damage|p1a: Infernape|0 fnt\n|faint|p1a: Infernape\n|\n|upkeep\n|\n|t:|1733884292\n|switch|p1a: Spectrier|Spectrier, L75|274/274\n|turn|4\n|\n|t:|1733884299\n|-singleturn|p2a: Toucannon|move: Beak Blast\n|move|p1a: Spectrier|Will-O-Wisp|p2a: Toucannon\n|-status|p2a: Toucannon|brn\n|move|p2a: Toucannon|Beak Blast|p1a: Spectrier\n|-damage|p1a: Spectrier|172/274\n|\n|-damage|p2a: Toucannon|80/284 brn|[from] brn\n|upkeep\n|turn|5\n|\n|t:|1733884310\n|-singleturn|p2a: Toucannon|move: Beak Blast\n|move|p1a: Spectrier|Tera Blast|p2a: Toucannon\n|-damage|p2a: Toucannon|0 fnt\n|faint|p2a: Toucannon\n|-ability|p1a: Spectrier|Grim Neigh|boost\n|-boost|p1a: Spectrier|spa|1\n|-damage|p1a: Spectrier|145/274|[from] item: Life Orb\n|\n|upkeep\n|\n|t:|1733884315\n|switch|p2a: Mabosstiff|Mabosstiff, L86, F|278/278\n|turn|6\n|\n|t:|1733884323\n|-terastallize|p1a: Spectrier|Fighting\n|move|p2a: Mabosstiff|Crunch|p1a: Spectrier\n|-resisted|p1a: Spectrier\n|-crit|p1a: Spectrier\n|-damage|p1a: Spectrier|32/274\n|move|p1a: Spectrier|Will-O-Wisp|p2a: Mabosstiff\n|-status|p2a: Mabosstiff|brn\n|\n|-damage|p2a: Mabosstiff|261/278 brn|[from] brn\n|upkeep\n|turn|7\n|\n|t:|1733884334\n|move|p2a: Mabosstiff|Crunch|p1a: Spectrier\n|-resisted|p1a: Spectrier\n|-damage|p1a: Spectrier|0 fnt\n|faint|p1a: Spectrier\n|\n|-damage|p2a: Mabosstiff|244/278 brn|[from] brn\n|upkeep\n|\n|t:|1733884341\n|switch|p1a: Hawlucha|Hawlucha, L80, M|256/256\n|turn|8\n|\n|t:|1733884358\n|switch|p2a: Armarouge|Armarouge, L80, F|267/267\n|move|p1a: Hawlucha|Swords Dance|p1a: Hawlucha\n|-boost|p1a: Hawlucha|atk|2\n|\n|upkeep\n|turn|9\n|\n|t:|1733884377\n|switch|p1a: Mightyena|Mightyena, L95, F|287/287\n|-ability|p1a: Mightyena|Intimidate|boost\n|-unboost|p2a: Armarouge|atk|1\n|move|p2a: Armarouge|Psyshock|p1a: Mightyena\n|-immune|p1a: Mightyena\n|\n|upkeep\n|turn|10\n|\n|t:|1733884389\n|switch|p2a: Mabosstiff|Mabosstiff, L86, F|244/278 brn\n|move|p1a: Mightyena|Crunch|p2a: Mabosstiff\n|-resisted|p2a: Mabosstiff\n|-damage|p2a: Mabosstiff|193/278 brn\n|-unboost|p2a: Mabosstiff|def|1\n|\n|-damage|p2a: Mabosstiff|176/278 brn|[from] brn\n|upkeep\n|turn|11\n|\n|t:|1733884408\n|switch|p1a: Iron Crown|Iron Crown, L78|268/268\n|move|p2a: Mabosstiff|Play Rough|p1a: Iron Crown\n|-resisted|p1a: Iron Crown\n|-damage|p1a: Iron Crown|232/268\n|\n|-heal|p1a: Iron Crown|248/268|[from] item: Leftovers\n|-damage|p2a: Mabosstiff|159/278 brn|[from] brn\n|upkeep\n|turn|12\n|\n|t:|1733884425\n|switch|p2a: Arbok|Arbok, L87, F|246/246\n|-ability|p2a: Arbok|Intimidate|boost\n|-unboost|p1a: Iron Crown|atk|1\n|move|p1a: Iron Crown|Focus Blast|p2a: Arbok\n|-resisted|p2a: Arbok\n|-damage|p2a: Arbok|204/246\n|\n|-heal|p1a: Iron Crown|264/268|[from] item: Leftovers\n|upkeep\n|turn|13\n|\n|t:|1733884440\n|move|p1a: Iron Crown|Calm Mind|p1a: Iron Crown\n|-boost|p1a: Iron Crown|spa|1\n|-boost|p1a: Iron Crown|spd|1\n|move|p2a: Arbok|Knock Off|p1a: Iron Crown\n|-supereffective|p1a: Iron Crown\n|-damage|p1a: Iron Crown|130/268\n|-enditem|p1a: Iron Crown|Leftovers|[from] move: Knock Off|[of] p2a: Arbok\n|\n|upkeep\n|turn|14\n|\n|t:|1733884448\n|move|p1a: Iron Crown|Psyshock|p2a: Arbok\n|-supereffective|p2a: Arbok\n|-damage|p2a: Arbok|0 fnt\n|faint|p2a: Arbok\n|\n|upkeep\n|\n|t:|1733884455\n|switch|p2a: Mabosstiff|Mabosstiff, L86, F|159/278 brn\n|turn|15\n|\n|t:|1733884460\n|move|p2a: Mabosstiff|Psychic Fangs|p1a: Iron Crown\n|-resisted|p1a: Iron Crown\n|-damage|p1a: Iron Crown|121/268\n|move|p1a: Iron Crown|Focus Blast|p2a: Mabosstiff\n|-supereffective|p2a: Mabosstiff\n|-damage|p2a: Mabosstiff|0 fnt\n|faint|p2a: Mabosstiff\n|\n|upkeep\n|\n|t:|1733884466\n|switch|p2a: Armarouge|Armarouge, L80, F|267/267\n|turn|16\n|\n|t:|1733884480\n|move|p1a: Iron Crown|Tachyon Cutter|p2a: Armarouge\n|-resisted|p2a: Armarouge\n|-damage|p2a: Armarouge|221/267\n|-resisted|p2a: Armarouge\n|-damage|p2a: Armarouge|178/267\n|-hitcount|p2a: Armarouge|2\n|move|p2a: Armarouge|Armor Cannon|p1a: Iron Crown\n|-supereffective|p1a: Iron Crown\n|-damage|p1a: Iron Crown|0 fnt\n|-unboost|p2a: Armarouge|def|1\n|-unboost|p2a: Armarouge|spd|1\n|faint|p1a: Iron Crown\n|-end|p1a: Iron Crown|Quark Drive|[silent]\n|\n|upkeep\n|\n|t:|1733884494\n|switch|p1a: Mightyena|Mightyena, L95, F|287/287\n|-ability|p1a: Mightyena|Intimidate|boost\n|-unboost|p2a: Armarouge|atk|1\n|turn|17\n|\n|t:|1733884501\n|move|p1a: Mightyena|Crunch|p2a: Armarouge\n|-supereffective|p2a: Armarouge\n|-damage|p2a: Armarouge|0 fnt\n|faint|p2a: Armarouge\n|\n|upkeep\n|\n|t:|1733884505\n|switch|p2a: Eternatus|Eternatus, L69|308/308\n|-ability|p2a: Eternatus|Pressure\n|turn|18\n|\n|t:|1733884509\n|move|p2a: Eternatus|Toxic|p1a: Mightyena\n|-status|p1a: Mightyena|tox\n|move|p1a: Mightyena|Taunt|p2a: Eternatus\n|-start|p2a: Eternatus|move: Taunt\n|\n|-damage|p1a: Mightyena|270/287 tox|[from] psn\n|upkeep\n|turn|19\n|\n|t:|1733884517\n|move|p2a: Eternatus|Dynamax Cannon|p1a: Mightyena\n|-crit|p1a: Mightyena\n|-damage|p1a: Mightyena|110/287 tox\n|move|p1a: Mightyena|Crunch|p2a: Eternatus\n|-damage|p2a: Eternatus|182/308\n|\n|-heal|p2a: Eternatus|201/308|[from] item: Leftovers\n|-heal|p1a: Mightyena|127/287 tox|[from] item: Leftovers\n|-damage|p1a: Mightyena|93/287 tox|[from] psn\n|upkeep\n|turn|20\n|\n|t:|1733884552\n|move|p1a: Mightyena|Sucker Punch|p2a: Eternatus\n|-damage|p2a: Eternatus|105/308\n|move|p2a: Eternatus|Dynamax Cannon|p1a: Mightyena\n|-damage|p1a: Mightyena|0 fnt\n|faint|p1a: Mightyena\n|\n|-heal|p2a: Eternatus|124/308|[from] item: Leftovers\n|upkeep\n|\n|t:|1733884562\n|switch|p1a: Hawlucha|Hawlucha, L80, M|256/256\n|turn|21\n|\n|t:|1733884567\n|move|p1a: Hawlucha|Swords Dance|p1a: Hawlucha\n|-boost|p1a: Hawlucha|atk|2\n|move|p2a: Eternatus|Flamethrower|p1a: Hawlucha\n|-damage|p1a: Hawlucha|173/256\n|\n|-heal|p2a: Eternatus|143/308|[from] item: Leftovers\n|-end|p2a: Eternatus|move: Taunt\n|upkeep\n|turn|22\n|\n|t:|1733884584\n|move|p1a: Hawlucha|Close Combat|p2a: Eternatus\n|-resisted|p2a: Eternatus\n|-damage|p2a: Eternatus|5/308\n|-unboost|p1a: Hawlucha|def|1\n|-unboost|p1a: Hawlucha|spd|1\n|-enditem|p1a: Hawlucha|White Herb\n|-clearnegativeboost|p1a: Hawlucha|[silent]\n|move|p2a: Eternatus|Toxic|p1a: Hawlucha\n|-status|p1a: Hawlucha|tox\n|\n|-heal|p2a: Eternatus|24/308|[from] item: Leftovers\n|-damage|p1a: Hawlucha|157/256 tox|[from] psn\n|upkeep\n|turn|23\n|\n|t:|1733884605\n|move|p1a: Hawlucha|Throat Chop|p2a: Eternatus\n|-damage|p2a: Eternatus|0 fnt\n|faint|p2a: Eternatus\n|\n|-damage|p1a: Hawlucha|125/256 tox|[from] psn\n|upkeep\n|\n|t:|1733884607\n|switch|p2a: Iron Jugulis|Iron Jugulis, L78|275/275\n|turn|24\n|\n|t:|1733884615\n|move|p1a: Hawlucha|Brave Bird|p2a: Iron Jugulis\n|-damage|p2a: Iron Jugulis|29/275\n|-damage|p1a: Hawlucha|44/256 tox|[from] Recoil\n|move|p2a: Iron Jugulis|Meteor Beam||[still]\n|-prepare|p2a: Iron Jugulis|Meteor Beam\n|-boost|p2a: Iron Jugulis|spa|1\n|-enditem|p2a: Iron Jugulis|Power Herb\n|-anim|p2a: Iron Jugulis|Meteor Beam|p1a: Hawlucha\n|-damage|p1a: Hawlucha|0 fnt\n|faint|p1a: Hawlucha\n|\n|win|Ur great grandpa\n|raw|Inuzuna's rating: 1446 &rarr; <strong>1427</strong><br />(-19 for losing)\n|raw|Ur great grandpa's rating: 1465 &rarr; <strong>1484</strong><br />(+19 for winning)\n", "inputlog": ">version bfd83cad13791eb5a5a409923076391caf6fb4d4\n>start {\"formatid\":\"gen9randombattle\",\"seed\":[34581,16945,56499,13963],\"rated\":\"Rated battle\"}\n>player p1 {\"name\":\"Inuzuna\",\"avatar\":\"265\",\"rating\":1446,\"seed\":[31549,53328,31600,52109]}\n>player p2 {\"name\":\"Ur great grandpa\",\"avatar\":\"170\",\"rating\":1465,\"seed\":[62218,8413,14172,19126]}\n>p1 move earthquake\n>p2 switch 5\n>p1 move icebeam\n>p2 move bulletseed\n>p1 switch 6\n>p1 move flareblitz\n>p2 move beakblast\n>p1 switch 2\n>p1 move willowisp\n>p2 move beakblast\n>p1 move terablast\n>p2 move beakblast\n>p2 switch 6\n>p1 move willowisp terastallize\n>p2 move crunch\n>p1 move terablast\n>p2 move crunch\n>p1 switch 5\n>p1 move swordsdance\n>p2 switch 4\n>p1 switch 4\n>p2 move psyshock\n>p1 move crunch\n>p2 switch 4\n>p1 switch 3\n>p2 move playrough\n>p1 move focusblast\n>p2 switch 5\n>p1 move calmmind\n>p2 move knockoff\n>p1 move psyshock\n>p2 move knockoff\n>p2 switch 5\n>p1 move focusblast\n>p2 move psychicfangs\n>p2 switch 4\n>p1 move tachyoncutter\n>p2 move armorcannon\n>p1 switch 3\n>p1 move crunch\n>p2 move armorcannon\n>p2 switch 2\n>p1 move taunt\n>p2 move toxic\n>p1 move crunch\n>p2 move dynamaxcannon\n>p1 move suckerpunch\n>p2 move dynamaxcannon\n>p1 switch 4\n>p1 move swordsdance\n>p2 move flamethrower\n>p1 move closecombat\n>p2 move toxic\n>p1 move throatchop\n>p2 move recover\n>p2 switch 3\n>p1 move bravebird\n>p2 move meteorbeam", "uploadtime": 1733884620, "views": 4, "formatid": "gen9randombattle", "rating": 1427, "private": 0, "password": null}