{"id": "gen9randombattle-2257846622", "format": "[Gen 9] Random Battle", "players": ["ace_yt23", "Yusei1789"], "log": "|j|\u2606ace_yt23\n|j|\u2606Yusei1789\n|t:|1733488107\n|gametype|singles\n|player|p1|ace_yt23|hilda|2222\n|player|p2|Yusei1789|102|2227\n|teamsize|p1|6\n|teamsize|p2|6\n|gen|9\n|tier|[Gen 9] Random Battle\n|rated|\n|rule|Species Clause: Limit one of each Pok\u00e9mon\n|rule|HP Percentage Mod: HP is shown in percentages\n|rule|Sleep Clause Mod: Limit one foe put to sleep\n|rule|Illusion Level Mod: Illusion disguises the Pok\u00e9mon's true level\n|\n|t:|1733488107\n|start\n|switch|p1a: Garchomp|Garchomp, L74, M|282/282\n|switch|p2a: Ninetales|Ninetales-Alola, L78, M|242/242\n|-weather|Snow|[from] ability: Snow Warning|[of] p2a: Ninetales\n|turn|1\n|inactive|Battle timer is ON: inactive players will automatically lose when time's up. (requested by ace_yt23)\n|\n|t:|1733488112\n|move|p2a: Ninetales|Aurora Veil|p2a: Ninetales\n|-sidestart|p2: Yusei1789|move: Aurora Veil\n|move|p1a: Garchomp|Stealth Rock|p2a: Ninetales\n|-sidestart|p2: Yusei1789|move: Stealth Rock\n|\n|-weather|Snow|[upkeep]\n|upkeep\n|turn|2\n|\n|t:|1733488118\n|switch|p1a: Fezandipiti|Fezandipiti, L82, M|278/278\n|move|p2a: Ninetales|Blizzard|p1a: Fezandipiti\n|-damage|p1a: Fezandipiti|227/278\n|\n|-weather|Snow|[upkeep]\n|upkeep\n|turn|3\n|\n|t:|1733488135\n|switch|p2a: Dondozo|Dondozo, L78, F|362/362\n|-damage|p2a: Dondozo|317/362|[from] Stealth Rock\n|move|p1a: Fezandipiti|Beat Up|p2a: Dondozo\n|-damage|p2a: Dondozo|313/362\n|-status|p2a: Dondozo|tox|[from] ability: Toxic Chain|[of] p1a: Fezandipiti\n|-damage|p2a: Dondozo|308/362 tox\n|-damage|p2a: Dondozo|303/362 tox\n|-damage|p2a: Dondozo|299/362 tox\n|-damage|p2a: Dondozo|294/362 tox\n|-damage|p2a: Dondozo|289/362 tox\n|-hitcount|p2a: Dondozo|6\n|\n|-weather|Snow|[upkeep]\n|-heal|p2a: Dondozo|311/362 tox|[from] item: Leftovers\n|-damage|p2a: Dondozo|289/362 tox|[from] psn\n|upkeep\n|turn|4\n|\n|t:|1733488140\n|move|p1a: Fezandipiti|U-turn|p2a: Dondozo\n|-damage|p2a: Dondozo|270/362 tox\n|\n|t:|1733488146\n|switch|p1a: Crawdaunt|Crawdaunt, L84, M|243/243|[from] U-turn\n|move|p2a: Dondozo|Curse|p2a: Dondozo\n|-unboost|p2a: Dondozo|spe|1\n|-boost|p2a: Dondozo|atk|1\n|-boost|p2a: Dondozo|def|1\n|\n|-weather|Snow|[upkeep]\n|-heal|p2a: Dondozo|292/362 tox|[from] item: Leftovers\n|-damage|p2a: Dondozo|248/362 tox|[from] psn\n|upkeep\n|turn|5\n|\n|t:|1733488150\n|move|p1a: Crawdaunt|Knock Off|p2a: Dondozo\n|-damage|p2a: Dondozo|176/362 tox\n|-enditem|p2a: Dondozo|Leftovers|[from] move: Knock Off|[of] p1a: Crawdaunt\n|move|p2a: Dondozo|Rest|p2a: Dondozo\n|-status|p2a: Dondozo|slp|[from] move: Rest\n|-heal|p2a: Dondozo|362/362 slp|[silent]\n|\n|-weather|none\n|upkeep\n|turn|6\n|\n|t:|1733488160\n|switch|p1a: Qwilfish|Qwilfish-Hisui, L83, M|244/244\n|-ability|p1a: Qwilfish|Intimidate|boost\n|-unboost|p2a: Dondozo|atk|1\n|cant|p2a: Dondozo|slp\n|move|p2a: Dondozo|Sleep Talk|p2a: Dondozo\n|move|p2a: Dondozo|Wave Crash|p1a: Qwilfish|[from]move: Sleep Talk\n|-damage|p1a: Qwilfish|171/244\n|-damage|p2a: Dondozo|338/362 slp|[from] Recoil\n|\n|upkeep\n|turn|7\n|\n|t:|1733488171\n|move|p1a: Qwilfish|Toxic Spikes|p2a: Dondozo\n|-sidestart|p2: Yusei1789|move: Toxic Spikes\n|cant|p2a: Dondozo|slp\n|move|p2a: Dondozo|Sleep Talk|p2a: Dondozo\n|move|p2a: Dondozo|Rest||[from]move: Sleep Talk|[still]\n|-fail|p2a: Dondozo\n|\n|upkeep\n|turn|8\n|\n|t:|1733488178\n|switch|p1a: Fezandipiti|Fezandipiti, L82, M|227/278\n|-curestatus|p2a: Dondozo|slp|[msg]\n|move|p2a: Dondozo|Curse|p2a: Dondozo\n|-unboost|p2a: Dondozo|spe|1\n|-boost|p2a: Dondozo|atk|1\n|-boost|p2a: Dondozo|def|1\n|\n|-sideend|p2: Yusei1789|move: Aurora Veil\n|upkeep\n|turn|9\n|\n|t:|1733488183\n|move|p1a: Fezandipiti|Beat Up|p2a: Dondozo\n|-damage|p2a: Dondozo|333/362\n|-damage|p2a: Dondozo|327/362\n|-status|p2a: Dondozo|tox|[from] ability: Toxic Chain|[of] p1a: Fezandipiti\n|-damage|p2a: Dondozo|322/362 tox\n|-damage|p2a: Dondozo|317/362 tox\n|-damage|p2a: Dondozo|311/362 tox\n|-damage|p2a: Dondozo|305/362 tox\n|-hitcount|p2a: Dondozo|6\n|move|p2a: Dondozo|Curse|p2a: Dondozo\n|-unboost|p2a: Dondozo|spe|1\n|-boost|p2a: Dondozo|atk|1\n|-boost|p2a: Dondozo|def|1\n|\n|-damage|p2a: Dondozo|283/362 tox|[from] psn\n|upkeep\n|turn|10\n|\n|t:|1733488188\n|move|p1a: Fezandipiti|Beat Up|p2a: Dondozo\n|-damage|p2a: Dondozo|279/362 tox\n|-damage|p2a: Dondozo|274/362 tox\n|-damage|p2a: Dondozo|270/362 tox\n|-damage|p2a: Dondozo|266/362 tox\n|-damage|p2a: Dondozo|261/362 tox\n|-damage|p2a: Dondozo|256/362 tox\n|-hitcount|p2a: Dondozo|6\n|move|p2a: Dondozo|Rest|p2a: Dondozo\n|-status|p2a: Dondozo|slp|[from] move: Rest\n|-heal|p2a: Dondozo|362/362 slp|[silent]\n|\n|upkeep\n|turn|11\n|\n|t:|1733488190\n|move|p1a: Fezandipiti|U-turn|p2a: Dondozo\n|-damage|p2a: Dondozo|346/362 slp\n|\n|t:|1733488200\n|switch|p1a: Zamazenta|Zamazenta, L71|248/248|[from] U-turn\n|-ability|p1a: Zamazenta|Dauntless Shield|boost\n|-boost|p1a: Zamazenta|def|1\n|cant|p2a: Dondozo|slp\n|move|p2a: Dondozo|Sleep Talk|p2a: Dondozo\n|move|p2a: Dondozo|Wave Crash|p1a: Zamazenta|[from]move: Sleep Talk\n|-damage|p1a: Zamazenta|20/248\n|-damage|p2a: Dondozo|271/362 slp|[from] Recoil\n|\n|upkeep\n|turn|12\n|\n|t:|1733488212\n|-terastallize|p1a: Zamazenta|Fighting\n|move|p1a: Zamazenta|Close Combat|p2a: Dondozo\n|-damage|p2a: Dondozo|199/362 slp\n|-unboost|p1a: Zamazenta|def|1\n|-unboost|p1a: Zamazenta|spd|1\n|cant|p2a: Dondozo|slp\n|move|p2a: Dondozo|Sleep Talk|p2a: Dondozo\n|move|p2a: Dondozo|Rest||[from]move: Sleep Talk|[still]\n|-fail|p2a: Dondozo\n|\n|upkeep\n|turn|13\n|-message|ace_yt23 forfeited.\n|\n|win|Yusei1789\n|raw|ace_yt23's rating: 2222 &rarr; <strong>2202</strong><br />(-20 for losing)\n|raw|Yusei1789's rating: 2227 &rarr; <strong>2247</strong><br />(+20 for winning)\n|l|\u2606ace_yt23\n|player|p1|\n", "inputlog": ">version f27bf860d389bcfdfe10192499dbd80f1998dac7\n>start {\"formatid\":\"gen9randombattle\",\"seed\":[25005,45656,3694,32099],\"rated\":\"Rated battle\"}\n>player p1 {\"name\":\"ace_yt23\",\"avatar\":\"hilda\",\"rating\":2222,\"seed\":[6812,37650,33471,9338]}\n>player p2 {\"name\":\"Yusei1789\",\"avatar\":\"102\",\"rating\":2227,\"seed\":[22455,29063,63075,34866]}\n>p1 move stealthrock\n>p2 move auroraveil\n>p1 switch 6\n>p2 move blizzard\n>p1 move beatup\n>p2 switch 2\n>p1 move uturn\n>p2 move curse\n>p1 switch 3\n>p1 move knockoff\n>p2 move rest\n>p1 switch 2\n>p2 move sleeptalk\n>p1 move toxicspikes\n>p2 move sleeptalk\n>p1 switch 3\n>p2 move curse\n>p1 move beatup\n>p2 move curse\n>p1 move beatup\n>p2 move rest\n>p1 move uturn\n>p2 move sleeptalk\n>p1 switch 5\n>p1 move closecombat terastallize\n>p2 move sleeptalk\n>forcelose p1", "uploadtime": 1733488226, "views": 14, "formatid": "gen9randombattle", "rating": 2202, "private": 0, "password": null}