{"id": "gen9randombattle-2253393253", "format": "[Gen 9] Random Battle", "players": ["useemstohavefun", "RushedRedemption"], "log": "|j|\u2606useemstohavefun\n|j|\u2606RushedRedemption\n|t:|1732887683\n|gametype|singles\n|player|p1|useemstohavefun|thorton|2300\n|player|p2|RushedRedemption|nemona-v|2243\n|teamsize|p1|6\n|teamsize|p2|6\n|gen|9\n|tier|[Gen 9] Random Battle\n|rated|\n|rule|Species Clause: Limit one of each Pok\u00e9mon\n|rule|HP Percentage Mod: HP is shown in percentages\n|rule|Sleep Clause Mod: Limit one foe put to sleep\n|rule|Illusion Level Mod: Illusion disguises the Pok\u00e9mon's true level\n|\n|t:|1732887683\n|start\n|switch|p1a: Porygon-Z|Porygon-Z, L83|277/277\n|switch|p2a: Ogerpon|Ogerpon, L80, F|259/259\n|turn|1\n|inactive|Battle timer is ON: inactive players will automatically lose when time's up. (requested by useemstohavefun)\n|\n|t:|1732887698\n|move|p1a: Porygon-Z|Ice Beam|p2a: Ogerpon\n|-supereffective|p2a: Ogerpon\n|-damage|p2a: Ogerpon|113/259\n|move|p2a: Ogerpon|Ivy Cudgel|p1a: Porygon-Z\n|-damage|p1a: Porygon-Z|141/277\n|\n|upkeep\n|turn|2\n|\n|t:|1732887702\n|switch|p2a: Primarina|Primarina, L83, F|268/268\n|move|p1a: Porygon-Z|Ice Beam|p2a: Primarina\n|-resisted|p2a: Primarina\n|-damage|p2a: Primarina|237/268\n|\n|-heal|p2a: Primarina|253/268|[from] item: Leftovers\n|upkeep\n|turn|3\n|\n|t:|1732887709\n|switch|p1a: Komala|Komala, L89, F|260/260\n|-ability|p1a: Komala|Comatose\n|switch|p2a: Ogerpon|Ogerpon, L80, F|113/259\n|\n|upkeep\n|turn|4\n|\n|t:|1732887717\n|move|p1a: Komala|Double-Edge|p2a: Ogerpon\n|-damage|p2a: Ogerpon|0 fnt\n|faint|p2a: Ogerpon\n|-damage|p1a: Komala|223/260|[from] Recoil\n|\n|upkeep\n|\n|t:|1732887723\n|switch|p2a: Donphan|Donphan, L84, F|288/288\n|turn|5\n|\n|t:|1732887732\n|switch|p1a: Mudsdale|Mudsdale, L84, M|305/305\n|move|p2a: Donphan|Knock Off|p1a: Mudsdale\n|-damage|p1a: Mudsdale|237/305\n|-ability|p1a: Mudsdale|Stamina|boost\n|-boost|p1a: Mudsdale|def|1\n|-enditem|p1a: Mudsdale|Choice Band|[from] move: Knock Off|[of] p2a: Donphan\n|\n|upkeep\n|turn|6\n|\n|t:|1732887740\n|switch|p2a: Dachsbun|Dachsbun, L92, F|254/254\n|move|p1a: Mudsdale|Earthquake|p2a: Dachsbun\n|-damage|p2a: Dachsbun|166/254\n|\n|-heal|p2a: Dachsbun|181/254|[from] item: Leftovers\n|upkeep\n|turn|7\n|\n|t:|1732887747\n|move|p2a: Dachsbun|Wish|p2a: Dachsbun\n|move|p1a: Mudsdale|Heavy Slam|p2a: Dachsbun\n|-supereffective|p2a: Dachsbun\n|-damage|p2a: Dachsbun|25/254\n|\n|-heal|p2a: Dachsbun|40/254|[from] item: Leftovers\n|upkeep\n|turn|8\n|\n|t:|1732887753\n|move|p2a: Dachsbun|Protect|p2a: Dachsbun\n|-singleturn|p2a: Dachsbun|Protect\n|move|p1a: Mudsdale|Earthquake|p2a: Dachsbun\n|-activate|p2a: Dachsbun|move: Protect\n|\n|-heal|p2a: Dachsbun|167/254|[from] move: Wish|[wisher] Dachsbun\n|-heal|p2a: Dachsbun|182/254|[from] item: Leftovers\n|upkeep\n|turn|9\n|\n|t:|1732887761\n|switch|p2a: Brambleghast|Brambleghast, L88, F|240/240\n|move|p1a: Mudsdale|Heavy Slam|p2a: Brambleghast\n|-damage|p2a: Brambleghast|122/240\n|\n|-heal|p2a: Brambleghast|137/240|[from] item: Leftovers\n|upkeep\n|turn|10\n|\n|t:|1732887768\n|move|p2a: Brambleghast|Leech Seed|p1a: Mudsdale\n|-start|p1a: Mudsdale|move: Leech Seed\n|move|p1a: Mudsdale|Heavy Slam|p2a: Brambleghast\n|-damage|p2a: Brambleghast|28/240\n|\n|-heal|p2a: Brambleghast|43/240|[from] item: Leftovers\n|-damage|p1a: Mudsdale|199/305|[from] Leech Seed|[of] p2a: Brambleghast\n|-heal|p2a: Brambleghast|81/240|[silent]\n|upkeep\n|turn|11\n|\n|t:|1732887783\n|switch|p1a: Salamence|Salamence, L77, M|273/273\n|move|p2a: Brambleghast|Substitute|p2a: Brambleghast\n|-start|p2a: Brambleghast|Substitute\n|-damage|p2a: Brambleghast|21/240\n|\n|-heal|p2a: Brambleghast|36/240|[from] item: Leftovers\n|upkeep\n|turn|12\n|\n|t:|1732887798\n|switch|p2a: Donphan|Donphan, L84, F|288/288\n|move|p1a: Salamence|Dual Wingbeat|p2a: Donphan\n|-damage|p2a: Donphan|254/288\n|-damage|p2a: Donphan|217/288\n|-hitcount|p2a: Donphan|2\n|\n|upkeep\n|turn|13\n|\n|t:|1732887828\n|switch|p1a: Komala|Komala, L89, F|223/260\n|-ability|p1a: Komala|Comatose\n|move|p2a: Donphan|Ice Shard|p1a: Komala\n|-damage|p1a: Komala|180/260\n|\n|upkeep\n|turn|14\n|\n|t:|1732887836\n|move|p1a: Komala|Wood Hammer|p2a: Donphan\n|-supereffective|p2a: Donphan\n|-damage|p2a: Donphan|47/288\n|-damage|p1a: Komala|124/260|[from] Recoil\n|move|p2a: Donphan|Earthquake|p1a: Komala\n|-damage|p1a: Komala|0 fnt\n|faint|p1a: Komala\n|\n|upkeep\n|\n|t:|1732887846\n|switch|p1a: Banette|Banette, L93, M|270/270\n|turn|15\n|\n|t:|1732887869\n|move|p2a: Donphan|Ice Shard|p1a: Banette\n|-damage|p1a: Banette|234/270\n|-start|p2a: Donphan|Disable|Ice Shard|[from] ability: Cursed Body|[of] p1a: Banette\n|move|p1a: Banette|Poltergeist|p2a: Donphan\n|-activate|p2a: Donphan|move: Poltergeist|Assault Vest\n|-damage|p2a: Donphan|0 fnt\n|faint|p2a: Donphan\n|-damage|p1a: Banette|207/270|[from] item: Life Orb\n|\n|upkeep\n|\n|t:|1732887884\n|switch|p2a: Pawmot|Pawmot, L80, M|243/243\n|turn|16\n|\n|t:|1732887902\n|move|p2a: Pawmot|Double Shock|p1a: Banette\n|-damage|p1a: Banette|26/270\n|-start|p2a: Pawmot|typechange|???/Fighting|[from] move: Double Shock\n|-damage|p2a: Pawmot|219/243|[from] item: Life Orb\n|move|p1a: Banette|Poltergeist|p2a: Pawmot\n|-activate|p2a: Pawmot|move: Poltergeist|Life Orb\n|-damage|p2a: Pawmot|0 fnt\n|faint|p2a: Pawmot\n|-damage|p1a: Banette|0 fnt|[from] item: Life Orb\n|faint|p1a: Banette\n|\n|upkeep\n|inactive|useemstohavefun has 120 seconds left.\n|\n|t:|1732887922\n|switch|p2a: Primarina|Primarina, L83, F|253/268\n|switch|p1a: Mudsdale|Mudsdale, L84, M|199/305\n|turn|17\n|inactive|useemstohavefun has 120 seconds left.\n|\n|t:|1732887937\n|switch|p1a: Porygon-Z|Porygon-Z, L83|141/277\n|move|p2a: Primarina|Psychic Noise|p1a: Porygon-Z\n|-damage|p1a: Porygon-Z|27/277\n|-start|p1a: Porygon-Z|move: Heal Block\n|\n|-heal|p2a: Primarina|268/268|[from] item: Leftovers\n|upkeep\n|turn|18\n|inactive|useemstohavefun has 120 seconds left.\n|\n|t:|1732887948\n|move|p1a: Porygon-Z|Trick|p2a: Primarina\n|-activate|p1a: Porygon-Z|move: Trick|[of] p2a: Primarina\n|-item|p2a: Primarina|Choice Scarf|[from] move: Trick\n|-item|p1a: Porygon-Z|Leftovers|[from] move: Trick\n|move|p2a: Primarina|Draining Kiss|p1a: Porygon-Z\n|-damage|p1a: Porygon-Z|0 fnt\n|faint|p1a: Porygon-Z\n|\n|upkeep\n|inactive|useemstohavefun has 120 seconds left.\n|j| soulkid13\n|\n|t:|1732887954\n|switch|p1a: Magcargo|Magcargo, L95, F|268/268\n|turn|19\n|\n|t:|1732887959\n|switch|p2a: Dachsbun|Dachsbun, L92, F|182/254\n|move|p1a: Magcargo|Power Gem|p2a: Dachsbun\n|-damage|p2a: Dachsbun|71/254\n|\n|-heal|p2a: Dachsbun|86/254|[from] item: Leftovers\n|upkeep\n|turn|20\n|\n|t:|1732887965\n|move|p2a: Dachsbun|Protect|p2a: Dachsbun\n|-singleturn|p2a: Dachsbun|Protect\n|move|p1a: Magcargo|Power Gem|p2a: Dachsbun\n|-activate|p2a: Dachsbun|move: Protect\n|\n|-heal|p2a: Dachsbun|101/254|[from] item: Leftovers\n|upkeep\n|turn|21\n|\n|t:|1732887971\n|switch|p2a: Primarina|Primarina, L83, F|268/268\n|move|p1a: Magcargo|Power Gem|p2a: Primarina\n|-damage|p2a: Primarina|177/268\n|\n|upkeep\n|turn|22\n|\n|t:|1732887977\n|switch|p2a: Dachsbun|Dachsbun, L92, F|101/254\n|-terastallize|p1a: Magcargo|Dragon\n|move|p1a: Magcargo|Stealth Rock|p2a: Dachsbun\n|-sidestart|p2: RushedRedemption|move: Stealth Rock\n|\n|-heal|p2a: Dachsbun|116/254|[from] item: Leftovers\n|upkeep\n|turn|23\n|l| soulkid13\n|\n|t:|1732887991\n|switch|p1a: Mudsdale|Mudsdale, L84, M|199/305\n|move|p2a: Dachsbun|Wish|p2a: Dachsbun\n|\n|-heal|p2a: Dachsbun|131/254|[from] item: Leftovers\n|upkeep\n|turn|24\n|\n|t:|1732887999\n|move|p2a: Dachsbun|Protect|p2a: Dachsbun\n|-singleturn|p2a: Dachsbun|Protect\n|move|p1a: Mudsdale|Earthquake|p2a: Dachsbun\n|-activate|p2a: Dachsbun|move: Protect\n|\n|-heal|p2a: Dachsbun|254/254|[from] move: Wish|[wisher] Dachsbun\n|upkeep\n|turn|25\n|\n|t:|1732888005\n|move|p2a: Dachsbun|Play Rough|p1a: Mudsdale|[miss]\n|-miss|p2a: Dachsbun|p1a: Mudsdale\n|move|p1a: Mudsdale|Heavy Slam|p2a: Dachsbun\n|-supereffective|p2a: Dachsbun\n|-damage|p2a: Dachsbun|108/254\n|\n|-heal|p2a: Dachsbun|123/254|[from] item: Leftovers\n|upkeep\n|turn|26\n|\n|t:|1732888010\n|move|p2a: Dachsbun|Protect|p2a: Dachsbun\n|-singleturn|p2a: Dachsbun|Protect\n|move|p1a: Mudsdale|Heavy Slam|p2a: Dachsbun\n|-activate|p2a: Dachsbun|move: Protect\n|\n|-heal|p2a: Dachsbun|138/254|[from] item: Leftovers\n|upkeep\n|turn|27\n|\n|t:|1732888017\n|move|p2a: Dachsbun|Wish|p2a: Dachsbun\n|move|p1a: Mudsdale|Heavy Slam|p2a: Dachsbun\n|-supereffective|p2a: Dachsbun\n|-damage|p2a: Dachsbun|0 fnt\n|faint|p2a: Dachsbun\n|\n|upkeep\n|\n|t:|1732888023\n|switch|p2a: Primarina|Primarina, L83, F|177/268\n|-damage|p2a: Primarina|144/268|[from] Stealth Rock\n|turn|28\n|\n|t:|1732888028\n|move|p2a: Primarina|Moonblast|p1a: Mudsdale\n|-damage|p1a: Mudsdale|67/305\n|-ability|p1a: Mudsdale|Stamina|boost\n|-boost|p1a: Mudsdale|def|1\n|move|p1a: Mudsdale|Earthquake|p2a: Primarina\n|-damage|p2a: Primarina|0 fnt\n|faint|p2a: Primarina\n|\n|upkeep\n|-message|RushedRedemption forfeited.\n|\n|win|useemstohavefun\n|raw|useemstohavefun's rating: 2300 &rarr; <strong>2317</strong><br />(+17 for winning)\n|raw|RushedRedemption's rating: 2243 &rarr; <strong>2226</strong><br />(-17 for losing)\n|l|\u2606RushedRedemption\n|player|p2|\n", "inputlog": ">version b107d77f5c90bd6555267ae244a6264823309ead\n>start {\"formatid\":\"gen9randombattle\",\"seed\":[59511,35955,22142,10579],\"rated\":\"Rated battle\"}\n>player p1 {\"name\":\"useemstohavefun\",\"avatar\":\"thorton\",\"rating\":2300,\"seed\":[59537,54000,62113,58474]}\n>player p2 {\"name\":\"RushedRedemption\",\"avatar\":\"nemona-v\",\"rating\":2243,\"seed\":[38071,15951,31073,50795]}\n>p1 move icebeam\n>p2 move ivycudgel\n>p1 move icebeam\n>p2 switch 4\n>p1 switch 3\n>p2 switch 4\n>p1 move doubleedge\n>p2 move uturn\n>p2 switch 2\n>p1 switch 5\n>p2 move knockoff\n>p1 move earthquake\n>p2 switch 6\n>p1 move heavyslam\n>p2 move wish\n>p1 move earthquake\n>p2 move protect\n>p1 move heavyslam\n>p2 switch 5\n>p1 move heavyslam\n>p2 move leechseed\n>p1 switch 2\n>p2 move substitute\n>p1 move dualwingbeat\n>p2 switch 6\n>p1 switch 5\n>p2 move iceshard\n>p1 move woodhammer\n>p2 move earthquake\n>p1 switch 6\n>p1 move poltergeist\n>p2 move iceshard\n>p2 switch 3\n>p1 move poltergeist\n>p2 move doubleshock\n>p1 switch 2\n>p2 switch 4\n>p1 switch 3\n>p2 move psychicnoise\n>p1 move trick\n>p2 move drainingkiss\n>p1 switch 4\n>p1 move powergem\n>p2 switch 5\n>p1 move powergem\n>p2 move protect\n>p1 move powergem\n>p2 switch 5\n>p1 move stealthrock terastallize\n>p2 switch 5\n>p1 switch 3\n>p2 move wish\n>p1 move earthquake\n>p2 move protect\n>p1 move heavyslam\n>p2 move playrough\n>p1 move heavyslam\n>p2 move protect\n>p1 move heavyslam\n>p2 move wish\n>p2 switch 5\n>p1 move earthquake\n>p2 move moonblast\n>forcelose p2", "uploadtime": 1732888037, "views": 13, "formatid": "gen9randombattle", "rating": 2226, "private": 0, "password": null}