{"id": "gen9randombattle-2260717818", "format": "[Gen 9] Random Battle", "players": ["pro_simulator_", "nzxs"], "log": "|j|\u2606pro_simulator_\n|j|\u2606nzxs\n|t:|1733882376\n|gametype|singles\n|player|p1|pro_simulator_|koga|1232\n|player|p2|nzxs|102|1235\n|teamsize|p1|6\n|teamsize|p2|6\n|gen|9\n|tier|[Gen 9] Random Battle\n|rated|\n|rule|Species Clause: Limit one of each Pok\u00e9mon\n|rule|HP Percentage Mod: HP is shown in percentages\n|rule|Sleep Clause Mod: Limit one foe put to sleep\n|rule|Illusion Level Mod: Illusion disguises the Pok\u00e9mon's true level\n|\n|t:|1733882376\n|start\n|switch|p1a: Walking Wake|Walking Wake, L79|286/286\n|switch|p2a: Electivire|Electivire, L84, M|263/263\n|turn|1\n|inactive|Battle timer is ON: inactive players will automatically lose when time's up. (requested by pro_simulator_)\n|\n|t:|1733882391\n|move|p1a: Walking Wake|Sunny Day|p1a: Walking Wake\n|-weather|SunnyDay\n|-activate|p1a: Walking Wake|ability: Protosynthesis\n|-start|p1a: Walking Wake|protosynthesisspa\n|move|p2a: Electivire|Knock Off|p1a: Walking Wake\n|-damage|p1a: Walking Wake|179/286\n|-enditem|p1a: Walking Wake|Life Orb|[from] move: Knock Off|[of] p2a: Electivire\n|-damage|p2a: Electivire|237/263|[from] item: Life Orb\n|\n|-weather|SunnyDay|[upkeep]\n|upkeep\n|turn|2\n|\n|t:|1733882401\n|move|p1a: Walking Wake|Flamethrower|p2a: Electivire\n|-damage|p2a: Electivire|98/263\n|move|p2a: Electivire|Supercell Slam|p1a: Walking Wake\n|-damage|p1a: Walking Wake|6/286\n|-damage|p2a: Electivire|72/263|[from] item: Life Orb\n|\n|-weather|SunnyDay|[upkeep]\n|upkeep\n|turn|3\n|\n|t:|1733882409\n|move|p1a: Walking Wake|Flamethrower|p2a: Electivire\n|-damage|p2a: Electivire|0 fnt\n|faint|p2a: Electivire\n|\n|-weather|SunnyDay|[upkeep]\n|upkeep\n|\n|t:|1733882424\n|switch|p2a: Ambipom|Ambipom, L84, M|263/263\n|turn|4\n|inactive|pro_simulator_ has 120 seconds left.\n|\n|t:|1733882456\n|-end|p1a: Walking Wake|Protosynthesis|[silent]\n|switch|p1a: Skuntank|Skuntank, L84, M|310/310\n|move|p2a: Ambipom|Fake Out|p1a: Skuntank\n|-damage|p1a: Skuntank|214/310\n|\n|-weather|SunnyDay|[upkeep]\n|upkeep\n|turn|5\n|\n|t:|1733882479\n|move|p2a: Ambipom|Knock Off|p1a: Skuntank\n|-resisted|p1a: Skuntank\n|-damage|p1a: Skuntank|172/310\n|-enditem|p1a: Skuntank|Life Orb|[from] move: Knock Off|[of] p2a: Ambipom\n|move|p1a: Skuntank|Knock Off|p2a: Ambipom\n|-damage|p2a: Ambipom|148/263\n|-enditem|p2a: Ambipom|Silk Scarf|[from] move: Knock Off|[of] p1a: Skuntank\n|\n|-weather|none\n|upkeep\n|turn|6\n|\n|t:|1733882490\n|move|p2a: Ambipom|Double-Edge|p1a: Skuntank\n|-damage|p1a: Skuntank|10/310\n|-damage|p2a: Ambipom|95/263|[from] Recoil\n|move|p1a: Skuntank|Toxic Spikes|p2a: Ambipom\n|-sidestart|p2: nzxs|move: Toxic Spikes\n|\n|upkeep\n|turn|7\n|\n|t:|1733882499\n|move|p2a: Ambipom|Knock Off|p1a: Skuntank\n|-resisted|p1a: Skuntank\n|-damage|p1a: Skuntank|0 fnt\n|-damage|p2a: Ambipom|30/263|[from] ability: Aftermath|[of] p1a: Skuntank\n|faint|p1a: Skuntank\n|\n|upkeep\n|\n|t:|1733882509\n|switch|p1a: Urshifu|Urshifu-Rapid-Strike, L75, M|274/274\n|turn|8\n|\n|t:|1733882518\n|move|p1a: Urshifu|U-turn|p2a: Ambipom\n|-damage|p2a: Ambipom|0 fnt\n|faint|p2a: Ambipom\n|\n|t:|1733882525\n|switch|p1a: Bombirdier|Bombirdier, L85, M|258/258|[from] U-turn\n|\n|upkeep\n|\n|t:|1733882539\n|switch|p2a: Perrserker|Perrserker, L89, M|269/269\n|turn|9\n|\n|t:|1733882551\n|move|p1a: Bombirdier|Knock Off|p2a: Perrserker\n|-damage|p2a: Perrserker|169/269\n|-enditem|p2a: Perrserker|Life Orb|[from] move: Knock Off|[of] p1a: Bombirdier\n|move|p2a: Perrserker|Close Combat|p1a: Bombirdier\n|-damage|p1a: Bombirdier|117/258\n|-unboost|p2a: Perrserker|def|1\n|-unboost|p2a: Perrserker|spd|1\n|\n|upkeep\n|turn|10\n|l|\u2606pro_simulator_\n|inactive|pro_simulator_ disconnected and has a minute to reconnect!\n|player|p1|\n|j|\u2606pro_simulator_\n|inactive|pro_simulator_ reconnected and has 120 seconds left.\n|player|p1|pro_simulator_|koga|\n|\n|t:|1733882593\n|move|p1a: Bombirdier|Brave Bird|p2a: Perrserker\n|-resisted|p2a: Perrserker\n|-damage|p2a: Perrserker|80/269\n|-damage|p1a: Bombirdier|88/258|[from] Recoil\n|move|p2a: Perrserker|Close Combat|p1a: Bombirdier\n|-damage|p1a: Bombirdier|0 fnt\n|-unboost|p2a: Perrserker|def|1\n|-unboost|p2a: Perrserker|spd|1\n|faint|p1a: Bombirdier\n|\n|upkeep\n|\n|t:|1733882602\n|switch|p1a: Walking Wake|Walking Wake, L79|6/286\n|turn|11\n|\n|t:|1733882614\n|move|p1a: Walking Wake|Flamethrower|p2a: Perrserker\n|-supereffective|p2a: Perrserker\n|-damage|p2a: Perrserker|0 fnt\n|faint|p2a: Perrserker\n|\n|upkeep\n|\n|t:|1733882621\n|switch|p2a: Garganacl|Garganacl, L80, M|291/291\n|turn|12\n|\n|t:|1733882629\n|move|p1a: Walking Wake|Hydro Steam|p2a: Garganacl\n|-supereffective|p2a: Garganacl\n|-damage|p2a: Garganacl|93/291\n|move|p2a: Garganacl|Salt Cure|p1a: Walking Wake\n|-damage|p1a: Walking Wake|0 fnt\n|faint|p1a: Walking Wake\n|-end|p1a: Walking Wake|Protosynthesis|[silent]\n|\n|-heal|p2a: Garganacl|111/291|[from] item: Leftovers\n|upkeep\n|\n|t:|1733882640\n|switch|p1a: Urshifu|Urshifu-Rapid-Strike, L75, M|274/274\n|turn|13\n|\n|t:|1733882648\n|-terastallize|p2a: Garganacl|Dragon\n|move|p1a: Urshifu|Surging Strikes|p2a: Garganacl\n|-resisted|p2a: Garganacl\n|-crit|p2a: Garganacl\n|-damage|p2a: Garganacl|96/291\n|-resisted|p2a: Garganacl\n|-crit|p2a: Garganacl\n|-damage|p2a: Garganacl|79/291\n|-resisted|p2a: Garganacl\n|-crit|p2a: Garganacl\n|-damage|p2a: Garganacl|62/291\n|-hitcount|p2a: Garganacl|3\n|move|p2a: Garganacl|Recover|p2a: Garganacl\n|-heal|p2a: Garganacl|208/291\n|\n|-heal|p2a: Garganacl|226/291|[from] item: Leftovers\n|upkeep\n|turn|14\n|\n|t:|1733882661\n|switch|p1a: Cresselia|Cresselia, L80, F|323/323\n|move|p2a: Garganacl|Salt Cure|p1a: Cresselia\n|-damage|p1a: Cresselia|287/323\n|-start|p1a: Cresselia|Salt Cure\n|\n|-heal|p1a: Cresselia|307/323|[from] item: Leftovers\n|-heal|p2a: Garganacl|244/291|[from] item: Leftovers\n|-damage|p1a: Cresselia|267/323|[from] Salt Cure\n|upkeep\n|turn|15\n|\n|t:|1733882673\n|move|p2a: Garganacl|Protect|p2a: Garganacl\n|-singleturn|p2a: Garganacl|Protect\n|move|p1a: Cresselia|Moonblast|p2a: Garganacl\n|-activate|p2a: Garganacl|move: Protect\n|\n|-heal|p1a: Cresselia|287/323|[from] item: Leftovers\n|-heal|p2a: Garganacl|262/291|[from] item: Leftovers\n|-damage|p1a: Cresselia|247/323|[from] Salt Cure\n|upkeep\n|turn|16\n|\n|t:|1733882688\n|switch|p2a: Gothitelle|Gothitelle, L90, M|272/272\n|-status|p2a: Gothitelle|psn\n|move|p1a: Cresselia|Moonblast|p2a: Gothitelle\n|-damage|p2a: Gothitelle|230/272 psn\n|\n|-heal|p1a: Cresselia|267/323|[from] item: Leftovers\n|-heal|p2a: Gothitelle|247/272 psn|[from] item: Leftovers\n|-damage|p2a: Gothitelle|213/272 psn|[from] psn\n|-damage|p1a: Cresselia|227/323|[from] Salt Cure\n|upkeep\n|turn|17\n|\n|t:|1733882700\n|move|p1a: Cresselia|Moonlight|p1a: Cresselia\n|-heal|p1a: Cresselia|323/323\n|move|p2a: Gothitelle|Dark Pulse|p1a: Cresselia\n|-supereffective|p1a: Cresselia\n|-crit|p1a: Cresselia\n|-damage|p1a: Cresselia|173/323\n|\n|-heal|p1a: Cresselia|193/323|[from] item: Leftovers\n|-heal|p2a: Gothitelle|230/272 psn|[from] item: Leftovers\n|-damage|p2a: Gothitelle|196/272 psn|[from] psn\n|-damage|p1a: Cresselia|153/323|[from] Salt Cure\n|upkeep\n|turn|18\n|\n|t:|1733882712\n|move|p1a: Cresselia|Moonlight|p1a: Cresselia\n|-heal|p1a: Cresselia|314/323\n|move|p2a: Gothitelle|Thunder Wave|p1a: Cresselia\n|-status|p1a: Cresselia|par\n|\n|-heal|p2a: Gothitelle|213/272 psn|[from] item: Leftovers\n|-heal|p1a: Cresselia|323/323 par|[from] item: Leftovers\n|-damage|p2a: Gothitelle|179/272 psn|[from] psn\n|-damage|p1a: Cresselia|283/323 par|[from] Salt Cure\n|upkeep\n|turn|19\n|\n|t:|1733882722\n|move|p2a: Gothitelle|Dark Pulse|p1a: Cresselia\n|-supereffective|p1a: Cresselia\n|-damage|p1a: Cresselia|177/323 par\n|cant|p1a: Cresselia|par\n|\n|-heal|p2a: Gothitelle|196/272 psn|[from] item: Leftovers\n|-heal|p1a: Cresselia|197/323 par|[from] item: Leftovers\n|-damage|p2a: Gothitelle|162/272 psn|[from] psn\n|-damage|p1a: Cresselia|157/323 par|[from] Salt Cure\n|upkeep\n|turn|20\n|\n|t:|1733882731\n|move|p2a: Gothitelle|Dark Pulse|p1a: Cresselia\n|-supereffective|p1a: Cresselia\n|-damage|p1a: Cresselia|53/323 par\n|move|p1a: Cresselia|Moonlight|p1a: Cresselia\n|-heal|p1a: Cresselia|214/323 par\n|\n|-heal|p2a: Gothitelle|179/272 psn|[from] item: Leftovers\n|-heal|p1a: Cresselia|234/323 par|[from] item: Leftovers\n|-damage|p2a: Gothitelle|145/272 psn|[from] psn\n|-damage|p1a: Cresselia|194/323 par|[from] Salt Cure\n|upkeep\n|turn|21\n|\n|t:|1733882742\n|move|p2a: Gothitelle|Psychic Noise|p1a: Cresselia\n|-resisted|p1a: Cresselia\n|-damage|p1a: Cresselia|158/323 par\n|-start|p1a: Cresselia|move: Heal Block\n|cant|p1a: Cresselia|move: Heal Block|Moonlight\n|\n|-heal|p2a: Gothitelle|162/272 psn|[from] item: Leftovers\n|-damage|p2a: Gothitelle|128/272 psn|[from] psn\n|-damage|p1a: Cresselia|118/323 par|[from] Salt Cure\n|upkeep\n|turn|22\n|\n|t:|1733882752\n|move|p2a: Gothitelle|Dark Pulse|p1a: Cresselia\n|-supereffective|p1a: Cresselia\n|-damage|p1a: Cresselia|14/323 par\n|move|p1a: Cresselia|Moonblast|p2a: Gothitelle\n|-damage|p2a: Gothitelle|85/272 psn\n|-unboost|p2a: Gothitelle|spa|1\n|\n|-heal|p2a: Gothitelle|102/272 psn|[from] item: Leftovers\n|-damage|p2a: Gothitelle|68/272 psn|[from] psn\n|-damage|p1a: Cresselia|0 fnt|[from] Salt Cure\n|faint|p1a: Cresselia\n|upkeep\n|\n|t:|1733882766\n|switch|p1a: Urshifu|Urshifu-Rapid-Strike, L75, M|274/274\n|turn|23\n|\n|t:|1733882771\n|move|p1a: Urshifu|U-turn|p2a: Gothitelle\n|-supereffective|p2a: Gothitelle\n|-damage|p2a: Gothitelle|0 fnt\n|faint|p2a: Gothitelle\n|\n|t:|1733882775\n|switch|p1a: Sunflora|Sunflora, M|312/312|[from] U-turn\n|\n|upkeep\n|\n|t:|1733882782\n|switch|p2a: Garganacl|Garganacl, L80, M, tera:Dragon|262/291\n|turn|24\n|\n|t:|1733882797\n|move|p1a: Sunflora|Sunny Day|p1a: Sunflora\n|-weather|SunnyDay\n|move|p2a: Garganacl|Body Press|p1a: Sunflora\n|-damage|p1a: Sunflora|230/312\n|\n|-weather|SunnyDay|[upkeep]\n|-heal|p2a: Garganacl|280/291|[from] item: Leftovers\n|upkeep\n|turn|25\n|\n|t:|1733882805\n|move|p1a: Sunflora|Earth Power|p2a: Garganacl\n|-damage|p2a: Garganacl|157/291\n|-unboost|p2a: Garganacl|spd|1\n|-damage|p1a: Sunflora|199/312|[from] item: Life Orb\n|move|p2a: Garganacl|Salt Cure|p1a: Sunflora\n|-damage|p1a: Sunflora|148/312\n|-start|p1a: Sunflora|Salt Cure\n|\n|-weather|SunnyDay|[upkeep]\n|-heal|p2a: Garganacl|175/291|[from] item: Leftovers\n|-damage|p1a: Sunflora|109/312|[from] Salt Cure\n|upkeep\n|turn|26\n|\n|t:|1733882815\n|move|p2a: Garganacl|Protect|p2a: Garganacl\n|-singleturn|p2a: Garganacl|Protect\n|move|p1a: Sunflora|Earth Power|p2a: Garganacl\n|-activate|p2a: Garganacl|move: Protect\n|\n|-weather|SunnyDay|[upkeep]\n|-heal|p2a: Garganacl|193/291|[from] item: Leftovers\n|-damage|p1a: Sunflora|70/312|[from] Salt Cure\n|upkeep\n|turn|27\n|\n|t:|1733882825\n|move|p1a: Sunflora|Earth Power|p2a: Garganacl\n|-damage|p2a: Garganacl|0 fnt\n|faint|p2a: Garganacl\n|-damage|p1a: Sunflora|39/312|[from] item: Life Orb\n|\n|-weather|SunnyDay|[upkeep]\n|-damage|p1a: Sunflora|0 fnt|[from] Salt Cure\n|faint|p1a: Sunflora\n|upkeep\n|\n|t:|1733882832\n|switch|p1a: Urshifu|Urshifu-Rapid-Strike, L75, M|274/274\n|switch|p2a: Palkia|Palkia, L75|259/259\n|-status|p2a: Palkia|psn\n|-ability|p2a: Palkia|Pressure\n|turn|28\n|\n|t:|1733882846\n|move|p1a: Urshifu|Ice Spinner|p2a: Palkia\n|-damage|p2a: Palkia|204/259 psn\n|move|p2a: Palkia|Thunder Wave|p1a: Urshifu\n|-status|p1a: Urshifu|par\n|\n|-weather|none\n|-damage|p2a: Palkia|172/259 psn|[from] psn\n|upkeep\n|turn|29\n|\n|t:|1733882856\n|move|p2a: Palkia|Spacial Rend|p1a: Urshifu|[miss]\n|-miss|p2a: Palkia|p1a: Urshifu\n|move|p1a: Urshifu|Ice Spinner|p2a: Palkia\n|-damage|p2a: Palkia|111/259 psn\n|\n|-damage|p2a: Palkia|79/259 psn|[from] psn\n|upkeep\n|turn|30\n|\n|t:|1733882865\n|move|p2a: Palkia|Spacial Rend|p1a: Urshifu\n|-damage|p1a: Urshifu|73/274 par\n|move|p1a: Urshifu|Ice Spinner|p2a: Palkia\n|-damage|p2a: Palkia|24/259 psn\n|\n|-damage|p2a: Palkia|0 fnt|[from] psn\n|faint|p2a: Palkia\n|\n|win|pro_simulator_\n|upkeep\n|raw|pro_simulator_'s rating: 1232 &rarr; <strong>1257</strong><br />(+25 for winning)\n|raw|nzxs's rating: 1235 &rarr; <strong>1210</strong><br />(-25 for losing)\n", "inputlog": ">version bfd83cad13791eb5a5a409923076391caf6fb4d4\n>start {\"formatid\":\"gen9randombattle\",\"seed\":[43101,40085,42039,61208],\"rated\":\"Rated battle\"}\n>player p1 {\"name\":\"pro_simulator_\",\"avatar\":\"koga\",\"rating\":1232,\"seed\":[20841,44446,58080,5563]}\n>player p2 {\"name\":\"nzxs\",\"avatar\":\"102\",\"rating\":1235,\"seed\":[10201,17376,41267,21812]}\n>p1 move sunnyday\n>p2 move knockoff\n>p1 move flamethrower\n>p2 move supercellslam\n>p1 move flamethrower\n>p2 move voltswitch\n>p2 switch 3\n>p1 switch 4\n>p2 move fakeout\n>p1 move knockoff\n>p2 move knockoff\n>p1 move toxicspikes\n>p2 move doubleedge\n>p1 move toxicspikes\n>p2 move knockoff\n>p1 switch 5\n>p1 move uturn\n>p2 move doubleedge\n>p1 switch 6\n>p2 switch 4\n>p1 move knockoff\n>p2 move closecombat\n>p1 move bravebird\n>p2 move closecombat\n>p1 switch 4\n>p1 move flamethrower\n>p2 move ironhead\n>p2 switch 5\n>p1 move hydrosteam\n>p2 move saltcure\n>p1 switch 6\n>p1 move surgingstrikes\n>p2 move recover terastallize\n>p1 switch 3\n>p2 move saltcure\n>p1 move moonblast\n>p2 move protect\n>p1 move moonblast\n>p2 switch 6\n>p1 move moonlight\n>p2 move darkpulse\n>p1 move moonlight\n>p2 move thunderwave\n>p1 move moonblast\n>p2 move darkpulse\n>p1 move moonlight\n>p2 move darkpulse\n>p1 move moonlight\n>p2 move psychicnoise\n>p1 move moonblast\n>p2 move darkpulse\n>p1 switch 3\n>p1 move uturn\n>p2 move thunderwave\n>p1 switch 2\n>p2 switch 6\n>p1 move sunnyday\n>p2 move bodypress\n>p1 move earthpower\n>p2 move saltcure\n>p1 move earthpower\n>p2 move protect\n>p1 move earthpower\n>p2 move recover\n>p1 switch 2\n>p2 switch 2\n>p1 move icespinner\n>p2 move thunderwave\n>p1 move icespinner\n>p2 move spacialrend\n>p1 move icespinner\n>p2 move spacialrend", "uploadtime": 1733882873, "views": 1, "formatid": "gen9randombattle", "rating": 1210, "private": 0, "password": null}