{"id": "gen9randombattle-2134259768", "format": "[Gen 9] Random Battle", "players": ["Tusclomb", "TriniPlayer"], "log": "|j|\u2606Tusclomb\n|j|\u2606TriniPlayer\n|t:|1717169490\n|gametype|singles\n|player|p1|Tusclomb|skier|2274\n|player|p2|TriniPlayer|ingo|2305\n|teamsize|p1|6\n|teamsize|p2|6\n|gen|9\n|tier|[Gen 9] Random Battle\n|rated|\n|rule|Species Clause: Limit one of each Pok\u00e9mon\n|rule|HP Percentage Mod: HP is shown in percentages\n|rule|Sleep Clause Mod: Limit one foe put to sleep\n|rule|Illusion Level Mod: Illusion disguises the Pok\u00e9mon's true level\n|\n|t:|1717169490\n|start\n|switch|p1a: Sandy Shocks|Sandy Shocks, L80|267/267\n|switch|p2a: Heatran|Heatran, L79, M|273/273\n|-item|p2a: Heatran|Air Balloon\n|turn|1\n|inactive|Battle timer is ON: inactive players will automatically lose when time's up. (requested by TriniPlayer)\n|\n|t:|1717169512\n|move|p1a: Sandy Shocks|Spikes|p2a: Heatran\n|-sidestart|p2: TriniPlayer|Spikes\n|move|p2a: Heatran|Earth Power|p1a: Sandy Shocks\n|-supereffective|p1a: Sandy Shocks\n|-damage|p1a: Sandy Shocks|113/267\n|\n|upkeep\n|turn|2\n|\n|t:|1717169524\n|move|p1a: Sandy Shocks|Volt Switch|p2a: Heatran\n|-damage|p2a: Heatran|192/273\n|-enditem|p2a: Heatran|Air Balloon\n|\n|t:|1717169531\n|-end|p1a: Sandy Shocks|Protosynthesis|[silent]\n|switch|p1a: Porygon2|Porygon2, L82|274/274|[from] Volt Switch\n|-ability|p1a: Porygon2|Download|boost\n|-boost|p1a: Porygon2|spa|1\n|move|p2a: Heatran|Stealth Rock|p1a: Porygon2\n|-sidestart|p1: Tusclomb|move: Stealth Rock\n|\n|upkeep\n|turn|3\n|\n|t:|1717169539\n|switch|p2a: Munkidori|Munkidori, L79, M|269/269\n|-damage|p2a: Munkidori|236/269|[from] Spikes\n|move|p1a: Porygon2|Thunder Wave|p2a: Munkidori\n|-status|p2a: Munkidori|par\n|\n|upkeep\n|turn|4\n|\n|t:|1717169551\n|switch|p1a: Orthworm|Orthworm, L88, F|266/266\n|-damage|p1a: Orthworm|250/266|[from] Stealth Rock\n|move|p2a: Munkidori|Psychic Noise|p1a: Orthworm\n|-resisted|p1a: Orthworm\n|-damage|p1a: Orthworm|194/266\n|-start|p1a: Orthworm|move: Heal Block\n|\n|upkeep\n|turn|5\n|\n|t:|1717169568\n|move|p1a: Orthworm|Stealth Rock|p2a: Munkidori\n|-sidestart|p2: TriniPlayer|move: Stealth Rock\n|cant|p2a: Munkidori|par\n|\n|-end|p1a: Orthworm|move: Heal Block\n|upkeep\n|turn|6\n|\n|t:|1717169597\n|move|p1a: Orthworm|Spikes|p2a: Munkidori\n|-sidestart|p2: TriniPlayer|Spikes\n|cant|p2a: Munkidori|par\n|\n|-heal|p1a: Orthworm|210/266|[from] item: Leftovers\n|upkeep\n|turn|7\n|\n|t:|1717169600\n|switch|p2a: Sandslash|Sandslash, L88, F|275/275\n|-damage|p2a: Sandslash|230/275|[from] Spikes\n|-damage|p2a: Sandslash|213/275|[from] Stealth Rock\n|move|p1a: Orthworm|Spikes|p2a: Sandslash\n|-sidestart|p2: TriniPlayer|Spikes\n|\n|-heal|p1a: Orthworm|226/266|[from] item: Leftovers\n|-heal|p2a: Sandslash|230/275|[from] item: Leftovers\n|upkeep\n|turn|8\n|inactive|Tusclomb has 120 seconds left.\n|\n|t:|1717169631\n|-terastallize|p1a: Orthworm|Ghost\n|move|p2a: Sandslash|Rapid Spin|p1a: Orthworm\n|-immune|p1a: Orthworm\n|move|p1a: Orthworm|Body Press|p2a: Sandslash\n|-damage|p2a: Sandslash|154/275\n|\n|-heal|p2a: Sandslash|171/275|[from] item: Leftovers\n|-heal|p1a: Orthworm|242/266|[from] item: Leftovers\n|upkeep\n|turn|9\n|inactive|Tusclomb has 120 seconds left.\n|\n|t:|1717169641\n|switch|p2a: Farigiraf|Farigiraf, L91, M|366/366\n|-damage|p2a: Farigiraf|275/366|[from] Spikes\n|-damage|p2a: Farigiraf|230/366|[from] Stealth Rock\n|move|p1a: Orthworm|Iron Head|p2a: Farigiraf\n|-damage|p2a: Farigiraf|131/366\n|\n|-heal|p1a: Orthworm|258/266|[from] item: Leftovers\n|-heal|p2a: Farigiraf|153/366|[from] item: Leftovers\n|upkeep\n|turn|10\n|inactive|Tusclomb has 120 seconds left.\n|\n|t:|1717169671\n|switch|p1a: Porygon2|Porygon2, L82|274/274\n|-damage|p1a: Porygon2|240/274|[from] Stealth Rock\n|-ability|p1a: Porygon2|Download|boost\n|-boost|p1a: Porygon2|spa|1\n|move|p2a: Farigiraf|Wish|p2a: Farigiraf\n|\n|-heal|p2a: Farigiraf|175/366|[from] item: Leftovers\n|upkeep\n|turn|11\n|\n|t:|1717169683\n|move|p2a: Farigiraf|Future Sight|p1a: Porygon2\n|-start|p2a: Farigiraf|move: Future Sight\n|move|p1a: Porygon2|Tera Blast|p2a: Farigiraf\n|-damage|p2a: Farigiraf|28/366\n|\n|-heal|p2a: Farigiraf|211/366|[from] move: Wish|[wisher] Farigiraf\n|-heal|p2a: Farigiraf|233/366|[from] item: Leftovers\n|upkeep\n|turn|12\n|\n|t:|1717169693\n|move|p2a: Farigiraf|Hyper Voice|p1a: Porygon2\n|-damage|p1a: Porygon2|162/274\n|move|p1a: Porygon2|Thunder Wave|p2a: Farigiraf\n|-status|p2a: Farigiraf|par\n|\n|-heal|p2a: Farigiraf|255/366 par|[from] item: Leftovers\n|upkeep\n|turn|13\n|\n|t:|1717169702\n|move|p1a: Porygon2|Recover|p1a: Porygon2\n|-heal|p1a: Porygon2|274/274\n|move|p2a: Farigiraf|Hyper Voice|p1a: Porygon2\n|-damage|p1a: Porygon2|190/274\n|\n|-end|p1a: Porygon2|move: Future Sight\n|-damage|p1a: Porygon2|90/274\n|-heal|p2a: Farigiraf|277/366 par|[from] item: Leftovers\n|upkeep\n|turn|14\n|inactive|Tusclomb has 120 seconds left.\n|\n|t:|1717169707\n|move|p1a: Porygon2|Recover|p1a: Porygon2\n|-heal|p1a: Porygon2|227/274\n|cant|p2a: Farigiraf|par\n|\n|-heal|p2a: Farigiraf|299/366 par|[from] item: Leftovers\n|upkeep\n|turn|15\n|\n|t:|1717169715\n|move|p1a: Porygon2|Tera Blast|p2a: Farigiraf\n|-damage|p2a: Farigiraf|160/366 par\n|move|p2a: Farigiraf|Wish|p2a: Farigiraf\n|\n|-heal|p2a: Farigiraf|182/366 par|[from] item: Leftovers\n|upkeep\n|turn|16\n|\n|t:|1717169727\n|move|p1a: Porygon2|Tera Blast|p2a: Farigiraf\n|-damage|p2a: Farigiraf|35/366 par\n|move|p2a: Farigiraf|Hyper Voice|p1a: Porygon2\n|-damage|p1a: Porygon2|151/274\n|\n|-heal|p2a: Farigiraf|218/366 par|[from] move: Wish|[wisher] Farigiraf\n|-heal|p2a: Farigiraf|240/366 par|[from] item: Leftovers\n|upkeep\n|turn|17\n|\n|t:|1717169738\n|switch|p1a: Kingambit|Kingambit, L74, F|270/270\n|-damage|p1a: Kingambit|254/270|[from] Stealth Rock\n|move|p2a: Farigiraf|Wish|p2a: Farigiraf\n|\n|-heal|p1a: Kingambit|270/270|[from] item: Leftovers\n|-heal|p2a: Farigiraf|262/366 par|[from] item: Leftovers\n|upkeep\n|turn|18\n|inactive|Tusclomb has 120 seconds left.\n|\n|t:|1717169780\n|switch|p2a: Sandslash|Sandslash, L88, F|171/275\n|-damage|p2a: Sandslash|103/275|[from] Spikes\n|-damage|p2a: Sandslash|86/275|[from] Stealth Rock\n|move|p1a: Kingambit|Kowtow Cleave|p2a: Sandslash\n|-damage|p2a: Sandslash|11/275\n|\n|-heal|p2a: Sandslash|194/275|[from] move: Wish|[wisher] Farigiraf\n|-heal|p2a: Sandslash|211/275|[from] item: Leftovers\n|upkeep\n|turn|19\n|\n|t:|1717169794\n|-end|p1a: Kingambit|fallenundefined|[silent]\n|switch|p1a: Orthworm|Orthworm, L88, F, tera:Ghost|258/266\n|-damage|p1a: Orthworm|225/266|[from] Stealth Rock\n|move|p2a: Sandslash|Swords Dance|p2a: Sandslash\n|-boost|p2a: Sandslash|atk|2\n|\n|-heal|p2a: Sandslash|228/275|[from] item: Leftovers\n|-heal|p1a: Orthworm|241/266|[from] item: Leftovers\n|upkeep\n|turn|20\n|inactive|Tusclomb has 90 seconds left.\n|\n|t:|1717169813\n|move|p1a: Orthworm|Body Press|p2a: Sandslash\n|-damage|p2a: Sandslash|161/275\n|move|p2a: Sandslash|Stone Edge|p1a: Orthworm\n|-damage|p1a: Orthworm|134/266\n|\n|-heal|p1a: Orthworm|150/266|[from] item: Leftovers\n|-heal|p2a: Sandslash|178/275|[from] item: Leftovers\n|upkeep\n|turn|21\n|\n|t:|1717169822\n|move|p2a: Sandslash|Stone Edge|p1a: Orthworm\n|-damage|p1a: Orthworm|56/266\n|move|p1a: Orthworm|Iron Head|p2a: Sandslash\n|-damage|p2a: Sandslash|106/275\n|\n|-heal|p2a: Sandslash|123/275|[from] item: Leftovers\n|-heal|p1a: Orthworm|72/266|[from] item: Leftovers\n|upkeep\n|turn|22\n|\n|t:|1717169829\n|move|p1a: Orthworm|Iron Head|p2a: Sandslash\n|-damage|p2a: Sandslash|57/275\n|move|p2a: Sandslash|Stone Edge|p1a: Orthworm\n|-damage|p1a: Orthworm|0 fnt\n|faint|p1a: Orthworm\n|\n|-heal|p2a: Sandslash|74/275|[from] item: Leftovers\n|upkeep\n|\n|t:|1717169839\n|switch|p1a: Sandy Shocks|Sandy Shocks, L80|113/267\n|turn|23\n|\n|t:|1717169850\n|move|p1a: Sandy Shocks|Earth Power|p2a: Sandslash\n|-damage|p2a: Sandslash|0 fnt\n|faint|p2a: Sandslash\n|\n|upkeep\n|\n|t:|1717169864\n|switch|p2a: Munkidori|Munkidori, L79, M|236/269 par\n|-damage|p2a: Munkidori|169/269 par|[from] Spikes\n|-damage|p2a: Munkidori|136/269 par|[from] Stealth Rock\n|turn|24\n|\n|t:|1717169884\n|move|p2a: Munkidori|Fake Out|p1a: Sandy Shocks\n|-damage|p1a: Sandy Shocks|90/267\n|-status|p1a: Sandy Shocks|tox|[from] ability: Toxic Chain|[of] p2a: Munkidori\n|cant|p1a: Sandy Shocks|flinch\n|\n|-damage|p1a: Sandy Shocks|74/267 tox|[from] psn\n|upkeep\n|turn|25\n|\n|t:|1717169890\n|move|p1a: Sandy Shocks|Earth Power|p2a: Munkidori\n|-supereffective|p2a: Munkidori\n|-damage|p2a: Munkidori|0 fnt\n|faint|p2a: Munkidori\n|\n|-damage|p1a: Sandy Shocks|42/267 tox|[from] psn\n|upkeep\n|\n|t:|1717169895\n|switch|p2a: Farigiraf|Farigiraf, L91, M|262/366 par\n|-damage|p2a: Farigiraf|171/366 par|[from] Spikes\n|-damage|p2a: Farigiraf|126/366 par|[from] Stealth Rock\n|turn|26\n|\n|t:|1717169916\n|-end|p1a: Sandy Shocks|Protosynthesis|[silent]\n|switch|p1a: Kingambit|Kingambit, L74, F|270/270\n|-damage|p1a: Kingambit|254/270|[from] Stealth Rock\n|-activate|p1a: Kingambit|ability: Supreme Overlord\n|-start|p1a: Kingambit|fallen1|[silent]\n|cant|p2a: Farigiraf|par\n|\n|-heal|p1a: Kingambit|270/270|[from] item: Leftovers\n|-heal|p2a: Farigiraf|148/366 par|[from] item: Leftovers\n|upkeep\n|turn|27\n|\n|t:|1717169929\n|move|p1a: Kingambit|Kowtow Cleave|p2a: Farigiraf\n|-supereffective|p2a: Farigiraf\n|-damage|p2a: Farigiraf|0 fnt\n|faint|p2a: Farigiraf\n|\n|upkeep\n|\n|t:|1717169933\n|switch|p2a: Koraidon|Koraidon, L64|235/235\n|-damage|p2a: Koraidon|177/235|[from] Spikes\n|-damage|p2a: Koraidon|163/235|[from] Stealth Rock\n|-weather|SunnyDay|[from] ability: Orichalcum Pulse|[of] p2a: Koraidon\n|-activate|p2a: Koraidon|Orichalcum Pulse|[source]\n|turn|28\n|inactive|Tusclomb has 90 seconds left.\n|\n|t:|1717169963\n|-end|p1a: Kingambit|fallen1|[silent]\n|switch|p1a: Rabsca|Rabsca, L91, F|284/284\n|move|p2a: Koraidon|Swords Dance|p2a: Koraidon\n|-boost|p2a: Koraidon|atk|2\n|\n|-weather|SunnyDay|[upkeep]\n|upkeep\n|turn|29\n|inactive|Tusclomb has 90 seconds left.\n|inactive|Tusclomb has 60 seconds left.\n|\n|t:|1717170011\n|move|p2a: Koraidon|Flare Blitz|p1a: Rabsca\n|-supereffective|p1a: Rabsca\n|-damage|p1a: Rabsca|0 fnt\n|faint|p1a: Rabsca\n|-damage|p2a: Koraidon|69/235|[from] Recoil\n|\n|-weather|SunnyDay|[upkeep]\n|upkeep\n|\n|t:|1717170031\n|switch|p1a: Appletun|Appletun, L92, F|352/352\n|-damage|p1a: Appletun|308/352|[from] Stealth Rock\n|turn|30\n|\n|t:|1717170037\n|move|p2a: Koraidon|Scale Shot|p1a: Appletun\n|-supereffective|p1a: Appletun\n|-damage|p1a: Appletun|192/352\n|-supereffective|p1a: Appletun\n|-damage|p1a: Appletun|90/352\n|-supereffective|p1a: Appletun\n|-damage|p1a: Appletun|0 fnt\n|faint|p1a: Appletun\n|-hitcount|p1: Appletun|3\n|-unboost|p2a: Koraidon|def|1\n|-boost|p2a: Koraidon|spe|1\n|\n|-weather|SunnyDay|[upkeep]\n|upkeep\n|inactive|Tusclomb has 30 seconds left.\n|\n|t:|1717170058\n|switch|p1a: Kingambit|Kingambit, L74, F|270/270\n|-damage|p1a: Kingambit|254/270|[from] Stealth Rock\n|-activate|p1a: Kingambit|ability: Supreme Overlord\n|-start|p1a: Kingambit|fallen3|[silent]\n|turn|31\n|\n|t:|1717170064\n|move|p1a: Kingambit|Sucker Punch|p2a: Koraidon\n|-resisted|p2a: Koraidon\n|-damage|p2a: Koraidon|0 fnt\n|faint|p2a: Koraidon\n|\n|-weather|SunnyDay|[upkeep]\n|-heal|p1a: Kingambit|270/270|[from] item: Leftovers\n|upkeep\n|\n|t:|1717170075\n|switch|p2a: Heatran|Heatran, L79, M|192/273\n|-damage|p2a: Heatran|124/273|[from] Spikes\n|-damage|p2a: Heatran|90/273|[from] Stealth Rock\n|turn|32\n|inactive|Tusclomb has 30 seconds left.\n|\n|t:|1717170100\n|move|p1a: Kingambit|Sucker Punch|p2a: Heatran\n|-damage|p2a: Heatran|0 fnt\n|faint|p2a: Heatran\n|\n|-weather|none\n|upkeep\n|inactive|Tusclomb has 30 seconds left this turn.\n|\n|t:|1717170103\n|switch|p2a: Vigoroth|Vigoroth, L85, F|275/275\n|-damage|p2a: Vigoroth|207/275|[from] Spikes\n|-damage|p2a: Vigoroth|173/275|[from] Stealth Rock\n|turn|33\n|inactive|Tusclomb has 30 seconds left.\n|inactive|Tusclomb has 20 seconds left.\n|\n|t:|1717170127\n|move|p2a: Vigoroth|Bulk Up|p2a: Vigoroth\n|-boost|p2a: Vigoroth|atk|1\n|-boost|p2a: Vigoroth|def|1\n|move|p1a: Kingambit|Swords Dance|p1a: Kingambit\n|-boost|p1a: Kingambit|atk|2\n|\n|upkeep\n|turn|34\n|inactive|Tusclomb has 30 seconds left this turn.\n|inactive|Tusclomb has 20 seconds left.\n|inactive|Tusclomb has 15 seconds left.\n|inactive|Tusclomb has 10 seconds left.\n|\n|t:|1717170148\n|move|p2a: Vigoroth|Bulk Up|p2a: Vigoroth\n|-boost|p2a: Vigoroth|atk|1\n|-boost|p2a: Vigoroth|def|1\n|move|p1a: Kingambit|Kowtow Cleave|p2a: Vigoroth\n|-damage|p2a: Vigoroth|85/275\n|\n|upkeep\n|turn|35\n|inactive|Tusclomb has 20 seconds left this turn.\n|inactive|Tusclomb has 15 seconds left.\n|inactive|Tusclomb has 10 seconds left.\n|\n|t:|1717170159\n|move|p2a: Vigoroth|Slack Off|p2a: Vigoroth\n|-heal|p2a: Vigoroth|223/275\n|move|p1a: Kingambit|Swords Dance|p1a: Kingambit\n|-boost|p1a: Kingambit|atk|2\n|\n|upkeep\n|turn|36\n|inactive|Tusclomb has 20 seconds left this turn.\n|\n|t:|1717170163\n|move|p2a: Vigoroth|Body Slam|p1a: Kingambit\n|-resisted|p1a: Kingambit\n|-damage|p1a: Kingambit|196/270\n|move|p1a: Kingambit|Kowtow Cleave|p2a: Vigoroth\n|-damage|p2a: Vigoroth|85/275\n|\n|-heal|p1a: Kingambit|212/270|[from] item: Leftovers\n|upkeep\n|turn|37\n|inactive|Tusclomb has 30 seconds left this turn.\n|inactive|Tusclomb has 20 seconds left.\n|\n|t:|1717170175\n|move|p2a: Vigoroth|Body Slam|p1a: Kingambit\n|-resisted|p1a: Kingambit\n|-crit|p1a: Kingambit\n|-damage|p1a: Kingambit|111/270\n|-status|p1a: Kingambit|par\n|move|p1a: Kingambit|Kowtow Cleave|p2a: Vigoroth\n|-damage|p2a: Vigoroth|0 fnt\n|faint|p2a: Vigoroth\n|\n|win|Tusclomb\n|inactive|Tusclomb has 25 seconds left this turn.\n|raw|Tusclomb's rating: 2274 &rarr; <strong>2296</strong><br />(+22 for winning)\n|raw|TriniPlayer's rating: 2305 &rarr; <strong>2283</strong><br />(-22 for losing)\n", "inputlog": ">version 82ceab39522df80d6289bc3fb83a311a02ed08de\n>start {\"formatid\":\"gen9randombattle\",\"seed\":[16734,33788,41723,52992],\"rated\":\"Rated battle\"}\n>player p1 {\"name\":\"Tusclomb\",\"avatar\":\"skier\",\"rating\":2274,\"seed\":[9597,16396,6486,61575]}\n>player p2 {\"name\":\"TriniPlayer\",\"avatar\":\"ingo\",\"rating\":2305,\"seed\":[52227,32544,17748,31438]}\n>p1 move spikes\n>p2 move earthpower\n>p1 move voltswitch\n>p2 move stealthrock\n>p1 switch 5\n>p1 move thunderwave\n>p2 switch 4\n>p1 switch 3\n>p2 move psychicnoise\n>p1 move stealthrock\n>p2 move psychicnoise\n>p1 move spikes\n>p2 move psychicnoise\n>p1 move spikes\n>p2 switch 6\n>p1 move bodypress terastallize\n>p2 move rapidspin\n>p1 move ironhead\n>p2 switch 2\n>p1 switch 3\n>p2 move wish\n>p1 move terablast\n>p2 move futuresight\n>p1 move thunderwave\n>p2 move hypervoice\n>p1 move recover\n>p2 move hypervoice\n>p1 move recover\n>p2 move wish\n>p1 move terablast\n>p2 move wish\n>p1 move terablast\n>p2 move hypervoice\n>p1 switch 2\n>p2 move wish\n>p1 move kowtowcleave\n>p2 switch 2\n>p1 switch 3\n>p2 move swordsdance\n>p1 move bodypress\n>p2 move stoneedge\n>p1 move ironhead\n>p2 move stoneedge\n>p1 move ironhead\n>p2 move stoneedge\n>p1 switch 5\n>p1 move earthpower\n>p2 move rapidspin\n>p2 switch 6\n>p1 move earthpower\n>p2 move fakeout\n>p1 move earthpower\n>p2 move psychicnoise\n>p2 switch 2\n>p1 switch 3\n>p2 move wish\n>p1 move kowtowcleave\n>p2 move wish\n>p2 switch 3\n>p1 switch 4\n>p2 move swordsdance\n>p1 move psychic\n>p2 move flareblitz\n>p1 switch 6\n>p1 move dragonpulse\n>p2 move scaleshot\n>p1 switch 4\n>p1 move suckerpunch\n>p2 move collisioncourse\n>p2 switch 4\n>p1 move suckerpunch\n>p2 move magmastorm\n>p2 switch 5\n>p1 move swordsdance\n>p2 move bulkup\n>p1 move kowtowcleave\n>p2 move bulkup\n>p1 move swordsdance\n>p2 move slackoff\n>p1 move kowtowcleave\n>p2 move bodyslam\n>p1 move kowtowcleave\n>p2 move bodyslam", "uploadtime": 1717170177, "views": 201, "formatid": "gen9randombattle", "rating": 2283, "private": 0, "password": null}