{"id": "gen9randombattle-2072384210", "format": "[Gen 9] Random Battle", "players": ["JuanAsh \u2605\u2605\u2605\u2605", "Iceman8911"], "log": "|j|\u2606JuanAsh \u2605\u2605\u2605\u2605\n|j|\u2606Iceman8911\n|t:|1709464625\n|gametype|singles\n|player|p1|JuanAsh \u2605\u2605\u2605\u2605|nemona-v|2198\n|player|p2|Iceman8911|lysandre-masters|2307\n|teamsize|p1|6\n|teamsize|p2|6\n|gen|9\n|tier|[Gen 9] Random Battle\n|rated|\n|rule|Species Clause: Limit one of each Pok\u00e9mon\n|rule|HP Percentage Mod: HP is shown in percentages\n|rule|Sleep Clause Mod: Limit one foe put to sleep\n|rule|Illusion Level Mod: Illusion disguises the Pok\u00e9mon's true level\n|\n|t:|1709464625\n|start\n|switch|p1a: Empoleon|Empoleon, L83, M|275/275\n|switch|p2a: Wo-Chien|Wo-Chien, L83|277/277\n|-ability|p2a: Wo-Chien|Tablets of Ruin\n|turn|1\n|inactive|Battle timer is ON: inactive players will automatically lose when time's up. (requested by JuanAsh \u2605\u2605\u2605\u2605)\n|inactive|Iceman8911 also wants the timer to be on.\n|inactive|Iceman8911 has 120 seconds left.\n|\n|t:|1709464659\n|move|p2a: Wo-Chien|Knock Off|p1a: Empoleon\n|-damage|p1a: Empoleon|178/275\n|-enditem|p1a: Empoleon|Leftovers|[from] move: Knock Off|[of] p2a: Wo-Chien\n|move|p1a: Empoleon|Stealth Rock|p2a: Wo-Chien\n|-sidestart|p2: Iceman8911|move: Stealth Rock\n|\n|upkeep\n|turn|2\n|\n|t:|1709464666\n|move|p2a: Wo-Chien|Stun Spore|p1a: Empoleon\n|-status|p1a: Empoleon|par\n|move|p1a: Empoleon|Flip Turn|p2a: Wo-Chien\n|-resisted|p2a: Wo-Chien\n|-damage|p2a: Wo-Chien|258/277\n|\n|t:|1709464669\n|switch|p1a: Slither Wing|Slither Wing, L81|270/270|[from] Flip Turn\n|\n|-heal|p2a: Wo-Chien|275/277|[from] item: Leftovers\n|upkeep\n|turn|3\n|\n|t:|1709464676\n|move|p2a: Wo-Chien|Protect|p2a: Wo-Chien\n|-singleturn|p2a: Wo-Chien|Protect\n|move|p1a: Slither Wing|U-turn|p2a: Wo-Chien\n|-activate|p2a: Wo-Chien|move: Protect\n|\n|-heal|p2a: Wo-Chien|277/277|[from] item: Leftovers\n|upkeep\n|turn|4\n|\n|t:|1709464684\n|switch|p2a: Delibird|Delibird, F|252/252\n|move|p1a: Slither Wing|U-turn|p2a: Delibird\n|-resisted|p2a: Delibird\n|-damage|p2a: Delibird|174/252\n|-damage|p1a: Slither Wing|243/270|[from] item: Life Orb\n|\n|t:|1709464698\n|-end|p1a: Slither Wing|Protosynthesis|[silent]\n|switch|p1a: Mimikyu|Mimikyu, L79, M|216/216|[from] U-turn\n|\n|upkeep\n|turn|5\n|\n|t:|1709464715\n|move|p2a: Delibird|Spikes|p1a: Mimikyu\n|-sidestart|p1: JuanAsh \u2605\u2605\u2605\u2605|Spikes\n|move|p1a: Mimikyu|Play Rough|p2a: Delibird\n|-damage|p2a: Delibird|44/252\n|-damage|p1a: Mimikyu|195/216|[from] item: Life Orb\n|\n|upkeep\n|turn|6\n|\n|t:|1709464722\n|switch|p2a: Maushold|Maushold, L76|238/238\n|-damage|p2a: Maushold|209/238|[from] Stealth Rock\n|move|p1a: Mimikyu|Shadow Sneak|p2a: Maushold\n|-immune|p2a: Maushold\n|\n|upkeep\n|turn|7\n|\n|t:|1709464740\n|switch|p1a: Empoleon|Empoleon, L83, M|178/275 par\n|-damage|p1a: Empoleon|144/275 par|[from] Spikes\n|move|p2a: Maushold|Tidy Up|p2a: Maushold\n|-sideend|p2: Iceman8911|Stealth Rock\n|-sideend|p1: JuanAsh \u2605\u2605\u2605\u2605|Spikes\n|-activate|p2a: Maushold|move: Tidy Up\n|-boost|p2a: Maushold|atk|1\n|-boost|p2a: Maushold|spe|1\n|\n|upkeep\n|turn|8\n|\n|t:|1709464745\n|move|p2a: Maushold|Tidy Up|p2a: Maushold\n|-boost|p2a: Maushold|atk|1\n|-boost|p2a: Maushold|spe|1\n|move|p1a: Empoleon|Surf|p2a: Maushold\n|-damage|p2a: Maushold|68/238\n|\n|upkeep\n|turn|9\n|\n|t:|1709464749\n|move|p2a: Maushold|Population Bomb|p1a: Empoleon\n|-resisted|p1a: Empoleon\n|-damage|p1a: Empoleon|123/275 par\n|-resisted|p1a: Empoleon\n|-damage|p1a: Empoleon|99/275 par\n|-resisted|p1a: Empoleon\n|-damage|p1a: Empoleon|76/275 par\n|-resisted|p1a: Empoleon\n|-damage|p1a: Empoleon|54/275 par\n|-resisted|p1a: Empoleon\n|-damage|p1a: Empoleon|33/275 par\n|-resisted|p1a: Empoleon\n|-damage|p1a: Empoleon|9/275 par\n|-resisted|p1a: Empoleon\n|-damage|p1a: Empoleon|0 fnt\n|faint|p1a: Empoleon\n|-hitcount|p1: Empoleon|7\n|\n|upkeep\n|\n|t:|1709464754\n|switch|p1a: Slither Wing|Slither Wing, L81|243/270\n|turn|10\n|\n|t:|1709464759\n|switch|p2a: Delibird|Delibird, F|44/252\n|move|p1a: Slither Wing|First Impression|p2a: Delibird\n|-resisted|p2a: Delibird\n|-damage|p2a: Delibird|0 fnt\n|faint|p2a: Delibird\n|-damage|p1a: Slither Wing|216/270|[from] item: Life Orb\n|\n|upkeep\n|\n|t:|1709464784\n|switch|p2a: Hatterene|Hatterene, L86, F|238/238\n|turn|11\n|\n|t:|1709464790\n|move|p1a: Slither Wing|U-turn|p2a: Hatterene\n|-damage|p2a: Hatterene|124/238\n|-damage|p1a: Slither Wing|189/270|[from] item: Life Orb\n|\n|t:|1709464804\n|-end|p1a: Slither Wing|Protosynthesis|[silent]\n|switch|p1a: Mimikyu|Mimikyu, L79, M|195/216|[from] U-turn\n|move|p2a: Hatterene|Draining Kiss|p1a: Mimikyu\n|-activate|p1a: Mimikyu|ability: Disguise\n|-damage|p1a: Mimikyu|195/216\n|detailschange|p1a: Mimikyu|Mimikyu-Busted, L79, M\n|-damage|p1a: Mimikyu|168/216|[from] pokemon: Mimikyu-Busted\n|\n|-heal|p2a: Hatterene|138/238|[from] item: Leftovers\n|upkeep\n|turn|12\n|\n|t:|1709464813\n|move|p1a: Mimikyu|Play Rough|p2a: Hatterene\n|-damage|p2a: Hatterene|43/238\n|-damage|p1a: Mimikyu|147/216|[from] item: Life Orb\n|move|p2a: Hatterene|Psyshock|p1a: Mimikyu\n|-damage|p1a: Mimikyu|5/216\n|\n|-heal|p2a: Hatterene|57/238|[from] item: Leftovers\n|upkeep\n|turn|13\n|\n|t:|1709464820\n|move|p1a: Mimikyu|Play Rough|p2a: Hatterene\n|-damage|p2a: Hatterene|0 fnt\n|faint|p2a: Hatterene\n|-damage|p1a: Mimikyu|0 fnt|[from] item: Life Orb\n|faint|p1a: Mimikyu\n|\n|upkeep\n|\n|t:|1709464829\n|switch|p1a: Slither Wing|Slither Wing, L81|189/270\n|switch|p2a: Copperajah|Copperajah, L86, F|350/350\n|turn|14\n|\n|t:|1709464836\n|switch|p2a: Maushold|Maushold, L76|68/238\n|move|p1a: Slither Wing|U-turn|p2a: Maushold\n|-damage|p2a: Maushold|0 fnt\n|faint|p2a: Maushold\n|-damage|p1a: Slither Wing|162/270|[from] item: Life Orb\n|\n|t:|1709464843\n|-end|p1a: Slither Wing|Protosynthesis|[silent]\n|switch|p1a: Zekrom|Zekrom, L71|259/259|[from] U-turn\n|-ability|p1a: Zekrom|Teravolt\n|\n|upkeep\n|\n|t:|1709464849\n|switch|p2a: Dugtrio|Dugtrio, L84, F|196/196\n|turn|15\n|\n|t:|1709464857\n|move|p2a: Dugtrio|Earthquake|p1a: Zekrom\n|-supereffective|p1a: Zekrom\n|-damage|p1a: Zekrom|0 fnt\n|faint|p1a: Zekrom\n|\n|upkeep\n|\n|t:|1709464860\n|switch|p1a: Gogoat|Gogoat, L88, M|360/360\n|turn|16\n|-message|Iceman8911 forfeited.\n|\n|win|JuanAsh \u2605\u2605\u2605\u2605\n|raw|JuanAsh \u2605\u2605\u2605\u2605's rating: 2198 &rarr; <strong>2225</strong><br />(+27 for winning)\n|raw|Iceman8911's rating: 2320 &rarr; <strong>2293</strong><br />(-27 for losing)\n|l|\u2606Iceman8911\n|player|p2|\n|c|\u2606JuanAsh \u2605\u2605\u2605\u2605|/log JuanAsh \u2605\u2605\u2605\u2605 made this room public.\n", "inputlog": ">version c4ae0cf9f41f905e887269426d9f7fc3e478d0c6\n>start {\"formatid\":\"gen9randombattle\",\"seed\":[50041,45372,46668,34789],\"rated\":\"Rated battle\"}\n>player p1 {\"name\":\"JuanAsh \u2605\u2605\u2605\u2605\",\"avatar\":\"nemona-v\",\"rating\":2198,\"seed\":[24203,12637,34039,37993]}\n>player p2 {\"name\":\"Iceman8911\",\"avatar\":\"lysandre-masters\",\"rating\":2307,\"seed\":[4686,16544,62174,52224]}\n>p1 move stealthrock\n>p2 move knockoff\n>p1 move flipturn\n>p2 move stunspore\n>p1 switch 3\n>p1 move uturn\n>p2 move protect\n>p1 move uturn\n>p2 switch 3\n>p1 switch 2\n>p1 move playrough\n>p2 move spikes\n>p1 move shadowsneak\n>p2 switch 2\n>p1 switch 3\n>p2 move tidyup\n>p1 move surf\n>p2 move tidyup\n>p1 move surf\n>p2 move populationbomb\n>p1 switch 2\n>p1 move firstimpression\n>p2 switch 2\n>p2 switch 4\n>p1 move uturn\n>p2 move drainingkiss\n>p1 switch 3\n>p1 move playrough\n>p2 move psyshock\n>p1 move playrough\n>p2 move drainingkiss\n>p1 switch 3\n>p2 switch 5\n>p1 move uturn\n>p2 switch 2\n>p1 switch 5\n>p2 switch 6\n>p1 move outrage\n>p2 move earthquake\n>p1 switch 4\n>forcelose p2", "uploadtime": 1709464881, "views": 246, "formatid": "gen9randombattle", "rating": 2225, "private": 0, "password": null}