{"id": "gen9randombattle-2145510894", "format": "[Gen 9] Random Battle", "players": ["MichaelderBeste2", "paysa"], "log": "|badge|p1|silver|gen9randombattle|30-1\n|uhtml|medal-msg|<div class=\"broadcast-blue\">Curious what those medals under the avatar are? PS now has Ladder Seasons! For more information, check out the <a href=\"https://www.smogon.com/forums/threads/3740067/\">thread on Smogon.</a></div>\n|badge|p2|bronze|gen9randombattle|100-1\n|uhtml|medal-msg|<div class=\"broadcast-blue\">Curious what those medals under the avatar are? PS now has Ladder Seasons! For more information, check out the <a href=\"https://www.smogon.com/forums/threads/3740067/\">thread on Smogon.</a></div>\n|j|\u2606MichaelderBeste2\n|j|\u2606paysa\n|t:|1718709228\n|gametype|singles\n|player|p1|MichaelderBeste2|#splxivclassiest|2388\n|player|p2|paysa|caitlin|2352\n|teamsize|p1|6\n|teamsize|p2|6\n|gen|9\n|tier|[Gen 9] Random Battle\n|rated|\n|rule|Species Clause: Limit one of each Pok\u00e9mon\n|rule|HP Percentage Mod: HP is shown in percentages\n|rule|Sleep Clause Mod: Limit one foe put to sleep\n|rule|Illusion Level Mod: Illusion disguises the Pok\u00e9mon's true level\n|\n|t:|1718709228\n|start\n|switch|p1a: Bombirdier|Bombirdier, L85, M|258/258\n|switch|p2a: Heatran|Heatran, L79, M|273/273\n|-item|p2a: Heatran|Air Balloon\n|turn|1\n|inactive|Battle timer is ON: inactive players will automatically lose when time's up. (requested by paysa)\n|\n|t:|1718709254\n|switch|p2a: Granbull|Granbull, L88, F|302/302\n|-ability|p2a: Granbull|Intimidate|boost\n|-unboost|p1a: Bombirdier|atk|1\n|move|p1a: Bombirdier|Stealth Rock|p2a: Granbull\n|-sidestart|p2: paysa|move: Stealth Rock\n|\n|upkeep\n|turn|2\n|j| teres bahji\n|\n|t:|1718709269\n|switch|p2a: Exeggutor|Exeggutor-Alola, L89, F|314/314\n|-damage|p2a: Exeggutor|275/314|[from] Stealth Rock\n|-item|p1a: Bombirdier|Heavy-Duty Boots|[from] ability: Frisk|[of] p2a: Exeggutor|[identify]\n|move|p1a: Bombirdier|Knock Off|p2a: Exeggutor\n|-damage|p2a: Exeggutor|197/314\n|-enditem|p2a: Exeggutor|Choice Specs|[from] move: Knock Off|[of] p1a: Bombirdier\n|\n|upkeep\n|turn|3\n|\n|t:|1718709278\n|move|p1a: Bombirdier|Brave Bird|p2a: Exeggutor\n|-supereffective|p2a: Exeggutor\n|-damage|p2a: Exeggutor|9/314\n|-damage|p1a: Bombirdier|196/258|[from] Recoil\n|move|p2a: Exeggutor|Draco Meteor|p1a: Bombirdier\n|-damage|p1a: Bombirdier|3/258\n|-unboost|p2a: Exeggutor|spa|2\n|\n|upkeep\n|turn|4\n|\n|t:|1718709282\n|move|p1a: Bombirdier|Roost|p1a: Bombirdier\n|-heal|p1a: Bombirdier|132/258\n|-singleturn|p1a: Bombirdier|move: Roost\n|move|p2a: Exeggutor|Giga Drain|p1a: Bombirdier\n|-damage|p1a: Bombirdier|80/258\n|-heal|p2a: Exeggutor|35/314|[from] drain|[of] p1a: Bombirdier\n|\n|upkeep\n|turn|5\n|\n|t:|1718709287\n|move|p1a: Bombirdier|Roost|p1a: Bombirdier\n|-heal|p1a: Bombirdier|209/258\n|-singleturn|p1a: Bombirdier|move: Roost\n|move|p2a: Exeggutor|Giga Drain|p1a: Bombirdier\n|-crit|p1a: Bombirdier\n|-damage|p1a: Bombirdier|41/258\n|-heal|p2a: Exeggutor|119/314|[from] drain|[of] p1a: Bombirdier\n|\n|upkeep\n|turn|6\n|\n|t:|1718709293\n|switch|p2a: Granbull|Granbull, L88, F|302/302\n|-damage|p2a: Granbull|265/302|[from] Stealth Rock\n|-ability|p2a: Granbull|Intimidate|boost\n|-unboost|p1a: Bombirdier|atk|1\n|move|p1a: Bombirdier|Roost|p1a: Bombirdier\n|-heal|p1a: Bombirdier|170/258\n|-singleturn|p1a: Bombirdier|move: Roost\n|\n|-heal|p2a: Granbull|283/302|[from] item: Leftovers\n|upkeep\n|turn|7\n|\n|t:|1718709296\n|switch|p1a: Raikou|Raikou, L81|278/278\n|-ability|p1a: Raikou|Pressure\n|move|p2a: Granbull|Play Rough|p1a: Raikou\n|-damage|p1a: Raikou|134/278\n|\n|-heal|p1a: Raikou|151/278|[from] item: Leftovers\n|-heal|p2a: Granbull|301/302|[from] item: Leftovers\n|upkeep\n|turn|8\n|\n|t:|1718709300\n|move|p1a: Raikou|Thunderbolt|p2a: Granbull\n|-crit|p2a: Granbull\n|-damage|p2a: Granbull|108/302\n|-status|p2a: Granbull|par\n|move|p2a: Granbull|Earthquake|p1a: Raikou\n|-supereffective|p1a: Raikou\n|-crit|p1a: Raikou\n|-damage|p1a: Raikou|0 fnt\n|faint|p1a: Raikou\n|\n|-heal|p2a: Granbull|126/302 par|[from] item: Leftovers\n|upkeep\n|\n|t:|1718709305\n|switch|p1a: Bombirdier|Bombirdier, L85, M|170/258\n|turn|9\n|inactive|paysa has 120 seconds left.\n|\n|t:|1718709349\n|switch|p2a: Orthworm|Orthworm, L88, M|266/266\n|-damage|p2a: Orthworm|250/266|[from] Stealth Rock\n|move|p1a: Bombirdier|Brave Bird|p2a: Orthworm\n|-resisted|p2a: Orthworm\n|-damage|p2a: Orthworm|209/266\n|-damage|p1a: Bombirdier|156/258|[from] Recoil\n|\n|-heal|p2a: Orthworm|225/266|[from] item: Leftovers\n|upkeep\n|turn|10\n|\n|t:|1718709364\n|move|p1a: Bombirdier|Knock Off|p2a: Orthworm\n|-damage|p2a: Orthworm|147/266\n|-enditem|p2a: Orthworm|Leftovers|[from] move: Knock Off|[of] p1a: Bombirdier\n|move|p2a: Orthworm|Shed Tail|p2a: Orthworm\n|-start|p2a: Orthworm|Substitute|[from] move: Shed Tail\n|-damage|p2a: Orthworm|14/266\n|\n|t:|1718709375\n|switch|p2a: Gardevoir|Gardevoir, L83, F|249/249|[from] Shed Tail\n|-damage|p2a: Gardevoir|218/249|[from] Stealth Rock\n|-ability|p2a: Gardevoir|Big Pecks|[from] ability: Trace|[of] p1a: Bombirdier\n|\n|upkeep\n|turn|11\n|\n|t:|1718709381\n|switch|p1a: Blissey|Blissey, L84, F|566/566\n|move|p2a: Gardevoir|Moonblast|p1a: Blissey\n|-damage|p1a: Blissey|456/566\n|-damage|p2a: Gardevoir|194/249|[from] item: Life Orb\n|\n|-heal|p1a: Blissey|491/566|[from] item: Leftovers\n|upkeep\n|turn|12\n|\n|t:|1718709387\n|move|p2a: Gardevoir|Psyshock|p1a: Blissey\n|-damage|p1a: Blissey|74/566\n|-damage|p2a: Gardevoir|170/249|[from] item: Life Orb\n|move|p1a: Blissey|Seismic Toss|p2a: Gardevoir\n|-end|p2a: Gardevoir|Substitute\n|\n|-heal|p1a: Blissey|109/566|[from] item: Leftovers\n|upkeep\n|turn|13\n|\n|t:|1718709394\n|switch|p1a: Drifblim|Drifblim, L86, F|396/396\n|move|p2a: Gardevoir|Moonblast|p1a: Drifblim\n|-damage|p1a: Drifblim|180/396\n|-unboost|p1a: Drifblim|spa|1\n|-enditem|p1a: Drifblim|Sitrus Berry|[eat]\n|-heal|p1a: Drifblim|279/396|[from] item: Sitrus Berry\n|-damage|p2a: Gardevoir|146/249|[from] item: Life Orb\n|\n|upkeep\n|turn|14\n|\n|t:|1718709407\n|switch|p2a: Orthworm|Orthworm, L88, M|14/266\n|-damage|p2a: Orthworm|0 fnt|[from] Stealth Rock\n|faint|p2a: Orthworm\n|move|p1a: Drifblim|Calm Mind|p1a: Drifblim\n|-boost|p1a: Drifblim|spa|1\n|-boost|p1a: Drifblim|spd|1\n|\n|upkeep\n|\n|t:|1718709425\n|switch|p2a: Sandaconda|Sandaconda, L84, M|258/258\n|-damage|p2a: Sandaconda|242/258|[from] Stealth Rock\n|turn|15\n|\n|t:|1718709428\n|move|p1a: Drifblim|Air Slash|p2a: Sandaconda\n|-damage|p2a: Sandaconda|149/258\n|move|p2a: Sandaconda|Coil|p2a: Sandaconda\n|-boost|p2a: Sandaconda|atk|1\n|-boost|p2a: Sandaconda|def|1\n|-boost|p2a: Sandaconda|accuracy|1\n|\n|-heal|p2a: Sandaconda|165/258|[from] item: Leftovers\n|upkeep\n|turn|16\n|\n|t:|1718709434\n|move|p1a: Drifblim|Air Slash|p2a: Sandaconda\n|-damage|p2a: Sandaconda|68/258\n|move|p2a: Sandaconda|Stone Edge|p1a: Drifblim\n|-supereffective|p1a: Drifblim\n|-damage|p1a: Drifblim|0 fnt\n|faint|p1a: Drifblim\n|\n|-heal|p2a: Sandaconda|84/258|[from] item: Leftovers\n|upkeep\n|\n|t:|1718709439\n|switch|p1a: Bombirdier|Bombirdier, L85, M|156/258\n|turn|17\n|\n|t:|1718709443\n|move|p1a: Bombirdier|Knock Off|p2a: Sandaconda\n|-damage|p2a: Sandaconda|26/258\n|-enditem|p2a: Sandaconda|Leftovers|[from] move: Knock Off|[of] p1a: Bombirdier\n|move|p2a: Sandaconda|Rest|p2a: Sandaconda\n|-status|p2a: Sandaconda|slp|[from] move: Rest\n|-heal|p2a: Sandaconda|258/258 slp|[silent]\n|\n|upkeep\n|turn|18\n|\n|t:|1718709447\n|switch|p1a: Hitmonlee|Hitmonlee, L84, M|221/221\n|cant|p2a: Sandaconda|slp\n|\n|upkeep\n|turn|19\n|\n|t:|1718709450\n|move|p1a: Hitmonlee|Swords Dance|p1a: Hitmonlee\n|-boost|p1a: Hitmonlee|atk|2\n|cant|p2a: Sandaconda|slp\n|\n|upkeep\n|turn|20\n|\n|t:|1718709455\n|move|p1a: Hitmonlee|Close Combat|p2a: Sandaconda\n|-damage|p2a: Sandaconda|93/258 slp\n|-unboost|p1a: Hitmonlee|def|1\n|-unboost|p1a: Hitmonlee|spd|1\n|-enditem|p1a: Hitmonlee|White Herb\n|-clearnegativeboost|p1a: Hitmonlee|[silent]\n|-curestatus|p2a: Sandaconda|slp|[msg]\n|move|p2a: Sandaconda|Earthquake|p1a: Hitmonlee\n|-damage|p1a: Hitmonlee|0 fnt\n|faint|p1a: Hitmonlee\n|\n|upkeep\n|\n|t:|1718709464\n|switch|p1a: Bombirdier|Bombirdier, L85, M|156/258\n|turn|21\n|\n|t:|1718709474\n|switch|p1a: Zekrom|Zekrom, L71|259/259\n|-ability|p1a: Zekrom|Teravolt\n|move|p2a: Sandaconda|Rest|p2a: Sandaconda\n|-status|p2a: Sandaconda|slp|[from] move: Rest\n|-heal|p2a: Sandaconda|258/258 slp|[silent]\n|\n|-activate|p2a: Sandaconda|ability: Shed Skin\n|-curestatus|p2a: Sandaconda|slp|[msg]\n|upkeep\n|turn|22\n|-message|MichaelderBeste2 forfeited.\n|\n|win|paysa\n|raw|MichaelderBeste2's rating: 2388 &rarr; <strong>2366</strong><br />(-22 for losing)\n|raw|paysa's rating: 2352 &rarr; <strong>2374</strong><br />(+22 for winning)\n|l|\u2606MichaelderBeste2\n|player|p1|\n|c|\u2606paysa|gg\n", "inputlog": ">version 8819e60f9a01cede7471b534a2fb53a3a85674fc\n>start {\"formatid\":\"gen9randombattle\",\"seed\":[27120,23506,63429,12069],\"rated\":\"Rated battle\"}\n>player p1 {\"name\":\"MichaelderBeste2\",\"avatar\":\"#splxivclassiest\",\"rating\":2388,\"seed\":[902,1340,49073,31002]}\n>player p2 {\"name\":\"paysa\",\"avatar\":\"caitlin\",\"rating\":2352,\"seed\":[15767,7795,31076,20175]}\n>p1 move stealthrock\n>p2 switch 5\n>p1 move knockoff\n>p2 switch 4\n>p1 move bravebird\n>p2 move dracometeor\n>p1 move roost\n>p2 move gigadrain\n>p1 move roost\n>p2 move gigadrain\n>p1 move roost\n>p2 switch 4\n>p1 switch 2\n>p2 move playrough\n>p1 move thunderbolt\n>p2 move earthquake\n>p1 switch 2\n>p1 move bravebird\n>p2 switch 2\n>p1 move knockoff\n>p2 move shedtail\n>p2 switch 6\n>p1 switch 6\n>p2 move moonblast\n>p1 move seismictoss\n>p2 move psyshock\n>p1 switch 4\n>p2 move moonblast\n>p1 move calmmind\n>p2 switch 6\n>p2 switch 3\n>p1 move airslash\n>p2 move coil\n>p1 move airslash\n>p2 move stoneedge\n>p1 switch 6\n>p1 move knockoff\n>p2 move rest\n>p1 switch 5\n>p2 move stoneedge\n>p1 move swordsdance\n>p2 move earthquake\n>p1 move closecombat\n>p2 move earthquake\n>p1 switch 5\n>p1 switch 3\n>p2 move rest\n>forcelose p1", "uploadtime": 1718709508, "views": 246, "formatid": "gen9randombattle", "rating": 2366, "private": 0, "password": null}