{"id": "gen9randombattle-2260847831", "format": "[Gen 9] Random Battle", "players": ["just_4_fun69420", "sawhoneyg"], "log": "|j|\u2606just_4_fun69420\n|j|\u2606sawhoneyg\n|t:|1733903473\n|gametype|singles\n|player|p1|just_4_fun69420|norman|\n|player|p2|sawhoneyg|clair|\n|teamsize|p1|6\n|teamsize|p2|6\n|gen|9\n|tier|[Gen 9] Random Battle\n|rule|Species Clause: Limit one of each Pok\u00e9mon\n|rule|HP Percentage Mod: HP is shown in percentages\n|rule|Sleep Clause Mod: Limit one foe put to sleep\n|rule|Illusion Level Mod: Illusion disguises the Pok\u00e9mon's true level\n|\n|t:|1733903473\n|start\n|switch|p1a: Blastoise|Blastoise, L80, F|258/258\n|switch|p2a: Shaymin|Shaymin, L82|298/298\n|turn|1\n|\n|t:|1733903488\n|move|p2a: Shaymin|Seed Flare|p1a: Blastoise\n|-supereffective|p1a: Blastoise\n|-damage|p1a: Blastoise|16/258\n|move|p1a: Blastoise|Shell Smash|p1a: Blastoise\n|-unboost|p1a: Blastoise|def|1\n|-unboost|p1a: Blastoise|spd|1\n|-boost|p1a: Blastoise|atk|2\n|-boost|p1a: Blastoise|spa|2\n|-boost|p1a: Blastoise|spe|2\n|-enditem|p1a: Blastoise|White Herb\n|-clearnegativeboost|p1a: Blastoise|[silent]\n|\n|upkeep\n|turn|2\n|\n|t:|1733903503\n|move|p1a: Blastoise|Ice Beam|p2a: Shaymin\n|-supereffective|p2a: Shaymin\n|-damage|p2a: Shaymin|100/298\n|-status|p2a: Shaymin|frz\n|cant|p2a: Shaymin|frz\n|\n|-heal|p2a: Shaymin|118/298 frz|[from] item: Leftovers\n|upkeep\n|turn|3\n|\n|t:|1733903514\n|move|p1a: Blastoise|Ice Beam|p2a: Shaymin\n|-supereffective|p2a: Shaymin\n|-damage|p2a: Shaymin|0 fnt\n|faint|p2a: Shaymin\n|\n|upkeep\n|\n|t:|1733903541\n|switch|p2a: Ludicolo|Ludicolo, L90, F|290/290\n|turn|4\n|\n|t:|1733903551\n|move|p1a: Blastoise|Ice Beam|p2a: Ludicolo\n|-damage|p2a: Ludicolo|192/290\n|move|p2a: Ludicolo|Giga Drain|p1a: Blastoise\n|-supereffective|p1a: Blastoise\n|-damage|p1a: Blastoise|0 fnt\n|-heal|p2a: Ludicolo|200/290|[from] drain|[of] p1a: Blastoise\n|faint|p1a: Blastoise\n|\n|upkeep\n|\n|t:|1733903561\n|switch|p1a: Exeggutor|Exeggutor, L89, F|312/312\n|turn|5\n|\n|t:|1733903568\n|switch|p2a: Dewgong|Dewgong, L94, M|322/322\n|move|p1a: Exeggutor|Substitute|p1a: Exeggutor\n|-start|p1a: Exeggutor|Substitute\n|-damage|p1a: Exeggutor|234/312\n|\n|upkeep\n|turn|6\n|\n|t:|1733903578\n|move|p2a: Dewgong|Encore|p1a: Exeggutor\n|-start|p1a: Exeggutor|Encore\n|move|p1a: Exeggutor|Substitute|p1a: Exeggutor\n|-fail|p1a: Exeggutor|move: Substitute\n|\n|upkeep\n|turn|7\n|\n|t:|1733903592\n|switch|p1a: Illumise|Illumise, L91, F|266/266\n|move|p2a: Dewgong|Triple Axel|p1a: Illumise\n|-damage|p1a: Illumise|244/266\n|-damage|p1a: Illumise|199/266\n|-crit|p1a: Illumise\n|-damage|p1a: Illumise|103/266\n|-hitcount|p1a: Illumise|3\n|\n|upkeep\n|turn|8\n|\n|t:|1733903614\n|switch|p1a: Manaphy|Manaphy, L78|284/284\n|move|p2a: Dewgong|Surf|p1a: Manaphy\n|-resisted|p1a: Manaphy\n|-damage|p1a: Manaphy|239/284\n|\n|-heal|p1a: Manaphy|256/284|[from] item: Leftovers\n|upkeep\n|turn|9\n|\n|t:|1733903624\n|move|p1a: Manaphy|Energy Ball|p2a: Dewgong\n|-supereffective|p2a: Dewgong\n|-damage|p2a: Dewgong|218/322\n|move|p2a: Dewgong|Knock Off|p1a: Manaphy\n|-damage|p1a: Manaphy|186/284\n|-enditem|p1a: Manaphy|Leftovers|[from] move: Knock Off|[of] p2a: Dewgong\n|\n|upkeep\n|turn|10\n|\n|t:|1733903636\n|-terastallize|p2a: Dewgong|Grass\n|move|p1a: Manaphy|Energy Ball|p2a: Dewgong\n|-resisted|p2a: Dewgong\n|-damage|p2a: Dewgong|194/322\n|move|p2a: Dewgong|Triple Axel|p1a: Manaphy\n|-resisted|p1a: Manaphy\n|-damage|p1a: Manaphy|175/284\n|-resisted|p1a: Manaphy\n|-damage|p1a: Manaphy|155/284\n|-resisted|p1a: Manaphy\n|-damage|p1a: Manaphy|125/284\n|-hitcount|p1a: Manaphy|3\n|\n|upkeep\n|turn|11\n|\n|t:|1733903651\n|move|p1a: Manaphy|Ice Beam|p2a: Dewgong\n|-supereffective|p2a: Dewgong\n|-damage|p2a: Dewgong|142/322\n|move|p2a: Dewgong|Knock Off|p1a: Manaphy\n|-damage|p1a: Manaphy|82/284\n|\n|upkeep\n|turn|12\n|\n|t:|1733903659\n|move|p1a: Manaphy|Tail Glow|p1a: Manaphy\n|-boost|p1a: Manaphy|spa|3\n|move|p2a: Dewgong|Triple Axel|p1a: Manaphy\n|-resisted|p1a: Manaphy\n|-damage|p1a: Manaphy|72/284\n|-resisted|p1a: Manaphy\n|-damage|p1a: Manaphy|53/284\n|-resisted|p1a: Manaphy\n|-damage|p1a: Manaphy|22/284\n|-hitcount|p1a: Manaphy|3\n|\n|upkeep\n|turn|13\n|\n|t:|1733903671\n|switch|p1a: Illumise|Illumise, L91, F|103/266\n|move|p2a: Dewgong|Triple Axel|p1a: Illumise\n|-damage|p1a: Illumise|81/266\n|-damage|p1a: Illumise|39/266\n|-damage|p1a: Illumise|0 fnt\n|faint|p1a: Illumise\n|-hitcount|p1: Illumise|3\n|\n|upkeep\n|\n|t:|1733903677\n|switch|p1a: Sudowoodo|Sudowoodo, L94, F|284/284\n|turn|14\n|\n|t:|1733903687\n|move|p2a: Dewgong|Surf|p1a: Sudowoodo\n|-supereffective|p1a: Sudowoodo\n|-damage|p1a: Sudowoodo|96/284\n|move|p1a: Sudowoodo|Wood Hammer|p2a: Dewgong\n|-resisted|p2a: Dewgong\n|-crit|p2a: Dewgong\n|-damage|p2a: Dewgong|68/322\n|\n|-heal|p1a: Sudowoodo|113/284|[from] item: Leftovers\n|upkeep\n|turn|15\n|\n|t:|1733903700\n|switch|p1a: Pachirisu|Pachirisu, L96, M|271/271\n|move|p2a: Dewgong|Surf|p1a: Pachirisu\n|-damage|p1a: Pachirisu|184/271\n|\n|upkeep\n|turn|16\n|\n|t:|1733903708\n|move|p1a: Pachirisu|U-turn|p2a: Dewgong\n|-supereffective|p2a: Dewgong\n|-damage|p2a: Dewgong|0 fnt\n|faint|p2a: Dewgong\n|\n|t:|1733903711\n|switch|p1a: Exeggutor|Exeggutor, L89, F|234/312|[from] U-turn\n|\n|upkeep\n|\n|t:|1733903716\n|switch|p2a: Coalossal|Coalossal, L89, M|341/341\n|turn|17\n|\n|t:|1733903722\n|move|p1a: Exeggutor|Substitute|p1a: Exeggutor\n|-start|p1a: Exeggutor|Substitute\n|-damage|p1a: Exeggutor|156/312\n|-enditem|p1a: Exeggutor|Sitrus Berry|[eat]\n|-heal|p1a: Exeggutor|234/312|[from] item: Sitrus Berry\n|move|p2a: Coalossal|Flamethrower|p1a: Exeggutor\n|-supereffective|p1a: Exeggutor\n|-end|p1a: Exeggutor|Substitute\n|\n|-item|p1a: Exeggutor|Sitrus Berry|[from] ability: Harvest\n|upkeep\n|turn|18\n|\n|t:|1733903735\n|move|p1a: Exeggutor|Leech Seed|p2a: Coalossal\n|-start|p2a: Coalossal|move: Leech Seed\n|move|p2a: Coalossal|Flamethrower|p1a: Exeggutor\n|-supereffective|p1a: Exeggutor\n|-damage|p1a: Exeggutor|30/312\n|-enditem|p1a: Exeggutor|Sitrus Berry|[eat]\n|-heal|p1a: Exeggutor|108/312|[from] item: Sitrus Berry\n|\n|-damage|p2a: Coalossal|299/341|[from] Leech Seed|[of] p1a: Exeggutor\n|-heal|p1a: Exeggutor|150/312|[silent]\n|-item|p1a: Exeggutor|Sitrus Berry|[from] ability: Harvest\n|upkeep\n|-enditem|p1a: Exeggutor|Sitrus Berry|[eat]\n|-heal|p1a: Exeggutor|228/312|[from] item: Sitrus Berry\n|turn|19\n|\n|t:|1733903753\n|move|p1a: Exeggutor|Substitute|p1a: Exeggutor\n|-start|p1a: Exeggutor|Substitute\n|-damage|p1a: Exeggutor|150/312\n|move|p2a: Coalossal|Flamethrower|p1a: Exeggutor\n|-supereffective|p1a: Exeggutor\n|-end|p1a: Exeggutor|Substitute\n|\n|-damage|p2a: Coalossal|257/341|[from] Leech Seed|[of] p1a: Exeggutor\n|-heal|p1a: Exeggutor|192/312|[silent]\n|upkeep\n|turn|20\n|\n|t:|1733903766\n|move|p1a: Exeggutor|Substitute|p1a: Exeggutor\n|-start|p1a: Exeggutor|Substitute\n|-damage|p1a: Exeggutor|114/312\n|move|p2a: Coalossal|Flamethrower|p1a: Exeggutor\n|-supereffective|p1a: Exeggutor\n|-end|p1a: Exeggutor|Substitute\n|\n|-damage|p2a: Coalossal|215/341|[from] Leech Seed|[of] p1a: Exeggutor\n|-heal|p1a: Exeggutor|156/312|[silent]\n|upkeep\n|turn|21\n|\n|t:|1733903777\n|move|p1a: Exeggutor|Protect|p1a: Exeggutor\n|-singleturn|p1a: Exeggutor|Protect\n|move|p2a: Coalossal|Flamethrower|p1a: Exeggutor\n|-activate|p1a: Exeggutor|move: Protect\n|\n|-damage|p2a: Coalossal|173/341|[from] Leech Seed|[of] p1a: Exeggutor\n|-heal|p1a: Exeggutor|198/312|[silent]\n|upkeep\n|turn|22\n|\n|t:|1733903798\n|move|p1a: Exeggutor|Substitute|p1a: Exeggutor\n|-start|p1a: Exeggutor|Substitute\n|-damage|p1a: Exeggutor|120/312\n|move|p2a: Coalossal|Will-O-Wisp||[still]\n|-fail|p2a: Coalossal\n|\n|-damage|p2a: Coalossal|131/341|[from] Leech Seed|[of] p1a: Exeggutor\n|-heal|p1a: Exeggutor|162/312|[silent]\n|upkeep\n|turn|23\n|\n|t:|1733903808\n|switch|p2a: Torkoal|Torkoal, L88, M|266/266\n|-weather|SunnyDay|[from] ability: Drought|[of] p2a: Torkoal\n|move|p1a: Exeggutor|Psychic Noise|p2a: Torkoal\n|-damage|p2a: Torkoal|154/266\n|-start|p2a: Torkoal|move: Heal Block\n|\n|-weather|SunnyDay|[upkeep]\n|-item|p1a: Exeggutor|Sitrus Berry|[from] ability: Harvest\n|upkeep\n|turn|24\n|\n|t:|1733903823\n|move|p1a: Exeggutor|Psychic Noise|p2a: Torkoal\n|-damage|p2a: Torkoal|31/266\n|move|p2a: Torkoal|Lava Plume|p1a: Exeggutor\n|-supereffective|p1a: Exeggutor\n|-end|p1a: Exeggutor|Substitute\n|\n|-weather|SunnyDay|[upkeep]\n|-end|p2a: Torkoal|move: Heal Block\n|upkeep\n|turn|25\n|\n|t:|1733903835\n|move|p1a: Exeggutor|Psychic Noise|p2a: Torkoal\n|-damage|p2a: Torkoal|0 fnt\n|faint|p2a: Torkoal\n|\n|-weather|SunnyDay|[upkeep]\n|upkeep\n|\n|t:|1733903846\n|switch|p2a: Coalossal|Coalossal, L89, M|131/341\n|turn|26\n|\n|t:|1733903850\n|move|p1a: Exeggutor|Substitute|p1a: Exeggutor\n|-start|p1a: Exeggutor|Substitute\n|-damage|p1a: Exeggutor|84/312\n|-enditem|p1a: Exeggutor|Sitrus Berry|[eat]\n|-heal|p1a: Exeggutor|162/312|[from] item: Sitrus Berry\n|move|p2a: Coalossal|Flamethrower|p1a: Exeggutor\n|-supereffective|p1a: Exeggutor\n|-end|p1a: Exeggutor|Substitute\n|\n|-weather|SunnyDay|[upkeep]\n|-item|p1a: Exeggutor|Sitrus Berry|[from] ability: Harvest\n|upkeep\n|turn|27\n|\n|t:|1733903865\n|move|p1a: Exeggutor|Substitute|p1a: Exeggutor\n|-start|p1a: Exeggutor|Substitute\n|-damage|p1a: Exeggutor|84/312\n|-enditem|p1a: Exeggutor|Sitrus Berry|[eat]\n|-heal|p1a: Exeggutor|162/312|[from] item: Sitrus Berry\n|move|p2a: Coalossal|Will-O-Wisp|p1a: Exeggutor|[miss]\n|-miss|p2a: Coalossal|p1a: Exeggutor\n|\n|-weather|none\n|-item|p1a: Exeggutor|Sitrus Berry|[from] ability: Harvest\n|upkeep\n|turn|28\n|\n|t:|1733903877\n|move|p1a: Exeggutor|Psychic Noise|p2a: Coalossal\n|-damage|p2a: Coalossal|37/341\n|-start|p2a: Coalossal|move: Heal Block\n|move|p2a: Coalossal|Rapid Spin|p1a: Exeggutor\n|-activate|p1a: Exeggutor|move: Substitute|[damage]\n|-boost|p2a: Coalossal|spe|1\n|\n|upkeep\n|turn|29\n|\n|t:|1733903889\n|move|p2a: Coalossal|Flamethrower|p1a: Exeggutor\n|-supereffective|p1a: Exeggutor\n|-end|p1a: Exeggutor|Substitute\n|move|p1a: Exeggutor|Psychic Noise|p2a: Coalossal\n|-damage|p2a: Coalossal|0 fnt\n|faint|p2a: Coalossal\n|\n|upkeep\n|\n|t:|1733903899\n|switch|p2a: Ludicolo|Ludicolo, L90, F|200/290\n|turn|30\n|\n|t:|1733903904\n|move|p2a: Ludicolo|Ice Beam|p1a: Exeggutor\n|-supereffective|p1a: Exeggutor\n|-damage|p1a: Exeggutor|0 fnt\n|faint|p1a: Exeggutor\n|\n|upkeep\n|\n|t:|1733903910\n|switch|p1a: Pachirisu|Pachirisu, L96, M|184/271\n|turn|31\n|\n|t:|1733903915\n|switch|p2a: Sudowoodo|Sudowoodo, L94, M|284/284\n|move|p1a: Pachirisu|U-turn|p2a: Sudowoodo\n|-damage|p2a: Sudowoodo|256/284\n|\n|t:|1733903921\n|switch|p1a: Manaphy|Manaphy, L78|22/284|[from] U-turn\n|\n|-heal|p2a: Sudowoodo|273/284|[from] item: Leftovers\n|upkeep\n|turn|32\n|\n|t:|1733903930\n|move|p2a: Sudowoodo|Sucker Punch|p1a: Manaphy\n|-damage|p1a: Manaphy|0 fnt\n|faint|p1a: Manaphy\n|\n|-heal|p2a: Sudowoodo|284/284|[from] item: Leftovers\n|upkeep\n|\n|t:|1733903934\n|switch|p1a: Pachirisu|Pachirisu, L96, M|184/271\n|turn|33\n|\n|t:|1733903943\n|move|p1a: Pachirisu|Encore|p2a: Sudowoodo\n|-start|p2a: Sudowoodo|Encore\n|move|p2a: Sudowoodo|Sucker Punch||[still]\n|-fail|p2a: Sudowoodo\n|\n|upkeep\n|turn|34\n|\n|t:|1733903950\n|switch|p1a: Sudowoodo|Sudowoodo, L94, F|113/284\n|switch|p2a: Ludicolo|Ludicolo, L90, F|200/290\n|\n|-heal|p1a: Sudowoodo|130/284|[from] item: Leftovers\n|upkeep\n|turn|35\n|\n|t:|1733903972\n|-terastallize|p1a: Sudowoodo|Grass\n|move|p2a: Ludicolo|Hydro Pump|p1a: Sudowoodo\n|-resisted|p1a: Sudowoodo\n|-damage|p1a: Sudowoodo|25/284\n|move|p1a: Sudowoodo|Stealth Rock|p2a: Ludicolo\n|-sidestart|p2: sawhoneyg|move: Stealth Rock\n|\n|-heal|p1a: Sudowoodo|42/284|[from] item: Leftovers\n|upkeep\n|turn|36\n|\n|t:|1733903994\n|move|p2a: Ludicolo|Hydro Pump|p1a: Sudowoodo|[miss]\n|-miss|p2a: Ludicolo|p1a: Sudowoodo\n|move|p1a: Sudowoodo|Head Smash|p2a: Ludicolo\n|-damage|p2a: Ludicolo|0 fnt\n|faint|p2a: Ludicolo\n|\n|-heal|p1a: Sudowoodo|59/284|[from] item: Leftovers\n|upkeep\n|\n|t:|1733904004\n|switch|p2a: Sudowoodo|Sudowoodo, L94, M|284/284\n|-damage|p2a: Sudowoodo|249/284|[from] Stealth Rock\n|turn|37\n|\n|t:|1733904011\n|move|p1a: Sudowoodo|Wood Hammer|p2a: Sudowoodo\n|-supereffective|p2a: Sudowoodo\n|-damage|p2a: Sudowoodo|13/284\n|move|p2a: Sudowoodo|Wood Hammer|p1a: Sudowoodo\n|-resisted|p1a: Sudowoodo\n|-damage|p1a: Sudowoodo|17/284\n|\n|-heal|p1a: Sudowoodo|34/284|[from] item: Leftovers\n|-heal|p2a: Sudowoodo|30/284|[from] item: Leftovers\n|upkeep\n|turn|38\n|\n|t:|1733904024\n|move|p2a: Sudowoodo|Sucker Punch|p1a: Sudowoodo\n|-damage|p1a: Sudowoodo|0 fnt\n|faint|p1a: Sudowoodo\n|\n|-heal|p2a: Sudowoodo|47/284|[from] item: Leftovers\n|upkeep\n|\n|t:|1733904026\n|switch|p1a: Pachirisu|Pachirisu, L96, M|184/271\n|turn|39\n|\n|t:|1733904035\n|move|p1a: Pachirisu|Discharge|p2a: Sudowoodo\n|-damage|p2a: Sudowoodo|0 fnt\n|faint|p2a: Sudowoodo\n|\n|win|just_4_fun69420\n", "inputlog": ">version bfd83cad13791eb5a5a409923076391caf6fb4d4\n>start {\"formatid\":\"gen9randombattle\",\"seed\":[63107,36774,52124,58296]}\n>player p1 {\"name\":\"just_4_fun69420\",\"avatar\":\"norman\",\"rating\":0,\"seed\":[9262,39113,22215,60915]}\n>player p2 {\"name\":\"sawhoneyg\",\"avatar\":\"clair\",\"rating\":0,\"seed\":[45590,22273,809,21968]}\n>p1 move shellsmash\n>p2 move seedflare\n>p1 move icebeam\n>p2 move seedflare\n>p1 move icebeam\n>p2 move synthesis\n>p2 switch 3\n>p1 move icebeam\n>p2 move gigadrain\n>p1 switch 4\n>p1 move substitute\n>p2 switch 2\n>p1 move leechseed\n>p2 move encore\n>p1 switch 6\n>p2 move tripleaxel\n>p1 switch 3\n>p2 move surf\n>p1 move energyball\n>p2 move knockoff\n>p1 move energyball\n>p2 move tripleaxel terastallize\n>p1 move icebeam\n>p2 move knockoff\n>p1 move tailglow\n>p2 move tripleaxel\n>p1 switch 3\n>p2 move tripleaxel\n>p1 switch 5\n>p1 move woodhammer\n>p2 move surf\n>p1 switch 2\n>p2 move surf\n>p1 move uturn\n>p2 move tripleaxel\n>p1 switch 6\n>p2 switch 5\n>p1 move substitute\n>p2 move flamethrower\n>p1 move leechseed\n>p2 move flamethrower\n>p1 move substitute\n>p2 move flamethrower\n>p1 move substitute\n>p2 move flamethrower\n>p1 move protect\n>p2 move flamethrower\n>p1 move substitute\n>p2 move willowisp\n>p1 move psychicnoise\n>p2 switch 6\n>p1 move psychicnoise\n>p2 move lavaplume\n>p1 move psychicnoise\n>p2 move yawn\n>p2 switch 6\n>p1 move substitute\n>p2 move flamethrower\n>p1 move substitute\n>p2 move willowisp\n>p1 move psychicnoise\n>p2 move rapidspin\n>p1 move psychicnoise\n>p2 move flamethrower\n>p2 switch 2\n>p1 move substitute\n>p2 move icebeam\n>p1 switch 6\n>p1 move uturn\n>p2 switch 4\n>p1 switch 3\n>p1 move hydropump\n>p2 move suckerpunch\n>p1 switch 3\n>p1 move encore\n>p2 move headsmash\n>p1 switch 2\n>p2 switch 4\n>p1 move stealthrock terastallize\n>p2 move hydropump\n>p1 move headsmash\n>p2 move hydropump\n>p2 switch 4\n>p1 move woodhammer\n>p2 move woodhammer\n>p1 move woodhammer\n>p2 move suckerpunch\n>p1 switch 2\n>p1 move discharge\n>p2 move headsmash", "uploadtime": 1733904049, "views": 2, "formatid": "gen9randombattle", "rating": null, "private": 0, "password": null}