{"id": "gen9randombattle-2260735604", "format": "[Gen 9] Random Battle", "players": ["saipanese", "FantasyWind"], "log": "|j|\u2606saipanese\n|j|\u203dFantasyWind\n|t:|1733884711\n|gametype|singles\n|player|p1|saipanese|maid|1485\n|player|p2|FantasyWind|hilda|1505\n|teamsize|p1|6\n|teamsize|p2|6\n|gen|9\n|tier|[Gen 9] Random Battle\n|rated|\n|rule|Species Clause: Limit one of each Pok\u00e9mon\n|rule|HP Percentage Mod: HP is shown in percentages\n|rule|Sleep Clause Mod: Limit one foe put to sleep\n|rule|Illusion Level Mod: Illusion disguises the Pok\u00e9mon's true level\n|\n|t:|1733884711\n|start\n|switch|p1a: Salamence|Salamence, L77, F|273/273\n|switch|p2a: Walking Wake|Walking Wake, L79|286/286\n|turn|1\n|inactive|Battle timer is ON: inactive players will automatically lose when time's up. (requested by FantasyWind)\n|inactive|saipanese also wants the timer to be on.\n|\n|t:|1733884727\n|switch|p1a: Farigiraf|Farigiraf, L91, F|366/366\n|move|p2a: Walking Wake|Draco Meteor|p1a: Farigiraf\n|-damage|p1a: Farigiraf|137/366\n|-unboost|p2a: Walking Wake|spa|2\n|\n|-heal|p1a: Farigiraf|159/366|[from] item: Leftovers\n|upkeep\n|turn|2\n|\n|t:|1733884738\n|-end|p2a: Walking Wake|Protosynthesis|[silent]\n|switch|p2a: Krookodile|Krookodile, L80, F|283/283\n|-ability|p2a: Krookodile|Intimidate|boost\n|-unboost|p1a: Farigiraf|atk|1\n|move|p1a: Farigiraf|Wish|p1a: Farigiraf\n|\n|-heal|p1a: Farigiraf|181/366|[from] item: Leftovers\n|upkeep\n|turn|3\n|\n|t:|1733884760\n|switch|p1a: Venomoth|Venomoth, L84, F|255/255\n|move|p2a: Krookodile|Knock Off|p1a: Venomoth\n|-damage|p1a: Venomoth|51/255\n|-enditem|p1a: Venomoth|Heavy-Duty Boots|[from] move: Knock Off|[of] p2a: Krookodile\n|-damage|p2a: Krookodile|255/283|[from] item: Life Orb\n|\n|-heal|p1a: Venomoth|234/255|[from] move: Wish|[wisher] Farigiraf\n|upkeep\n|turn|4\n|\n|t:|1733884779\n|move|p1a: Venomoth|Sleep Powder|p2a: Krookodile\n|-status|p2a: Krookodile|slp|[from] move: Sleep Powder\n|cant|p2a: Krookodile|slp\n|\n|upkeep\n|turn|5\n|\n|t:|1733884786\n|switch|p2a: Victreebel|Victreebel, L90, M|290/290\n|move|p1a: Venomoth|Quiver Dance|p1a: Venomoth\n|-boost|p1a: Venomoth|spa|1\n|-boost|p1a: Venomoth|spd|1\n|-boost|p1a: Venomoth|spe|1\n|\n|upkeep\n|turn|6\n|\n|t:|1733884801\n|move|p1a: Venomoth|Sludge Wave|p2a: Victreebel\n|-damage|p2a: Victreebel|145/290\n|move|p2a: Victreebel|Sunny Day|p2a: Victreebel\n|-weather|SunnyDay\n|\n|-weather|SunnyDay|[upkeep]\n|upkeep\n|turn|7\n|\n|t:|1733884810\n|-terastallize|p2a: Victreebel|Fire\n|-terastallize|p1a: Venomoth|Water\n|move|p2a: Victreebel|Weather Ball|p1a: Venomoth\n|-resisted|p1a: Venomoth\n|-damage|p1a: Venomoth|144/255\n|-damage|p2a: Victreebel|116/290|[from] item: Life Orb\n|move|p1a: Venomoth|Quiver Dance|p1a: Venomoth\n|-boost|p1a: Venomoth|spa|1\n|-boost|p1a: Venomoth|spd|1\n|-boost|p1a: Venomoth|spe|1\n|\n|-weather|SunnyDay|[upkeep]\n|upkeep\n|turn|8\n|\n|t:|1733884826\n|move|p1a: Venomoth|Sludge Wave|p2a: Victreebel\n|-damage|p2a: Victreebel|0 fnt\n|faint|p2a: Victreebel\n|\n|-weather|SunnyDay|[upkeep]\n|upkeep\n|\n|t:|1733884838\n|switch|p2a: Walking Wake|Walking Wake, L79|286/286\n|-activate|p2a: Walking Wake|ability: Protosynthesis\n|-start|p2a: Walking Wake|protosynthesisspa\n|turn|9\n|\n|t:|1733884855\n|move|p1a: Venomoth|Sludge Wave|p2a: Walking Wake\n|-damage|p2a: Walking Wake|72/286\n|move|p2a: Walking Wake|Draco Meteor|p1a: Venomoth\n|-damage|p1a: Venomoth|0 fnt\n|-unboost|p2a: Walking Wake|spa|2\n|faint|p1a: Venomoth\n|\n|-weather|SunnyDay|[upkeep]\n|upkeep\n|inactive|saipanese has 120 seconds left.\n|\n|t:|1733884888\n|switch|p1a: Farigiraf|Farigiraf, L91, F|181/366\n|turn|10\n|\n|t:|1733884893\n|-end|p2a: Walking Wake|Protosynthesis|[silent]\n|switch|p2a: Krookodile|Krookodile, L80, F|255/283 slp\n|-ability|p2a: Krookodile|Intimidate|boost\n|-unboost|p1a: Farigiraf|atk|1\n|move|p1a: Farigiraf|Wish|p1a: Farigiraf\n|\n|-weather|none\n|-heal|p1a: Farigiraf|203/366|[from] item: Leftovers\n|upkeep\n|turn|11\n|inactive|saipanese has 120 seconds left.\n|\n|t:|1733884907\n|switch|p1a: Crawdaunt|Crawdaunt, L84, F|243/243\n|cant|p2a: Krookodile|slp\n|\n|upkeep\n|turn|12\n|\n|t:|1733884924\n|switch|p2a: Walking Wake|Walking Wake, L79|72/286\n|move|p1a: Crawdaunt|Crabhammer|p2a: Walking Wake\n|-resisted|p2a: Walking Wake\n|-damage|p2a: Walking Wake|13/286\n|\n|upkeep\n|turn|13\n|\n|t:|1733884935\n|move|p2a: Walking Wake|Draco Meteor|p1a: Crawdaunt\n|-damage|p1a: Crawdaunt|0 fnt\n|-unboost|p2a: Walking Wake|spa|2\n|faint|p1a: Crawdaunt\n|\n|upkeep\n|inactive|saipanese has 120 seconds left.\n|\n|t:|1733884947\n|switch|p1a: Salamence|Salamence, L77, F|273/273\n|turn|14\n|\n|t:|1733884959\n|move|p2a: Walking Wake|Draco Meteor|p1a: Salamence\n|-supereffective|p1a: Salamence\n|-damage|p1a: Salamence|1/273\n|-unboost|p2a: Walking Wake|spa|2\n|move|p1a: Salamence|Dragon Dance|p1a: Salamence\n|-boost|p1a: Salamence|atk|1\n|-boost|p1a: Salamence|spe|1\n|\n|upkeep\n|turn|15\n|\n|t:|1733884969\n|move|p1a: Salamence|Dual Wingbeat|p2a: Walking Wake\n|-damage|p2a: Walking Wake|0 fnt\n|faint|p2a: Walking Wake\n|-end|p2a: Walking Wake|Protosynthesis|[silent]\n|-ability|p1a: Salamence|Moxie|boost\n|-boost|p1a: Salamence|atk|1\n|-hitcount|p2: Walking Wake|1\n|\n|upkeep\n|\n|t:|1733884971\n|switch|p2a: Cobalion|Cobalion, L80|277/277\n|turn|16\n|\n|t:|1733884987\n|switch|p1a: Iron Leaves|Iron Leaves, L80|275/275\n|move|p2a: Cobalion|Vacuum Wave|p1a: Iron Leaves\n|-resisted|p1a: Iron Leaves\n|-damage|p1a: Iron Leaves|259/275\n|\n|upkeep\n|turn|17\n|\n|t:|1733885004\n|switch|p2a: Mandibuzz|Mandibuzz, L85, F|326/326\n|move|p1a: Iron Leaves|Psyblade|p2a: Mandibuzz\n|-immune|p2a: Mandibuzz\n|\n|upkeep\n|turn|18\n|\n|t:|1733885012\n|-end|p1a: Iron Leaves|Quark Drive|[silent]\n|switch|p1a: Stonjourner|Stonjourner, L91, F|330/330\n|move|p2a: Mandibuzz|U-turn|p1a: Stonjourner\n|-damage|p1a: Stonjourner|303/330\n|\n|t:|1733885015\n|switch|p2a: Cobalion|Cobalion, L80|277/277|[from] U-turn\n|\n|upkeep\n|turn|19\n|\n|t:|1733885027\n|move|p2a: Cobalion|Calm Mind|p2a: Cobalion\n|-boost|p2a: Cobalion|spa|1\n|-boost|p2a: Cobalion|spd|1\n|move|p1a: Stonjourner|Earthquake|p2a: Cobalion\n|-supereffective|p2a: Cobalion\n|-damage|p2a: Cobalion|72/277\n|-damage|p1a: Stonjourner|270/330|[from] item: Life Orb\n|\n|-heal|p2a: Cobalion|89/277|[from] item: Leftovers\n|upkeep\n|turn|20\n|\n|t:|1733885041\n|move|p2a: Cobalion|Aura Sphere|p1a: Stonjourner\n|-supereffective|p1a: Stonjourner\n|-damage|p1a: Stonjourner|0 fnt\n|faint|p1a: Stonjourner\n|\n|-heal|p2a: Cobalion|106/277|[from] item: Leftovers\n|upkeep\n|\n|t:|1733885051\n|switch|p1a: Iron Leaves|Iron Leaves, L80|259/275\n|turn|21\n|\n|t:|1733885058\n|switch|p2a: Mandibuzz|Mandibuzz, L85, F|326/326\n|move|p1a: Iron Leaves|Close Combat|p2a: Mandibuzz\n|-damage|p2a: Mandibuzz|198/326\n|-unboost|p1a: Iron Leaves|def|1\n|-unboost|p1a: Iron Leaves|spd|1\n|\n|upkeep\n|turn|22\n|\n|t:|1733885070\n|-end|p1a: Iron Leaves|Quark Drive|[silent]\n|switch|p1a: Farigiraf|Farigiraf, L91, F|203/366\n|move|p2a: Mandibuzz|U-turn|p1a: Farigiraf\n|-supereffective|p1a: Farigiraf\n|-damage|p1a: Farigiraf|125/366\n|\n|t:|1733885075\n|switch|p2a: Krookodile|Krookodile, L80, F|255/283 slp|[from] U-turn\n|-ability|p2a: Krookodile|Intimidate|boost\n|-unboost|p1a: Farigiraf|atk|1\n|\n|-heal|p1a: Farigiraf|147/366|[from] item: Leftovers\n|upkeep\n|turn|23\n|\n|t:|1733885082\n|cant|p2a: Krookodile|slp\n|move|p1a: Farigiraf|Wish|p1a: Farigiraf\n|\n|-heal|p1a: Farigiraf|169/366|[from] item: Leftovers\n|upkeep\n|turn|24\n|\n|t:|1733885090\n|move|p1a: Farigiraf|Protect|p1a: Farigiraf\n|-singleturn|p1a: Farigiraf|Protect\n|-curestatus|p2a: Krookodile|slp|[msg]\n|move|p2a: Krookodile|Knock Off|p1a: Farigiraf\n|-activate|p1a: Farigiraf|move: Protect\n|\n|-heal|p1a: Farigiraf|352/366|[from] move: Wish|[wisher] Farigiraf\n|-heal|p1a: Farigiraf|366/366|[from] item: Leftovers\n|upkeep\n|turn|25\n|\n|t:|1733885106\n|switch|p1a: Salamence|Salamence, L77, F|1/273\n|move|p2a: Krookodile|Knock Off|p1a: Salamence\n|-damage|p1a: Salamence|0 fnt\n|-enditem|p1a: Salamence|Heavy-Duty Boots|[from] move: Knock Off|[of] p2a: Krookodile\n|faint|p1a: Salamence\n|-damage|p2a: Krookodile|227/283|[from] item: Life Orb\n|\n|upkeep\n|\n|t:|1733885115\n|switch|p1a: Iron Leaves|Iron Leaves, L80|259/275\n|turn|26\n|\n|t:|1733885130\n|switch|p2a: Oinkologne|Oinkologne, L92, M|352/352\n|move|p1a: Iron Leaves|Close Combat|p2a: Oinkologne\n|-supereffective|p2a: Oinkologne\n|-damage|p2a: Oinkologne|30/352\n|-unboost|p1a: Iron Leaves|def|1\n|-unboost|p1a: Iron Leaves|spd|1\n|\n|-heal|p2a: Oinkologne|52/352|[from] item: Leftovers\n|upkeep\n|turn|27\n|\n|t:|1733885147\n|move|p1a: Iron Leaves|Close Combat|p2a: Oinkologne\n|-supereffective|p2a: Oinkologne\n|-damage|p2a: Oinkologne|0 fnt\n|-unboost|p1a: Iron Leaves|def|1\n|-unboost|p1a: Iron Leaves|spd|1\n|faint|p2a: Oinkologne\n|\n|upkeep\n|\n|t:|1733885154\n|switch|p2a: Mandibuzz|Mandibuzz, L85, F|198/326\n|turn|28\n|\n|t:|1733885157\n|-end|p1a: Iron Leaves|Quark Drive|[silent]\n|switch|p1a: Farigiraf|Farigiraf, L91, F|366/366\n|move|p2a: Mandibuzz|Roost|p2a: Mandibuzz\n|-heal|p2a: Mandibuzz|326/326\n|-singleturn|p2a: Mandibuzz|move: Roost\n|\n|upkeep\n|turn|29\n|\n|t:|1733885164\n|move|p2a: Mandibuzz|U-turn|p1a: Farigiraf\n|-supereffective|p1a: Farigiraf\n|-crit|p1a: Farigiraf\n|-damage|p1a: Farigiraf|248/366\n|\n|t:|1733885166\n|switch|p2a: Krookodile|Krookodile, L80, F|227/283|[from] U-turn\n|-ability|p2a: Krookodile|Intimidate|boost\n|-unboost|p1a: Farigiraf|atk|1\n|move|p1a: Farigiraf|Wish|p1a: Farigiraf\n|\n|-heal|p1a: Farigiraf|270/366|[from] item: Leftovers\n|upkeep\n|turn|30\n|\n|t:|1733885175\n|move|p1a: Farigiraf|Protect|p1a: Farigiraf\n|-singleturn|p1a: Farigiraf|Protect\n|move|p2a: Krookodile|Stealth Rock|p1a: Farigiraf\n|-sidestart|p1: saipanese|move: Stealth Rock\n|\n|-heal|p1a: Farigiraf|366/366|[from] move: Wish|[wisher] Farigiraf\n|upkeep\n|turn|31\n|\n|t:|1733885185\n|move|p2a: Krookodile|Knock Off|p1a: Farigiraf\n|-supereffective|p1a: Farigiraf\n|-damage|p1a: Farigiraf|54/366\n|-enditem|p1a: Farigiraf|Leftovers|[from] move: Knock Off|[of] p2a: Krookodile\n|-damage|p2a: Krookodile|199/283|[from] item: Life Orb\n|move|p1a: Farigiraf|Wish|p1a: Farigiraf\n|\n|upkeep\n|turn|32\n|\n|t:|1733885206\n|switch|p1a: Iron Leaves|Iron Leaves, L80|259/275\n|-damage|p1a: Iron Leaves|225/275|[from] Stealth Rock\n|move|p2a: Krookodile|Knock Off|p1a: Iron Leaves\n|-supereffective|p1a: Iron Leaves\n|-damage|p1a: Iron Leaves|0 fnt\n|-enditem|p1a: Iron Leaves|Choice Band|[from] move: Knock Off|[of] p2a: Krookodile\n|faint|p1a: Iron Leaves\n|-end|p1a: Iron Leaves|Quark Drive|[silent]\n|-damage|p2a: Krookodile|171/283|[from] item: Life Orb\n|\n|upkeep\n|-message|saipanese forfeited.\n|\n|win|FantasyWind\n|raw|saipanese's rating: 1485 &rarr; <strong>1466</strong><br />(-19 for losing)\n|raw|FantasyWind's rating: 1505 &rarr; <strong>1524</strong><br />(+19 for winning)\n|l|\u2606saipanese\n|player|p1|\n", "inputlog": ">version bfd83cad13791eb5a5a409923076391caf6fb4d4\n>start {\"formatid\":\"gen9randombattle\",\"seed\":[49900,51614,64947,50271],\"rated\":\"Rated battle\"}\n>player p1 {\"name\":\"saipanese\",\"avatar\":\"maid\",\"rating\":1485,\"seed\":[382,46916,9222,47380]}\n>player p2 {\"name\":\"FantasyWind\",\"avatar\":\"hilda\",\"rating\":1505,\"seed\":[14257,30922,58735,45174]}\n>p1 switch 3\n>p2 move dracometeor\n>p1 move wish\n>p2 switch 4\n>p1 switch 5\n>p2 move knockoff\n>p1 move sleeppowder\n>p2 move stealthrock\n>p1 move quiverdance\n>p2 switch 2\n>p1 move sludgewave\n>p2 move sunnyday\n>p1 move quiverdance terastallize\n>p2 move weatherball terastallize\n>p1 move sludgewave\n>p2 move powerwhip\n>p2 switch 4\n>p1 move sludgewave\n>p2 move dracometeor\n>p1 switch 5\n>p1 move wish\n>p2 switch 2\n>p1 switch 2\n>p2 move knockoff\n>p1 move crabhammer\n>p2 switch 2\n>p1 move crabhammer\n>p2 move dracometeor\n>p1 switch 3\n>p1 move dragondance\n>p2 move dracometeor\n>p1 move dualwingbeat\n>p2 move dracometeor\n>p2 switch 3\n>p1 switch 4\n>p2 move vacuumwave\n>p1 move psyblade\n>p2 switch 5\n>p1 switch 6\n>p2 move uturn\n>p2 switch 5\n>p1 move earthquake\n>p2 move calmmind\n>p1 move earthquake\n>p2 move aurasphere\n>p1 switch 6\n>p1 move closecombat\n>p2 switch 5\n>p1 switch 2\n>p2 move uturn\n>p2 switch 2\n>p1 move wish\n>p2 move knockoff\n>p1 move protect\n>p2 move knockoff\n>p1 switch 4\n>p2 move knockoff\n>p1 switch 2\n>p1 move closecombat\n>p2 switch 6\n>p1 move closecombat\n>p2 move doubleedge\n>p2 switch 2\n>p1 switch 4\n>p2 move roost\n>p1 move wish\n>p2 move uturn\n>p2 switch 6\n>p1 move protect\n>p2 move stealthrock\n>p1 move wish\n>p2 move knockoff\n>p1 switch 4\n>p2 move knockoff\n>forcelose p1", "uploadtime": 1733885216, "views": 5, "formatid": "gen9randombattle", "rating": 1466, "private": 0, "password": null}