{"id": "gen9randombattle-2260494637", "format": "[Gen 9] Random Battle", "players": ["DeanNotFound", "Colonel Tigh"], "log": "|j|\u2606DeanNotFound\n|j|\u2606Colonel Tigh\n|t:|1733857044\n|gametype|singles\n|player|p1|DeanNotFound|unknown|1177\n|player|p2|Colonel Tigh|ethan|1148\n|teamsize|p1|6\n|teamsize|p2|6\n|gen|9\n|tier|[Gen 9] Random Battle\n|rated|\n|rule|Species Clause: Limit one of each Pok\u00e9mon\n|rule|HP Percentage Mod: HP is shown in percentages\n|rule|Sleep Clause Mod: Limit one foe put to sleep\n|rule|Illusion Level Mod: Illusion disguises the Pok\u00e9mon's true level\n|\n|t:|1733857044\n|start\n|switch|p1a: Lunala|Lunala, L70|308/308\n|switch|p2a: Annihilape|Annihilape, L76, M|292/292\n|turn|1\n|inactive|Battle timer is ON: inactive players will automatically lose when time's up. (requested by DeanNotFound)\n|\n|t:|1733857051\n|move|p2a: Annihilape|Rage Fist|p1a: Lunala\n|-supereffective|p1a: Lunala\n|-damage|p1a: Lunala|188/308\n|move|p1a: Lunala|Calm Mind|p1a: Lunala\n|-boost|p1a: Lunala|spa|1\n|-boost|p1a: Lunala|spd|1\n|\n|-heal|p1a: Lunala|207/308|[from] item: Leftovers\n|upkeep\n|turn|2\n|\n|t:|1733857066\n|move|p2a: Annihilape|Taunt|p1a: Lunala\n|-start|p1a: Lunala|move: Taunt\n|cant|p1a: Lunala|move: Taunt|Calm Mind\n|\n|-heal|p1a: Lunala|226/308|[from] item: Leftovers\n|upkeep\n|turn|3\n|\n|t:|1733857072\n|move|p2a: Annihilape|Rage Fist|p1a: Lunala\n|-supereffective|p1a: Lunala\n|-damage|p1a: Lunala|0 fnt\n|faint|p1a: Lunala\n|\n|upkeep\n|\n|t:|1733857084\n|switch|p1a: Qwilfish|Qwilfish, L86, M|252/252\n|-ability|p1a: Qwilfish|Intimidate|boost\n|-unboost|p2a: Annihilape|atk|1\n|-ability|p2a: Annihilape|Defiant|boost\n|-boost|p2a: Annihilape|atk|2\n|turn|4\n|\n|t:|1733857091\n|move|p1a: Qwilfish|Toxic|p2a: Annihilape\n|-status|p2a: Annihilape|tox\n|move|p2a: Annihilape|Bulk Up|p2a: Annihilape\n|-boost|p2a: Annihilape|atk|1\n|-boost|p2a: Annihilape|def|1\n|\n|-damage|p2a: Annihilape|274/292 tox|[from] psn\n|upkeep\n|turn|5\n|\n|t:|1733857109\n|switch|p1a: Honchkrow|Honchkrow, L86, F|312/312\n|move|p2a: Annihilape|Drain Punch|p1a: Honchkrow\n|-damage|p1a: Honchkrow|102/312\n|-heal|p2a: Annihilape|292/292 tox|[from] drain|[of] p1a: Honchkrow\n|\n|-damage|p2a: Annihilape|256/292 tox|[from] psn\n|upkeep\n|turn|6\n|\n|t:|1733857118\n|move|p2a: Annihilape|Drain Punch|p1a: Honchkrow\n|-damage|p1a: Honchkrow|0 fnt\n|-heal|p2a: Annihilape|292/292 tox|[from] drain|[of] p1a: Honchkrow\n|faint|p1a: Honchkrow\n|\n|-damage|p2a: Annihilape|238/292 tox|[from] psn\n|upkeep\n|\n|t:|1733857123\n|switch|p1a: Gyarados|Gyarados, L79, M|280/280\n|turn|7\n|\n|t:|1733857129\n|move|p2a: Annihilape|Rage Fist|p1a: Gyarados\n|-crit|p1a: Gyarados\n|-damage|p1a: Gyarados|112/280\n|move|p1a: Gyarados|Dragon Dance|p1a: Gyarados\n|-boost|p1a: Gyarados|atk|1\n|-boost|p1a: Gyarados|spe|1\n|\n|-heal|p2a: Annihilape|256/292 tox|[from] item: Leftovers\n|-damage|p2a: Annihilape|184/292 tox|[from] psn\n|upkeep\n|turn|8\n|\n|t:|1733857146\n|-terastallize|p1a: Gyarados|Flying\n|move|p1a: Gyarados|Tera Blast|p2a: Annihilape|[anim] Tera Blast Flying\n|-supereffective|p2a: Annihilape\n|-damage|p2a: Annihilape|0 fnt\n|faint|p2a: Annihilape\n|-ability|p1a: Gyarados|Moxie|boost\n|-boost|p1a: Gyarados|atk|1\n|\n|upkeep\n|\n|t:|1733857168\n|switch|p2a: Klawf|Klawf, L90, M|272/272\n|turn|9\n|\n|t:|1733857185\n|move|p2a: Klawf|Stone Edge|p1a: Gyarados\n|-supereffective|p1a: Gyarados\n|-damage|p1a: Gyarados|0 fnt\n|faint|p1a: Gyarados\n|\n|upkeep\n|\n|t:|1733857191\n|switch|p1a: Bastiodon|Bastiodon, L89, F|252/252\n|turn|10\n|\n|t:|1733857209\n|switch|p2a: Kingdra|Kingdra, L84, F|263/263\n|move|p1a: Bastiodon|Iron Defense|p1a: Bastiodon\n|-boost|p1a: Bastiodon|def|2\n|\n|upkeep\n|turn|11\n|\n|t:|1733857220\n|move|p2a: Kingdra|Wave Crash|p1a: Bastiodon\n|-supereffective|p1a: Bastiodon\n|-damage|p1a: Bastiodon|164/252\n|-damage|p2a: Kingdra|234/263|[from] Recoil\n|-damage|p2a: Kingdra|208/263|[from] item: Life Orb\n|move|p1a: Bastiodon|Iron Defense|p1a: Bastiodon\n|-boost|p1a: Bastiodon|def|2\n|\n|upkeep\n|turn|12\n|\n|t:|1733857239\n|move|p2a: Kingdra|Rain Dance|p2a: Kingdra\n|-weather|RainDance\n|move|p1a: Bastiodon|Iron Defense|p1a: Bastiodon\n|-boost|p1a: Bastiodon|def|2\n|\n|-weather|RainDance|[upkeep]\n|upkeep\n|turn|13\n|\n|t:|1733857243\n|move|p2a: Kingdra|Hurricane|p1a: Bastiodon\n|-resisted|p1a: Bastiodon\n|-damage|p1a: Bastiodon|147/252\n|-damage|p2a: Kingdra|182/263|[from] item: Life Orb\n|move|p1a: Bastiodon|Rest|p1a: Bastiodon\n|-status|p1a: Bastiodon|slp|[from] move: Rest\n|-heal|p1a: Bastiodon|252/252 slp|[silent]\n|-enditem|p1a: Bastiodon|Chesto Berry|[eat]\n|-curestatus|p1a: Bastiodon|slp|[msg]\n|\n|-weather|RainDance|[upkeep]\n|upkeep\n|turn|14\n|\n|t:|1733857249\n|move|p2a: Kingdra|Hurricane|p1a: Bastiodon\n|-resisted|p1a: Bastiodon\n|-damage|p1a: Bastiodon|238/252\n|-start|p1a: Bastiodon|confusion\n|-damage|p2a: Kingdra|156/263|[from] item: Life Orb\n|-activate|p1a: Bastiodon|confusion\n|move|p1a: Bastiodon|Body Press|p2a: Kingdra\n|-damage|p2a: Kingdra|0 fnt\n|faint|p2a: Kingdra\n|\n|-weather|RainDance|[upkeep]\n|upkeep\n|\n|t:|1733857266\n|switch|p2a: Brambleghast|Brambleghast, L88, M|240/240\n|turn|15\n|\n|t:|1733857273\n|move|p2a: Brambleghast|Leech Seed|p1a: Bastiodon\n|-start|p1a: Bastiodon|move: Leech Seed\n|-activate|p1a: Bastiodon|confusion\n|move|p1a: Bastiodon|Foul Play|p2a: Brambleghast\n|-supereffective|p2a: Brambleghast\n|-damage|p2a: Brambleghast|54/240\n|\n|-weather|RainDance|[upkeep]\n|-heal|p2a: Brambleghast|69/240|[from] item: Leftovers\n|-damage|p1a: Bastiodon|207/252|[from] Leech Seed|[of] p2a: Brambleghast\n|-heal|p2a: Brambleghast|100/240|[silent]\n|upkeep\n|turn|16\n|\n|t:|1733857284\n|move|p2a: Brambleghast|Substitute|p2a: Brambleghast\n|-start|p2a: Brambleghast|Substitute\n|-damage|p2a: Brambleghast|40/240\n|-end|p1a: Bastiodon|confusion\n|move|p1a: Bastiodon|Foul Play|p2a: Brambleghast\n|-supereffective|p2a: Brambleghast\n|-end|p2a: Brambleghast|Substitute\n|\n|-weather|none\n|-heal|p2a: Brambleghast|55/240|[from] item: Leftovers\n|-damage|p1a: Bastiodon|176/252|[from] Leech Seed|[of] p2a: Brambleghast\n|-heal|p2a: Brambleghast|86/240|[silent]\n|upkeep\n|turn|17\n|\n|t:|1733857299\n|move|p2a: Brambleghast|Substitute|p2a: Brambleghast\n|-start|p2a: Brambleghast|Substitute\n|-damage|p2a: Brambleghast|26/240\n|move|p1a: Bastiodon|Foul Play|p2a: Brambleghast\n|-supereffective|p2a: Brambleghast\n|-end|p2a: Brambleghast|Substitute\n|\n|-heal|p2a: Brambleghast|41/240|[from] item: Leftovers\n|-damage|p1a: Bastiodon|145/252|[from] Leech Seed|[of] p2a: Brambleghast\n|-heal|p2a: Brambleghast|72/240|[silent]\n|upkeep\n|turn|18\n|\n|t:|1733857308\n|move|p2a: Brambleghast|Substitute|p2a: Brambleghast\n|-start|p2a: Brambleghast|Substitute\n|-damage|p2a: Brambleghast|12/240\n|move|p1a: Bastiodon|Foul Play|p2a: Brambleghast\n|-supereffective|p2a: Brambleghast\n|-end|p2a: Brambleghast|Substitute\n|\n|-heal|p2a: Brambleghast|27/240|[from] item: Leftovers\n|-damage|p1a: Bastiodon|114/252|[from] Leech Seed|[of] p2a: Brambleghast\n|-heal|p2a: Brambleghast|58/240|[silent]\n|upkeep\n|turn|19\n|\n|t:|1733857319\n|move|p2a: Brambleghast|Poltergeist||[still]\n|-fail|p2a: Brambleghast\n|move|p1a: Bastiodon|Foul Play|p2a: Brambleghast\n|-supereffective|p2a: Brambleghast\n|-damage|p2a: Brambleghast|0 fnt\n|faint|p2a: Brambleghast\n|\n|upkeep\n|\n|t:|1733857328\n|switch|p2a: Umbreon|Umbreon, L84, F|297/297\n|turn|20\n|\n|t:|1733857342\n|move|p2a: Umbreon|Protect|p2a: Umbreon\n|-singleturn|p2a: Umbreon|Protect\n|move|p1a: Bastiodon|Body Press|p2a: Umbreon\n|-activate|p2a: Umbreon|move: Protect\n|\n|-damage|p1a: Bastiodon|83/252|[from] Leech Seed|[of] p2a: Umbreon\n|upkeep\n|turn|21\n|\n|t:|1733857357\n|-terastallize|p2a: Umbreon|Poison\n|move|p2a: Umbreon|Wish|p2a: Umbreon\n|move|p1a: Bastiodon|Rest|p1a: Bastiodon\n|-status|p1a: Bastiodon|slp|[from] move: Rest\n|-heal|p1a: Bastiodon|252/252 slp|[silent]\n|\n|-damage|p1a: Bastiodon|221/252 slp|[from] Leech Seed|[of] p2a: Umbreon\n|upkeep\n|turn|22\n|\n|t:|1733857368\n|move|p2a: Umbreon|Foul Play|p1a: Bastiodon\n|-damage|p1a: Bastiodon|212/252 slp\n|cant|p1a: Bastiodon|slp\n|\n|-damage|p1a: Bastiodon|181/252 slp|[from] Leech Seed|[of] p2a: Umbreon\n|upkeep\n|turn|23\n|\n|t:|1733857387\n|move|p2a: Umbreon|Foul Play|p1a: Bastiodon\n|-damage|p1a: Bastiodon|174/252 slp\n|cant|p1a: Bastiodon|slp\n|\n|-damage|p1a: Bastiodon|143/252 slp|[from] Leech Seed|[of] p2a: Umbreon\n|upkeep\n|turn|24\n|\n|t:|1733857393\n|move|p2a: Umbreon|Wish|p2a: Umbreon\n|-curestatus|p1a: Bastiodon|slp|[msg]\n|move|p1a: Bastiodon|Body Press|p2a: Umbreon\n|-resisted|p2a: Umbreon\n|-damage|p2a: Umbreon|126/297\n|\n|-heal|p2a: Umbreon|144/297|[from] item: Leftovers\n|-damage|p1a: Bastiodon|112/252|[from] Leech Seed|[of] p2a: Umbreon\n|-heal|p2a: Umbreon|175/297|[silent]\n|upkeep\n|turn|25\n|\n|t:|1733857411\n|move|p2a: Umbreon|Protect|p2a: Umbreon\n|-singleturn|p2a: Umbreon|Protect\n|move|p1a: Bastiodon|Body Press|p2a: Umbreon\n|-activate|p2a: Umbreon|move: Protect\n|\n|-heal|p2a: Umbreon|297/297|[from] move: Wish|[wisher] Umbreon\n|-damage|p1a: Bastiodon|81/252|[from] Leech Seed|[of] p2a: Umbreon\n|upkeep\n|turn|26\n|\n|t:|1733857418\n|move|p2a: Umbreon|Wish|p2a: Umbreon\n|move|p1a: Bastiodon|Rest|p1a: Bastiodon\n|-status|p1a: Bastiodon|slp|[from] move: Rest\n|-heal|p1a: Bastiodon|252/252 slp|[silent]\n|\n|-damage|p1a: Bastiodon|221/252 slp|[from] Leech Seed|[of] p2a: Umbreon\n|upkeep\n|turn|27\n|\n|t:|1733857436\n|move|p2a: Umbreon|Foul Play|p1a: Bastiodon\n|-damage|p1a: Bastiodon|214/252 slp\n|cant|p1a: Bastiodon|slp\n|\n|-damage|p1a: Bastiodon|183/252 slp|[from] Leech Seed|[of] p2a: Umbreon\n|upkeep\n|turn|28\n|\n|t:|1733857443\n|move|p2a: Umbreon|Foul Play|p1a: Bastiodon\n|-damage|p1a: Bastiodon|176/252 slp\n|cant|p1a: Bastiodon|slp\n|\n|-damage|p1a: Bastiodon|145/252 slp|[from] Leech Seed|[of] p2a: Umbreon\n|upkeep\n|turn|29\n|\n|t:|1733857455\n|move|p2a: Umbreon|Wish|p2a: Umbreon\n|-curestatus|p1a: Bastiodon|slp|[msg]\n|move|p1a: Bastiodon|Body Press|p2a: Umbreon\n|-resisted|p2a: Umbreon\n|-damage|p2a: Umbreon|124/297\n|\n|-heal|p2a: Umbreon|142/297|[from] item: Leftovers\n|-damage|p1a: Bastiodon|114/252|[from] Leech Seed|[of] p2a: Umbreon\n|-heal|p2a: Umbreon|173/297|[silent]\n|upkeep\n|turn|30\n|\n|t:|1733857466\n|move|p2a: Umbreon|Protect|p2a: Umbreon\n|-singleturn|p2a: Umbreon|Protect\n|move|p1a: Bastiodon|Rest|p1a: Bastiodon\n|-status|p1a: Bastiodon|slp|[from] move: Rest\n|-heal|p1a: Bastiodon|252/252 slp|[silent]\n|\n|-heal|p2a: Umbreon|297/297|[from] move: Wish|[wisher] Umbreon\n|-damage|p1a: Bastiodon|221/252 slp|[from] Leech Seed|[of] p2a: Umbreon\n|upkeep\n|turn|31\n|\n|t:|1733857472\n|move|p2a: Umbreon|Foul Play|p1a: Bastiodon\n|-damage|p1a: Bastiodon|214/252 slp\n|cant|p1a: Bastiodon|slp\n|\n|-damage|p1a: Bastiodon|183/252 slp|[from] Leech Seed|[of] p2a: Umbreon\n|upkeep\n|turn|32\n|\n|t:|1733857479\n|move|p2a: Umbreon|Foul Play|p1a: Bastiodon\n|-damage|p1a: Bastiodon|176/252 slp\n|cant|p1a: Bastiodon|slp\n|\n|-damage|p1a: Bastiodon|145/252 slp|[from] Leech Seed|[of] p2a: Umbreon\n|upkeep\n|turn|33\n|\n|t:|1733857485\n|move|p2a: Umbreon|Wish|p2a: Umbreon\n|-curestatus|p1a: Bastiodon|slp|[msg]\n|move|p1a: Bastiodon|Body Press|p2a: Umbreon\n|-resisted|p2a: Umbreon\n|-crit|p2a: Umbreon\n|-damage|p2a: Umbreon|65/297\n|\n|-heal|p2a: Umbreon|83/297|[from] item: Leftovers\n|-damage|p1a: Bastiodon|114/252|[from] Leech Seed|[of] p2a: Umbreon\n|-heal|p2a: Umbreon|114/297|[silent]\n|upkeep\n|turn|34\n|\n|t:|1733857515\n|move|p2a: Umbreon|Protect|p2a: Umbreon\n|-singleturn|p2a: Umbreon|Protect\n|move|p1a: Bastiodon|Body Press|p2a: Umbreon\n|-activate|p2a: Umbreon|move: Protect\n|\n|-heal|p2a: Umbreon|262/297|[from] move: Wish|[wisher] Umbreon\n|-heal|p2a: Umbreon|280/297|[from] item: Leftovers\n|-damage|p1a: Bastiodon|83/252|[from] Leech Seed|[of] p2a: Umbreon\n|-heal|p2a: Umbreon|297/297|[silent]\n|upkeep\n|turn|35\n|\n|t:|1733857525\n|move|p2a: Umbreon|Foul Play|p1a: Bastiodon\n|-damage|p1a: Bastiodon|74/252\n|move|p1a: Bastiodon|Body Press|p2a: Umbreon\n|-resisted|p2a: Umbreon\n|-damage|p2a: Umbreon|146/297\n|\n|-heal|p2a: Umbreon|164/297|[from] item: Leftovers\n|-damage|p1a: Bastiodon|43/252|[from] Leech Seed|[of] p2a: Umbreon\n|-heal|p2a: Umbreon|195/297|[silent]\n|upkeep\n|turn|36\n|\n|t:|1733857535\n|move|p2a: Umbreon|Wish|p2a: Umbreon\n|move|p1a: Bastiodon|Rest|p1a: Bastiodon\n|-status|p1a: Bastiodon|slp|[from] move: Rest\n|-heal|p1a: Bastiodon|252/252 slp|[silent]\n|\n|-heal|p2a: Umbreon|213/297|[from] item: Leftovers\n|-damage|p1a: Bastiodon|221/252 slp|[from] Leech Seed|[of] p2a: Umbreon\n|-heal|p2a: Umbreon|244/297|[silent]\n|upkeep\n|turn|37\n|\n|t:|1733857543\n|move|p2a: Umbreon|Foul Play|p1a: Bastiodon\n|-damage|p1a: Bastiodon|212/252 slp\n|cant|p1a: Bastiodon|slp\n|\n|-heal|p2a: Umbreon|297/297|[from] move: Wish|[wisher] Umbreon\n|-damage|p1a: Bastiodon|181/252 slp|[from] Leech Seed|[of] p2a: Umbreon\n|upkeep\n|turn|38\n|\n|t:|1733857551\n|move|p2a: Umbreon|Foul Play|p1a: Bastiodon\n|-damage|p1a: Bastiodon|174/252 slp\n|cant|p1a: Bastiodon|slp\n|\n|-damage|p1a: Bastiodon|143/252 slp|[from] Leech Seed|[of] p2a: Umbreon\n|upkeep\n|turn|39\n|l|\u2606DeanNotFound\n|inactive|DeanNotFound disconnected and has a minute to reconnect!\n|player|p1|\n|j|\u2606DeanNotFound\n|inactive|DeanNotFound reconnected and has 140 seconds left.\n|player|p1|DeanNotFound|unknown|\n|\n|t:|1733857564\n|move|p2a: Umbreon|Wish|p2a: Umbreon\n|-curestatus|p1a: Bastiodon|slp|[msg]\n|move|p1a: Bastiodon|Body Press|p2a: Umbreon\n|-resisted|p2a: Umbreon\n|-damage|p2a: Umbreon|123/297\n|\n|-heal|p2a: Umbreon|141/297|[from] item: Leftovers\n|-damage|p1a: Bastiodon|112/252|[from] Leech Seed|[of] p2a: Umbreon\n|-heal|p2a: Umbreon|172/297|[silent]\n|upkeep\n|turn|40\n|\n|t:|1733857577\n|move|p2a: Umbreon|Protect|p2a: Umbreon\n|-singleturn|p2a: Umbreon|Protect\n|move|p1a: Bastiodon|Body Press|p2a: Umbreon\n|-activate|p2a: Umbreon|move: Protect\n|\n|-heal|p2a: Umbreon|297/297|[from] move: Wish|[wisher] Umbreon\n|-damage|p1a: Bastiodon|81/252|[from] Leech Seed|[of] p2a: Umbreon\n|upkeep\n|turn|41\n|\n|t:|1733857585\n|move|p2a: Umbreon|Foul Play|p1a: Bastiodon\n|-damage|p1a: Bastiodon|74/252\n|move|p1a: Bastiodon|Body Press|p2a: Umbreon\n|-resisted|p2a: Umbreon\n|-damage|p2a: Umbreon|124/297\n|\n|-heal|p2a: Umbreon|142/297|[from] item: Leftovers\n|-damage|p1a: Bastiodon|43/252|[from] Leech Seed|[of] p2a: Umbreon\n|-heal|p2a: Umbreon|173/297|[silent]\n|upkeep\n|turn|42\n|\n|t:|1733857594\n|move|p2a: Umbreon|Wish|p2a: Umbreon\n|move|p1a: Bastiodon|Rest|p1a: Bastiodon\n|-status|p1a: Bastiodon|slp|[from] move: Rest\n|-heal|p1a: Bastiodon|252/252 slp|[silent]\n|\n|-heal|p2a: Umbreon|191/297|[from] item: Leftovers\n|-damage|p1a: Bastiodon|221/252 slp|[from] Leech Seed|[of] p2a: Umbreon\n|-heal|p2a: Umbreon|222/297|[silent]\n|upkeep\n|turn|43\n|\n|t:|1733857602\n|move|p2a: Umbreon|Foul Play|p1a: Bastiodon\n|-damage|p1a: Bastiodon|214/252 slp\n|cant|p1a: Bastiodon|slp\n|\n|-heal|p2a: Umbreon|297/297|[from] move: Wish|[wisher] Umbreon\n|-damage|p1a: Bastiodon|183/252 slp|[from] Leech Seed|[of] p2a: Umbreon\n|upkeep\n|turn|44\n|\n|t:|1733857610\n|move|p2a: Umbreon|Foul Play|p1a: Bastiodon\n|-crit|p1a: Bastiodon\n|-damage|p1a: Bastiodon|143/252 slp\n|cant|p1a: Bastiodon|slp\n|\n|-damage|p1a: Bastiodon|112/252 slp|[from] Leech Seed|[of] p2a: Umbreon\n|upkeep\n|turn|45\n|\n|t:|1733857620\n|move|p2a: Umbreon|Wish|p2a: Umbreon\n|-curestatus|p1a: Bastiodon|slp|[msg]\n|move|p1a: Bastiodon|Body Press|p2a: Umbreon\n|-resisted|p2a: Umbreon\n|-damage|p2a: Umbreon|137/297\n|\n|-heal|p2a: Umbreon|155/297|[from] item: Leftovers\n|-damage|p1a: Bastiodon|81/252|[from] Leech Seed|[of] p2a: Umbreon\n|-heal|p2a: Umbreon|186/297|[silent]\n|upkeep\n|turn|46\n|\n|t:|1733857643\n|move|p2a: Umbreon|Foul Play|p1a: Bastiodon\n|-damage|p1a: Bastiodon|74/252\n|move|p1a: Bastiodon|Rest|p1a: Bastiodon\n|-status|p1a: Bastiodon|slp|[from] move: Rest\n|-heal|p1a: Bastiodon|252/252 slp|[silent]\n|\n|-heal|p2a: Umbreon|297/297|[from] move: Wish|[wisher] Umbreon\n|-damage|p1a: Bastiodon|221/252 slp|[from] Leech Seed|[of] p2a: Umbreon\n|upkeep\n|turn|47\n|\n|t:|1733857653\n|move|p2a: Umbreon|Foul Play|p1a: Bastiodon\n|-damage|p1a: Bastiodon|214/252 slp\n|cant|p1a: Bastiodon|slp\n|\n|-damage|p1a: Bastiodon|183/252 slp|[from] Leech Seed|[of] p2a: Umbreon\n|upkeep\n|turn|48\n|\n|t:|1733857660\n|move|p2a: Umbreon|Wish|p2a: Umbreon\n|cant|p1a: Bastiodon|slp\n|\n|-damage|p1a: Bastiodon|152/252 slp|[from] Leech Seed|[of] p2a: Umbreon\n|upkeep\n|turn|49\n|\n|t:|1733857666\n|move|p2a: Umbreon|Foul Play|p1a: Bastiodon\n|-damage|p1a: Bastiodon|145/252 slp\n|-curestatus|p1a: Bastiodon|slp|[msg]\n|move|p1a: Bastiodon|Body Press|p2a: Umbreon\n|-resisted|p2a: Umbreon\n|-damage|p2a: Umbreon|139/297\n|\n|-heal|p2a: Umbreon|287/297|[from] move: Wish|[wisher] Umbreon\n|-heal|p2a: Umbreon|297/297|[from] item: Leftovers\n|-damage|p1a: Bastiodon|114/252|[from] Leech Seed|[of] p2a: Umbreon\n|upkeep\n|turn|50\n|\n|t:|1733857677\n|move|p2a: Umbreon|Foul Play|p1a: Bastiodon\n|-damage|p1a: Bastiodon|107/252\n|move|p1a: Bastiodon|Foul Play|p2a: Umbreon\n|-damage|p2a: Umbreon|264/297\n|\n|-heal|p2a: Umbreon|282/297|[from] item: Leftovers\n|-damage|p1a: Bastiodon|76/252|[from] Leech Seed|[of] p2a: Umbreon\n|-heal|p2a: Umbreon|297/297|[silent]\n|upkeep\n|turn|51\n|\n|t:|1733857686\n|move|p2a: Umbreon|Foul Play|p1a: Bastiodon\n|-crit|p1a: Bastiodon\n|-damage|p1a: Bastiodon|33/252\n|move|p1a: Bastiodon|Foul Play|p2a: Umbreon\n|-damage|p2a: Umbreon|263/297\n|\n|-heal|p2a: Umbreon|281/297|[from] item: Leftovers\n|-damage|p1a: Bastiodon|2/252|[from] Leech Seed|[of] p2a: Umbreon\n|-heal|p2a: Umbreon|297/297|[silent]\n|upkeep\n|turn|52\n|\n|t:|1733857697\n|move|p2a: Umbreon|Foul Play|p1a: Bastiodon\n|-damage|p1a: Bastiodon|0 fnt\n|faint|p1a: Bastiodon\n|\n|upkeep\n|\n|t:|1733857700\n|switch|p1a: Lilligant|Lilligant-Hisui, L79, F|240/240\n|turn|53\n|\n|t:|1733857705\n|move|p1a: Lilligant|Victory Dance|p1a: Lilligant\n|-boost|p1a: Lilligant|atk|1\n|-boost|p1a: Lilligant|def|1\n|-boost|p1a: Lilligant|spe|1\n|move|p2a: Umbreon|Toxic|p1a: Lilligant\n|-status|p1a: Lilligant|tox\n|\n|-damage|p1a: Lilligant|225/240 tox|[from] psn\n|upkeep\n|turn|54\n|\n|t:|1733857718\n|move|p1a: Lilligant|Victory Dance|p1a: Lilligant\n|-boost|p1a: Lilligant|atk|1\n|-boost|p1a: Lilligant|def|1\n|-boost|p1a: Lilligant|spe|1\n|move|p2a: Umbreon|Foul Play|p1a: Lilligant\n|-resisted|p1a: Lilligant\n|-damage|p1a: Lilligant|163/240 tox\n|\n|-damage|p1a: Lilligant|133/240 tox|[from] psn\n|upkeep\n|turn|55\n|\n|t:|1733857726\n|move|p2a: Umbreon|Protect|p2a: Umbreon\n|-singleturn|p2a: Umbreon|Protect\n|move|p1a: Lilligant|Ice Spinner|p2a: Umbreon\n|-activate|p2a: Umbreon|move: Protect\n|\n|-damage|p1a: Lilligant|88/240 tox|[from] psn\n|upkeep\n|turn|56\n|\n|t:|1733857733\n|move|p1a: Lilligant|Ice Spinner|p2a: Umbreon\n|-damage|p2a: Umbreon|160/297\n|move|p2a: Umbreon|Wish|p2a: Umbreon\n|\n|-heal|p2a: Umbreon|178/297|[from] item: Leftovers\n|-damage|p1a: Lilligant|28/240 tox|[from] psn\n|upkeep\n|turn|57\n|\n|t:|1733857739\n|move|p2a: Umbreon|Protect|p2a: Umbreon\n|-singleturn|p2a: Umbreon|Protect\n|move|p1a: Lilligant|Close Combat|p2a: Umbreon\n|-activate|p2a: Umbreon|move: Protect\n|\n|-heal|p2a: Umbreon|297/297|[from] move: Wish|[wisher] Umbreon\n|-damage|p1a: Lilligant|0 fnt|[from] psn\n|faint|p1a: Lilligant\n|upkeep\n|c|\u2606DeanNotFound|Gg\n|-message|DeanNotFound forfeited.\n|\n|win|Colonel Tigh\n|raw|DeanNotFound's rating: 1177 &rarr; <strong>1150</strong><br />(-27 for losing)\n|raw|Colonel Tigh's rating: 1148 &rarr; <strong>1175</strong><br />(+27 for winning)\n|l|\u2606DeanNotFound\n|player|p1|\n", "inputlog": ">version bfd83cad13791eb5a5a409923076391caf6fb4d4\n>start {\"formatid\":\"gen9randombattle\",\"seed\":[39014,46515,44136,18176],\"rated\":\"Rated battle\"}\n>player p1 {\"name\":\"DeanNotFound\",\"avatar\":\"unknown\",\"rating\":1177,\"seed\":[2103,14000,48512,3673]}\n>player p2 {\"name\":\"Colonel Tigh\",\"avatar\":\"ethan\",\"rating\":1148,\"seed\":[55655,51572,33348,50547]}\n>p1 move calmmind\n>p2 move ragefist\n>p1 move calmmind\n>p2 move taunt\n>p1 move psyshock\n>p2 move ragefist\n>p1 switch 4\n>p1 move toxic\n>p2 move bulkup\n>p1 switch 6\n>p2 move drainpunch\n>p1 move bravebird\n>p2 move drainpunch\n>p1 switch 3\n>p1 move dragondance\n>p2 move ragefist\n>p1 move terablast terastallize\n>p2 move ragefist\n>p2 switch 4\n>p1 move earthquake\n>p2 move stoneedge\n>p1 switch 2\n>p1 move irondefense\n>p2 switch 2\n>p1 move irondefense\n>p2 move wavecrash\n>p1 move irondefense\n>p2 move raindance\n>p1 move rest\n>p2 move hurricane\n>p1 move bodypress\n>p2 move hurricane\n>p2 switch 6\n>p1 move foulplay\n>p2 move leechseed\n>p1 move foulplay\n>p2 move substitute\n>p1 move foulplay\n>p2 move substitute\n>p1 move foulplay\n>p2 move substitute\n>p1 move foulplay\n>p2 move poltergeist\n>p2 switch 5\n>p1 move bodypress\n>p2 move protect\n>p1 move rest\n>p2 move wish terastallize\n>p1 move bodypress\n>p2 move foulplay\n>p1 move bodypress\n>p2 move foulplay\n>p1 move bodypress\n>p2 move wish\n>p1 move bodypress\n>p2 move protect\n>p1 move rest\n>p2 move wish\n>p1 move bodypress\n>p2 move foulplay\n>p1 move bodypress\n>p2 move foulplay\n>p1 move bodypress\n>p2 move wish\n>p1 move rest\n>p2 move protect\n>p1 move bodypress\n>p2 move foulplay\n>p1 move bodypress\n>p2 move foulplay\n>p1 move bodypress\n>p2 move wish\n>p1 move bodypress\n>p2 move protect\n>p1 move bodypress\n>p2 move foulplay\n>p1 move rest\n>p2 move wish\n>p1 move bodypress\n>p2 move foulplay\n>p1 move bodypress\n>p2 move foulplay\n>p1 move bodypress\n>p2 move wish\n>p1 move bodypress\n>p2 move protect\n>p1 move bodypress\n>p2 move foulplay\n>p1 move rest\n>p2 move wish\n>p1 move foulplay\n>p2 move foulplay\n>p1 move bodypress\n>p2 move foulplay\n>p1 move bodypress\n>p2 move wish\n>p1 move rest\n>p2 move foulplay\n>p1 move bodypress\n>p2 move foulplay\n>p1 move bodypress\n>p2 move wish\n>p1 move bodypress\n>p2 move foulplay\n>p1 move foulplay\n>p2 move foulplay\n>p1 move foulplay\n>p2 move foulplay\n>p1 move rest\n>p2 move foulplay\n>p1 switch 5\n>p1 move victorydance\n>p2 move toxic\n>p1 move victorydance\n>p2 move foulplay\n>p1 move icespinner\n>p2 move protect\n>p1 move icespinner\n>p2 move wish\n>p1 move closecombat\n>p2 move protect\n>chat \u2606DeanNotFound|Gg\n>forcelose p1", "uploadtime": 1733857823, "views": 1, "formatid": "gen9randombattle", "rating": 1150, "private": 0, "password": null}