{"id": "gen9randombattle-2260892892", "format": "[Gen 9] Random Battle", "players": ["123456789ok", "alfaz1994"], "log": "|j|\u2606123456789ok\n|j|\u2606alfaz1994\n|t:|1733912141\n|gametype|singles\n|player|p1|123456789ok|170|1392\n|player|p2|alfaz1994|266|1382\n|teamsize|p1|6\n|teamsize|p2|6\n|gen|9\n|tier|[Gen 9] Random Battle\n|rated|\n|rule|Species Clause: Limit one of each Pok\u00e9mon\n|rule|HP Percentage Mod: HP is shown in percentages\n|rule|Sleep Clause Mod: Limit one foe put to sleep\n|rule|Illusion Level Mod: Illusion disguises the Pok\u00e9mon's true level\n|\n|t:|1733912141\n|start\n|switch|p1a: Mimikyu|Mimikyu, L79, F|216/216\n|switch|p2a: Magmortar|Magmortar, L88, M|275/275\n|turn|1\n|inactive|Battle timer is ON: inactive players will automatically lose when time's up. (requested by alfaz1994)\n|inactive|123456789ok also wants the timer to be on.\n|\n|t:|1733912150\n|switch|p1a: Kyogre|Kyogre, L71|259/259\n|-weather|RainDance|[from] ability: Drizzle|[of] p1a: Kyogre\n|move|p2a: Magmortar|Earthquake|p1a: Kyogre\n|-damage|p1a: Kyogre|177/259\n|\n|-weather|RainDance|[upkeep]\n|upkeep\n|turn|2\n|\n|t:|1733912160\n|switch|p2a: Politoed|Politoed, L88, F|302/302\n|move|p1a: Kyogre|Origin Pulse|p2a: Politoed\n|-resisted|p2a: Politoed\n|-damage|p2a: Politoed|223/302\n|\n|-weather|RainDance|[upkeep]\n|upkeep\n|turn|3\n|\n|t:|1733912168\n|switch|p1a: Decidueye|Decidueye, L88, F|281/281\n|move|p2a: Politoed|Hypnosis|p1a: Decidueye\n|-status|p1a: Decidueye|slp|[from] move: Hypnosis\n|\n|-weather|RainDance|[upkeep]\n|upkeep\n|turn|4\n|\n|t:|1733912175\n|switch|p1a: Araquanid|Araquanid, L82, M|246/246\n|move|p2a: Politoed|Ice Beam|p1a: Araquanid\n|-resisted|p1a: Araquanid\n|-damage|p1a: Araquanid|221/246\n|\n|-weather|RainDance|[upkeep]\n|upkeep\n|turn|5\n|\n|t:|1733912189\n|move|p2a: Politoed|Surf|p1a: Araquanid\n|-resisted|p1a: Araquanid\n|-damage|p1a: Araquanid|170/246\n|move|p1a: Araquanid|Sticky Web|p2a: Politoed\n|-sidestart|p2: alfaz1994|move: Sticky Web\n|\n|-weather|none\n|upkeep\n|turn|6\n|\n|t:|1733912209\n|move|p2a: Politoed|Surf|p1a: Araquanid\n|-resisted|p1a: Araquanid\n|-damage|p1a: Araquanid|134/246\n|move|p1a: Araquanid|Leech Life|p2a: Politoed\n|-damage|p2a: Politoed|150/302\n|-heal|p1a: Araquanid|171/246|[from] drain|[of] p2a: Politoed\n|\n|upkeep\n|turn|7\n|\n|t:|1733912216\n|move|p2a: Politoed|Surf|p1a: Araquanid\n|-resisted|p1a: Araquanid\n|-damage|p1a: Araquanid|133/246\n|move|p1a: Araquanid|Leech Life|p2a: Politoed\n|-damage|p2a: Politoed|80/302\n|-heal|p1a: Araquanid|168/246|[from] drain|[of] p2a: Politoed\n|\n|upkeep\n|turn|8\n|\n|t:|1733912225\n|move|p2a: Politoed|Surf|p1a: Araquanid\n|-resisted|p1a: Araquanid\n|-damage|p1a: Araquanid|130/246\n|move|p1a: Araquanid|Leech Life|p2a: Politoed\n|-damage|p2a: Politoed|11/302\n|-heal|p1a: Araquanid|165/246|[from] drain|[of] p2a: Politoed\n|\n|upkeep\n|turn|9\n|\n|t:|1733912236\n|move|p2a: Politoed|Rest|p2a: Politoed\n|-status|p2a: Politoed|slp|[from] move: Rest\n|-heal|p2a: Politoed|302/302 slp|[silent]\n|-enditem|p2a: Politoed|Chesto Berry|[eat]\n|-curestatus|p2a: Politoed|slp|[msg]\n|move|p1a: Araquanid|Leech Life|p2a: Politoed\n|-damage|p2a: Politoed|238/302\n|-heal|p1a: Araquanid|197/246|[from] drain|[of] p2a: Politoed\n|\n|upkeep\n|turn|10\n|\n|t:|1733912242\n|switch|p2a: Eelektross|Eelektross, L87, F|290/290\n|switch|p1a: Decidueye|Decidueye, L88, F|281/281 slp\n|\n|upkeep\n|turn|11\n|\n|t:|1733912251\n|cant|p1a: Decidueye|slp\n|move|p2a: Eelektross|Knock Off|p1a: Decidueye\n|-supereffective|p1a: Decidueye\n|-damage|p1a: Decidueye|109/281 slp\n|-enditem|p1a: Decidueye|Heavy-Duty Boots|[from] move: Knock Off|[of] p2a: Eelektross\n|\n|upkeep\n|turn|12\n|\n|t:|1733912256\n|-curestatus|p1a: Decidueye|slp|[msg]\n|move|p1a: Decidueye|Roost|p1a: Decidueye\n|-heal|p1a: Decidueye|250/281\n|-singleturn|p1a: Decidueye|move: Roost\n|move|p2a: Eelektross|Knock Off|p1a: Decidueye\n|-supereffective|p1a: Decidueye\n|-damage|p1a: Decidueye|122/281\n|\n|upkeep\n|turn|13\n|\n|t:|1733912284\n|move|p1a: Decidueye|Roost|p1a: Decidueye\n|-heal|p1a: Decidueye|263/281\n|-singleturn|p1a: Decidueye|move: Roost\n|move|p2a: Eelektross|Knock Off|p1a: Decidueye\n|-supereffective|p1a: Decidueye\n|-damage|p1a: Decidueye|147/281\n|\n|upkeep\n|turn|14\n|\n|t:|1733912292\n|move|p1a: Decidueye|Spirit Shackle|p2a: Eelektross\n|-damage|p2a: Eelektross|181/290\n|-activate|p2a: Eelektross|trapped\n|move|p2a: Eelektross|Discharge|p1a: Decidueye\n|-resisted|p1a: Decidueye\n|-damage|p1a: Decidueye|102/281\n|\n|upkeep\n|turn|15\n|\n|t:|1733912301\n|move|p1a: Decidueye|Roost|p1a: Decidueye\n|-heal|p1a: Decidueye|243/281\n|-singleturn|p1a: Decidueye|move: Roost\n|move|p2a: Eelektross|Discharge|p1a: Decidueye\n|-resisted|p1a: Decidueye\n|-damage|p1a: Decidueye|203/281\n|\n|upkeep\n|turn|16\n|\n|t:|1733912308\n|move|p1a: Decidueye|Spirit Shackle|p2a: Eelektross\n|-damage|p2a: Eelektross|72/290\n|move|p2a: Eelektross|Discharge|p1a: Decidueye\n|-resisted|p1a: Decidueye\n|-damage|p1a: Decidueye|164/281\n|\n|upkeep\n|turn|17\n|\n|t:|1733912325\n|move|p1a: Decidueye|Roost|p1a: Decidueye\n|-heal|p1a: Decidueye|281/281\n|-singleturn|p1a: Decidueye|move: Roost\n|move|p2a: Eelektross|Discharge|p1a: Decidueye\n|-resisted|p1a: Decidueye\n|-damage|p1a: Decidueye|242/281\n|\n|upkeep\n|turn|18\n|c|\u2606alfaz1994|I can miss a 90%. Accuracy move every match but not get a 30% para\n|\n|t:|1733912342\n|move|p1a: Decidueye|Spirit Shackle|p2a: Eelektross\n|-damage|p2a: Eelektross|0 fnt\n|faint|p2a: Eelektross\n|\n|upkeep\n|\n|t:|1733912350\n|switch|p2a: Magmortar|Magmortar, L88, M|275/275\n|turn|19\n|\n|t:|1733912375\n|move|p2a: Magmortar|Will-O-Wisp|p1a: Decidueye\n|-status|p1a: Decidueye|brn\n|move|p1a: Decidueye|U-turn|p2a: Magmortar\n|-resisted|p2a: Magmortar\n|-damage|p2a: Magmortar|257/275\n|\n|t:|1733912383\n|switch|p1a: Kyogre|Kyogre, L71|177/259|[from] U-turn\n|-weather|RainDance|[from] ability: Drizzle|[of] p1a: Kyogre\n|\n|-weather|RainDance|[upkeep]\n|upkeep\n|turn|20\n|\n|t:|1733912387\n|switch|p2a: Politoed|Politoed, L88, F|238/302\n|-activate|p2a: Politoed|move: Sticky Web\n|-unboost|p2a: Politoed|spe|1\n|move|p1a: Kyogre|Origin Pulse|p2a: Politoed\n|-resisted|p2a: Politoed\n|-damage|p2a: Politoed|163/302\n|\n|-weather|RainDance|[upkeep]\n|upkeep\n|turn|21\n|\n|t:|1733912396\n|switch|p1a: Decidueye|Decidueye, L88, F|242/281 brn\n|move|p2a: Politoed|Hypnosis|p1a: Decidueye|[miss]\n|-miss|p2a: Politoed|p1a: Decidueye\n|\n|-weather|RainDance|[upkeep]\n|-damage|p1a: Decidueye|225/281 brn|[from] brn\n|upkeep\n|turn|22\n|\n|t:|1733912400\n|move|p1a: Decidueye|Leaf Storm|p2a: Politoed\n|-supereffective|p2a: Politoed\n|-damage|p2a: Politoed|0 fnt\n|-unboost|p1a: Decidueye|spa|2\n|faint|p2a: Politoed\n|\n|-weather|RainDance|[upkeep]\n|-damage|p1a: Decidueye|208/281 brn|[from] brn\n|upkeep\n|\n|t:|1733912409\n|switch|p2a: Delphox|Delphox, L84, F|263/263\n|turn|23\n|\n|t:|1733912416\n|-terastallize|p2a: Delphox|Fire\n|move|p2a: Delphox|Nasty Plot|p2a: Delphox\n|-boost|p2a: Delphox|spa|2\n|move|p1a: Decidueye|Spirit Shackle|p2a: Delphox\n|-damage|p2a: Delphox|203/263\n|-activate|p2a: Delphox|trapped\n|\n|-weather|none\n|-damage|p1a: Decidueye|191/281 brn|[from] brn\n|upkeep\n|turn|24\n|\n|t:|1733912428\n|move|p2a: Delphox|Fire Blast|p1a: Decidueye|[miss]\n|-miss|p2a: Delphox|p1a: Decidueye\n|move|p1a: Decidueye|Spirit Shackle|p2a: Delphox\n|-damage|p2a: Delphox|143/263\n|\n|-damage|p1a: Decidueye|174/281 brn|[from] brn\n|upkeep\n|turn|25\n|c|\u2606alfaz1994|Lmao\n|\n|t:|1733912439\n|move|p2a: Delphox|Fire Blast|p1a: Decidueye\n|-supereffective|p1a: Decidueye\n|-damage|p1a: Decidueye|0 fnt\n|faint|p1a: Decidueye\n|\n|upkeep\n|\n|t:|1733912443\n|switch|p1a: Kyogre|Kyogre, L71|177/259\n|-weather|RainDance|[from] ability: Drizzle|[of] p1a: Kyogre\n|turn|26\n|inactive|alfaz1994 has 120 seconds left.\n|inactive|alfaz1994 has 90 seconds left.\n|inactive|alfaz1994 has 60 seconds left.\n|inactive|alfaz1994 has 30 seconds left.\n|\n|t:|1733912564\n|move|p1a: Kyogre|Origin Pulse|p2a: Delphox\n|-supereffective|p2a: Delphox\n|-damage|p2a: Delphox|0 fnt\n|faint|p2a: Delphox\n|\n|-weather|RainDance|[upkeep]\n|upkeep\n|inactive|alfaz1994 has 30 seconds left.\n|\n|t:|1733912569\n|switch|p2a: Ting-Lu|Ting-Lu, L78|370/370\n|-activate|p2a: Ting-Lu|move: Sticky Web\n|-unboost|p2a: Ting-Lu|spe|1\n|-ability|p2a: Ting-Lu|Vessel of Ruin\n|turn|27\n|\n|t:|1733912573\n|move|p1a: Kyogre|Origin Pulse|p2a: Ting-Lu\n|-supereffective|p2a: Ting-Lu\n|-damage|p2a: Ting-Lu|50/370\n|move|p2a: Ting-Lu|Earthquake|p1a: Kyogre\n|-damage|p1a: Kyogre|66/259\n|\n|-weather|RainDance|[upkeep]\n|-heal|p2a: Ting-Lu|73/370|[from] item: Leftovers\n|upkeep\n|turn|28\n|\n|t:|1733912577\n|move|p1a: Kyogre|Origin Pulse|p2a: Ting-Lu\n|-supereffective|p2a: Ting-Lu\n|-damage|p2a: Ting-Lu|0 fnt\n|faint|p2a: Ting-Lu\n|\n|-weather|RainDance|[upkeep]\n|upkeep\n|\n|t:|1733912580\n|switch|p2a: Tauros|Tauros-Paldea-Combat, L82, M|257/257\n|-activate|p2a: Tauros|move: Sticky Web\n|-unboost|p2a: Tauros|spe|1\n|-ability|p2a: Tauros|Intimidate|boost\n|-unboost|p1a: Kyogre|atk|1\n|turn|29\n|\n|t:|1733912584\n|move|p1a: Kyogre|Origin Pulse|p2a: Tauros\n|-damage|p2a: Tauros|38/257\n|move|p2a: Tauros|Stone Edge|p1a: Kyogre\n|-crit|p1a: Kyogre\n|-damage|p1a: Kyogre|0 fnt\n|faint|p1a: Kyogre\n|-damage|p2a: Tauros|13/257|[from] item: Life Orb\n|\n|-weather|RainDance|[upkeep]\n|upkeep\n|\n|t:|1733912590\n|switch|p1a: Araquanid|Araquanid, L82, M|197/246\n|turn|30\n|\n|t:|1733912601\n|move|p2a: Tauros|Stone Edge|p1a: Araquanid|[miss]\n|-miss|p2a: Tauros|p1a: Araquanid\n|move|p1a: Araquanid|Liquidation|p2a: Tauros\n|-damage|p2a: Tauros|0 fnt\n|faint|p2a: Tauros\n|\n|-weather|none\n|upkeep\n|\n|t:|1733912607\n|switch|p2a: Magmortar|Magmortar, L88, M|257/275\n|turn|31\n|\n|t:|1733912610\n|move|p2a: Magmortar|Will-O-Wisp|p1a: Araquanid\n|-immune|p1a: Araquanid|[from] ability: Water Bubble\n|move|p1a: Araquanid|Liquidation|p2a: Magmortar\n|-supereffective|p2a: Magmortar\n|-damage|p2a: Magmortar|0 fnt\n|faint|p2a: Magmortar\n|\n|win|123456789ok\n|raw|123456789ok's rating: 1392 &rarr; <strong>1411</strong><br />(+19 for winning)\n|raw|alfaz1994's rating: 1382 &rarr; <strong>1363</strong><br />(-19 for losing)\n|l|\u2606alfaz1994\n|player|p2|\n", "inputlog": ">version bfd83cad13791eb5a5a409923076391caf6fb4d4\n>start {\"formatid\":\"gen9randombattle\",\"seed\":[50109,4408,44484,32518],\"rated\":\"Rated battle\"}\n>player p1 {\"name\":\"123456789ok\",\"avatar\":\"170\",\"rating\":1392,\"seed\":[50029,8209,26635,37069]}\n>player p2 {\"name\":\"alfaz1994\",\"avatar\":\"266\",\"rating\":1382,\"seed\":[2630,52497,7356,10867]}\n>p1 switch 3\n>p2 move earthquake\n>p1 move originpulse\n>p2 switch 4\n>p1 switch 6\n>p2 move hypnosis\n>p1 switch 2\n>p2 move icebeam\n>p1 move stickyweb\n>p2 move surf\n>p1 move leechlife\n>p2 move surf\n>p1 move leechlife\n>p2 move surf\n>p1 move leechlife\n>p2 move surf\n>p1 move leechlife\n>p2 move rest\n>p1 switch 2\n>p2 switch 2\n>p1 move spiritshackle\n>p2 move knockoff\n>p1 move roost\n>p2 move knockoff\n>p1 move roost\n>p2 move knockoff\n>p1 move spiritshackle\n>p2 move discharge\n>p1 move roost\n>p2 move discharge\n>p1 move spiritshackle\n>p2 move discharge\n>p1 move roost\n>p2 move discharge\n>chat \u2606alfaz1994|I can miss a 90%. Accuracy move every match but not get a 30% para\n>p1 move spiritshackle\n>p2 move discharge\n>p2 switch 4\n>p1 move uturn\n>p2 move willowisp\n>p1 switch 6\n>p1 move originpulse\n>p2 switch 2\n>p1 switch 6\n>p2 move hypnosis\n>p1 move leafstorm\n>p2 move icebeam\n>p2 switch 3\n>p1 move spiritshackle\n>p2 move nastyplot terastallize\n>p1 move spiritshackle\n>p2 move fireblast\n>chat \u2606alfaz1994|Lmao\n>p1 move uturn\n>p2 move fireblast\n>p1 switch 6\n>p1 move originpulse\n>p2 move grassknot\n>p2 switch 5\n>p1 move originpulse\n>p2 move earthquake\n>p1 move originpulse\n>p2 move earthquake\n>p2 switch 6\n>p1 move originpulse\n>p2 move stoneedge\n>p1 switch 2\n>p1 move liquidation\n>p2 move stoneedge\n>p2 switch 2\n>p1 move liquidation\n>p2 move willowisp", "uploadtime": 1733912621, "views": 2, "formatid": "gen9randombattle", "rating": 1363, "private": 0, "password": null}