{"id": "gen9randombattle-2260386516", "format": "[Gen 9] Random Battle", "players": ["robuko", "cwalker4009"], "log": "|j|\u2606robuko\n|j|\u2606cwalker4009\n|t:|1733846547\n|gametype|singles\n|player|p1|robuko|petrel|1600\n|player|p2|cwalker4009|102|1633\n|teamsize|p1|6\n|teamsize|p2|6\n|gen|9\n|tier|[Gen 9] Random Battle\n|rated|\n|rule|Species Clause: Limit one of each Pok\u00e9mon\n|rule|HP Percentage Mod: HP is shown in percentages\n|rule|Sleep Clause Mod: Limit one foe put to sleep\n|rule|Illusion Level Mod: Illusion disguises the Pok\u00e9mon's true level\n|\n|t:|1733846547\n|start\n|switch|p1a: Brute Bonnet|Brute Bonnet, L81|312/312\n|switch|p2a: Cyclizar|Cyclizar, L83, F|252/252\n|turn|1\n|inactive|Battle timer is ON: inactive players will automatically lose when time's up. (requested by cwalker4009)\n|\n|t:|1733846557\n|move|p2a: Cyclizar|Shed Tail|p2a: Cyclizar\n|-start|p2a: Cyclizar|Substitute|[from] move: Shed Tail\n|-damage|p2a: Cyclizar|126/252\n|\n|t:|1733846563\n|switch|p2a: Iron Moth|Iron Moth, L78|253/253|[from] Shed Tail\n|move|p1a: Brute Bonnet|Seed Bomb|p2a: Iron Moth\n|-resisted|p2a: Iron Moth\n|-activate|p2a: Iron Moth|move: Substitute|[damage]\n|\n|upkeep\n|turn|2\n|\n|t:|1733846591\n|-end|p1a: Brute Bonnet|Protosynthesis|[silent]\n|switch|p1a: Dragalge|Dragalge, L88, F|258/258\n|move|p2a: Iron Moth|Sludge Wave|p1a: Dragalge\n|-resisted|p1a: Dragalge\n|-damage|p1a: Dragalge|216/258\n|\n|-heal|p1a: Dragalge|232/258|[from] item: Leftovers\n|upkeep\n|turn|3\n|\n|t:|1733846603\n|move|p2a: Iron Moth|Fire Blast|p1a: Dragalge\n|-resisted|p1a: Dragalge\n|-damage|p1a: Dragalge|178/258\n|move|p1a: Dragalge|Sludge Wave|p2a: Iron Moth\n|-resisted|p2a: Iron Moth\n|-end|p2a: Iron Moth|Substitute\n|\n|-heal|p1a: Dragalge|194/258|[from] item: Leftovers\n|upkeep\n|turn|4\n|\n|t:|1733846613\n|-end|p2a: Iron Moth|Quark Drive|[silent]\n|switch|p2a: Glaceon|Glaceon, L94, M|275/275\n|move|p1a: Dragalge|Draco Meteor|p2a: Glaceon|[miss]\n|-miss|p1a: Dragalge|p2a: Glaceon\n|\n|-heal|p1a: Dragalge|210/258|[from] item: Leftovers\n|upkeep\n|turn|5\n|\n|t:|1733846625\n|-terastallize|p1a: Dragalge|Fighting\n|move|p2a: Glaceon|Wish|p2a: Glaceon\n|move|p1a: Dragalge|Focus Blast|p2a: Glaceon\n|-supereffective|p2a: Glaceon\n|-damage|p2a: Glaceon|0 fnt\n|faint|p2a: Glaceon\n|\n|-heal|p1a: Dragalge|226/258|[from] item: Leftovers\n|upkeep\n|inactive|cwalker4009 has 120 seconds left.\n|\n|t:|1733846638\n|switch|p2a: Cyclizar|Cyclizar, L83, F|210/252\n|turn|6\n|\n|t:|1733846642\n|move|p2a: Cyclizar|Shed Tail|p2a: Cyclizar\n|-start|p2a: Cyclizar|Substitute|[from] move: Shed Tail\n|-damage|p2a: Cyclizar|84/252\n|\n|t:|1733846645\n|switch|p2a: Comfey|Comfey, L85, M|225/225|[from] Shed Tail\n|move|p1a: Dragalge|Draco Meteor|p2a: Comfey\n|-immune|p2a: Comfey\n|\n|-heal|p1a: Dragalge|242/258|[from] item: Leftovers\n|upkeep\n|turn|7\n|\n|t:|1733846657\n|-terastallize|p2a: Comfey|Ground\n|move|p2a: Comfey|Calm Mind|p2a: Comfey\n|-boost|p2a: Comfey|spa|1\n|-boost|p2a: Comfey|spd|1\n|move|p1a: Dragalge|Sludge Wave|p2a: Comfey\n|-resisted|p2a: Comfey\n|-activate|p2a: Comfey|move: Substitute|[damage]\n|\n|-heal|p1a: Dragalge|258/258|[from] item: Leftovers\n|upkeep\n|turn|8\n|\n|t:|1733846668\n|move|p2a: Comfey|Calm Mind|p2a: Comfey\n|-boost|p2a: Comfey|spa|1\n|-boost|p2a: Comfey|spd|1\n|move|p1a: Dragalge|Sludge Wave|p2a: Comfey\n|-resisted|p2a: Comfey\n|-activate|p2a: Comfey|move: Substitute|[damage]\n|\n|upkeep\n|turn|9\n|\n|t:|1733846683\n|move|p2a: Comfey|Calm Mind|p2a: Comfey\n|-boost|p2a: Comfey|spa|1\n|-boost|p2a: Comfey|spd|1\n|move|p1a: Dragalge|Sludge Wave|p2a: Comfey\n|-resisted|p2a: Comfey\n|-end|p2a: Comfey|Substitute\n|\n|upkeep\n|turn|10\n|\n|t:|1733846691\n|move|p2a: Comfey|Draining Kiss|p1a: Dragalge\n|-supereffective|p1a: Dragalge\n|-damage|p1a: Dragalge|88/258\n|move|p1a: Dragalge|Sludge Wave|p2a: Comfey\n|-resisted|p2a: Comfey\n|-damage|p2a: Comfey|207/225\n|\n|-heal|p2a: Comfey|221/225|[from] item: Leftovers\n|-heal|p1a: Dragalge|104/258|[from] item: Leftovers\n|upkeep\n|turn|11\n|\n|t:|1733846702\n|move|p2a: Comfey|Draining Kiss|p1a: Dragalge\n|-supereffective|p1a: Dragalge\n|-damage|p1a: Dragalge|0 fnt\n|-heal|p2a: Comfey|225/225|[from] drain|[of] p1a: Dragalge\n|faint|p1a: Dragalge\n|\n|upkeep\n|\n|t:|1733846710\n|switch|p1a: Ariados|Ariados, L95, F|287/287\n|turn|12\n|\n|t:|1733846717\n|move|p2a: Comfey|Tera Blast|p1a: Ariados|[anim] Tera Blast Ground\n|-damage|p1a: Ariados|86/287\n|move|p1a: Ariados|Megahorn|p2a: Comfey\n|-damage|p2a: Comfey|2/225\n|\n|-heal|p2a: Comfey|16/225|[from] item: Leftovers\n|upkeep\n|turn|13\n|\n|t:|1733846726\n|move|p2a: Comfey|Draining Kiss|p1a: Ariados\n|-resisted|p1a: Ariados\n|-damage|p1a: Ariados|28/287\n|-heal|p2a: Comfey|60/225|[from] drain|[of] p1a: Ariados\n|move|p1a: Ariados|Sucker Punch||[still]\n|-fail|p1a: Ariados\n|\n|-heal|p2a: Comfey|74/225|[from] item: Leftovers\n|upkeep\n|turn|14\n|\n|t:|1733846738\n|move|p2a: Comfey|Draining Kiss|p1a: Ariados\n|-resisted|p1a: Ariados\n|-damage|p1a: Ariados|0 fnt\n|-heal|p2a: Comfey|95/225|[from] drain|[of] p1a: Ariados\n|faint|p1a: Ariados\n|\n|-heal|p2a: Comfey|109/225|[from] item: Leftovers\n|upkeep\n|\n|t:|1733846743\n|switch|p1a: Ogerpon|Ogerpon-Wellspring, L76, F|247/247\n|turn|15\n|\n|t:|1733846753\n|move|p2a: Comfey|Giga Drain|p1a: Ogerpon\n|-damage|p1a: Ogerpon|131/247\n|-heal|p2a: Comfey|167/225|[from] drain|[of] p1a: Ogerpon\n|move|p1a: Ogerpon|Ivy Cudgel|p2a: Comfey|[anim] Ivy Cudgel Water\n|-supereffective|p2a: Comfey\n|-damage|p2a: Comfey|0 fnt\n|faint|p2a: Comfey\n|\n|upkeep\n|\n|t:|1733846768\n|switch|p2a: Iron Moth|Iron Moth, L78|253/253\n|turn|16\n|\n|t:|1733846775\n|move|p2a: Iron Moth|Sludge Wave|p1a: Ogerpon\n|-supereffective|p1a: Ogerpon\n|-damage|p1a: Ogerpon|0 fnt\n|faint|p1a: Ogerpon\n|\n|upkeep\n|\n|t:|1733846777\n|switch|p1a: Brute Bonnet|Brute Bonnet, L81|312/312\n|turn|17\n|\n|t:|1733846782\n|move|p2a: Iron Moth|Sludge Wave|p1a: Brute Bonnet\n|-supereffective|p1a: Brute Bonnet\n|-damage|p1a: Brute Bonnet|82/312\n|move|p1a: Brute Bonnet|Spore|p2a: Iron Moth\n|-status|p2a: Iron Moth|slp|[from] move: Spore\n|\n|-heal|p1a: Brute Bonnet|101/312|[from] item: Leftovers\n|upkeep\n|turn|18\n|\n|t:|1733846793\n|-end|p1a: Brute Bonnet|Protosynthesis|[silent]\n|switch|p1a: Hatterene|Hatterene, L85, F|236/236\n|cant|p2a: Iron Moth|slp\n|\n|upkeep\n|turn|19\n|\n|t:|1733846799\n|cant|p2a: Iron Moth|slp\n|move|p1a: Hatterene|Psychic|p2a: Iron Moth\n|-supereffective|p2a: Iron Moth\n|-crit|p2a: Iron Moth\n|-damage|p2a: Iron Moth|0 fnt\n|faint|p2a: Iron Moth\n|-end|p2a: Iron Moth|Quark Drive|[silent]\n|\n|upkeep\n|\n|t:|1733846810\n|switch|p2a: Eelektross|Eelektross, L87, M|290/290\n|turn|20\n|\n|t:|1733846816\n|move|p2a: Eelektross|Knock Off|p1a: Hatterene\n|-damage|p1a: Hatterene|159/236\n|-enditem|p1a: Hatterene|Assault Vest|[from] move: Knock Off|[of] p2a: Eelektross\n|move|p1a: Hatterene|Psychic|p2a: Eelektross\n|-damage|p2a: Eelektross|146/290\n|\n|-heal|p2a: Eelektross|164/290|[from] item: Leftovers\n|upkeep\n|turn|21\n|\n|t:|1733846829\n|switch|p1a: Gumshoos|Gumshoos, L95, M|321/321\n|move|p2a: Eelektross|Supercell Slam|p1a: Gumshoos\n|-damage|p1a: Gumshoos|162/321\n|\n|-heal|p2a: Eelektross|182/290|[from] item: Leftovers\n|upkeep\n|turn|22\n|\n|t:|1733846838\n|move|p1a: Gumshoos|Double-Edge|p2a: Eelektross\n|-damage|p2a: Eelektross|0 fnt\n|faint|p2a: Eelektross\n|-damage|p1a: Gumshoos|102/321|[from] Recoil\n|\n|upkeep\n|\n|t:|1733846858\n|switch|p2a: Cyclizar|Cyclizar, L83, F|168/252\n|turn|23\n|\n|t:|1733846866\n|move|p2a: Cyclizar|Draco Meteor|p1a: Gumshoos\n|-damage|p1a: Gumshoos|0 fnt\n|-unboost|p2a: Cyclizar|spa|2\n|faint|p1a: Gumshoos\n|\n|upkeep\n|\n|t:|1733846874\n|switch|p1a: Hatterene|Hatterene, L85, F|159/236\n|turn|24\n|\n|t:|1733846880\n|move|p2a: Cyclizar|Shed Tail|p2a: Cyclizar\n|-start|p2a: Cyclizar|Substitute|[from] move: Shed Tail\n|-damage|p2a: Cyclizar|42/252\n|\n|t:|1733846883\n|switch|p2a: Furret|Furret, L94, M|312/312|[from] Shed Tail\n|move|p1a: Hatterene|Psychic|p2a: Furret\n|-end|p2a: Furret|Substitute\n|\n|upkeep\n|turn|25\n|\n|t:|1733846891\n|move|p2a: Furret|Double-Edge|p1a: Hatterene\n|-damage|p1a: Hatterene|6/236\n|-damage|p2a: Furret|262/312|[from] Recoil\n|-damage|p2a: Furret|231/312|[from] item: Life Orb\n|move|p1a: Hatterene|Nuzzle|p2a: Furret\n|-damage|p2a: Furret|215/312\n|-status|p2a: Furret|par\n|\n|upkeep\n|turn|26\n|\n|t:|1733846905\n|move|p2a: Furret|Knock Off|p1a: Hatterene\n|-damage|p1a: Hatterene|0 fnt\n|faint|p1a: Hatterene\n|-damage|p2a: Furret|184/312 par|[from] item: Life Orb\n|\n|upkeep\n|\n|t:|1733846907\n|switch|p1a: Brute Bonnet|Brute Bonnet, L81|101/312\n|turn|27\n|\n|t:|1733846919\n|move|p1a: Brute Bonnet|Seed Bomb|p2a: Furret\n|-damage|p2a: Furret|82/312 par\n|cant|p2a: Furret|par\n|\n|-heal|p1a: Brute Bonnet|120/312|[from] item: Leftovers\n|upkeep\n|turn|28\n|\n|t:|1733846928\n|switch|p2a: Cyclizar|Cyclizar, L83, F|126/252\n|move|p1a: Brute Bonnet|Seed Bomb|p2a: Cyclizar\n|-resisted|p2a: Cyclizar\n|-damage|p2a: Cyclizar|66/252\n|\n|-heal|p1a: Brute Bonnet|139/312|[from] item: Leftovers\n|upkeep\n|turn|29\n|\n|t:|1733846937\n|switch|p2a: Furret|Furret, L94, M|82/312 par\n|-item|p1a: Brute Bonnet|Leftovers|[from] ability: Frisk|[of] p2a: Furret\n|move|p1a: Brute Bonnet|Sucker Punch||[still]\n|-fail|p1a: Brute Bonnet\n|\n|-heal|p1a: Brute Bonnet|158/312|[from] item: Leftovers\n|upkeep\n|turn|30\n|\n|t:|1733846946\n|move|p1a: Brute Bonnet|Seed Bomb|p2a: Furret\n|-damage|p2a: Furret|0 fnt\n|faint|p2a: Furret\n|\n|-heal|p1a: Brute Bonnet|177/312|[from] item: Leftovers\n|upkeep\n|\n|t:|1733846953\n|switch|p2a: Cyclizar|Cyclizar, L83, F|150/252\n|turn|31\n|\n|t:|1733846970\n|move|p2a: Cyclizar|Draco Meteor|p1a: Brute Bonnet\n|-damage|p1a: Brute Bonnet|65/312\n|-unboost|p2a: Cyclizar|spa|2\n|move|p1a: Brute Bonnet|Close Combat|p2a: Cyclizar\n|-supereffective|p2a: Cyclizar\n|-damage|p2a: Cyclizar|0 fnt\n|-unboost|p1a: Brute Bonnet|def|1\n|-unboost|p1a: Brute Bonnet|spd|1\n|faint|p2a: Cyclizar\n|\n|win|robuko\n|raw|robuko's rating: 1600 &rarr; <strong>1622</strong><br />(+22 for winning)\n|raw|cwalker4009's rating: 1633 &rarr; <strong>1611</strong><br />(-22 for losing)\n|l|\u2606cwalker4009\n|player|p2|\n", "inputlog": ">version bfd83cad13791eb5a5a409923076391caf6fb4d4\n>start {\"formatid\":\"gen9randombattle\",\"seed\":[44885,17073,16528,40544],\"rated\":\"Rated battle\"}\n>player p1 {\"name\":\"robuko\",\"avatar\":\"petrel\",\"rating\":1600,\"seed\":[14443,218,49794,41401]}\n>player p2 {\"name\":\"cwalker4009\",\"avatar\":\"102\",\"rating\":1633,\"seed\":[52121,4216,61382,62627]}\n>p1 move seedbomb\n>p2 move shedtail\n>p2 switch 5\n>p1 switch 2\n>p2 move sludgewave\n>p1 move sludgewave\n>p2 move fireblast\n>p1 move dracometeor\n>p2 switch 2\n>p1 move focusblast terastallize\n>p2 move wish\n>p2 switch 5\n>p1 move dracometeor\n>p2 move shedtail\n>p2 switch 3\n>p1 move sludgewave\n>p2 move calmmind terastallize\n>p1 move sludgewave\n>p2 move calmmind\n>p1 move sludgewave\n>p2 move calmmind\n>p1 move sludgewave\n>p2 move drainingkiss\n>p1 move sludgewave\n>p2 move drainingkiss\n>p1 switch 6\n>p1 move megahorn\n>p2 move terablast\n>p1 move suckerpunch\n>p2 move drainingkiss\n>p1 move megahorn\n>p2 move drainingkiss\n>p1 switch 4\n>p1 move ivycudgel\n>p2 move gigadrain\n>p2 switch 2\n>p1 move ivycudgel\n>p2 move sludgewave\n>p1 switch 2\n>p1 move spore\n>p2 move sludgewave\n>p1 switch 3\n>p2 move sludgewave\n>p1 move psychic\n>p2 move sludgewave\n>p2 switch 6\n>p1 move psychic\n>p2 move knockoff\n>p1 switch 5\n>p2 move supercellslam\n>p1 move doubleedge\n>p2 move drainpunch\n>p2 switch 3\n>p1 move doubleedge\n>p2 move dracometeor\n>p1 switch 5\n>p1 move psychic\n>p2 move shedtail\n>p2 switch 4\n>p1 move nuzzle\n>p2 move doubleedge\n>p1 move drainingkiss\n>p2 move knockoff\n>p1 switch 3\n>p1 move seedbomb\n>p2 move brickbreak\n>p1 move seedbomb\n>p2 switch 4\n>p1 move suckerpunch\n>p2 switch 4\n>p1 move seedbomb\n>p2 move brickbreak\n>p2 switch 4\n>p1 move closecombat\n>p2 move dracometeor", "uploadtime": 1733846992, "views": 3, "formatid": "gen9randombattle", "rating": 1611, "private": 0, "password": null}