{"id": "gen9randombattle-2159264841", "format": "[Gen 9] Random Battle", "players": ["Qiuescent", "RandomBattler231"], "log": "|j|\u203dQiuescent\n|j|\u2606RandomBattler231\n|t:|1720729994\n|gametype|singles\n|player|p1|Qiuescent|265|2220\n|player|p2|RandomBattler231|janitor|2246\n|teamsize|p1|6\n|teamsize|p2|6\n|gen|9\n|tier|[Gen 9] Random Battle\n|rated|\n|rule|Species Clause: Limit one of each Pok\u00e9mon\n|rule|HP Percentage Mod: HP is shown in percentages\n|rule|Sleep Clause Mod: Limit one foe put to sleep\n|rule|Illusion Level Mod: Illusion disguises the Pok\u00e9mon's true level\n|\n|t:|1720729994\n|start\n|switch|p1a: Wugtrio|Wugtrio, L91, F|212/212\n|switch|p2a: Mightyena|Mightyena, L95, M|287/287\n|-ability|p2a: Mightyena|Intimidate|boost\n|-unboost|p1a: Wugtrio|atk|1\n|turn|1\n|\n|t:|1720730004\n|move|p1a: Wugtrio|Liquidation|p2a: Mightyena\n|-damage|p2a: Mightyena|178/287\n|move|p2a: Mightyena|Throat Chop|p1a: Wugtrio\n|-damage|p1a: Wugtrio|64/212\n|-start|p1a: Wugtrio|Throat Chop|[silent]\n|-ability|p1a: Wugtrio|Gooey\n|-unboost|p2a: Mightyena|spe|1\n|\n|upkeep\n|turn|2\n|\n|t:|1720730016\n|switch|p2a: Rayquaza|Rayquaza, L72|270/270\n|-ability|p2a: Rayquaza|Air Lock\n|move|p1a: Wugtrio|Liquidation|p2a: Rayquaza\n|-resisted|p2a: Rayquaza\n|-crit|p2a: Rayquaza\n|-damage|p2a: Rayquaza|139/270\n|\n|-end|p1a: Wugtrio|Throat Chop|[silent]\n|upkeep\n|turn|3\n|\n|t:|1720730027\n|switch|p1a: Heatran|Heatran, L79, M|273/273\n|-item|p1a: Heatran|Air Balloon\n|move|p2a: Rayquaza|Swords Dance|p2a: Rayquaza\n|-boost|p2a: Rayquaza|atk|2\n|\n|upkeep\n|turn|4\n|\n|t:|1720730032\n|move|p2a: Rayquaza|Scale Shot|p1a: Heatran|[miss]\n|-miss|p2a: Rayquaza|p1a: Heatran\n|move|p1a: Heatran|Heavy Slam|p2a: Rayquaza\n|-damage|p2a: Rayquaza|78/270\n|\n|upkeep\n|turn|5\n|\n|t:|1720730036\n|move|p2a: Rayquaza|Scale Shot|p1a: Heatran\n|-resisted|p1a: Heatran\n|-crit|p1a: Heatran\n|-damage|p1a: Heatran|232/273\n|-enditem|p1a: Heatran|Air Balloon\n|-resisted|p1a: Heatran\n|-damage|p1a: Heatran|208/273\n|-resisted|p1a: Heatran\n|-damage|p1a: Heatran|183/273\n|-resisted|p1a: Heatran\n|-damage|p1a: Heatran|158/273\n|-hitcount|p1a: Heatran|4\n|-unboost|p2a: Rayquaza|def|1\n|-boost|p2a: Rayquaza|spe|1\n|move|p1a: Heatran|Heavy Slam|p2a: Rayquaza\n|-damage|p2a: Rayquaza|0 fnt\n|faint|p2a: Rayquaza\n|\n|upkeep\n|\n|t:|1720730056\n|switch|p2a: Ninetales|Ninetales, L85, F|263/263\n|-weather|SunnyDay|[from] ability: Drought|[of] p2a: Ninetales\n|turn|6\n|\n|t:|1720730063\n|move|p2a: Ninetales|Scorching Sands|p1a: Heatran\n|-supereffective|p1a: Heatran\n|-damage|p1a: Heatran|0 fnt\n|faint|p1a: Heatran\n|\n|-weather|SunnyDay|[upkeep]\n|upkeep\n|\n|t:|1720730069\n|switch|p1a: Pachirisu|Pachirisu, L96, F|271/271\n|turn|7\n|\n|t:|1720730089\n|move|p1a: Pachirisu|Nuzzle|p2a: Ninetales\n|-damage|p2a: Ninetales|247/263\n|-status|p2a: Ninetales|par\n|cant|p2a: Ninetales|par\n|\n|-weather|SunnyDay|[upkeep]\n|upkeep\n|turn|8\n|\n|t:|1720730095\n|move|p1a: Pachirisu|Thunderbolt|p2a: Ninetales\n|-damage|p2a: Ninetales|180/263 par\n|move|p2a: Ninetales|Fire Blast|p1a: Pachirisu\n|-damage|p1a: Pachirisu|175/271\n|-status|p1a: Pachirisu|brn\n|\n|-weather|SunnyDay|[upkeep]\n|-damage|p1a: Pachirisu|159/271 brn|[from] brn\n|upkeep\n|turn|9\n|\n|t:|1720730110\n|switch|p2a: Bronzong|Bronzong, L88|261/261\n|move|p1a: Pachirisu|Thunderbolt|p2a: Bronzong\n|-damage|p2a: Bronzong|206/261\n|\n|-weather|SunnyDay|[upkeep]\n|-heal|p2a: Bronzong|222/261|[from] item: Leftovers\n|-damage|p1a: Pachirisu|143/271 brn|[from] brn\n|upkeep\n|turn|10\n|\n|t:|1720730114\n|move|p1a: Pachirisu|Nuzzle|p2a: Bronzong\n|-damage|p2a: Bronzong|216/261\n|-status|p2a: Bronzong|par\n|move|p2a: Bronzong|Stealth Rock|p1a: Pachirisu\n|-sidestart|p1: Qiuescent|move: Stealth Rock\n|\n|-weather|none\n|-heal|p2a: Bronzong|232/261 par|[from] item: Leftovers\n|-damage|p1a: Pachirisu|127/271 brn|[from] brn\n|upkeep\n|turn|11\n|\n|t:|1720730117\n|move|p1a: Pachirisu|Super Fang|p2a: Bronzong\n|-damage|p2a: Bronzong|116/261 par\n|move|p2a: Bronzong|Earthquake|p1a: Pachirisu\n|-supereffective|p1a: Pachirisu\n|-damage|p1a: Pachirisu|0 fnt\n|faint|p1a: Pachirisu\n|\n|-heal|p2a: Bronzong|132/261 par|[from] item: Leftovers\n|upkeep\n|\n|t:|1720730127\n|switch|p1a: Exeggutor|Exeggutor, L89, F|312/312\n|-damage|p1a: Exeggutor|273/312|[from] Stealth Rock\n|turn|12\n|\n|t:|1720730135\n|switch|p2a: Mightyena|Mightyena, L95, M|178/287\n|-ability|p2a: Mightyena|Intimidate|boost\n|-unboost|p1a: Exeggutor|atk|1\n|move|p1a: Exeggutor|Substitute|p1a: Exeggutor\n|-start|p1a: Exeggutor|Substitute\n|-damage|p1a: Exeggutor|195/312\n|\n|upkeep\n|turn|13\n|\n|t:|1720730138\n|move|p2a: Mightyena|Throat Chop|p1a: Exeggutor\n|-supereffective|p1a: Exeggutor\n|-end|p1a: Exeggutor|Substitute\n|move|p1a: Exeggutor|Giga Drain|p2a: Mightyena\n|-damage|p2a: Mightyena|91/287\n|-heal|p1a: Exeggutor|239/312|[from] drain|[of] p2a: Mightyena\n|\n|upkeep\n|turn|14\n|\n|t:|1720730160\n|switch|p1a: Arbok|Arbok, L87, M|246/246\n|-damage|p1a: Arbok|216/246|[from] Stealth Rock\n|-ability|p1a: Arbok|Intimidate|boost\n|-unboost|p2a: Mightyena|atk|1\n|move|p2a: Mightyena|Throat Chop|p1a: Arbok\n|-damage|p1a: Arbok|134/246\n|-start|p1a: Arbok|Throat Chop|[silent]\n|\n|-heal|p1a: Arbok|149/246|[from] item: Leftovers\n|upkeep\n|turn|15\n|\n|t:|1720730174\n|switch|p1a: Kleavor|Kleavor, L78, F|237/237\n|move|p2a: Mightyena|Super Fang|p1a: Kleavor\n|-damage|p1a: Kleavor|119/237\n|\n|upkeep\n|turn|16\n|\n|t:|1720730191\n|move|p2a: Mightyena|Throat Chop|p1a: Kleavor\n|-damage|p1a: Kleavor|50/237\n|-start|p1a: Kleavor|Throat Chop|[silent]\n|move|p1a: Kleavor|Stone Axe|p2a: Mightyena\n|-damage|p2a: Mightyena|0 fnt\n|-sidestart|p2: RandomBattler231|move: Stealth Rock\n|faint|p2a: Mightyena\n|\n|upkeep\n|\n|t:|1720730198\n|switch|p2a: Iron Crown|Iron Crown, L79|272/272\n|-damage|p2a: Iron Crown|255/272|[from] Stealth Rock\n|turn|17\n|\n|t:|1720730204\n|move|p2a: Iron Crown|Tachyon Cutter|p1a: Kleavor\n|-supereffective|p1a: Kleavor\n|-damage|p1a: Kleavor|0 fnt\n|faint|p1a: Kleavor\n|-hitcount|p1: Kleavor|1\n|\n|upkeep\n|\n|t:|1720730214\n|switch|p1a: Exeggutor|Exeggutor, L89, F|239/312\n|-damage|p1a: Exeggutor|200/312|[from] Stealth Rock\n|turn|18\n|\n|t:|1720730218\n|-end|p2a: Iron Crown|Quark Drive|[silent]\n|switch|p2a: Ninetales|Ninetales, L85, F|180/263 par\n|-weather|SunnyDay|[from] ability: Drought|[of] p2a: Ninetales\n|move|p1a: Exeggutor|Calm Mind|p1a: Exeggutor\n|-boost|p1a: Exeggutor|spa|1\n|-boost|p1a: Exeggutor|spd|1\n|\n|-weather|SunnyDay|[upkeep]\n|upkeep\n|turn|19\n|\n|t:|1720730223\n|move|p1a: Exeggutor|Substitute|p1a: Exeggutor\n|-start|p1a: Exeggutor|Substitute\n|-damage|p1a: Exeggutor|122/312\n|-enditem|p1a: Exeggutor|Sitrus Berry|[eat]\n|-heal|p1a: Exeggutor|200/312|[from] item: Sitrus Berry\n|move|p2a: Ninetales|Fire Blast|p1a: Exeggutor\n|-supereffective|p1a: Exeggutor\n|-end|p1a: Exeggutor|Substitute\n|\n|-weather|SunnyDay|[upkeep]\n|-item|p1a: Exeggutor|Sitrus Berry|[from] ability: Harvest\n|upkeep\n|turn|20\n|\n|t:|1720730236\n|switch|p2a: Floatzel|Floatzel, L85, M|283/283\n|-damage|p2a: Floatzel|248/283|[from] Stealth Rock\n|move|p1a: Exeggutor|Substitute|p1a: Exeggutor\n|-start|p1a: Exeggutor|Substitute\n|-damage|p1a: Exeggutor|122/312\n|-enditem|p1a: Exeggutor|Sitrus Berry|[eat]\n|-heal|p1a: Exeggutor|200/312|[from] item: Sitrus Berry\n|\n|-weather|SunnyDay|[upkeep]\n|-item|p1a: Exeggutor|Sitrus Berry|[from] ability: Harvest\n|upkeep\n|turn|21\n|\n|t:|1720730240\n|move|p2a: Floatzel|Crunch|p1a: Exeggutor\n|-supereffective|p1a: Exeggutor\n|-end|p1a: Exeggutor|Substitute\n|move|p1a: Exeggutor|Giga Drain|p2a: Floatzel\n|-supereffective|p2a: Floatzel\n|-damage|p2a: Floatzel|0 fnt\n|-heal|p1a: Exeggutor|312/312|[from] drain|[of] p2a: Floatzel\n|faint|p2a: Floatzel\n|\n|-weather|SunnyDay|[upkeep]\n|upkeep\n|\n|t:|1720730249\n|switch|p2a: Iron Crown|Iron Crown, L79|255/272\n|-damage|p2a: Iron Crown|238/272|[from] Stealth Rock\n|turn|22\n|\n|t:|1720730254\n|switch|p1a: Arbok|Arbok, L87, M|149/246\n|-damage|p1a: Arbok|119/246|[from] Stealth Rock\n|-ability|p1a: Arbok|Intimidate|boost\n|-unboost|p2a: Iron Crown|atk|1\n|-terastallize|p2a: Iron Crown|Steel\n|move|p2a: Iron Crown|Tachyon Cutter|p1a: Arbok\n|-damage|p1a: Arbok|9/246\n|-damage|p1a: Arbok|0 fnt\n|faint|p1a: Arbok\n|-hitcount|p1: Arbok|2\n|\n|-weather|none\n|upkeep\n|\n|t:|1720730258\n|switch|p1a: Exeggutor|Exeggutor, L89, F|312/312\n|-damage|p1a: Exeggutor|273/312|[from] Stealth Rock\n|turn|23\n|\n|t:|1720730267\n|-end|p2a: Iron Crown|Quark Drive|[silent]\n|switch|p2a: Bronzong|Bronzong, L88|132/261 par\n|-damage|p2a: Bronzong|116/261 par|[from] Stealth Rock\n|move|p1a: Exeggutor|Substitute|p1a: Exeggutor\n|-start|p1a: Exeggutor|Substitute\n|-damage|p1a: Exeggutor|195/312\n|\n|-heal|p2a: Bronzong|132/261 par|[from] item: Leftovers\n|upkeep\n|turn|24\n|\n|t:|1720730275\n|move|p1a: Exeggutor|Calm Mind|p1a: Exeggutor\n|-boost|p1a: Exeggutor|spa|1\n|-boost|p1a: Exeggutor|spd|1\n|cant|p2a: Bronzong|par\n|\n|-heal|p2a: Bronzong|148/261 par|[from] item: Leftovers\n|upkeep\n|turn|25\n|\n|t:|1720730280\n|move|p1a: Exeggutor|Calm Mind|p1a: Exeggutor\n|-boost|p1a: Exeggutor|spa|1\n|-boost|p1a: Exeggutor|spd|1\n|cant|p2a: Bronzong|par\n|\n|-heal|p2a: Bronzong|164/261 par|[from] item: Leftovers\n|upkeep\n|turn|26\n|\n|t:|1720730285\n|move|p1a: Exeggutor|Calm Mind|p1a: Exeggutor\n|-boost|p1a: Exeggutor|spa|1\n|-boost|p1a: Exeggutor|spd|1\n|move|p2a: Bronzong|Earthquake|p1a: Exeggutor\n|-resisted|p1a: Exeggutor\n|-activate|p1a: Exeggutor|move: Substitute|[damage]\n|\n|-heal|p2a: Bronzong|180/261 par|[from] item: Leftovers\n|upkeep\n|turn|27\n|\n|t:|1720730290\n|move|p1a: Exeggutor|Calm Mind|p1a: Exeggutor\n|-boost|p1a: Exeggutor|spa|1\n|-boost|p1a: Exeggutor|spd|1\n|move|p2a: Bronzong|Earthquake|p1a: Exeggutor\n|-resisted|p1a: Exeggutor\n|-activate|p1a: Exeggutor|move: Substitute|[damage]\n|\n|-heal|p2a: Bronzong|196/261 par|[from] item: Leftovers\n|upkeep\n|turn|28\n|-message|RandomBattler231 forfeited.\n|\n|win|Qiuescent\n|raw|Qiuescent's rating: 2220 &rarr; <strong>2241</strong><br />(+21 for winning)\n|raw|RandomBattler231's rating: 2246 &rarr; <strong>2225</strong><br />(-21 for losing)\n|l|\u2606RandomBattler231\n|player|p2|\n", "inputlog": ">version f3d3ef5955f9cf6306c9ec5413a163a5498560bf\n>start {\"formatid\":\"gen9randombattle\",\"seed\":[42232,56392,56810,19294],\"rated\":\"Rated battle\"}\n>player p1 {\"name\":\"Qiuescent\",\"avatar\":\"265\",\"rating\":2220,\"seed\":[30983,9409,46841,22091]}\n>player p2 {\"name\":\"RandomBattler231\",\"avatar\":\"janitor\",\"rating\":2246,\"seed\":[53626,60604,41810,21742]}\n>p1 move liquidation\n>p2 move throatchop\n>p1 move liquidation\n>p2 switch 5\n>p1 switch 5\n>p2 move swordsdance\n>p1 move heavyslam\n>p2 move scaleshot\n>p1 move heavyslam\n>p2 move scaleshot\n>p2 switch 4\n>p1 move earthpower\n>p2 move scorchingsands\n>p1 switch 2\n>p1 move nuzzle\n>p2 move fireblast\n>p1 move thunderbolt\n>p2 move fireblast\n>p1 move thunderbolt\n>p2 switch 6\n>p1 move nuzzle\n>p2 move stealthrock\n>p1 move superfang\n>p2 move earthquake\n>p1 switch 4\n>p1 move substitute\n>p2 switch 5\n>p1 move gigadrain\n>p2 move throatchop\n>p1 switch 3\n>p2 move throatchop\n>p1 switch 6\n>p2 move superfang\n>p1 move stoneaxe\n>p2 move throatchop\n>p2 switch 3\n>p1 move xscissor\n>p2 move tachyoncutter\n>p1 switch 3\n>p1 move calmmind\n>p2 switch 6\n>p1 move substitute\n>p2 move fireblast\n>p1 move substitute\n>p2 switch 2\n>p1 move gigadrain\n>p2 move crunch\n>p2 switch 6\n>p1 switch 6\n>p2 move tachyoncutter terastallize\n>p1 switch 6\n>p1 move substitute\n>p2 switch 5\n>p1 move calmmind\n>p2 move earthquake\n>p1 move calmmind\n>p2 move earthquake\n>p1 move calmmind\n>p2 move earthquake\n>p1 move calmmind\n>p2 move earthquake\n>forcelose p2", "uploadtime": 1720730301, "views": 173, "formatid": "gen9randombattle", "rating": 2225, "private": 0, "password": null}