{"id": "gen9randombattle-2259810299", "format": "[Gen 9] Random Battle", "players": ["czzxcug", "JinHoeCook"], "log": "|j|\u2606czzxcug\n|j|\u2606JinHoeCook\n|t:|1733768951\n|gametype|singles\n|player|p1|czzxcug|caitlin|1000\n|player|p2|JinHoeCook|cynthia|1001\n|teamsize|p1|6\n|teamsize|p2|6\n|gen|9\n|tier|[Gen 9] Random Battle\n|rated|\n|rule|Species Clause: Limit one of each Pok\u00e9mon\n|rule|HP Percentage Mod: HP is shown in percentages\n|rule|Sleep Clause Mod: Limit one foe put to sleep\n|rule|Illusion Level Mod: Illusion disguises the Pok\u00e9mon's true level\n|\n|t:|1733768951\n|start\n|switch|p1a: Lugia|Lugia, L72|272/272\n|switch|p2a: Drifblim|Drifblim, L86, F|398/398\n|turn|1\n|inactive|Battle timer is ON: inactive players will automatically lose when time's up. (requested by czzxcug)\n|inactive|JinHoeCook has 120 seconds left.\n|\n|t:|1733768994\n|move|p1a: Lugia|Aeroblast|p2a: Drifblim\n|-damage|p2a: Drifblim|302/398\n|move|p2a: Drifblim|Shadow Ball|p1a: Lugia\n|-supereffective|p1a: Lugia\n|-damage|p1a: Lugia|211/272\n|\n|upkeep\n|turn|2\n|\n|t:|1733769001\n|move|p1a: Lugia|Calm Mind|p1a: Lugia\n|-boost|p1a: Lugia|spa|1\n|-boost|p1a: Lugia|spd|1\n|move|p2a: Drifblim|Shadow Ball|p1a: Lugia\n|-supereffective|p1a: Lugia\n|-damage|p1a: Lugia|127/272\n|\n|upkeep\n|turn|3\n|\n|t:|1733769009\n|move|p1a: Lugia|Recover|p1a: Lugia\n|-heal|p1a: Lugia|263/272\n|move|p2a: Drifblim|Shadow Ball|p1a: Lugia\n|-supereffective|p1a: Lugia\n|-damage|p1a: Lugia|185/272\n|\n|upkeep\n|turn|4\n|\n|t:|1733769015\n|move|p1a: Lugia|Calm Mind|p1a: Lugia\n|-boost|p1a: Lugia|spa|1\n|-boost|p1a: Lugia|spd|1\n|move|p2a: Drifblim|Strength Sap|p1a: Lugia\n|-unboost|p1a: Lugia|atk|1\n|-heal|p2a: Drifblim|398/398\n|\n|upkeep\n|turn|5\n|\n|t:|1733769022\n|move|p1a: Lugia|Calm Mind|p1a: Lugia\n|-boost|p1a: Lugia|spa|1\n|-boost|p1a: Lugia|spd|1\n|move|p2a: Drifblim|Shadow Ball|p1a: Lugia\n|-supereffective|p1a: Lugia\n|-damage|p1a: Lugia|135/272\n|\n|upkeep\n|turn|6\n|\n|t:|1733769033\n|move|p1a: Lugia|Calm Mind|p1a: Lugia\n|-boost|p1a: Lugia|spa|1\n|-boost|p1a: Lugia|spd|1\n|move|p2a: Drifblim|Shadow Ball|p1a: Lugia\n|-supereffective|p1a: Lugia\n|-damage|p1a: Lugia|97/272\n|-unboost|p1a: Lugia|spd|1\n|\n|upkeep\n|turn|7\n|\n|t:|1733769040\n|move|p1a: Lugia|Recover|p1a: Lugia\n|-heal|p1a: Lugia|233/272\n|move|p2a: Drifblim|Shadow Ball|p1a: Lugia\n|-supereffective|p1a: Lugia\n|-damage|p1a: Lugia|183/272\n|\n|upkeep\n|turn|8\n|\n|t:|1733769049\n|move|p1a: Lugia|Calm Mind|p1a: Lugia\n|-boost|p1a: Lugia|spa|1\n|-boost|p1a: Lugia|spd|1\n|move|p2a: Drifblim|Air Slash|p1a: Lugia\n|-damage|p1a: Lugia|164/272\n|\n|upkeep\n|turn|9\n|\n|t:|1733769055\n|move|p1a: Lugia|Recover|p1a: Lugia\n|-heal|p1a: Lugia|272/272\n|move|p2a: Drifblim|Air Slash|p1a: Lugia\n|-damage|p1a: Lugia|262/272\n|\n|upkeep\n|turn|10\n|\n|t:|1733769065\n|move|p1a: Lugia|Calm Mind|p1a: Lugia\n|-boost|p1a: Lugia|spa|1\n|-boost|p1a: Lugia|spd|1\n|move|p2a: Drifblim|Strength Sap|p1a: Lugia\n|-unboost|p1a: Lugia|atk|1\n|\n|upkeep\n|turn|11\n|c|\u2606JinHoeCook|yo stytop stallin u big bitch\n|\n|t:|1733769080\n|move|p1a: Lugia|Aeroblast|p2a: Drifblim\n|-damage|p2a: Drifblim|22/398\n|move|p2a: Drifblim|Shadow Ball|p1a: Lugia\n|-supereffective|p1a: Lugia\n|-damage|p1a: Lugia|226/272\n|\n|upkeep\n|turn|12\n|\n|t:|1733769082\n|move|p1a: Lugia|Aeroblast|p2a: Drifblim\n|-crit|p2a: Drifblim\n|-damage|p2a: Drifblim|0 fnt\n|faint|p2a: Drifblim\n|\n|upkeep\n|\n|t:|1733769089\n|switch|p2a: Dudunsparce|Dudunsparce-Three-Segment, L83, M|343/343\n|turn|13\n|\n|t:|1733769094\n|move|p1a: Lugia|Aeroblast|p2a: Dudunsparce\n|-damage|p2a: Dudunsparce|3/343\n|move|p2a: Dudunsparce|Glare|p1a: Lugia\n|-status|p1a: Lugia|par\n|\n|-heal|p2a: Dudunsparce|24/343|[from] item: Leftovers\n|upkeep\n|turn|14\n|\n|t:|1733769101\n|move|p2a: Dudunsparce|Earthquake|p1a: Lugia\n|-immune|p1a: Lugia\n|move|p1a: Lugia|Aeroblast|p2a: Dudunsparce\n|-damage|p2a: Dudunsparce|0 fnt\n|faint|p2a: Dudunsparce\n|\n|upkeep\n|-message|JinHoeCook forfeited.\n|\n|win|czzxcug\n", "inputlog": ">version bfd83cad13791eb5a5a409923076391caf6fb4d4\n>start {\"formatid\":\"gen9randombattle\",\"seed\":[35949,45688,46354,65506],\"rated\":\"Rated battle\"}\n>player p1 {\"name\":\"czzxcug\",\"avatar\":\"caitlin\",\"rating\":1000,\"seed\":[53959,31585,60671,40646]}\n>player p2 {\"name\":\"JinHoeCook\",\"avatar\":\"cynthia\",\"rating\":1001,\"seed\":[3347,64533,19279,33710]}\n>p1 move aeroblast\n>p2 move shadowball\n>p1 move calmmind\n>p2 move shadowball\n>p1 move recover\n>p2 move shadowball\n>p1 move calmmind\n>p2 move strengthsap\n>p1 move calmmind\n>p2 move shadowball\n>p1 move calmmind\n>p2 move shadowball\n>p1 move recover\n>p2 move shadowball\n>p1 move calmmind\n>p2 move airslash\n>p1 move recover\n>p2 move airslash\n>p1 move calmmind\n>p2 move strengthsap\n>chat \u2606JinHoeCook|yo stytop stallin u big bitch\n>p1 move aeroblast\n>p2 move shadowball\n>p1 move aeroblast\n>p2 move shadowball\n>p2 switch 4\n>p1 move aeroblast\n>p2 move glare\n>p1 move aeroblast\n>p2 move earthquake\n>forcelose p2", "uploadtime": 1733769076, "views": 1, "formatid": "gen9randombattle", "rating": null, "private": 0, "password": null}