{"id": "gen9randombattle-2260564526", "format": "[Gen 9] Random Battle", "players": ["Slampedampe", "Muk Muk Goodra"], "log": "|j|\u2606Slampedampe\n|j|\u2606Muk Muk Goodra\n|t:|1733864043\n|gametype|singles\n|player|p1|Slampedampe|1|1817\n|player|p2|Muk Muk Goodra|265|1863\n|teamsize|p1|6\n|teamsize|p2|6\n|gen|9\n|tier|[Gen 9] Random Battle\n|rated|\n|rule|Species Clause: Limit one of each Pok\u00e9mon\n|rule|HP Percentage Mod: HP is shown in percentages\n|rule|Sleep Clause Mod: Limit one foe put to sleep\n|rule|Illusion Level Mod: Illusion disguises the Pok\u00e9mon's true level\n|\n|t:|1733864043\n|start\n|switch|p1a: Kricketune|Kricketune, L99, M|311/311\n|switch|p2a: Zangoose|Zangoose, L85, F|263/263\n|turn|1\n|inactive|Battle timer is ON: inactive players will automatically lose when time's up. (requested by Muk Muk Goodra)\n|\n|t:|1733864067\n|switch|p2a: Baxcalibur|Baxcalibur, L75, F|295/295\n|move|p1a: Kricketune|Knock Off|p2a: Baxcalibur\n|-damage|p2a: Baxcalibur|197/295\n|-enditem|p2a: Baxcalibur|Choice Band|[from] move: Knock Off|[of] p1a: Kricketune\n|\n|upkeep\n|turn|2\n|\n|t:|1733864076\n|move|p1a: Kricketune|Sticky Web|p2a: Baxcalibur\n|-sidestart|p2: Muk Muk Goodra|move: Sticky Web\n|move|p2a: Baxcalibur|Icicle Crash|p1a: Kricketune|[miss]\n|-miss|p2a: Baxcalibur|p1a: Kricketune\n|\n|upkeep\n|turn|3\n|\n|t:|1733864084\n|move|p1a: Kricketune|Pounce|p2a: Baxcalibur\n|-damage|p2a: Baxcalibur|83/295\n|-unboost|p2a: Baxcalibur|spe|1\n|move|p2a: Baxcalibur|Icicle Crash|p1a: Kricketune\n|-damage|p1a: Kricketune|188/311\n|\n|upkeep\n|turn|4\n|\n|t:|1733864092\n|move|p1a: Kricketune|Pounce|p2a: Baxcalibur\n|-damage|p2a: Baxcalibur|0 fnt\n|faint|p2a: Baxcalibur\n|\n|upkeep\n|c|\u2606Muk Muk Goodra|how does this thing solo me lol\n|\n|t:|1733864101\n|switch|p2a: Gastrodon|Gastrodon-East, L86, M|331/331\n|-activate|p2a: Gastrodon|move: Sticky Web\n|-unboost|p2a: Gastrodon|spe|1\n|turn|5\n|\n|t:|1733864106\n|move|p1a: Kricketune|Knock Off|p2a: Gastrodon\n|-damage|p2a: Gastrodon|225/331\n|-enditem|p2a: Gastrodon|Leftovers|[from] move: Knock Off|[of] p1a: Kricketune\n|move|p2a: Gastrodon|Surf|p1a: Kricketune\n|-damage|p1a: Kricketune|76/311\n|\n|upkeep\n|turn|6\n|c|\u2606Muk Muk Goodra|like seriously\n|\n|t:|1733864115\n|move|p1a: Kricketune|Pounce|p2a: Gastrodon\n|-damage|p2a: Gastrodon|114/331\n|-unboost|p2a: Gastrodon|spe|1\n|move|p2a: Gastrodon|Surf|p1a: Kricketune\n|-damage|p1a: Kricketune|0 fnt\n|faint|p1a: Kricketune\n|\n|upkeep\n|c|\u2606Muk Muk Goodra|i have no good answer for this thing\n|c|\u2606Muk Muk Goodra|im too salty\n|c|\u2606Muk Muk Goodra|i should stop randbats\n|inactive|Slampedampe has 120 seconds left.\n|\n|t:|1733864151\n|switch|p1a: Wugtrio|Wugtrio, L91, F|212/212\n|turn|7\n|inactive|Slampedampe has 120 seconds left.\n|\n|t:|1733864159\n|move|p1a: Wugtrio|Throat Chop|p2a: Gastrodon\n|-damage|p2a: Gastrodon|0 fnt\n|faint|p2a: Gastrodon\n|\n|upkeep\n|\n|t:|1733864172\n|switch|p2a: Zangoose|Zangoose, L85, F|263/263\n|-activate|p2a: Zangoose|move: Sticky Web\n|-unboost|p2a: Zangoose|spe|1\n|turn|8\n|\n|t:|1733864186\n|switch|p1a: Hydrapple|Hydrapple, L83, M|312/312\n|move|p2a: Zangoose|Swords Dance|p2a: Zangoose\n|-boost|p2a: Zangoose|atk|2\n|\n|-status|p2a: Zangoose|tox|[from] item: Toxic Orb\n|upkeep\n|turn|9\n|inactive|Slampedampe has 120 seconds left.\n|\n|t:|1733864206\n|move|p2a: Zangoose|Facade|p1a: Hydrapple\n|-damage|p1a: Hydrapple|0 fnt\n|faint|p1a: Hydrapple\n|\n|-damage|p2a: Zangoose|247/263 tox|[from] psn\n|upkeep\n|\n|t:|1733864216\n|switch|p1a: Wugtrio|Wugtrio, L91, F|212/212\n|turn|10\n|\n|t:|1733864222\n|-terastallize|p2a: Zangoose|Normal\n|move|p2a: Zangoose|Quick Attack|p1a: Wugtrio\n|-damage|p1a: Wugtrio|0 fnt\n|-ability|p1a: Wugtrio|Gooey\n|-unboost|p2a: Zangoose|spe|1\n|faint|p1a: Wugtrio\n|\n|-damage|p2a: Zangoose|215/263 tox|[from] psn\n|upkeep\n|inactive|Slampedampe has 120 seconds left.\n|inactive|Slampedampe has 90 seconds left.\n|\n|t:|1733864258\n|switch|p1a: Gallade|Gallade, L81, M|243/243\n|turn|11\n|\n|t:|1733864263\n|move|p2a: Zangoose|Quick Attack|p1a: Gallade\n|-damage|p1a: Gallade|0 fnt\n|faint|p1a: Gallade\n|\n|-damage|p2a: Zangoose|167/263 tox|[from] psn\n|upkeep\n|\n|t:|1733864272\n|switch|p1a: Zapdos|Zapdos, L78|268/268\n|turn|12\n|\n|t:|1733864286\n|move|p2a: Zangoose|Quick Attack|p1a: Zapdos\n|-damage|p1a: Zapdos|44/268\n|move|p1a: Zapdos|Discharge|p2a: Zangoose\n|-damage|p2a: Zangoose|58/263 tox\n|\n|-damage|p2a: Zangoose|0 fnt|[from] psn\n|faint|p2a: Zangoose\n|upkeep\n|\n|t:|1733864293\n|switch|p2a: Iron Bundle|Iron Bundle, L77|213/213\n|turn|13\n|\n|t:|1733864306\n|move|p2a: Iron Bundle|Freeze-Dry|p1a: Zapdos\n|-supereffective|p1a: Zapdos\n|-damage|p1a: Zapdos|0 fnt\n|faint|p1a: Zapdos\n|\n|upkeep\n|\n|t:|1733864314\n|switch|p1a: Delphox|Delphox, L84, F|263/263\n|turn|14\n|\n|t:|1733864325\n|move|p2a: Iron Bundle|Flip Turn|p1a: Delphox\n|-supereffective|p1a: Delphox\n|-damage|p1a: Delphox|153/263\n|\n|t:|1733864330\n|-end|p2a: Iron Bundle|Quark Drive|[silent]\n|switch|p2a: Gogoat|Gogoat, L88, M|360/360|[from] Flip Turn\n|-activate|p2a: Gogoat|move: Sticky Web\n|-unboost|p2a: Gogoat|spe|1\n|move|p1a: Delphox|Focus Blast|p2a: Gogoat|[miss]\n|-miss|p1a: Delphox|p2a: Gogoat\n|\n|upkeep\n|turn|15\n|\n|t:|1733864340\n|move|p1a: Delphox|Fire Blast|p2a: Gogoat\n|-supereffective|p2a: Gogoat\n|-damage|p2a: Gogoat|76/360\n|move|p2a: Gogoat|Earthquake|p1a: Delphox\n|-supereffective|p1a: Delphox\n|-crit|p1a: Delphox\n|-damage|p1a: Delphox|0 fnt\n|faint|p1a: Delphox\n|\n|win|Muk Muk Goodra\n|raw|Slampedampe's rating: 1817 &rarr; <strong>1800</strong><br />(-17 for losing)\n|raw|Muk Muk Goodra's rating: 1863 &rarr; <strong>1880</strong><br />(+17 for winning)\n", "inputlog": ">version bfd83cad13791eb5a5a409923076391caf6fb4d4\n>start {\"formatid\":\"gen9randombattle\",\"seed\":[23908,27160,20277,14419],\"rated\":\"Rated battle\"}\n>player p1 {\"name\":\"Slampedampe\",\"avatar\":\"1\",\"rating\":1817,\"seed\":[19912,27284,53505,34809]}\n>player p2 {\"name\":\"Muk Muk Goodra\",\"avatar\":\"265\",\"rating\":1863,\"seed\":[34597,32396,47151,4270]}\n>p1 move knockoff\n>p2 switch 5\n>p1 move stickyweb\n>p2 move iciclecrash\n>p1 move pounce\n>p2 move iciclecrash\n>p1 move pounce\n>p2 move iciclecrash\n>chat \u2606Muk Muk Goodra|how does this thing solo me lol\n>p2 switch 2\n>p1 move knockoff\n>p2 move surf\n>chat \u2606Muk Muk Goodra|like seriously\n>p1 move pounce\n>p2 move surf\n>chat \u2606Muk Muk Goodra|i have no good answer for this thing\n>chat \u2606Muk Muk Goodra|im too salty\n>chat \u2606Muk Muk Goodra|i should stop randbats\n>p1 switch 4\n>p1 move throatchop\n>p2 move earthquake\n>p2 switch 5\n>p1 switch 5\n>p2 move swordsdance\n>p1 move gigadrain\n>p2 move facade\n>p1 switch 5\n>p1 move liquidation\n>p2 move quickattack terastallize\n>p1 switch 6\n>p1 move sacredsword\n>p2 move quickattack\n>p1 switch 2\n>p1 move discharge\n>p2 move quickattack\n>p2 switch 6\n>p1 move discharge\n>p2 move freezedry\n>p1 switch 3\n>p1 move focusblast\n>p2 move flipturn\n>p2 switch 3\n>p1 move fireblast\n>p2 move earthquake", "uploadtime": 1733864343, "views": 2, "formatid": "gen9randombattle", "rating": 1800, "private": 0, "password": null}