{"id": "gen9randombattle-2260647505", "format": "[Gen 9] Random Battle", "players": ["Bret_with_1_T", "Paninidistingue"], "log": "|j|\u2606Bret_with_1_T\n|j|\u2606Paninidistingue\n|t:|1733873471\n|gametype|singles\n|player|p1|Bret_with_1_T|riley|1651\n|player|p2|Paninidistingue|dawn|1599\n|teamsize|p1|6\n|teamsize|p2|6\n|gen|9\n|tier|[Gen 9] Random Battle\n|rated|\n|rule|Species Clause: Limit one of each Pok\u00e9mon\n|rule|HP Percentage Mod: HP is shown in percentages\n|rule|Sleep Clause Mod: Limit one foe put to sleep\n|rule|Illusion Level Mod: Illusion disguises the Pok\u00e9mon's true level\n|\n|t:|1733873471\n|start\n|switch|p1a: Sudowoodo|Sudowoodo, L94, M|284/284\n|switch|p2a: Illumise|Illumise, L91, F|266/266\n|turn|1\n|inactive|Battle timer is ON: inactive players will automatically lose when time's up. (requested by Paninidistingue)\n|\n|t:|1733873495\n|switch|p2a: Iron Crown|Iron Crown, L78|268/268\n|move|p1a: Sudowoodo|Head Smash|p2a: Iron Crown\n|-resisted|p2a: Iron Crown\n|-damage|p2a: Iron Crown|112/268\n|\n|-heal|p2a: Iron Crown|128/268|[from] item: Leftovers\n|upkeep\n|turn|2\n|\n|t:|1733873514\n|switch|p1a: Sandaconda|Sandaconda, L84, F|258/258\n|move|p2a: Iron Crown|Tachyon Cutter|p1a: Sandaconda\n|-damage|p1a: Sandaconda|189/258\n|-damage|p1a: Sandaconda|120/258\n|-hitcount|p1a: Sandaconda|2\n|\n|-heal|p2a: Iron Crown|144/268|[from] item: Leftovers\n|-heal|p1a: Sandaconda|136/258|[from] item: Leftovers\n|upkeep\n|turn|3\n|\n|t:|1733873536\n|move|p2a: Iron Crown|Tachyon Cutter|p1a: Sandaconda\n|-damage|p1a: Sandaconda|67/258\n|-damage|p1a: Sandaconda|3/258\n|-hitcount|p1a: Sandaconda|2\n|move|p1a: Sandaconda|Glare|p2a: Iron Crown\n|-status|p2a: Iron Crown|par\n|\n|-heal|p1a: Sandaconda|19/258|[from] item: Leftovers\n|-heal|p2a: Iron Crown|160/268 par|[from] item: Leftovers\n|upkeep\n|turn|4\n|\n|t:|1733873549\n|move|p1a: Sandaconda|Earthquake|p2a: Iron Crown\n|-supereffective|p2a: Iron Crown\n|-crit|p2a: Iron Crown\n|-damage|p2a: Iron Crown|0 fnt\n|faint|p2a: Iron Crown\n|-end|p2a: Iron Crown|Quark Drive|[silent]\n|\n|-heal|p1a: Sandaconda|35/258|[from] item: Leftovers\n|upkeep\n|\n|t:|1733873555\n|switch|p2a: Ribombee|Ribombee, L82, F|233/233\n|turn|5\n|\n|t:|1733873558\n|move|p2a: Ribombee|Moonblast|p1a: Sandaconda\n|-damage|p1a: Sandaconda|0 fnt\n|faint|p1a: Sandaconda\n|\n|upkeep\n|\n|t:|1733873562\n|switch|p1a: Sudowoodo|Sudowoodo, L94, M|284/284\n|turn|6\n|\n|t:|1733873577\n|switch|p2a: Ditto|Ditto, L87|225/225\n|-transform|p2a: Ditto|p1a: Sudowoodo|[from] ability: Imposter\n|move|p1a: Sudowoodo|Head Smash|p2a: Ditto\n|-damage|p2a: Ditto|24/225\n|\n|upkeep\n|turn|7\n|\n|t:|1733873595\n|switch|p1a: Arboliva|Arboliva, L91, F|288/288\n|move|p2a: Ditto|Wood Hammer|p1a: Arboliva\n|-resisted|p1a: Arboliva\n|-damage|p1a: Arboliva|245/288\n|\n|upkeep\n|turn|8\n|\n|t:|1733873604\n|switch|p2a: Illumise|Illumise, L91, F|266/266\n|move|p1a: Arboliva|Substitute|p1a: Arboliva\n|-start|p1a: Arboliva|Substitute\n|-damage|p1a: Arboliva|173/288\n|\n|upkeep\n|turn|9\n|\n|t:|1733873631\n|move|p2a: Illumise|Thunder Wave||[still]\n|-fail|p2a: Illumise\n|move|p1a: Arboliva|Hyper Voice|p2a: Illumise\n|-damage|p2a: Illumise|142/266\n|\n|upkeep\n|turn|10\n|\n|t:|1733873640\n|move|p2a: Illumise|Roost|p2a: Illumise\n|-heal|p2a: Illumise|266/266\n|-singleturn|p2a: Illumise|move: Roost\n|move|p1a: Arboliva|Hyper Voice|p2a: Illumise\n|-damage|p2a: Illumise|128/266\n|\n|upkeep\n|turn|11\n|\n|t:|1733873650\n|move|p2a: Illumise|Roost|p2a: Illumise\n|-heal|p2a: Illumise|261/266\n|-singleturn|p2a: Illumise|move: Roost\n|move|p1a: Arboliva|Leech Seed|p2a: Illumise|[miss]\n|-miss|p1a: Arboliva|p2a: Illumise\n|\n|upkeep\n|turn|12\n|\n|t:|1733873658\n|move|p2a: Illumise|Encore|p1a: Arboliva\n|-start|p1a: Arboliva|Encore\n|move|p1a: Arboliva|Leech Seed|p2a: Illumise\n|-start|p2a: Illumise|move: Leech Seed\n|\n|-damage|p2a: Illumise|228/266|[from] Leech Seed|[of] p1a: Arboliva\n|-heal|p1a: Arboliva|206/288|[silent]\n|upkeep\n|turn|13\n|\n|t:|1733873664\n|switch|p2a: Ditto|Ditto, L87|24/225\n|move|p1a: Arboliva|Leech Seed|p2a: Ditto\n|-start|p2a: Ditto|move: Leech Seed\n|\n|-damage|p2a: Ditto|0 fnt|[from] Leech Seed|[of] p1a: Arboliva\n|-heal|p1a: Arboliva|230/288|[silent]\n|faint|p2a: Ditto\n|upkeep\n|\n|t:|1733873690\n|switch|p2a: Illumise|Illumise, L91, F|228/266\n|turn|14\n|\n|t:|1733873693\n|move|p2a: Illumise|Bug Buzz|p1a: Arboliva\n|-supereffective|p1a: Arboliva\n|-damage|p1a: Arboliva|86/288\n|-enditem|p1a: Arboliva|Sitrus Berry|[eat]\n|-heal|p1a: Arboliva|158/288|[from] item: Sitrus Berry\n|move|p1a: Arboliva|Leech Seed|p2a: Illumise\n|-start|p2a: Illumise|move: Leech Seed\n|\n|-damage|p2a: Illumise|195/266|[from] Leech Seed|[of] p1a: Arboliva\n|-heal|p1a: Arboliva|191/288|[silent]\n|-end|p1a: Arboliva|Encore\n|upkeep\n|turn|15\n|inactive|Paninidistingue has 120 seconds left.\n|\n|t:|1733873720\n|switch|p2a: Ribombee|Ribombee, L82, F|233/233\n|move|p1a: Arboliva|Protect||[still]\n|-fail|p1a: Arboliva\n|\n|-item|p1a: Arboliva|Sitrus Berry|[from] ability: Harvest\n|upkeep\n|turn|16\n|\n|t:|1733873726\n|move|p2a: Ribombee|Bug Buzz|p1a: Arboliva\n|-supereffective|p1a: Arboliva\n|-damage|p1a: Arboliva|53/288\n|-enditem|p1a: Arboliva|Sitrus Berry|[eat]\n|-heal|p1a: Arboliva|125/288|[from] item: Sitrus Berry\n|move|p1a: Arboliva|Leech Seed|p2a: Ribombee\n|-start|p2a: Ribombee|move: Leech Seed\n|\n|-damage|p2a: Ribombee|204/233|[from] Leech Seed|[of] p1a: Arboliva\n|-heal|p1a: Arboliva|154/288|[silent]\n|upkeep\n|turn|17\n|\n|t:|1733873735\n|move|p2a: Ribombee|Quiver Dance|p2a: Ribombee\n|-boost|p2a: Ribombee|spa|1\n|-boost|p2a: Ribombee|spd|1\n|-boost|p2a: Ribombee|spe|1\n|move|p1a: Arboliva|Hyper Voice|p2a: Ribombee\n|-damage|p2a: Ribombee|102/233\n|\n|-damage|p2a: Ribombee|73/233|[from] Leech Seed|[of] p1a: Arboliva\n|-heal|p1a: Arboliva|183/288|[silent]\n|-item|p1a: Arboliva|Sitrus Berry|[from] ability: Harvest\n|upkeep\n|turn|18\n|\n|t:|1733873745\n|move|p1a: Arboliva|Protect|p1a: Arboliva\n|-singleturn|p1a: Arboliva|Protect\n|move|p2a: Ribombee|Bug Buzz|p1a: Arboliva\n|-activate|p1a: Arboliva|move: Protect\n|\n|-damage|p2a: Ribombee|44/233|[from] Leech Seed|[of] p1a: Arboliva\n|-heal|p1a: Arboliva|212/288|[silent]\n|upkeep\n|turn|19\n|\n|t:|1733873754\n|move|p2a: Ribombee|Bug Buzz|p1a: Arboliva\n|-supereffective|p1a: Arboliva\n|-damage|p1a: Arboliva|6/288\n|-enditem|p1a: Arboliva|Sitrus Berry|[eat]\n|-heal|p1a: Arboliva|78/288|[from] item: Sitrus Berry\n|move|p1a: Arboliva|Hyper Voice|p2a: Ribombee\n|-damage|p2a: Ribombee|0 fnt\n|faint|p2a: Ribombee\n|\n|-item|p1a: Arboliva|Sitrus Berry|[from] ability: Harvest\n|upkeep\n|-enditem|p1a: Arboliva|Sitrus Berry|[eat]\n|-heal|p1a: Arboliva|150/288|[from] item: Sitrus Berry\n|\n|t:|1733873765\n|switch|p2a: Illumise|Illumise, L91, F|195/266\n|turn|20\n|\n|t:|1733873768\n|move|p2a: Illumise|Bug Buzz|p1a: Arboliva\n|-supereffective|p1a: Arboliva\n|-damage|p1a: Arboliva|12/288\n|move|p1a: Arboliva|Leech Seed|p2a: Illumise\n|-start|p2a: Illumise|move: Leech Seed\n|\n|-damage|p2a: Illumise|162/266|[from] Leech Seed|[of] p1a: Arboliva\n|-heal|p1a: Arboliva|45/288|[silent]\n|-item|p1a: Arboliva|Sitrus Berry|[from] ability: Harvest\n|upkeep\n|-enditem|p1a: Arboliva|Sitrus Berry|[eat]\n|-heal|p1a: Arboliva|117/288|[from] item: Sitrus Berry\n|turn|21\n|c|\u2606Paninidistingue|Ta grand m\u00e8re chien\n|\n|t:|1733873778\n|move|p1a: Arboliva|Protect|p1a: Arboliva\n|-singleturn|p1a: Arboliva|Protect\n|move|p2a: Illumise|Roost|p2a: Illumise\n|-heal|p2a: Illumise|266/266\n|-singleturn|p2a: Illumise|move: Roost\n|\n|-damage|p2a: Illumise|233/266|[from] Leech Seed|[of] p1a: Arboliva\n|-heal|p1a: Arboliva|150/288|[silent]\n|-item|p1a: Arboliva|Sitrus Berry|[from] ability: Harvest\n|upkeep\n|turn|22\n|\n|t:|1733873788\n|move|p2a: Illumise|Bug Buzz|p1a: Arboliva\n|-supereffective|p1a: Arboliva\n|-damage|p1a: Arboliva|16/288\n|-enditem|p1a: Arboliva|Sitrus Berry|[eat]\n|-heal|p1a: Arboliva|88/288|[from] item: Sitrus Berry\n|move|p1a: Arboliva|Hyper Voice|p2a: Illumise\n|-damage|p2a: Illumise|95/266\n|\n|-damage|p2a: Illumise|62/266|[from] Leech Seed|[of] p1a: Arboliva\n|-heal|p1a: Arboliva|121/288|[silent]\n|-item|p1a: Arboliva|Sitrus Berry|[from] ability: Harvest\n|upkeep\n|-enditem|p1a: Arboliva|Sitrus Berry|[eat]\n|-heal|p1a: Arboliva|193/288|[from] item: Sitrus Berry\n|turn|23\n|inactive|Paninidistingue has 120 seconds left.\n|inactive|Paninidistingue has 90 seconds left.\n|inactive|Paninidistingue has 60 seconds left.\n|inactive|Paninidistingue has 30 seconds left.\n|inactive|Paninidistingue has 20 seconds left.\n|inactive|Paninidistingue has 15 seconds left.\n|inactive|Paninidistingue has 10 seconds left.\n|inactive|Paninidistingue has 5 seconds left.\n|-message|Paninidistingue lost due to inactivity.\n|\n|win|Bret_with_1_T\n", "inputlog": ">version bfd83cad13791eb5a5a409923076391caf6fb4d4\n>start {\"formatid\":\"gen9randombattle\",\"seed\":[2864,41031,28672,5288],\"rated\":\"Rated battle\"}\n>player p1 {\"name\":\"Bret_with_1_T\",\"avatar\":\"riley\",\"rating\":1651,\"seed\":[64785,5886,34012,16767]}\n>player p2 {\"name\":\"Paninidistingue\",\"avatar\":\"dawn\",\"rating\":1599,\"seed\":[26224,41633,44229,56020]}\n>p1 move headsmash\n>p2 switch 3\n>p1 switch 3\n>p2 move tachyoncutter\n>p1 move glare\n>p2 move tachyoncutter\n>p1 move earthquake\n>p2 move calmmind\n>p2 switch 4\n>p1 move glare\n>p2 move moonblast\n>p1 switch 3\n>p1 move headsmash\n>p2 switch 5\n>p1 switch 4\n>p2 move woodhammer\n>p1 move substitute\n>p2 switch 3\n>p1 move hypervoice\n>p2 move thunderwave\n>p1 move hypervoice\n>p2 move roost\n>p1 move leechseed\n>p2 move roost\n>p1 move leechseed\n>p2 move encore\n>p1 move leechseed\n>p2 switch 3\n>p2 switch 3\n>p1 move leechseed\n>p2 move bugbuzz\n>p1 move protect\n>p2 switch 5\n>p1 move leechseed\n>p2 move bugbuzz\n>p1 move hypervoice\n>p2 move quiverdance\n>p1 move protect\n>p2 move bugbuzz\n>p1 move hypervoice\n>p2 move bugbuzz\n>p2 switch 5\n>p1 move leechseed\n>p2 move bugbuzz\n>chat \u2606Paninidistingue|Ta grand m\u00e8re chien\n>p1 move protect\n>p2 move roost\n>p1 move hypervoice\n>p2 move bugbuzz\n>forcelose p2", "uploadtime": 1733873778, "views": 1, "formatid": "gen9randombattle", "rating": null, "private": 0, "password": null}