{"id": "gen9randombattle-2187406746", "format": "[Gen 9] Random Battle", "players": ["Washeroscar", "Htmelville"], "log": "|j|\u2606Washeroscar\n|j|\u2606Htmelville\n|t:|1724587489\n|gametype|singles\n|player|p1|Washeroscar|hiker-gen4|2233\n|player|p2|Htmelville|266|2228\n|teamsize|p1|6\n|teamsize|p2|6\n|gen|9\n|tier|[Gen 9] Random Battle\n|rated|\n|rule|Species Clause: Limit one of each Pok\u00e9mon\n|rule|HP Percentage Mod: HP is shown in percentages\n|rule|Sleep Clause Mod: Limit one foe put to sleep\n|rule|Illusion Level Mod: Illusion disguises the Pok\u00e9mon's true level\n|\n|t:|1724587489\n|start\n|switch|p1a: Bronzong|Bronzong, L88|261/261\n|switch|p2a: Pikachu|Pikachu-Unova, L93, M|216/216\n|turn|1\n|inactive|Battle timer is ON: inactive players will automatically lose when time's up. (requested by Washeroscar)\n|\n|t:|1724587513\n|move|p2a: Pikachu|Fake Out|p1a: Bronzong\n|-resisted|p1a: Bronzong\n|-damage|p1a: Bronzong|244/261\n|cant|p1a: Bronzong|flinch\n|\n|-heal|p1a: Bronzong|260/261|[from] item: Leftovers\n|upkeep\n|turn|2\n|\n|t:|1724587532\n|move|p2a: Pikachu|Volt Tackle|p1a: Bronzong\n|-damage|p1a: Bronzong|97/261\n|-damage|p2a: Pikachu|162/216|[from] Recoil\n|move|p1a: Bronzong|Body Press|p2a: Pikachu\n|-damage|p2a: Pikachu|46/216\n|\n|-heal|p1a: Bronzong|113/261|[from] item: Leftovers\n|upkeep\n|turn|3\n|\n|t:|1724587547\n|move|p2a: Pikachu|Volt Tackle|p1a: Bronzong\n|-damage|p1a: Bronzong|0 fnt\n|faint|p1a: Bronzong\n|-damage|p2a: Pikachu|9/216|[from] Recoil\n|\n|upkeep\n|inactive|Washeroscar has 120 seconds left.\n|\n|t:|1724587573\n|switch|p1a: Mesprit|Mesprit, L85|275/275\n|turn|4\n|inactive|Washeroscar has 120 seconds left.\n|\n|t:|1724587586\n|switch|p2a: Weavile|Weavile, L79, F|239/239\n|move|p1a: Mesprit|Psychic Noise|p2a: Weavile\n|-immune|p2a: Weavile\n|\n|upkeep\n|turn|5\n|\n|t:|1724587594\n|move|p2a: Weavile|Knock Off|p1a: Mesprit\n|-supereffective|p1a: Mesprit\n|-damage|p1a: Mesprit|0 fnt\n|-enditem|p1a: Mesprit|Leftovers|[from] move: Knock Off|[of] p2a: Weavile\n|faint|p1a: Mesprit\n|\n|upkeep\n|\n|t:|1724587599\n|switch|p1a: Hitmonlee|Hitmonlee, L85, M|224/224\n|turn|6\n|\n|t:|1724587617\n|switch|p2a: Tornadus|Tornadus, L82, M|264/264\n|move|p1a: Hitmonlee|Swords Dance|p1a: Hitmonlee\n|-boost|p1a: Hitmonlee|atk|2\n|\n|upkeep\n|turn|7\n|\n|t:|1724587623\n|-terastallize|p1a: Hitmonlee|Dark\n|move|p2a: Tornadus|Bleakwind Storm|p1a: Hitmonlee\n|-damage|p1a: Hitmonlee|119/224\n|move|p1a: Hitmonlee|Close Combat|p2a: Tornadus\n|-resisted|p2a: Tornadus\n|-damage|p2a: Tornadus|90/264\n|-unboost|p1a: Hitmonlee|def|1\n|-unboost|p1a: Hitmonlee|spd|1\n|-enditem|p1a: Hitmonlee|White Herb\n|-clearnegativeboost|p1a: Hitmonlee|[silent]\n|\n|upkeep\n|turn|8\n|\n|t:|1724587641\n|move|p1a: Hitmonlee|Knock Off|p2a: Tornadus\n|-damage|p2a: Tornadus|0 fnt\n|-enditem|p2a: Tornadus|Heavy-Duty Boots|[from] move: Knock Off|[of] p1a: Hitmonlee\n|faint|p2a: Tornadus\n|\n|upkeep\n|\n|t:|1724587652\n|switch|p2a: Pikachu|Pikachu-Unova, L93, M|9/216\n|turn|9\n|\n|t:|1724587654\n|move|p2a: Pikachu|Fake Out|p1a: Hitmonlee\n|-damage|p1a: Hitmonlee|53/224\n|cant|p1a: Hitmonlee|flinch\n|\n|upkeep\n|turn|10\n|inactive|Htmelville has 120 seconds left.\n|\n|t:|1724587685\n|switch|p2a: Jumpluff|Jumpluff, L87, F|271/271\n|move|p1a: Hitmonlee|Close Combat|p2a: Jumpluff\n|-resisted|p2a: Jumpluff\n|-damage|p2a: Jumpluff|88/271\n|-unboost|p1a: Hitmonlee|def|1\n|-unboost|p1a: Hitmonlee|spd|1\n|\n|upkeep\n|turn|11\n|\n|t:|1724587695\n|move|p1a: Hitmonlee|Close Combat|p2a: Jumpluff\n|-resisted|p2a: Jumpluff\n|-damage|p2a: Jumpluff|0 fnt\n|-unboost|p1a: Hitmonlee|def|1\n|-unboost|p1a: Hitmonlee|spd|1\n|faint|p2a: Jumpluff\n|\n|upkeep\n|\n|t:|1724587697\n|switch|p2a: Pikachu|Pikachu-Unova, L93, M|9/216\n|turn|12\n|\n|t:|1724587704\n|switch|p1a: Great Tusk|Great Tusk, L77|304/304\n|move|p2a: Pikachu|Fake Out|p1a: Great Tusk\n|-damage|p1a: Great Tusk|267/304\n|\n|-heal|p1a: Great Tusk|286/304|[from] item: Leftovers\n|upkeep\n|turn|13\n|\n|t:|1724587712\n|move|p2a: Pikachu|Surf|p1a: Great Tusk\n|-supereffective|p1a: Great Tusk\n|-damage|p1a: Great Tusk|0 fnt\n|faint|p1a: Great Tusk\n|-end|p1a: Great Tusk|Protosynthesis|[silent]\n|\n|upkeep\n|\n|t:|1724587716\n|switch|p1a: Golurk|Golurk, L87|297/297\n|turn|14\n|\n|t:|1724587720\n|move|p2a: Pikachu|Surf|p1a: Golurk\n|-supereffective|p1a: Golurk\n|-damage|p1a: Golurk|111/297\n|move|p1a: Golurk|Dynamic Punch|p2a: Pikachu\n|-damage|p2a: Pikachu|0 fnt\n|faint|p2a: Pikachu\n|\n|upkeep\n|\n|t:|1724587743\n|switch|p2a: Mismagius|Mismagius, L86, M|243/243\n|turn|15\n|\n|t:|1724587763\n|move|p2a: Mismagius|Substitute|p2a: Mismagius\n|-start|p2a: Mismagius|Substitute\n|-damage|p2a: Mismagius|183/243\n|move|p1a: Golurk|Dynamic Punch|p2a: Mismagius\n|-immune|p2a: Mismagius\n|\n|-heal|p2a: Mismagius|198/243|[from] item: Leftovers\n|upkeep\n|turn|16\n|-message|Washeroscar forfeited.\n|\n|win|Htmelville\n|raw|Washeroscar's rating: 2233 &rarr; <strong>2213</strong><br />(-20 for losing)\n|raw|Htmelville's rating: 2228 &rarr; <strong>2248</strong><br />(+20 for winning)\n|l|\u2606Washeroscar\n|player|p1|\n", "inputlog": ">version a6a2f2a487895f29234d9cd1d12543c6ed6a5e66\n>start {\"formatid\":\"gen9randombattle\",\"seed\":[50417,41580,48846,15065],\"rated\":\"Rated battle\"}\n>player p1 {\"name\":\"Washeroscar\",\"avatar\":\"hiker-gen4\",\"rating\":2233,\"seed\":[30281,23871,1829,30527]}\n>player p2 {\"name\":\"Htmelville\",\"avatar\":\"266\",\"rating\":2228,\"seed\":[46309,13729,3258,22708]}\n>p1 move bodypress\n>p2 move fakeout\n>p1 move bodypress\n>p2 move volttackle\n>p1 move bodypress\n>p2 move volttackle\n>p1 switch 4\n>p1 move psychicnoise\n>p2 switch 4\n>p1 move thunderwave\n>p2 move knockoff\n>p1 switch 5\n>p1 move swordsdance\n>p2 switch 5\n>p1 move closecombat terastallize\n>p2 move bleakwindstorm\n>p1 move knockoff\n>p2 move bleakwindstorm\n>p2 switch 4\n>p1 move knockoff\n>p2 move fakeout\n>p1 move closecombat\n>p2 switch 2\n>p1 move closecombat\n>p2 move strengthsap\n>p2 switch 2\n>p1 switch 3\n>p2 move fakeout\n>p1 move rapidspin\n>p2 move surf\n>p1 switch 6\n>p1 move dynamicpunch\n>p2 move surf\n>p2 switch 3\n>p1 move dynamicpunch\n>p2 move substitute\n>forcelose p1", "uploadtime": 1724587795, "views": 111, "formatid": "gen9randombattle", "rating": 2213, "private": 0, "password": null}