{"id": "gen9randombattle-2260919478", "format": "[Gen 9] Random Battle", "players": ["khgvzucci7", "Chickenmane27"], "log": "|j|\u2606khgvzucci7\n|j|\u2606Chickenmane27\n|t:|1733916781\n|gametype|singles\n|player|p1|khgvzucci7|170|1135\n|player|p2|Chickenmane27|firebreather|1137\n|teamsize|p1|6\n|teamsize|p2|6\n|gen|9\n|tier|[Gen 9] Random Battle\n|rated|\n|rule|Species Clause: Limit one of each Pok\u00e9mon\n|rule|HP Percentage Mod: HP is shown in percentages\n|rule|Sleep Clause Mod: Limit one foe put to sleep\n|rule|Illusion Level Mod: Illusion disguises the Pok\u00e9mon's true level\n|\n|t:|1733916781\n|start\n|switch|p1a: Toucannon|Toucannon, L88, F|284/284\n|switch|p2a: Great Tusk|Great Tusk, L77|304/304\n|turn|1\n|\n|t:|1733916800\n|-singleturn|p1a: Toucannon|move: Beak Blast\n|move|p2a: Great Tusk|Stone Edge|p1a: Toucannon\n|-supereffective|p1a: Toucannon\n|-damage|p1a: Toucannon|108/284\n|move|p1a: Toucannon|Beak Blast|p2a: Great Tusk\n|-supereffective|p2a: Great Tusk\n|-damage|p2a: Great Tusk|76/304\n|\n|-heal|p2a: Great Tusk|95/304|[from] item: Leftovers\n|upkeep\n|turn|2\n|\n|t:|1733916812\n|move|p2a: Great Tusk|Stone Edge|p1a: Toucannon\n|-supereffective|p1a: Toucannon\n|-damage|p1a: Toucannon|0 fnt\n|faint|p1a: Toucannon\n|\n|-heal|p2a: Great Tusk|114/304|[from] item: Leftovers\n|upkeep\n|\n|t:|1733916820\n|switch|p1a: Scovillain|Scovillain, L91, M|266/266\n|turn|3\n|inactive|Battle timer is ON: inactive players will automatically lose when time's up. (requested by khgvzucci7)\n|\n|t:|1733916835\n|-end|p2a: Great Tusk|Protosynthesis|[silent]\n|switch|p2a: Zebstrika|Zebstrika, L87, M|272/272\n|move|p1a: Scovillain|Energy Ball|p2a: Zebstrika\n|-ability|p2a: Zebstrika|Sap Sipper|boost\n|-boost|p2a: Zebstrika|atk|1\n|\n|upkeep\n|turn|4\n|\n|t:|1733916847\n|move|p2a: Zebstrika|High Horsepower|p1a: Scovillain\n|-damage|p1a: Scovillain|110/266\n|-damage|p2a: Zebstrika|245/272|[from] item: Life Orb\n|move|p1a: Scovillain|Sunny Day|p1a: Scovillain\n|-weather|SunnyDay\n|\n|-weather|SunnyDay|[upkeep]\n|upkeep\n|turn|5\n|\n|t:|1733916855\n|move|p1a: Scovillain|Stomping Tantrum|p2a: Zebstrika\n|-supereffective|p2a: Zebstrika\n|-damage|p2a: Zebstrika|89/272\n|move|p2a: Zebstrika|High Horsepower|p1a: Scovillain\n|-damage|p1a: Scovillain|0 fnt\n|faint|p1a: Scovillain\n|-damage|p2a: Zebstrika|62/272|[from] item: Life Orb\n|\n|-weather|SunnyDay|[upkeep]\n|upkeep\n|\n|t:|1733916874\n|switch|p1a: Quagsire|Quagsire, L84, M|297/297\n|turn|6\n|inactive|Chickenmane27 has 120 seconds left.\n|\n|t:|1733916916\n|switch|p2a: Scrafty|Scrafty, L84, M|246/246\n|move|p1a: Quagsire|Spikes|p2a: Scrafty\n|-sidestart|p2: Chickenmane27|Spikes\n|\n|-weather|SunnyDay|[upkeep]\n|upkeep\n|turn|7\n|inactive|khgvzucci7 has 120 seconds left.\n|\n|t:|1733916946\n|move|p2a: Scrafty|Knock Off|p1a: Quagsire\n|-damage|p1a: Quagsire|191/297\n|-enditem|p1a: Quagsire|Leftovers|[from] move: Knock Off|[of] p2a: Scrafty\n|move|p1a: Quagsire|Spikes|p2a: Scrafty\n|-sidestart|p2: Chickenmane27|Spikes\n|\n|-weather|SunnyDay|[upkeep]\n|upkeep\n|turn|8\n|inactive|Chickenmane27 has 120 seconds left.\n|\n|t:|1733916955\n|move|p2a: Scrafty|Bulk Up|p2a: Scrafty\n|-boost|p2a: Scrafty|atk|1\n|-boost|p2a: Scrafty|def|1\n|move|p1a: Quagsire|Spikes|p2a: Scrafty\n|-sidestart|p2: Chickenmane27|Spikes\n|\n|-weather|none\n|upkeep\n|turn|9\n|\n|t:|1733916964\n|move|p2a: Scrafty|Bulk Up|p2a: Scrafty\n|-boost|p2a: Scrafty|atk|1\n|-boost|p2a: Scrafty|def|1\n|move|p1a: Quagsire|Earthquake|p2a: Scrafty\n|-damage|p2a: Scrafty|164/246\n|\n|-heal|p2a: Scrafty|179/246|[from] item: Leftovers\n|upkeep\n|turn|10\n|inactive|Chickenmane27 has 120 seconds left.\n|\n|t:|1733916991\n|move|p2a: Scrafty|Bulk Up|p2a: Scrafty\n|-boost|p2a: Scrafty|atk|1\n|-boost|p2a: Scrafty|def|1\n|move|p1a: Quagsire|Earthquake|p2a: Scrafty\n|-damage|p2a: Scrafty|97/246\n|\n|-heal|p2a: Scrafty|112/246|[from] item: Leftovers\n|upkeep\n|turn|11\n|\n|t:|1733916999\n|move|p2a: Scrafty|Bulk Up|p2a: Scrafty\n|-boost|p2a: Scrafty|atk|1\n|-boost|p2a: Scrafty|def|1\n|move|p1a: Quagsire|Earthquake|p2a: Scrafty\n|-damage|p2a: Scrafty|31/246\n|\n|-heal|p2a: Scrafty|46/246|[from] item: Leftovers\n|upkeep\n|turn|12\n|inactive|Chickenmane27 has 120 seconds left.\n|\n|t:|1733917008\n|move|p2a: Scrafty|Drain Punch|p1a: Quagsire\n|-damage|p1a: Quagsire|107/297\n|-heal|p2a: Scrafty|88/246|[from] drain|[of] p1a: Quagsire\n|move|p1a: Quagsire|Earthquake|p2a: Scrafty\n|-damage|p2a: Scrafty|12/246\n|\n|-heal|p2a: Scrafty|27/246|[from] item: Leftovers\n|upkeep\n|turn|13\n|\n|t:|1733917017\n|move|p2a: Scrafty|Rest|p2a: Scrafty\n|-status|p2a: Scrafty|slp|[from] move: Rest\n|-heal|p2a: Scrafty|246/246 slp|[silent]\n|move|p1a: Quagsire|Earthquake|p2a: Scrafty\n|-damage|p2a: Scrafty|170/246 slp\n|\n|-heal|p2a: Scrafty|185/246 slp|[from] item: Leftovers\n|upkeep\n|turn|14\n|\n|t:|1733917026\n|cant|p2a: Scrafty|slp\n|move|p1a: Quagsire|Earthquake|p2a: Scrafty\n|-damage|p2a: Scrafty|106/246 slp\n|\n|-activate|p2a: Scrafty|ability: Shed Skin\n|-curestatus|p2a: Scrafty|slp|[msg]\n|-heal|p2a: Scrafty|121/246|[from] item: Leftovers\n|upkeep\n|turn|15\n|\n|t:|1733917037\n|move|p2a: Scrafty|Drain Punch|p1a: Quagsire\n|-damage|p1a: Quagsire|31/297\n|-heal|p2a: Scrafty|159/246|[from] drain|[of] p1a: Quagsire\n|move|p1a: Quagsire|Earthquake|p2a: Scrafty\n|-damage|p2a: Scrafty|84/246\n|\n|-heal|p2a: Scrafty|99/246|[from] item: Leftovers\n|upkeep\n|turn|16\n|\n|t:|1733917047\n|move|p2a: Scrafty|Drain Punch|p1a: Quagsire\n|-damage|p1a: Quagsire|0 fnt\n|-heal|p2a: Scrafty|115/246|[from] drain|[of] p1a: Quagsire\n|faint|p1a: Quagsire\n|\n|-heal|p2a: Scrafty|130/246|[from] item: Leftovers\n|upkeep\n|\n|t:|1733917069\n|switch|p1a: Hariyama|Hariyama, L87, M|392/392\n|turn|17\n|\n|t:|1733917083\n|move|p2a: Scrafty|Knock Off|p1a: Hariyama\n|-resisted|p1a: Hariyama\n|-damage|p1a: Hariyama|212/392\n|-enditem|p1a: Hariyama|Flame Orb|[from] move: Knock Off|[of] p2a: Scrafty\n|move|p1a: Hariyama|Knock Off|p2a: Scrafty\n|-resisted|p2a: Scrafty\n|-damage|p2a: Scrafty|125/246\n|-enditem|p2a: Scrafty|Leftovers|[from] move: Knock Off|[of] p1a: Hariyama\n|\n|upkeep\n|turn|18\n|\n|t:|1733917092\n|move|p2a: Scrafty|Drain Punch|p1a: Hariyama\n|-damage|p1a: Hariyama|0 fnt\n|-heal|p2a: Scrafty|231/246|[from] drain|[of] p1a: Hariyama\n|faint|p1a: Hariyama\n|\n|upkeep\n|\n|t:|1733917098\n|switch|p1a: Regieleki|Regieleki, L79|256/256\n|turn|19\n|\n|t:|1733917103\n|move|p1a: Regieleki|Volt Switch|p2a: Scrafty\n|-damage|p2a: Scrafty|143/246\n|\n|t:|1733917107\n|switch|p1a: Exeggutor|Exeggutor, L89, M|312/312|[from] Volt Switch\n|move|p2a: Scrafty|Knock Off|p1a: Exeggutor\n|-supereffective|p1a: Exeggutor\n|-damage|p1a: Exeggutor|0 fnt\n|-enditem|p1a: Exeggutor|Sitrus Berry|[from] move: Knock Off|[of] p2a: Scrafty\n|faint|p1a: Exeggutor\n|\n|upkeep\n|\n|t:|1733917115\n|switch|p1a: Regieleki|Regieleki, L79|256/256\n|turn|20\n|\n|t:|1733917120\n|-terastallize|p1a: Regieleki|Electric\n|move|p1a: Regieleki|Thunderbolt|p2a: Scrafty\n|-damage|p2a: Scrafty|1/246\n|move|p2a: Scrafty|Drain Punch|p1a: Regieleki\n|-damage|p1a: Regieleki|0 fnt\n|-heal|p2a: Scrafty|129/246|[from] drain|[of] p1a: Regieleki\n|faint|p1a: Regieleki\n|\n|win|Chickenmane27\n|raw|khgvzucci7's rating: 1135 &rarr; <strong>1110</strong><br />(-25 for losing)\n|raw|Chickenmane27's rating: 1137 &rarr; <strong>1162</strong><br />(+25 for winning)\n|l|\u2606khgvzucci7\n|player|p1|\n", "inputlog": ">version bfd83cad13791eb5a5a409923076391caf6fb4d4\n>start {\"formatid\":\"gen9randombattle\",\"seed\":[40283,4602,61302,16652],\"rated\":\"Rated battle\"}\n>player p1 {\"name\":\"khgvzucci7\",\"avatar\":\"170\",\"rating\":1135,\"seed\":[36322,15158,17270,870]}\n>player p2 {\"name\":\"Chickenmane27\",\"avatar\":\"firebreather\",\"rating\":1137,\"seed\":[25543,3943,52584,53051]}\n>p1 move beakblast\n>p2 move stoneedge\n>p1 move boomburst\n>p2 move stoneedge\n>p1 switch 5\n>p1 move energyball\n>p2 switch 4\n>p1 move sunnyday\n>p2 move highhorsepower\n>p1 move stompingtantrum\n>p2 move highhorsepower\n>p1 switch 4\n>p1 move spikes\n>p2 switch 6\n>p1 move spikes\n>p2 move knockoff\n>p1 move spikes\n>p2 move bulkup\n>p1 move earthquake\n>p2 move bulkup\n>p1 move earthquake\n>p2 move bulkup\n>p1 move earthquake\n>p2 move bulkup\n>p1 move earthquake\n>p2 move drainpunch\n>p1 move earthquake\n>p2 move rest\n>p1 move earthquake\n>p2 move drainpunch\n>p1 move earthquake\n>p2 move drainpunch\n>p1 move earthquake\n>p2 move drainpunch\n>p1 switch 3\n>p1 move knockoff\n>p2 move knockoff\n>p1 move closecombat\n>p2 move drainpunch\n>p1 switch 2\n>p1 move voltswitch\n>p2 move knockoff\n>p1 switch 6\n>p1 switch 6\n>p1 move thunderbolt terastallize\n>p2 move drainpunch", "uploadtime": 1733917141, "views": 12, "formatid": "gen9randombattle", "rating": 1110, "private": 0, "password": null}