{"id": "gen9randombattle-2260765157", "format": "[Gen 9] Random Battle", "players": ["PowerOutage273", "celestrial"], "log": "|j|\u2606PowerOutage273\n|j|\u2606celestrial\n|t:|1733888737\n|gametype|singles\n|player|p1|PowerOutage273|volkner|1701\n|player|p2|celestrial|266|1648\n|teamsize|p1|6\n|teamsize|p2|6\n|gen|9\n|tier|[Gen 9] Random Battle\n|rated|\n|rule|Species Clause: Limit one of each Pok\u00e9mon\n|rule|HP Percentage Mod: HP is shown in percentages\n|rule|Sleep Clause Mod: Limit one foe put to sleep\n|rule|Illusion Level Mod: Illusion disguises the Pok\u00e9mon's true level\n|\n|t:|1733888737\n|start\n|switch|p1a: Crabominable|Crabominable, L90, F|321/321\n|switch|p2a: Rhydon|Rhydon, L85, F|317/317\n|turn|1\n|inactive|Battle timer is ON: inactive players will automatically lose when time's up. (requested by celestrial)\n|\n|t:|1733888760\n|switch|p2a: Toxapex|Toxapex, L82, M|216/216\n|move|p1a: Crabominable|Ice Hammer|p2a: Toxapex|[miss]\n|-miss|p1a: Crabominable|p2a: Toxapex\n|\n|upkeep\n|turn|2\n|\n|t:|1733888767\n|switch|p1a: Jumpluff|Jumpluff, L87, M|271/271\n|move|p2a: Toxapex|Toxic|p1a: Jumpluff\n|-status|p1a: Jumpluff|tox\n|\n|-damage|p1a: Jumpluff|255/271 tox|[from] psn\n|upkeep\n|turn|3\n|\n|t:|1733888781\n|switch|p2a: Scrafty|Scrafty, L84, M|246/246\n|move|p1a: Jumpluff|Sleep Powder|p2a: Scrafty\n|-status|p2a: Scrafty|slp|[from] move: Sleep Powder\n|\n|-damage|p1a: Jumpluff|223/271 tox|[from] psn\n|upkeep\n|turn|4\n|\n|t:|1733888789\n|switch|p2a: Toxapex|Toxapex, L82, M|216/216\n|move|p1a: Jumpluff|Acrobatics|p2a: Toxapex\n|-damage|p2a: Toxapex|165/216\n|\n|-heal|p2a: Toxapex|178/216|[from] item: Leftovers\n|-damage|p1a: Jumpluff|175/271 tox|[from] psn\n|upkeep\n|turn|5\n|\n|t:|1733888798\n|move|p1a: Jumpluff|Acrobatics|p2a: Toxapex\n|-damage|p2a: Toxapex|127/216\n|move|p2a: Toxapex|Liquidation|p1a: Jumpluff\n|-resisted|p1a: Jumpluff\n|-damage|p1a: Jumpluff|136/271 tox\n|\n|-heal|p2a: Toxapex|140/216|[from] item: Leftovers\n|-damage|p1a: Jumpluff|72/271 tox|[from] psn\n|upkeep\n|turn|6\n|\n|t:|1733888807\n|move|p1a: Jumpluff|Encore|p2a: Toxapex\n|-start|p2a: Toxapex|Encore\n|move|p2a: Toxapex|Liquidation|p1a: Jumpluff\n|-resisted|p1a: Jumpluff\n|-damage|p1a: Jumpluff|33/271 tox\n|\n|-heal|p2a: Toxapex|153/216|[from] item: Leftovers\n|-damage|p1a: Jumpluff|0 fnt|[from] psn\n|faint|p1a: Jumpluff\n|upkeep\n|\n|t:|1733888813\n|switch|p1a: Serperior|Serperior, L79, M|248/248\n|turn|7\n|\n|t:|1733888833\n|switch|p2a: Lugia|Lugia, L72|272/272\n|move|p1a: Serperior|Substitute|p1a: Serperior\n|-start|p1a: Serperior|Substitute\n|-damage|p1a: Serperior|186/248\n|\n|-heal|p1a: Serperior|201/248|[from] item: Leftovers\n|upkeep\n|turn|8\n|\n|t:|1733888846\n|move|p1a: Serperior|Leech Seed|p2a: Lugia\n|-start|p2a: Lugia|move: Leech Seed\n|move|p2a: Lugia|Aeroblast|p1a: Serperior|[miss]\n|-miss|p2a: Lugia|p1a: Serperior\n|\n|-heal|p1a: Serperior|216/248|[from] item: Leftovers\n|-damage|p2a: Lugia|238/272|[from] Leech Seed|[of] p1a: Serperior\n|-heal|p1a: Serperior|248/248|[silent]\n|upkeep\n|turn|9\n|c|\u2606celestrial|lol i knew that would miss\n|\n|t:|1733888860\n|move|p1a: Serperior|Leaf Storm|p2a: Lugia\n|-resisted|p2a: Lugia\n|-damage|p2a: Lugia|201/272\n|-boost|p1a: Serperior|spa|2\n|move|p2a: Lugia|Aeroblast|p1a: Serperior\n|-supereffective|p1a: Serperior\n|-crit|p1a: Serperior\n|-end|p1a: Serperior|Substitute\n|\n|-damage|p2a: Lugia|167/272|[from] Leech Seed|[of] p1a: Serperior\n|upkeep\n|turn|10\n|c|\u2606PowerOutage273|unlucky\n|c|\u2606PowerOutage273|u may have jinxed urself\n|\n|t:|1733888874\n|move|p1a: Serperior|Substitute|p1a: Serperior\n|-start|p1a: Serperior|Substitute\n|-damage|p1a: Serperior|186/248\n|move|p2a: Lugia|Aeroblast|p1a: Serperior\n|-supereffective|p1a: Serperior\n|-end|p1a: Serperior|Substitute\n|\n|-heal|p1a: Serperior|201/248|[from] item: Leftovers\n|-damage|p2a: Lugia|133/272|[from] Leech Seed|[of] p1a: Serperior\n|-heal|p1a: Serperior|235/248|[silent]\n|upkeep\n|turn|11\n|\n|t:|1733888886\n|switch|p2a: Necrozma|Necrozma-Dusk-Mane, L69|248/248\n|move|p1a: Serperior|Substitute|p1a: Serperior\n|-start|p1a: Serperior|Substitute\n|-damage|p1a: Serperior|173/248\n|\n|-heal|p1a: Serperior|188/248|[from] item: Leftovers\n|upkeep\n|turn|12\n|\n|t:|1733888904\n|move|p1a: Serperior|Leaf Storm|p2a: Necrozma\n|-resisted|p2a: Necrozma\n|-damage|p2a: Necrozma|138/248\n|-boost|p1a: Serperior|spa|2\n|move|p2a: Necrozma|Dragon Dance|p2a: Necrozma\n|-boost|p2a: Necrozma|atk|1\n|-boost|p2a: Necrozma|spe|1\n|\n|-heal|p1a: Serperior|203/248|[from] item: Leftovers\n|upkeep\n|turn|13\n|\n|t:|1733888913\n|move|p1a: Serperior|Leaf Storm|p2a: Necrozma\n|-resisted|p2a: Necrozma\n|-damage|p2a: Necrozma|0 fnt\n|-boost|p1a: Serperior|spa|2\n|faint|p2a: Necrozma\n|\n|-heal|p1a: Serperior|218/248|[from] item: Leftovers\n|upkeep\n|c|\u2606celestrial|gg\n|c|\u2606PowerOutage273|gg\n|\n|t:|1733888922\n|switch|p2a: Rayquaza|Rayquaza, L72|270/270\n|-ability|p2a: Rayquaza|Air Lock\n|turn|14\n|\n|t:|1733888932\n|move|p2a: Rayquaza|Extreme Speed|p1a: Serperior\n|-activate|p1a: Serperior|move: Substitute|[damage]\n|move|p1a: Serperior|Dragon Pulse|p2a: Rayquaza\n|-supereffective|p2a: Rayquaza\n|-damage|p2a: Rayquaza|0 fnt\n|faint|p2a: Rayquaza\n|\n|-heal|p1a: Serperior|233/248|[from] item: Leftovers\n|upkeep\n|-message|celestrial forfeited.\n|\n|win|PowerOutage273\n|raw|PowerOutage273's rating: 1701 &rarr; <strong>1718</strong><br />(+17 for winning)\n|raw|celestrial's rating: 1648 &rarr; <strong>1631</strong><br />(-17 for losing)\n|l|\u2606celestrial\n|player|p2|\n", "inputlog": ">version bfd83cad13791eb5a5a409923076391caf6fb4d4\n>start {\"formatid\":\"gen9randombattle\",\"seed\":[18265,5381,18578,36160],\"rated\":\"Rated battle\"}\n>player p1 {\"name\":\"PowerOutage273\",\"avatar\":\"volkner\",\"rating\":1701,\"seed\":[43463,28028,19615,25477]}\n>player p2 {\"name\":\"celestrial\",\"avatar\":\"266\",\"rating\":1648,\"seed\":[54854,56704,37488,64088]}\n>p1 move icehammer\n>p2 switch 3\n>p1 switch 5\n>p2 move toxic\n>p1 move sleeppowder\n>p2 switch 5\n>p1 move acrobatics\n>p2 switch 5\n>p1 move acrobatics\n>p2 move liquidation\n>p1 move encore\n>p2 move recover\n>p1 switch 6\n>p1 move substitute\n>p2 switch 2\n>p1 move leechseed\n>p2 move aeroblast\n>chat \u2606celestrial|lol i knew that would miss\n>p1 move leafstorm\n>p2 move aeroblast\n>chat \u2606PowerOutage273|unlucky\n>chat \u2606PowerOutage273|u may have jinxed urself\n>p1 move substitute\n>p2 move aeroblast\n>p1 move substitute\n>p2 switch 6\n>p1 move leafstorm\n>p2 move dragondance\n>p1 move leafstorm\n>p2 move sunsteelstrike\n>chat \u2606celestrial|gg\n>chat \u2606PowerOutage273|gg\n>p2 switch 4\n>p1 move dragonpulse\n>p2 move extremespeed\n>forcelose p2", "uploadtime": 1733888945, "views": 9, "formatid": "gen9randombattle", "rating": 1631, "private": 0, "password": null}