{"id": "gen9randombattle-2020464993", "format": "[Gen 9] Random Battle", "players": ["Norman2!", "MichaelderBeste2"], "log": "|j|\u203dNorman2!\n|j|\u2606MichaelderBeste2\n|t:|1703618175\n|gametype|singles\n|player|p1|Norman2!|2|2225\n|player|p2|MichaelderBeste2|#wcop2023germany|2298\n|teamsize|p1|6\n|teamsize|p2|6\n|gen|9\n|tier|[Gen 9] Random Battle\n|rated|\n|rule|Species Clause: Limit one of each Pok\u00e9mon\n|rule|HP Percentage Mod: HP is shown in percentages\n|rule|Sleep Clause Mod: Limit one foe put to sleep\n|rule|Illusion Level Mod: Illusion disguises the Pok\u00e9mon's true level\n|\n|t:|1703618175\n|start\n|switch|p1a: Zapdos|Zapdos-Galar, L77|265/265\n|switch|p2a: Ogerpon|Ogerpon, L80, F|259/259\n|turn|1\n|inactive|Battle timer is ON: inactive players will automatically lose when time's up. (requested by Norman2!)\n|\n|t:|1703618198\n|move|p2a: Ogerpon|Spikes|p1a: Zapdos\n|-sidestart|p1: Norman2!|Spikes\n|move|p1a: Zapdos|Brave Bird|p2a: Ogerpon\n|-supereffective|p2a: Ogerpon\n|-damage|p2a: Ogerpon|0 fnt\n|faint|p2a: Ogerpon\n|-damage|p1a: Zapdos|180/265|[from] Recoil\n|-damage|p1a: Zapdos|154/265|[from] item: Life Orb\n|\n|upkeep\n|j| Heepo\n|\n|t:|1703618203\n|switch|p2a: Seviper|Seviper, L93, F|287/287\n|turn|2\n|\n|t:|1703618214\n|move|p2a: Seviper|Gunk Shot|p1a: Zapdos\n|-damage|p1a: Zapdos|0 fnt\n|faint|p1a: Zapdos\n|\n|upkeep\n|\n|t:|1703618219\n|switch|p1a: Dragalge|Dragalge, L87, M|255/255\n|-damage|p1a: Dragalge|224/255|[from] Spikes\n|turn|3\n|\n|t:|1703618231\n|switch|p2a: Qwilfish|Qwilfish-Hisui, L84, F|246/246\n|-ability|p2a: Qwilfish|Intimidate|boost\n|-unboost|p1a: Dragalge|atk|1\n|move|p1a: Dragalge|Sludge Bomb|p2a: Qwilfish\n|-resisted|p2a: Qwilfish\n|-damage|p2a: Qwilfish|181/246\n|\n|-heal|p1a: Dragalge|239/255|[from] item: Leftovers\n|upkeep\n|turn|4\n|\n|t:|1703618236\n|move|p2a: Qwilfish|Crunch|p1a: Dragalge\n|-damage|p1a: Dragalge|160/255\n|move|p1a: Dragalge|Draco Meteor|p2a: Qwilfish\n|-damage|p2a: Qwilfish|0 fnt\n|-unboost|p1a: Dragalge|spa|2\n|faint|p2a: Qwilfish\n|\n|-heal|p1a: Dragalge|175/255|[from] item: Leftovers\n|upkeep\n|\n|t:|1703618240\n|switch|p2a: Sandslash|Sandslash, L88, M|275/275\n|turn|5\n|\n|t:|1703618243\n|switch|p1a: Masquerain|Masquerain, L87, F|264/264\n|-ability|p1a: Masquerain|Intimidate|boost\n|-unboost|p2a: Sandslash|atk|1\n|move|p2a: Sandslash|Swords Dance|p2a: Sandslash\n|-boost|p2a: Sandslash|atk|2\n|\n|upkeep\n|turn|6\n|\n|t:|1703618260\n|-terastallize|p1a: Masquerain|Water\n|move|p1a: Masquerain|Hydro Pump|p2a: Sandslash\n|-supereffective|p2a: Sandslash\n|-crit|p2a: Sandslash\n|-damage|p2a: Sandslash|0 fnt\n|faint|p2a: Sandslash\n|\n|upkeep\n|\n|t:|1703618266\n|switch|p2a: Seviper|Seviper, L93, F|287/287\n|turn|7\n|\n|t:|1703618270\n|switch|p1a: Dragalge|Dragalge, L87, M|175/255\n|-damage|p1a: Dragalge|144/255|[from] Spikes\n|move|p2a: Seviper|Gunk Shot|p1a: Dragalge\n|-resisted|p1a: Dragalge\n|-damage|p1a: Dragalge|64/255\n|\n|-heal|p1a: Dragalge|79/255|[from] item: Leftovers\n|upkeep\n|turn|8\n|\n|t:|1703618289\n|move|p2a: Seviper|Gunk Shot|p1a: Dragalge\n|-resisted|p1a: Dragalge\n|-damage|p1a: Dragalge|4/255\n|move|p1a: Dragalge|Draco Meteor|p2a: Seviper\n|-damage|p2a: Seviper|57/287\n|-unboost|p1a: Dragalge|spa|2\n|\n|-heal|p1a: Dragalge|19/255|[from] item: Leftovers\n|upkeep\n|turn|9\n|\n|t:|1703618301\n|move|p2a: Seviper|Gunk Shot|p1a: Dragalge\n|-resisted|p1a: Dragalge\n|-damage|p1a: Dragalge|0 fnt\n|faint|p1a: Dragalge\n|\n|upkeep\n|\n|t:|1703618305\n|switch|p1a: Cetitan|Cetitan, L82, M|412/412\n|-damage|p1a: Cetitan|361/412|[from] Spikes\n|turn|10\n|\n|t:|1703618308\n|switch|p2a: Luvdisc|Luvdisc, F|248/248\n|move|p1a: Cetitan|Belly Drum|p1a: Cetitan\n|-damage|p1a: Cetitan|155/412\n|-setboost|p1a: Cetitan|atk|6|[from] move: Belly Drum\n|-enditem|p1a: Cetitan|Sitrus Berry|[eat]\n|-heal|p1a: Cetitan|258/412|[from] item: Sitrus Berry\n|\n|upkeep\n|turn|11\n|inactive|MichaelderBeste2 has 120 seconds left.\n|\n|t:|1703618338\n|move|p2a: Luvdisc|Surf|p1a: Cetitan\n|-damage|p1a: Cetitan|149/412\n|move|p1a: Cetitan|Earthquake|p2a: Luvdisc\n|-damage|p2a: Luvdisc|0 fnt\n|faint|p2a: Luvdisc\n|\n|upkeep\n|\n|t:|1703618341\n|switch|p2a: Tropius|Tropius, L90, F|324/324\n|turn|12\n|\n|t:|1703618348\n|-terastallize|p2a: Tropius|Steel\n|move|p1a: Cetitan|Earthquake|p2a: Tropius\n|-supereffective|p2a: Tropius\n|-damage|p2a: Tropius|0 fnt\n|faint|p2a: Tropius\n|\n|upkeep\n|-message|MichaelderBeste2 forfeited.\n|\n|win|Norman2!\n|raw|Norman2!'s rating: 2225 &rarr; <strong>2249</strong><br />(+24 for winning)\n|raw|MichaelderBeste2's rating: 2298 &rarr; <strong>2274</strong><br />(-24 for losing)\n|l|\u2606MichaelderBeste2\n|l| Heepo\n", "inputlog": ">version 19b948f4e157e7473d29a8d9977162175d3abbcd\n>start {\"formatid\":\"gen9randombattle\",\"seed\":[65324,52252,50363,22045],\"rated\":\"Rated battle\"}\n>player p1 {\"name\":\"Norman2!\",\"avatar\":\"2\",\"rating\":2225,\"seed\":[42261,7832,38050,46618]}\n>player p2 {\"name\":\"MichaelderBeste2\",\"avatar\":\"#wcop2023germany\",\"rating\":2298,\"seed\":[25345,2013,37211,22201]}\n>p1 move bravebird\n>p2 move spikes\n>p2 switch 4\n>p1 move bravebird\n>p2 move gunkshot\n>p1 switch 5\n>p1 move sludgebomb\n>p2 switch 3\n>p1 move dracometeor\n>p2 move crunch\n>p2 switch 5\n>p1 switch 3\n>p2 move swordsdance\n>p1 move hydropump terastallize\n>p2 move stoneedge\n>p2 switch 3\n>p1 switch 3\n>p2 move gunkshot\n>p1 move dracometeor\n>p2 move gunkshot\n>p1 move sludgebomb\n>p2 move gunkshot\n>p1 switch 6\n>p1 move bellydrum\n>p2 switch 2\n>p1 move earthquake\n>p2 move surf\n>p2 switch 6\n>p1 move earthquake\n>p2 move leechseed terastallize\n>forcelose p2", "uploadtime": 1703618362, "views": 301, "formatid": "gen9randombattle", "rating": 2249, "private": 0, "password": null}