{"id": "gen9randombattle-2260848620", "format": "[Gen 9] Random Battle", "players": ["Sharmf", "jgmhju"], "log": "|j|\u2606Sharmf\n|j|\u2606jgmhju\n|t:|1733903630\n|gametype|singles\n|player|p1|Sharmf|bruno|1261\n|player|p2|jgmhju|265|1256\n|teamsize|p1|6\n|teamsize|p2|6\n|gen|9\n|tier|[Gen 9] Random Battle\n|rated|\n|rule|Species Clause: Limit one of each Pok\u00e9mon\n|rule|HP Percentage Mod: HP is shown in percentages\n|rule|Sleep Clause Mod: Limit one foe put to sleep\n|rule|Illusion Level Mod: Illusion disguises the Pok\u00e9mon's true level\n|\n|t:|1733903630\n|start\n|switch|p1a: Cloyster|Cloyster, L80, M|211/211\n|switch|p2a: Regirock|Regirock, L83|268/268\n|turn|1\n|\n|t:|1733903641\n|move|p1a: Cloyster|Shell Smash|p1a: Cloyster\n|-unboost|p1a: Cloyster|def|1\n|-unboost|p1a: Cloyster|spd|1\n|-boost|p1a: Cloyster|atk|2\n|-boost|p1a: Cloyster|spa|2\n|-boost|p1a: Cloyster|spe|2\n|-enditem|p1a: Cloyster|White Herb\n|-clearnegativeboost|p1a: Cloyster|[silent]\n|move|p2a: Regirock|Thunder Wave|p1a: Cloyster\n|-status|p1a: Cloyster|par\n|\n|upkeep\n|turn|2\n|\n|t:|1733903652\n|cant|p1a: Cloyster|par\n|move|p2a: Regirock|Stone Edge|p1a: Cloyster\n|-supereffective|p1a: Cloyster\n|-crit|p1a: Cloyster\n|-damage|p1a: Cloyster|35/211 par\n|\n|upkeep\n|turn|3\n|\n|t:|1733903657\n|move|p1a: Cloyster|Hydro Pump|p2a: Regirock\n|-supereffective|p2a: Regirock\n|-damage|p2a: Regirock|0 fnt\n|faint|p2a: Regirock\n|\n|upkeep\n|\n|t:|1733903676\n|switch|p2a: Gastrodon|Gastrodon-East, L86, F|331/331\n|turn|4\n|\n|t:|1733903684\n|move|p1a: Cloyster|Icicle Spear|p2a: Gastrodon\n|-damage|p2a: Gastrodon|277/331\n|-damage|p2a: Gastrodon|219/331\n|-damage|p2a: Gastrodon|161/331\n|-crit|p2a: Gastrodon\n|-damage|p2a: Gastrodon|70/331\n|-damage|p2a: Gastrodon|15/331\n|-hitcount|p2a: Gastrodon|5\n|move|p2a: Gastrodon|Stealth Rock|p1a: Cloyster\n|-sidestart|p1: Sharmf|move: Stealth Rock\n|\n|-heal|p2a: Gastrodon|35/331|[from] item: Leftovers\n|upkeep\n|turn|5\n|\n|t:|1733903693\n|cant|p1a: Cloyster|par\n|move|p2a: Gastrodon|Earthquake|p1a: Cloyster\n|-damage|p1a: Cloyster|0 fnt\n|faint|p1a: Cloyster\n|\n|-heal|p2a: Gastrodon|55/331|[from] item: Leftovers\n|upkeep\n|inactive|Battle timer is ON: inactive players will automatically lose when time's up. (requested by jgmhju)\n|\n|t:|1733903721\n|switch|p1a: Armarouge|Armarouge, L80, F|267/267\n|-damage|p1a: Armarouge|201/267|[from] Stealth Rock\n|turn|6\n|\n|t:|1733903731\n|move|p1a: Armarouge|Energy Ball|p2a: Gastrodon\n|-supereffective|p2a: Gastrodon\n|-crit|p2a: Gastrodon\n|-damage|p2a: Gastrodon|0 fnt\n|faint|p2a: Gastrodon\n|\n|upkeep\n|\n|t:|1733903739\n|switch|p2a: Magcargo|Magcargo, L95, F|268/268\n|turn|7\n|inactive|Sharmf has 120 seconds left.\n|\n|t:|1733903782\n|move|p1a: Armarouge|Meteor Beam||[still]\n|-prepare|p1a: Armarouge|Meteor Beam\n|-boost|p1a: Armarouge|spa|1\n|-enditem|p1a: Armarouge|Power Herb\n|-anim|p1a: Armarouge|Meteor Beam|p2a: Magcargo\n|-supereffective|p2a: Magcargo\n|-damage|p2a: Magcargo|0 fnt\n|faint|p2a: Magcargo\n|\n|upkeep\n|\n|t:|1733903798\n|switch|p2a: Tauros|Tauros-Paldea-Combat, L82, M|257/257\n|-ability|p2a: Tauros|Intimidate|boost\n|-unboost|p1a: Armarouge|atk|1\n|turn|8\n|inactive|Sharmf has 120 seconds left.\n|\n|t:|1733903813\n|move|p2a: Tauros|Stone Edge|p1a: Armarouge\n|-supereffective|p1a: Armarouge\n|-damage|p1a: Armarouge|24/267\n|-ability|p1a: Armarouge|Weak Armor|boost\n|-unboost|p1a: Armarouge|def|1\n|-boost|p1a: Armarouge|spe|2\n|-damage|p2a: Tauros|232/257|[from] item: Life Orb\n|move|p1a: Armarouge|Psyshock|p2a: Tauros\n|-supereffective|p2a: Tauros\n|-damage|p2a: Tauros|0 fnt\n|faint|p2a: Tauros\n|\n|upkeep\n|\n|t:|1733903820\n|switch|p2a: Maushold|Maushold, L76|238/238\n|turn|9\n|inactive|Sharmf has 120 seconds left.\n|inactive|jgmhju has 120 seconds left.\n|\n|t:|1733903836\n|move|p1a: Armarouge|Armor Cannon|p2a: Maushold\n|-damage|p2a: Maushold|0 fnt\n|-unboost|p1a: Armarouge|def|1\n|-unboost|p1a: Armarouge|spd|1\n|faint|p2a: Maushold\n|\n|upkeep\n|-message|jgmhju forfeited.\n|\n|win|Sharmf\n|raw|Sharmf's rating: 1261 &rarr; <strong>1286</strong><br />(+25 for winning)\n|raw|jgmhju's rating: 1256 &rarr; <strong>1231</strong><br />(-25 for losing)\n|l|\u2606jgmhju\n|player|p2|\n", "inputlog": ">version bfd83cad13791eb5a5a409923076391caf6fb4d4\n>start {\"formatid\":\"gen9randombattle\",\"seed\":[30302,11179,25329,13720],\"rated\":\"Rated battle\"}\n>player p1 {\"name\":\"Sharmf\",\"avatar\":\"bruno\",\"rating\":1261,\"seed\":[64291,49739,22018,50355]}\n>player p2 {\"name\":\"jgmhju\",\"avatar\":\"265\",\"rating\":1256,\"seed\":[49199,40815,5287,11627]}\n>p1 move shellsmash\n>p2 move thunderwave\n>p1 move hydropump\n>p2 move stoneedge\n>p1 move hydropump\n>p2 move bodypress\n>p2 switch 5\n>p1 move iciclespear\n>p2 move stealthrock\n>p1 move iciclespear\n>p2 move earthquake\n>p1 switch 6\n>p1 move energyball\n>p2 move recover\n>p2 switch 3\n>p1 move meteorbeam\n>p2 move shellsmash\n>p2 switch 2\n>p1 move psyshock\n>p2 move stoneedge\n>p2 switch 6\n>p1 move armorcannon\n>p2 move tidyup\n>forcelose p2", "uploadtime": 1733903844, "views": 1, "formatid": "gen9randombattle", "rating": 1231, "private": 0, "password": null}