{"id": "gen9randombattle-2260889804", "format": "[Gen 9] Random Battle", "players": ["balanx", "StormLord2004"], "log": "|j|\u2606balanx\n|j|\u2606StormLord2004\n|t:|1733911577\n|gametype|singles\n|player|p1|balanx|101|1322\n|player|p2|StormLord2004|170|1365\n|teamsize|p1|6\n|teamsize|p2|6\n|gen|9\n|tier|[Gen 9] Random Battle\n|rated|\n|rule|Species Clause: Limit one of each Pok\u00e9mon\n|rule|HP Percentage Mod: HP is shown in percentages\n|rule|Sleep Clause Mod: Limit one foe put to sleep\n|rule|Illusion Level Mod: Illusion disguises the Pok\u00e9mon's true level\n|\n|t:|1733911577\n|start\n|switch|p1a: Rayquaza|Rayquaza, L72|270/270\n|switch|p2a: Cetitan|Cetitan, L82, M|413/413\n|-ability|p1a: Rayquaza|Air Lock\n|turn|1\n|\n|t:|1733911600\n|switch|p1a: Delphox|Delphox, L84, F|263/263\n|move|p2a: Cetitan|Icicle Crash|p1a: Delphox|[miss]\n|-miss|p2a: Cetitan|p1a: Delphox\n|\n|upkeep\n|turn|2\n|\n|t:|1733911623\n|switch|p2a: Gothitelle|Gothitelle, L90, M|272/272\n|move|p1a: Delphox|Focus Blast|p2a: Gothitelle\n|-resisted|p2a: Gothitelle\n|-damage|p2a: Gothitelle|231/272\n|\n|upkeep\n|turn|3\n|\n|t:|1733911637\n|move|p2a: Gothitelle|Dark Pulse|p1a: Delphox\n|-supereffective|p1a: Delphox\n|-damage|p1a: Delphox|153/263\n|move|p1a: Delphox|Nasty Plot|p1a: Delphox\n|-boost|p1a: Delphox|spa|2\n|\n|upkeep\n|turn|4\n|\n|t:|1733911645\n|move|p2a: Gothitelle|Dark Pulse|p1a: Delphox\n|-supereffective|p1a: Delphox\n|-damage|p1a: Delphox|39/263\n|cant|p1a: Delphox|flinch\n|\n|upkeep\n|turn|5\n|\n|t:|1733911654\n|move|p2a: Gothitelle|Dark Pulse|p1a: Delphox\n|-supereffective|p1a: Delphox\n|-damage|p1a: Delphox|0 fnt\n|faint|p1a: Delphox\n|\n|upkeep\n|\n|t:|1733911662\n|switch|p1a: Kyogre|Kyogre, L71|259/259\n|-weather|RainDance|[from] ability: Drizzle|[of] p1a: Kyogre\n|turn|6\n|\n|t:|1733911699\n|switch|p2a: Dusknoir|Dusknoir, L89, F|225/225\n|-item|p1a: Kyogre|Leftovers|[from] ability: Frisk|[of] p2a: Dusknoir\n|move|p1a: Kyogre|Calm Mind|p1a: Kyogre\n|-boost|p1a: Kyogre|spa|1\n|-boost|p1a: Kyogre|spd|1\n|\n|-weather|RainDance|[upkeep]\n|upkeep\n|turn|7\n|\n|t:|1733911710\n|move|p1a: Kyogre|Origin Pulse|p2a: Dusknoir\n|-damage|p2a: Dusknoir|48/225\n|move|p2a: Dusknoir|Poltergeist|p1a: Kyogre\n|-activate|p1a: Kyogre|move: Poltergeist|Leftovers\n|-damage|p1a: Kyogre|94/259\n|\n|-weather|RainDance|[upkeep]\n|-heal|p1a: Kyogre|110/259|[from] item: Leftovers\n|-heal|p2a: Dusknoir|62/225|[from] item: Leftovers\n|upkeep\n|turn|8\n|\n|t:|1733911723\n|move|p1a: Kyogre|Origin Pulse|p2a: Dusknoir\n|-damage|p2a: Dusknoir|0 fnt\n|faint|p2a: Dusknoir\n|\n|-weather|RainDance|[upkeep]\n|-heal|p1a: Kyogre|126/259|[from] item: Leftovers\n|upkeep\n|\n|t:|1733911734\n|switch|p2a: Barraskewda|Barraskewda, L81, F|231/231\n|turn|9\n|\n|t:|1733911756\n|move|p2a: Barraskewda|Close Combat|p1a: Kyogre\n|-damage|p1a: Kyogre|0 fnt\n|-unboost|p2a: Barraskewda|def|1\n|-unboost|p2a: Barraskewda|spd|1\n|faint|p1a: Kyogre\n|\n|-weather|RainDance|[upkeep]\n|upkeep\n|\n|t:|1733911768\n|switch|p1a: Raikou|Raikou, L81|278/278\n|-ability|p1a: Raikou|Pressure\n|turn|10\n|\n|t:|1733911793\n|switch|p2a: Cetitan|Cetitan, L82, M|413/413\n|move|p1a: Raikou|Thunderbolt|p2a: Cetitan\n|-damage|p2a: Cetitan|200/413\n|\n|-weather|none\n|upkeep\n|turn|11\n|\n|t:|1733911808\n|move|p1a: Raikou|Thunderbolt|p2a: Cetitan\n|-damage|p2a: Cetitan|0 fnt\n|faint|p2a: Cetitan\n|\n|upkeep\n|\n|t:|1733911823\n|switch|p2a: Regirock|Regirock, L83|268/268\n|turn|12\n|\n|t:|1733911844\n|switch|p1a: Gouging Fire|Gouging Fire, L74|277/277\n|move|p2a: Regirock|Iron Defense|p2a: Regirock\n|-boost|p2a: Regirock|def|2\n|\n|upkeep\n|turn|13\n|\n|t:|1733911853\n|move|p1a: Gouging Fire|Dragon Dance|p1a: Gouging Fire\n|-boost|p1a: Gouging Fire|atk|1\n|-boost|p1a: Gouging Fire|spe|1\n|move|p2a: Regirock|Iron Defense|p2a: Regirock\n|-boost|p2a: Regirock|def|2\n|\n|upkeep\n|turn|14\n|\n|t:|1733911862\n|move|p1a: Gouging Fire|Dragon Dance|p1a: Gouging Fire\n|-boost|p1a: Gouging Fire|atk|1\n|-boost|p1a: Gouging Fire|spe|1\n|move|p2a: Regirock|Iron Defense|p2a: Regirock\n|-boost|p2a: Regirock|def|2\n|\n|upkeep\n|turn|15\n|\n|t:|1733911869\n|-terastallize|p1a: Gouging Fire|Ground\n|move|p1a: Gouging Fire|Earthquake|p2a: Regirock\n|-supereffective|p2a: Regirock\n|-damage|p2a: Regirock|220/268\n|move|p2a: Regirock|Body Press|p1a: Gouging Fire\n|-damage|p1a: Gouging Fire|0 fnt\n|faint|p1a: Gouging Fire\n|-end|p1a: Gouging Fire|Protosynthesis|[silent]\n|\n|upkeep\n|\n|t:|1733911874\n|switch|p1a: Raikou|Raikou, L81|278/278\n|-ability|p1a: Raikou|Pressure\n|turn|16\n|\n|t:|1733911907\n|move|p1a: Raikou|Scald|p2a: Regirock\n|-supereffective|p2a: Regirock\n|-damage|p2a: Regirock|52/268\n|move|p2a: Regirock|Body Press|p1a: Raikou\n|-damage|p1a: Raikou|0 fnt\n|faint|p1a: Raikou\n|\n|upkeep\n|\n|t:|1733911915\n|switch|p1a: Ditto|Ditto, L87|225/225\n|-transform|p1a: Ditto|p2a: Regirock|[from] ability: Imposter\n|turn|17\n|\n|t:|1733911956\n|-terastallize|p2a: Regirock|Fighting\n|move|p1a: Ditto|Body Press|p2a: Regirock\n|-damage|p2a: Regirock|0 fnt\n|faint|p2a: Regirock\n|\n|upkeep\n|\n|t:|1733911964\n|switch|p2a: Barraskewda|Barraskewda, L81, F|231/231\n|turn|18\n|\n|t:|1733911995\n|switch|p1a: Rayquaza|Rayquaza, L72|270/270\n|-ability|p1a: Rayquaza|Air Lock\n|move|p2a: Barraskewda|Waterfall|p1a: Rayquaza\n|-resisted|p1a: Rayquaza\n|-damage|p1a: Rayquaza|194/270\n|\n|upkeep\n|turn|19\n|\n|t:|1733912041\n|switch|p2a: Gothitelle|Gothitelle, L90, M|231/272\n|move|p1a: Rayquaza|Swords Dance|p1a: Rayquaza\n|-boost|p1a: Rayquaza|atk|2\n|\n|upkeep\n|turn|20\n|\n|t:|1733912053\n|move|p2a: Gothitelle|Psychic|p1a: Rayquaza\n|-damage|p1a: Rayquaza|80/270\n|move|p1a: Rayquaza|Dragon Ascent|p2a: Gothitelle\n|-damage|p2a: Gothitelle|0 fnt\n|-unboost|p1a: Rayquaza|def|1\n|-unboost|p1a: Rayquaza|spd|1\n|faint|p2a: Gothitelle\n|\n|upkeep\n|\n|t:|1733912082\n|switch|p2a: Barraskewda|Barraskewda, L81, F|231/231\n|turn|21\n|\n|t:|1733912096\n|move|p1a: Rayquaza|Extreme Speed|p2a: Barraskewda\n|-damage|p2a: Barraskewda|66/231\n|move|p2a: Barraskewda|Close Combat|p1a: Rayquaza\n|-resisted|p1a: Rayquaza\n|-damage|p1a: Rayquaza|0 fnt\n|-unboost|p2a: Barraskewda|def|1\n|-unboost|p2a: Barraskewda|spd|1\n|faint|p1a: Rayquaza\n|\n|upkeep\n|\n|t:|1733912106\n|switch|p1a: Ditto|Ditto, L87|225/225\n|-transform|p1a: Ditto|p2a: Barraskewda|[from] ability: Imposter\n|turn|22\n|\n|t:|1733912134\n|move|p1a: Ditto|Waterfall|p2a: Barraskewda\n|-resisted|p2a: Barraskewda\n|-damage|p2a: Barraskewda|0 fnt\n|faint|p2a: Barraskewda\n|\n|upkeep\n|\n|t:|1733912137\n|switch|p2a: Okidogi|Okidogi, L77, M|262/262\n|turn|23\n|\n|t:|1733912151\n|move|p1a: Ditto|Waterfall|p2a: Okidogi\n|-damage|p2a: Okidogi|165/262\n|move|p2a: Okidogi|Gunk Shot|p1a: Ditto\n|-damage|p1a: Ditto|0 fnt\n|faint|p1a: Ditto\n|\n|win|StormLord2004\n|raw|balanx's rating: 1322 &rarr; <strong>1304</strong><br />(-18 for losing)\n|raw|StormLord2004's rating: 1365 &rarr; <strong>1383</strong><br />(+18 for winning)\n|l|\u2606balanx\n|player|p1|\n|c|\u2606StormLord2004|!showteam\n|c| StormLord2004|/raw <div class=\"infobox\"><details><summary>View team</summary>Cetitan @ Life Orb  <br />Ability: Sheer Force  <br />Level: 82  <br />Tera Type: Water  <br />EVs: 85 HP &#x2f; 85 Atk &#x2f; 85 Def &#x2f; 85 SpA &#x2f; 85 SpD &#x2f; 85 Spe  <br />- Liquidation  <br />- Ice Shard  <br />- Superpower  <br />- Icicle Crash  <br /><br />Regirock @ Chesto Berry  <br />Ability: Clear Body  <br />Level: 83  <br />Tera Type: Fighting  <br />EVs: 85 HP &#x2f; 85 Atk &#x2f; 85 Def &#x2f; 85 SpA &#x2f; 85 SpD &#x2f; 85 Spe  <br />- Iron Defense  <br />- Body Press  <br />- Stone Edge  <br />- Rest  <br /><br />Gothitelle @ Choice Scarf  <br />Ability: Shadow Tag  <br />Level: 90  <br />Tera Type: Fairy  <br />EVs: 85 HP &#x2f; 85 Def &#x2f; 85 SpA &#x2f; 85 SpD &#x2f; 85 Spe  <br />IVs: 0 Atk  <br />- Trick  <br />- Focus Blast  <br />- Dark Pulse  <br />- Psychic  <br /><br />Barraskewda @ Choice Band  <br />Ability: Swift Swim  <br />Level: 81  <br />Tera Type: Fighting  <br />EVs: 85 HP &#x2f; 85 Atk &#x2f; 85 Def &#x2f; 85 SpA &#x2f; 85 SpD &#x2f; 85 Spe  <br />- Waterfall  <br />- Close Combat  <br />- Poison Jab  <br />- Flip Turn  <br /><br />Dusknoir @ Leftovers  <br />Ability: Frisk  <br />Level: 89  <br />Tera Type: Fighting  <br />EVs: 85 HP &#x2f; 85 Atk &#x2f; 85 Def &#x2f; 85 SpA &#x2f; 85 SpD &#x2f; 85 Spe  <br />- Pain Split  <br />- Substitute  <br />- Focus Punch  <br />- Poltergeist  <br /><br />Okidogi (M) @ Leftovers  <br />Ability: Toxic Chain  <br />Level: 77  <br />Tera Type: Dark  <br />EVs: 85 HP &#x2f; 85 Atk &#x2f; 85 Def &#x2f; 85 SpA &#x2f; 85 SpD &#x2f; 85 Spe  <br />- Drain Punch  <br />- Knock Off  <br />- Gunk Shot  <br />- Bulk Up  <br /><br /></details></div>\n", "inputlog": ">version bfd83cad13791eb5a5a409923076391caf6fb4d4\n>start {\"formatid\":\"gen9randombattle\",\"seed\":[53307,41179,54079,48407],\"rated\":\"Rated battle\"}\n>player p1 {\"name\":\"balanx\",\"avatar\":\"101\",\"rating\":1322,\"seed\":[37405,30490,4190,5428]}\n>player p2 {\"name\":\"StormLord2004\",\"avatar\":\"170\",\"rating\":1365,\"seed\":[9118,41376,57482,489]}\n>p1 switch 3\n>p2 move iciclecrash\n>p1 move focusblast\n>p2 switch 3\n>p1 move nastyplot\n>p2 move darkpulse\n>p1 move fireblast\n>p2 move darkpulse\n>p1 move fireblast\n>p2 move darkpulse\n>p1 switch 5\n>p1 move calmmind\n>p2 switch 5\n>p1 move originpulse\n>p2 move poltergeist\n>p1 move originpulse\n>p2 move painsplit\n>p2 switch 4\n>p1 move thunder\n>p2 move closecombat\n>p1 switch 2\n>p1 move thunderbolt\n>p2 switch 3\n>p1 move thunderbolt\n>p2 move iciclecrash\n>p2 switch 2\n>p1 switch 6\n>p2 move irondefense\n>p1 move dragondance\n>p2 move irondefense\n>p1 move dragondance\n>p2 move irondefense\n>p1 move earthquake terastallize\n>p2 move bodypress\n>p1 switch 6\n>p1 move scald\n>p2 move bodypress\n>p1 switch 4\n>p1 move bodypress\n>p2 move rest terastallize\n>p2 switch 3\n>p1 switch 3\n>p2 move waterfall\n>p1 move swordsdance\n>p2 switch 5\n>p1 move dragonascent\n>p2 move psychic\n>p2 switch 5\n>p1 move extremespeed\n>p2 move closecombat\n>p1 switch 3\n>p1 move waterfall\n>p2 move closecombat\n>p2 switch 6\n>p1 move waterfall\n>p2 move gunkshot", "uploadtime": 1733912176, "views": 2, "formatid": "gen9randombattle", "rating": 1304, "private": 0, "password": null}