{"id": "gen9randombattle-2040250206", "format": "[Gen 9] Random Battle", "players": ["chemcoop", "pokeblade\u2606101"], "log": "|j|\u2606chemcoop\n|j|\u2606pokeblade\u2606101\n|t:|1705814279\n|gametype|singles\n|player|p1|chemcoop|#chemcoop|2177\n|player|p2|pokeblade\u2606101|#rbtt7teamchiyu|2248\n|teamsize|p1|6\n|teamsize|p2|6\n|gen|9\n|tier|[Gen 9] Random Battle\n|rated|\n|rule|Species Clause: Limit one of each Pok\u00e9mon\n|rule|HP Percentage Mod: HP is shown in percentages\n|rule|Sleep Clause Mod: Limit one foe put to sleep\n|rule|Illusion Level Mod: Illusion disguises the Pok\u00e9mon's true level\n|\n|t:|1705814279\n|start\n|switch|p1a: Amoonguss|Amoonguss, L82, M|321/321\n|switch|p2a: Dragapult|Dragapult, L77, F|262/262\n|turn|1\n|\n|t:|1705814304\n|switch|p2a: Scizor|Scizor, L79, M|240/240\n|move|p1a: Amoonguss|Spore|p2a: Scizor\n|-status|p2a: Scizor|slp|[from] move: Spore\n|\n|upkeep\n|turn|2\n|j| sudowoodashoota\n|j| bug hunter 425\n|j| Shaky3\n|\n|t:|1705814312\n|switch|p1a: Suicune|Suicune, L82|298/298\n|-ability|p1a: Suicune|Pressure\n|cant|p2a: Scizor|slp\n|\n|upkeep\n|turn|3\n|\n|t:|1705814325\n|switch|p2a: Dragapult|Dragapult, L77, F|262/262\n|move|p1a: Suicune|Calm Mind|p1a: Suicune\n|-boost|p1a: Suicune|spa|1\n|-boost|p1a: Suicune|spd|1\n|\n|upkeep\n|turn|4\n|\n|t:|1705814328\n|move|p2a: Dragapult|Dragon Dance|p2a: Dragapult\n|-boost|p2a: Dragapult|atk|1\n|-boost|p2a: Dragapult|spe|1\n|move|p1a: Suicune|Ice Beam|p2a: Dragapult\n|-supereffective|p2a: Dragapult\n|-damage|p2a: Dragapult|68/262\n|\n|upkeep\n|turn|5\n|\n|t:|1705814336\n|move|p2a: Dragapult|Dragon Darts|p1a: Suicune\n|-damage|p1a: Suicune|204/298\n|-anim|p2a: Dragapult|Dragon Darts|p1a: Suicune\n|-damage|p1a: Suicune|122/298\n|-damage|p2a: Dragapult|42/262|[from] item: Life Orb\n|move|p1a: Suicune|Scald|p2a: Dragapult\n|-resisted|p2a: Dragapult\n|-damage|p2a: Dragapult|0 fnt\n|faint|p2a: Dragapult\n|\n|-heal|p1a: Suicune|140/298|[from] item: Leftovers\n|upkeep\n|j| greenchops\n|\n|t:|1705814360\n|switch|p2a: Slaking|Slaking, L84, M|389/389\n|turn|6\n|l| Shaky3\n|\n|t:|1705814382\n|switch|p1a: Vigoroth|Vigoroth, L85, M|275/275\n|move|p2a: Slaking|Knock Off|p1a: Vigoroth\n|-damage|p1a: Vigoroth|202/275\n|-enditem|p1a: Vigoroth|Eviolite|[from] move: Knock Off|[of] p2a: Slaking\n|\n|upkeep\n|turn|7\n|c| bug hunter 425|i see\n|\n|t:|1705814406\n|switch|p2a: Arceus|Arceus-Bug, L72|291/291\n|move|p1a: Vigoroth|Bulk Up|p1a: Vigoroth\n|-boost|p1a: Vigoroth|atk|1\n|-boost|p1a: Vigoroth|def|1\n|\n|upkeep\n|turn|8\n|\n|t:|1705814409\n|move|p2a: Arceus|Judgment|p1a: Vigoroth\n|-damage|p1a: Vigoroth|46/275\n|move|p1a: Vigoroth|Body Slam|p2a: Arceus\n|-damage|p2a: Arceus|183/291\n|\n|upkeep\n|turn|9\n|\n|t:|1705814414\n|move|p2a: Arceus|Judgment|p1a: Vigoroth\n|-damage|p1a: Vigoroth|0 fnt\n|faint|p1a: Vigoroth\n|\n|upkeep\n|l| greenchops\n|\n|t:|1705814421\n|switch|p1a: Hitmontop|Hitmontop, L89, M|234/234\n|turn|10\n|\n|t:|1705814440\n|switch|p2a: Slaking|Slaking, L84, M|389/389\n|move|p1a: Hitmontop|Rapid Spin|p2a: Slaking\n|-damage|p2a: Slaking|335/389\n|-boost|p1a: Hitmontop|spe|1\n|\n|upkeep\n|turn|11\n|\n|t:|1705814444\n|move|p2a: Slaking|Giga Impact|p1a: Hitmontop\n|-damage|p1a: Hitmontop|26/234\n|-mustrecharge|p2a: Slaking\n|move|p1a: Hitmontop|Bulk Up|p1a: Hitmontop\n|-boost|p1a: Hitmontop|atk|1\n|-boost|p1a: Hitmontop|def|1\n|\n|-heal|p1a: Hitmontop|40/234|[from] item: Leftovers\n|upkeep\n|turn|12\n|\n|t:|1705814446\n|cant|p2a: Slaking|recharge\n|move|p1a: Hitmontop|Close Combat|p2a: Slaking\n|-supereffective|p2a: Slaking\n|-damage|p2a: Slaking|0 fnt\n|-unboost|p1a: Hitmontop|def|1\n|-unboost|p1a: Hitmontop|spd|1\n|faint|p2a: Slaking\n|\n|-heal|p1a: Hitmontop|54/234|[from] item: Leftovers\n|upkeep\n|\n|t:|1705814455\n|switch|p2a: Great Tusk|Great Tusk, L77|304/304\n|turn|13\n|j| Shaky3\n|\n|t:|1705814460\n|move|p1a: Hitmontop|Triple Axel|p2a: Great Tusk\n|-supereffective|p2a: Great Tusk\n|-damage|p2a: Great Tusk|250/304\n|-supereffective|p2a: Great Tusk\n|-crit|p2a: Great Tusk\n|-damage|p2a: Great Tusk|88/304\n|-supereffective|p2a: Great Tusk\n|-damage|p2a: Great Tusk|0 fnt\n|faint|p2a: Great Tusk\n|-end|p2a: Great Tusk|Protosynthesis|[silent]\n|-hitcount|p2: Great Tusk|3\n|\n|-heal|p1a: Hitmontop|68/234|[from] item: Leftovers\n|upkeep\n|c|\u2606pokeblade\u2606101|i completely disregarded the speed\n|\n|t:|1705814473\n|switch|p2a: Scizor|Scizor, L79, M|240/240 slp\n|turn|14\n|c|\u2606chemcoop|oh oops\n|c|\u2606chemcoop|i don't think crit mattered tho\n|\n|t:|1705814481\n|cant|p2a: Scizor|slp\n|move|p1a: Hitmontop|Close Combat|p2a: Scizor\n|-damage|p2a: Scizor|51/240 slp\n|-unboost|p1a: Hitmontop|def|1\n|-unboost|p1a: Hitmontop|spd|1\n|\n|-heal|p1a: Hitmontop|82/234|[from] item: Leftovers\n|upkeep\n|turn|15\n|\n|t:|1705814484\n|cant|p2a: Scizor|slp\n|move|p1a: Hitmontop|Close Combat|p2a: Scizor\n|-damage|p2a: Scizor|0 fnt\n|-unboost|p1a: Hitmontop|def|1\n|-unboost|p1a: Hitmontop|spd|1\n|faint|p2a: Scizor\n|\n|-heal|p1a: Hitmontop|96/234|[from] item: Leftovers\n|upkeep\n|-message|pokeblade\u2606101 forfeited.\n|\n|win|chemcoop\n|raw|chemcoop's rating: 2177 &rarr; <strong>2202</strong><br />(+25 for winning)\n|raw|pokeblade\u2606101's rating: 2264 &rarr; <strong>2239</strong><br />(-25 for losing)\n|l|\u2606pokeblade\u2606101\n|player|p2|\n|l| sudowoodashoota\n|l|\u2606chemcoop\n|player|p1|\n|l| Shaky3\n", "inputlog": ">version f3ccc5799558fed467d1e8d1f9e3718fa9c25af1\n>start {\"formatid\":\"gen9randombattle\",\"seed\":[37778,56716,17802,17955],\"rated\":\"Rated battle\"}\n>player p1 {\"name\":\"chemcoop\",\"avatar\":\"#chemcoop\",\"rating\":2177,\"seed\":[53257,18623,41344,41570]}\n>player p2 {\"name\":\"pokeblade\u2606101\",\"avatar\":\"#rbtt7teamchiyu\",\"rating\":2248,\"seed\":[3468,60251,14102,37145]}\n>p1 move spore\n>p2 switch 5\n>p1 switch 6\n>p2 move uturn\n>p1 move calmmind\n>p2 switch 5\n>p1 move icebeam\n>p2 move dragondance\n>p1 move scald\n>p2 move dragondarts\n>p2 switch 3\n>p1 switch 3\n>p2 move knockoff\n>chat  bug hunter 425|i see\n>p1 move bulkup\n>p2 switch 4\n>p1 move bodyslam\n>p2 move judgment\n>p1 move bodyslam\n>p2 move judgment\n>p1 switch 4\n>p1 move rapidspin\n>p2 switch 4\n>p1 move bulkup\n>p2 move gigaimpact\n>p1 move closecombat\n>p2 move recharge\n>p2 switch 6\n>p1 move tripleaxel\n>p2 move headlongrush\n>chat \u2606pokeblade\u2606101|i completely disregarded the speed\n>p2 switch 5\n>chat \u2606chemcoop|oh oops\n>chat \u2606chemcoop|i don't think crit mattered tho\n>p1 move closecombat\n>p2 move bulletpunch\n>p1 move closecombat\n>p2 move bulletpunch\n>forcelose p2", "uploadtime": 1705814498, "views": 269, "formatid": "gen9randombattle", "rating": 2202, "private": 0, "password": null}