{"id": "gen9randombattle-2260749402", "format": "[Gen 9] Random Battle", "players": ["Saaskin", "skippyjonez"], "log": "|j|\u2606Saaskin\n|j|\u2606skippyjonez\n|t:|1733886568\n|gametype|singles\n|player|p1|Saaskin|170|1964\n|player|p2|skippyjonez|cameraman|2004\n|teamsize|p1|6\n|teamsize|p2|6\n|gen|9\n|tier|[Gen 9] Random Battle\n|rated|\n|rule|Species Clause: Limit one of each Pok\u00e9mon\n|rule|HP Percentage Mod: HP is shown in percentages\n|rule|Sleep Clause Mod: Limit one foe put to sleep\n|rule|Illusion Level Mod: Illusion disguises the Pok\u00e9mon's true level\n|\n|t:|1733886568\n|start\n|switch|p1a: Golduck|Golduck, L90, M|290/290\n|switch|p2a: Indeedee|Indeedee, L84, M|238/238\n|-fieldstart|move: Psychic Terrain|[from] ability: Psychic Surge|[of] p2a: Indeedee\n|-ability|p1a: Golduck|Cloud Nine\n|turn|1\n|inactive|Battle timer is ON: inactive players will automatically lose when time's up. (requested by Saaskin)\n|\n|t:|1733886591\n|switch|p2a: Meowscarada|Meowscarada, L78, M|247/247\n|switch|p1a: Blissey|Blissey, L84, F|566/566\n|\n|upkeep\n|turn|2\n|\n|t:|1733886598\n|move|p2a: Meowscarada|Knock Off|p1a: Blissey\n|-start|p2a: Meowscarada|typechange|Dark|[from] ability: Protean\n|-damage|p1a: Blissey|137/566\n|-enditem|p1a: Blissey|Leftovers|[from] move: Knock Off|[of] p2a: Meowscarada\n|move|p1a: Blissey|Stealth Rock|p2a: Meowscarada\n|-sidestart|p2: skippyjonez|move: Stealth Rock\n|\n|upkeep\n|turn|3\n|\n|t:|1733886609\n|switch|p1a: Ribombee|Ribombee, L82, F|233/233\n|move|p2a: Meowscarada|Knock Off|p1a: Ribombee\n|-resisted|p1a: Ribombee\n|-damage|p1a: Ribombee|134/233\n|-enditem|p1a: Ribombee|Heavy-Duty Boots|[from] move: Knock Off|[of] p2a: Meowscarada\n|\n|upkeep\n|turn|4\n|\n|t:|1733886621\n|switch|p2a: Arbok|Arbok, L87, F|246/246\n|-damage|p2a: Arbok|216/246|[from] Stealth Rock\n|-ability|p2a: Arbok|Intimidate|boost\n|-unboost|p1a: Ribombee|atk|1\n|move|p1a: Ribombee|Stun Spore|p2a: Arbok\n|-status|p2a: Arbok|par\n|\n|upkeep\n|turn|5\n|\n|t:|1733886633\n|switch|p1a: Mudsdale|Mudsdale, L84, F|305/305\n|cant|p2a: Arbok|par\n|\n|-fieldend|move: Psychic Terrain\n|upkeep\n|turn|6\n|\n|t:|1733886651\n|switch|p2a: Ursaluna|Ursaluna-Bloodmoon, L79, M|308/308\n|-damage|p2a: Ursaluna|289/308|[from] Stealth Rock\n|move|p1a: Mudsdale|Heavy Slam|p2a: Ursaluna\n|-damage|p2a: Ursaluna|248/308\n|\n|-heal|p2a: Ursaluna|267/308|[from] item: Leftovers\n|upkeep\n|turn|7\n|\n|t:|1733886662\n|move|p2a: Ursaluna|Calm Mind|p2a: Ursaluna\n|-boost|p2a: Ursaluna|spa|1\n|-boost|p2a: Ursaluna|spd|1\n|move|p1a: Mudsdale|Roar|p2a: Ursaluna\n|drag|p2a: Flutter Mane|Flutter Mane, L74|203/203\n|-damage|p2a: Flutter Mane|178/203|[from] Stealth Rock\n|\n|upkeep\n|turn|8\n|\n|t:|1733886669\n|-end|p2a: Flutter Mane|Protosynthesis|[silent]\n|switch|p2a: Arbok|Arbok, L87, F|216/246 par\n|-damage|p2a: Arbok|186/246 par|[from] Stealth Rock\n|-ability|p2a: Arbok|Intimidate|boost\n|-unboost|p1a: Mudsdale|atk|1\n|move|p1a: Mudsdale|Heavy Slam|p2a: Arbok\n|-damage|p2a: Arbok|109/246 par\n|\n|upkeep\n|turn|9\n|\n|t:|1733886699\n|move|p1a: Mudsdale|Earthquake|p2a: Arbok\n|-supereffective|p2a: Arbok\n|-damage|p2a: Arbok|0 fnt\n|faint|p2a: Arbok\n|\n|upkeep\n|\n|t:|1733886709\n|switch|p2a: Bellossom|Bellossom, L84, F|263/263\n|-damage|p2a: Bellossom|231/263|[from] Stealth Rock\n|turn|10\n|\n|t:|1733886717\n|switch|p1a: Tentacruel|Tentacruel, L84, M|272/272\n|move|p2a: Bellossom|Sleep Powder|p1a: Tentacruel\n|-status|p1a: Tentacruel|slp|[from] move: Sleep Powder\n|\n|-heal|p2a: Bellossom|247/263|[from] item: Leftovers\n|upkeep\n|turn|11\n|\n|t:|1733886726\n|cant|p1a: Tentacruel|slp\n|move|p2a: Bellossom|Quiver Dance|p2a: Bellossom\n|-boost|p2a: Bellossom|spa|1\n|-boost|p2a: Bellossom|spd|1\n|-boost|p2a: Bellossom|spe|1\n|\n|-heal|p2a: Bellossom|263/263|[from] item: Leftovers\n|upkeep\n|turn|12\n|\n|t:|1733886731\n|-curestatus|p1a: Tentacruel|slp|[msg]\n|move|p1a: Tentacruel|Toxic Spikes|p2a: Bellossom\n|-sidestart|p2: skippyjonez|move: Toxic Spikes\n|move|p2a: Bellossom|Quiver Dance|p2a: Bellossom\n|-boost|p2a: Bellossom|spa|1\n|-boost|p2a: Bellossom|spd|1\n|-boost|p2a: Bellossom|spe|1\n|\n|upkeep\n|turn|13\n|\n|t:|1733886744\n|move|p2a: Bellossom|Sleep Powder|p1a: Tentacruel\n|-status|p1a: Tentacruel|slp|[from] move: Sleep Powder\n|cant|p1a: Tentacruel|slp\n|\n|upkeep\n|turn|14\n|\n|t:|1733886747\n|move|p2a: Bellossom|Quiver Dance|p2a: Bellossom\n|-boost|p2a: Bellossom|spa|1\n|-boost|p2a: Bellossom|spd|1\n|-boost|p2a: Bellossom|spe|1\n|-curestatus|p1a: Tentacruel|slp|[msg]\n|move|p1a: Tentacruel|Sludge Bomb|p2a: Bellossom\n|-supereffective|p2a: Bellossom\n|-damage|p2a: Bellossom|197/263\n|\n|-heal|p2a: Bellossom|213/263|[from] item: Leftovers\n|upkeep\n|turn|15\n|\n|t:|1733886757\n|move|p2a: Bellossom|Sleep Powder|p1a: Tentacruel\n|-status|p1a: Tentacruel|slp|[from] move: Sleep Powder\n|cant|p1a: Tentacruel|slp\n|\n|-heal|p2a: Bellossom|229/263|[from] item: Leftovers\n|upkeep\n|turn|16\n|\n|t:|1733886760\n|move|p2a: Bellossom|Quiver Dance|p2a: Bellossom\n|-boost|p2a: Bellossom|spa|1\n|-boost|p2a: Bellossom|spd|1\n|-boost|p2a: Bellossom|spe|1\n|cant|p1a: Tentacruel|slp\n|\n|-heal|p2a: Bellossom|245/263|[from] item: Leftovers\n|upkeep\n|turn|17\n|\n|t:|1733886762\n|move|p2a: Bellossom|Quiver Dance|p2a: Bellossom\n|-boost|p2a: Bellossom|spa|1\n|-boost|p2a: Bellossom|spd|1\n|-boost|p2a: Bellossom|spe|1\n|cant|p1a: Tentacruel|slp\n|\n|-heal|p2a: Bellossom|261/263|[from] item: Leftovers\n|upkeep\n|turn|18\n|\n|t:|1733886764\n|move|p2a: Bellossom|Giga Drain|p1a: Tentacruel\n|-crit|p1a: Tentacruel\n|-damage|p1a: Tentacruel|0 fnt\n|-damage|p2a: Bellossom|125/263|[from] ability: Liquid Ooze|[of] p1a: Tentacruel\n|faint|p1a: Tentacruel\n|\n|-heal|p2a: Bellossom|141/263|[from] item: Leftovers\n|upkeep\n|\n|t:|1733886773\n|switch|p1a: Mudsdale|Mudsdale, L84, F|305/305\n|turn|19\n|\n|t:|1733886776\n|switch|p1a: Golduck|Golduck, L90, M|290/290\n|-ability|p1a: Golduck|Cloud Nine\n|move|p2a: Bellossom|Strength Sap|p1a: Golduck\n|-unboost|p1a: Golduck|atk|1\n|-heal|p2a: Bellossom|263/263\n|\n|upkeep\n|turn|20\n|\n|t:|1733886781\n|switch|p1a: Blissey|Blissey, L84, F|137/566\n|move|p2a: Bellossom|Giga Drain|p1a: Blissey\n|-damage|p1a: Blissey|0 fnt\n|faint|p1a: Blissey\n|\n|upkeep\n|\n|t:|1733886782\n|switch|p1a: Mudsdale|Mudsdale, L84, F|305/305\n|turn|21\n|\n|t:|1733886785\n|-terastallize|p1a: Mudsdale|Steel\n|move|p2a: Bellossom|Giga Drain|p1a: Mudsdale\n|-resisted|p1a: Mudsdale\n|-damage|p1a: Mudsdale|182/305\n|-ability|p1a: Mudsdale|Stamina|boost\n|-boost|p1a: Mudsdale|def|1\n|move|p1a: Mudsdale|Roar|p2a: Bellossom\n|drag|p2a: Ursaluna|Ursaluna-Bloodmoon, L79, M|267/308\n|-damage|p2a: Ursaluna|248/308|[from] Stealth Rock\n|-status|p2a: Ursaluna|psn\n|\n|-heal|p2a: Ursaluna|267/308 psn|[from] item: Leftovers\n|-heal|p1a: Mudsdale|201/305|[from] item: Leftovers\n|-damage|p2a: Ursaluna|229/308 psn|[from] psn\n|upkeep\n|turn|22\n|\n|t:|1733886799\n|switch|p1a: Porygon-Z|Porygon-Z, L83|277/277\n|move|p2a: Ursaluna|Calm Mind|p2a: Ursaluna\n|-boost|p2a: Ursaluna|spa|1\n|-boost|p2a: Ursaluna|spd|1\n|\n|-heal|p2a: Ursaluna|248/308 psn|[from] item: Leftovers\n|-damage|p2a: Ursaluna|210/308 psn|[from] psn\n|upkeep\n|turn|23\n|\n|t:|1733886808\n|move|p2a: Ursaluna|Vacuum Wave|p1a: Porygon-Z\n|-supereffective|p1a: Porygon-Z\n|-damage|p1a: Porygon-Z|159/277\n|move|p1a: Porygon-Z|Trick|p2a: Ursaluna\n|-activate|p1a: Porygon-Z|move: Trick|[of] p2a: Ursaluna\n|-item|p2a: Ursaluna|Choice Scarf|[from] move: Trick\n|-item|p1a: Porygon-Z|Leftovers|[from] move: Trick\n|\n|-heal|p1a: Porygon-Z|176/277|[from] item: Leftovers\n|-damage|p2a: Ursaluna|172/308 psn|[from] psn\n|upkeep\n|turn|24\n|\n|t:|1733886826\n|move|p1a: Porygon-Z|Ice Beam|p2a: Ursaluna\n|-supereffective|p2a: Ursaluna\n|-damage|p2a: Ursaluna|24/308 psn\n|move|p2a: Ursaluna|Blood Moon|p1a: Porygon-Z\n|-damage|p1a: Porygon-Z|0 fnt\n|faint|p1a: Porygon-Z\n|\n|-damage|p2a: Ursaluna|0 fnt|[from] psn\n|faint|p2a: Ursaluna\n|upkeep\n|\n|t:|1733886844\n|switch|p1a: Ribombee|Ribombee, L82, F|134/233\n|switch|p2a: Meowscarada|Meowscarada, L78, M|247/247\n|-damage|p2a: Meowscarada|217/247|[from] Stealth Rock\n|-status|p2a: Meowscarada|psn\n|turn|25\n|inactive|skippyjonez has 120 seconds left.\n|\n|t:|1733886866\n|move|p1a: Ribombee|Bug Buzz|p2a: Meowscarada\n|-supereffective|p2a: Meowscarada\n|-damage|p2a: Meowscarada|0 fnt\n|faint|p2a: Meowscarada\n|\n|upkeep\n|inactive|skippyjonez has 120 seconds left.\n|\n|t:|1733886889\n|switch|p2a: Flutter Mane|Flutter Mane, L74|178/203\n|-damage|p2a: Flutter Mane|153/203|[from] Stealth Rock\n|-status|p2a: Flutter Mane|psn\n|turn|26\n|\n|t:|1733886906\n|move|p1a: Ribombee|Moonblast|p2a: Flutter Mane\n|-damage|p2a: Flutter Mane|74/203 psn\n|move|p2a: Flutter Mane|Psyshock|p1a: Ribombee\n|-damage|p1a: Ribombee|25/233\n|-damage|p2a: Flutter Mane|54/203 psn|[from] item: Life Orb\n|\n|-damage|p2a: Flutter Mane|29/203 psn|[from] psn\n|upkeep\n|turn|27\n|\n|t:|1733886927\n|move|p1a: Ribombee|Moonblast|p2a: Flutter Mane\n|-damage|p2a: Flutter Mane|0 fnt\n|faint|p2a: Flutter Mane\n|-end|p2a: Flutter Mane|Protosynthesis|[silent]\n|\n|upkeep\n|\n|t:|1733886928\n|switch|p2a: Indeedee|Indeedee, L84, M|238/238\n|-damage|p2a: Indeedee|209/238|[from] Stealth Rock\n|-status|p2a: Indeedee|psn\n|-fieldstart|move: Psychic Terrain|[from] ability: Psychic Surge|[of] p2a: Indeedee\n|turn|28\n|\n|t:|1733886936\n|move|p2a: Indeedee|Expanding Force|p1a: Ribombee\n|-damage|p1a: Ribombee|0 fnt\n|faint|p1a: Ribombee\n|\n|-damage|p2a: Indeedee|180/238 psn|[from] psn\n|upkeep\n|\n|t:|1733886939\n|switch|p1a: Mudsdale|Mudsdale, L84, F, tera:Steel|201/305\n|turn|29\n|\n|t:|1733886944\n|-terastallize|p2a: Indeedee|Psychic\n|move|p2a: Indeedee|Expanding Force|p1a: Mudsdale\n|-resisted|p1a: Mudsdale\n|-damage|p1a: Mudsdale|74/305\n|-ability|p1a: Mudsdale|Stamina|boost\n|-boost|p1a: Mudsdale|def|1\n|move|p1a: Mudsdale|Heavy Slam|p2a: Indeedee\n|-damage|p2a: Indeedee|0 fnt\n|faint|p2a: Indeedee\n|\n|-heal|p1a: Mudsdale|93/305|[from] item: Leftovers\n|upkeep\n|\n|t:|1733886947\n|switch|p2a: Bellossom|Bellossom, L84, F|263/263\n|-damage|p2a: Bellossom|231/263|[from] Stealth Rock\n|-status|p2a: Bellossom|psn\n|turn|30\n|inactive|skippyjonez has 120 seconds left.\n|\n|t:|1733886959\n|move|p2a: Bellossom|Sleep Powder|p1a: Mudsdale|[miss]\n|-miss|p2a: Bellossom|p1a: Mudsdale\n|move|p1a: Mudsdale|Heavy Slam|p2a: Bellossom\n|-damage|p2a: Bellossom|93/263 psn\n|\n|-heal|p2a: Bellossom|109/263 psn|[from] item: Leftovers\n|-heal|p1a: Mudsdale|112/305|[from] item: Leftovers\n|-damage|p2a: Bellossom|77/263 psn|[from] psn\n|upkeep\n|turn|31\n|\n|t:|1733886964\n|move|p2a: Bellossom|Strength Sap|p1a: Mudsdale\n|-unboost|p1a: Mudsdale|atk|1\n|-heal|p2a: Bellossom|263/263 psn\n|move|p1a: Mudsdale|Heavy Slam|p2a: Bellossom\n|-damage|p2a: Bellossom|169/263 psn\n|\n|-heal|p2a: Bellossom|185/263 psn|[from] item: Leftovers\n|-heal|p1a: Mudsdale|131/305|[from] item: Leftovers\n|-damage|p2a: Bellossom|153/263 psn|[from] psn\n|upkeep\n|turn|32\n|\n|t:|1733886970\n|switch|p1a: Golduck|Golduck, L90, M|290/290\n|-ability|p1a: Golduck|Cloud Nine\n|move|p2a: Bellossom|Sleep Powder|p1a: Golduck\n|-status|p1a: Golduck|slp|[from] move: Sleep Powder\n|\n|-heal|p2a: Bellossom|169/263 psn|[from] item: Leftovers\n|-damage|p2a: Bellossom|137/263 psn|[from] psn\n|-fieldend|move: Psychic Terrain\n|upkeep\n|turn|33\n|\n|t:|1733886973\n|cant|p1a: Golduck|slp\n|move|p2a: Bellossom|Quiver Dance|p2a: Bellossom\n|-boost|p2a: Bellossom|spa|1\n|-boost|p2a: Bellossom|spd|1\n|-boost|p2a: Bellossom|spe|1\n|\n|-heal|p2a: Bellossom|153/263 psn|[from] item: Leftovers\n|-damage|p2a: Bellossom|121/263 psn|[from] psn\n|upkeep\n|turn|34\n|\n|t:|1733886979\n|-curestatus|p1a: Golduck|slp|[msg]\n|move|p1a: Golduck|Ice Beam|p2a: Bellossom\n|-supereffective|p2a: Bellossom\n|-damage|p2a: Bellossom|14/263 psn\n|-damage|p1a: Golduck|261/290|[from] item: Life Orb\n|move|p2a: Bellossom|Giga Drain|p1a: Golduck\n|-supereffective|p1a: Golduck\n|-damage|p1a: Golduck|25/290\n|-heal|p2a: Bellossom|132/263 psn|[from] drain|[of] p1a: Golduck\n|\n|-heal|p2a: Bellossom|148/263 psn|[from] item: Leftovers\n|-damage|p2a: Bellossom|116/263 psn|[from] psn\n|upkeep\n|turn|35\n|\n|t:|1733886985\n|move|p1a: Golduck|Ice Beam|p2a: Bellossom\n|-supereffective|p2a: Bellossom\n|-damage|p2a: Bellossom|0 fnt\n|faint|p2a: Bellossom\n|-damage|p1a: Golduck|0 fnt|[from] item: Life Orb\n|faint|p1a: Golduck\n|\n|win|Saaskin\n|raw|Saaskin's rating: 1964 &rarr; <strong>1986</strong><br />(+22 for winning)\n|raw|skippyjonez's rating: 2004 &rarr; <strong>1982</strong><br />(-22 for losing)\n|c|\u2606Saaskin|lmao\n", "inputlog": ">version bfd83cad13791eb5a5a409923076391caf6fb4d4\n>start {\"formatid\":\"gen9randombattle\",\"seed\":[50927,41277,36070,35210],\"rated\":\"Rated battle\"}\n>player p1 {\"name\":\"Saaskin\",\"avatar\":\"170\",\"rating\":1964,\"seed\":[61607,25747,26426,22612]}\n>player p2 {\"name\":\"skippyjonez\",\"avatar\":\"cameraman\",\"rating\":2004,\"seed\":[63046,45111,60687,56395]}\n>p1 switch 5\n>p2 switch 2\n>p1 move stealthrock\n>p2 move knockoff\n>p1 switch 2\n>p2 move knockoff\n>p1 move stunspore\n>p2 switch 5\n>p1 switch 6\n>p2 move gunkshot\n>p1 move heavyslam\n>p2 switch 6\n>p1 move roar\n>p2 move calmmind\n>p1 move heavyslam\n>p2 switch 6\n>p1 move earthquake\n>p2 move coil\n>p2 switch 4\n>p1 switch 4\n>p2 move sleeppowder\n>p1 move toxicspikes\n>p2 move quiverdance\n>p1 move toxicspikes\n>p2 move quiverdance\n>p1 move sludgebomb\n>p2 move sleeppowder\n>p1 move sludgebomb\n>p2 move quiverdance\n>p1 move sludgebomb\n>p2 move sleeppowder\n>p1 move sludgebomb\n>p2 move quiverdance\n>p1 move sludgebomb\n>p2 move quiverdance\n>p1 move sludgebomb\n>p2 move gigadrain\n>p1 switch 4\n>p1 switch 5\n>p2 move strengthsap\n>p1 switch 2\n>p2 move gigadrain\n>p1 switch 5\n>p1 move roar terastallize\n>p2 move gigadrain\n>p1 switch 3\n>p2 move calmmind\n>p1 move trick\n>p2 move vacuumwave\n>p1 move icebeam\n>p2 move bloodmoon\n>p1 switch 6\n>p2 switch 5\n>p1 move bugbuzz\n>p2 move tripleaxel\n>p2 switch 6\n>p1 move moonblast\n>p2 move psyshock\n>p1 move moonblast\n>p2 move psyshock\n>p2 switch 2\n>p1 move bugbuzz\n>p2 move expandingforce\n>p1 switch 3\n>p1 move heavyslam\n>p2 move expandingforce terastallize\n>p2 switch 3\n>p1 move heavyslam\n>p2 move sleeppowder\n>p1 move heavyslam\n>p2 move strengthsap\n>p1 switch 2\n>p2 move sleeppowder\n>p1 move grassknot\n>p2 move quiverdance\n>p1 move icebeam\n>p2 move gigadrain\n>p1 move icebeam\n>p2 move gigadrain", "uploadtime": 1733886993, "views": 16, "formatid": "gen9randombattle", "rating": 1982, "private": 0, "password": null}