{"id": "gen9randombattle-2260676169", "format": "[Gen 9] Random Battle", "players": ["LokiSpooked", "golette"], "log": "|j|\u2606LokiSpooked\n|j|\u2606golette\n|t:|1733877088\n|gametype|singles\n|player|p1|LokiSpooked|acetrainer-gen4dp|1428\n|player|p2|golette|veteranf|1383\n|teamsize|p1|6\n|teamsize|p2|6\n|gen|9\n|tier|[Gen 9] Random Battle\n|rated|\n|rule|Species Clause: Limit one of each Pok\u00e9mon\n|rule|HP Percentage Mod: HP is shown in percentages\n|rule|Sleep Clause Mod: Limit one foe put to sleep\n|rule|Illusion Level Mod: Illusion disguises the Pok\u00e9mon's true level\n|\n|t:|1733877088\n|start\n|switch|p1a: Kommo-o|Kommo-o, L78, M|245/245\n|switch|p2a: Sceptile|Sceptile, L87, F|264/264\n|turn|1\n|inactive|Battle timer is ON: inactive players will automatically lose when time's up. (requested by LokiSpooked)\n|inactive|golette also wants the timer to be on.\n|\n|t:|1733877101\n|switch|p1a: Venomoth|Venomoth, L84, F|255/255\n|move|p2a: Sceptile|Leech Seed|p1a: Venomoth\n|-start|p1a: Venomoth|move: Leech Seed\n|\n|-damage|p1a: Venomoth|224/255|[from] Leech Seed|[of] p2a: Sceptile\n|upkeep\n|turn|2\n|\n|t:|1733877113\n|switch|p2a: Dialga|Dialga, L73|266/266\n|-ability|p2a: Dialga|Pressure\n|move|p1a: Venomoth|Sludge Wave|p2a: Dialga\n|-immune|p2a: Dialga\n|\n|-damage|p1a: Venomoth|193/255|[from] Leech Seed|[of] p2a: Dialga\n|upkeep\n|turn|3\n|\n|t:|1733877125\n|move|p1a: Venomoth|Sleep Powder|p2a: Dialga|[miss]\n|-miss|p1a: Venomoth|p2a: Dialga\n|move|p2a: Dialga|Dragon Tail|p1a: Venomoth\n|-damage|p1a: Venomoth|117/255\n|drag|p1a: Lapras|Lapras, L87, F|368/368\n|\n|upkeep\n|turn|4\n|\n|t:|1733877135\n|move|p2a: Dialga|Heavy Slam|p1a: Lapras\n|-damage|p1a: Lapras|283/368\n|move|p1a: Lapras|Freeze-Dry|p2a: Dialga\n|-damage|p2a: Dialga|212/266\n|-status|p2a: Dialga|frz\n|\n|upkeep\n|turn|5\n|\n|t:|1733877145\n|switch|p1a: Venomoth|Venomoth, L84, F|117/255\n|cant|p2a: Dialga|frz\n|\n|upkeep\n|turn|6\n|\n|t:|1733877151\n|move|p1a: Venomoth|Quiver Dance|p1a: Venomoth\n|-boost|p1a: Venomoth|spa|1\n|-boost|p1a: Venomoth|spd|1\n|-boost|p1a: Venomoth|spe|1\n|cant|p2a: Dialga|frz\n|\n|upkeep\n|turn|7\n|\n|t:|1733877157\n|switch|p2a: Garganacl|Garganacl, L80, F|291/291\n|move|p1a: Venomoth|Bug Buzz|p2a: Garganacl\n|-damage|p2a: Garganacl|149/291\n|\n|-heal|p2a: Garganacl|167/291|[from] item: Leftovers\n|upkeep\n|turn|8\n|\n|t:|1733877168\n|-terastallize|p1a: Venomoth|Bug\n|move|p1a: Venomoth|Bug Buzz|p2a: Garganacl\n|-damage|p2a: Garganacl|0 fnt\n|faint|p2a: Garganacl\n|\n|upkeep\n|\n|t:|1733877190\n|switch|p2a: Regieleki|Regieleki, L79|256/256\n|turn|9\n|\n|t:|1733877198\n|move|p2a: Regieleki|Volt Switch|p1a: Venomoth\n|-damage|p1a: Venomoth|35/255\n|\n|t:|1733877202\n|switch|p2a: Dialga|Dialga, L73|212/266 frz|[from] Volt Switch\n|-ability|p2a: Dialga|Pressure\n|move|p1a: Venomoth|Quiver Dance|p1a: Venomoth\n|-boost|p1a: Venomoth|spa|1\n|-boost|p1a: Venomoth|spd|1\n|-boost|p1a: Venomoth|spe|1\n|\n|upkeep\n|turn|10\n|\n|t:|1733877210\n|move|p1a: Venomoth|Bug Buzz|p2a: Dialga\n|-resisted|p2a: Dialga\n|-damage|p2a: Dialga|42/266 frz\n|-curestatus|p2a: Dialga|frz|[msg]\n|move|p2a: Dialga|Fire Blast|p1a: Venomoth\n|-supereffective|p1a: Venomoth\n|-crit|p1a: Venomoth\n|-damage|p1a: Venomoth|0 fnt\n|faint|p1a: Venomoth\n|\n|upkeep\n|\n|t:|1733877222\n|switch|p1a: Kommo-o|Kommo-o, L78, M|245/245\n|turn|11\n|\n|t:|1733877233\n|move|p1a: Kommo-o|Scale Shot|p2a: Dialga\n|-damage|p2a: Dialga|15/266\n|-damage|p2a: Dialga|0 fnt\n|faint|p2a: Dialga\n|-hitcount|p2: Dialga|2\n|-unboost|p1a: Kommo-o|def|1\n|-boost|p1a: Kommo-o|spe|1\n|\n|upkeep\n|\n|t:|1733877243\n|switch|p2a: Sceptile|Sceptile, L87, F|264/264\n|turn|12\n|\n|t:|1733877256\n|move|p1a: Kommo-o|Close Combat|p2a: Sceptile\n|-damage|p2a: Sceptile|114/264\n|-unboost|p1a: Kommo-o|def|1\n|-unboost|p1a: Kommo-o|spd|1\n|move|p2a: Sceptile|Leech Seed|p1a: Kommo-o\n|-start|p1a: Kommo-o|move: Leech Seed\n|\n|-heal|p2a: Sceptile|130/264|[from] item: Leftovers\n|-damage|p1a: Kommo-o|215/245|[from] Leech Seed|[of] p2a: Sceptile\n|-heal|p2a: Sceptile|160/264|[silent]\n|upkeep\n|turn|13\n|\n|t:|1733877266\n|move|p1a: Kommo-o|Scale Shot|p2a: Sceptile\n|-damage|p2a: Sceptile|129/264\n|-damage|p2a: Sceptile|99/264\n|-crit|p2a: Sceptile\n|-damage|p2a: Sceptile|53/264\n|-damage|p2a: Sceptile|20/264\n|-damage|p2a: Sceptile|0 fnt\n|faint|p2a: Sceptile\n|-hitcount|p2: Sceptile|5\n|-unboost|p1a: Kommo-o|def|1\n|-boost|p1a: Kommo-o|spe|1\n|\n|upkeep\n|\n|t:|1733877282\n|switch|p2a: Chimecho|Chimecho, L93, M|290/290\n|turn|14\n|\n|t:|1733877295\n|switch|p1a: Lapras|Lapras, L87, F|283/368\n|move|p2a: Chimecho|Dazzling Gleam|p1a: Lapras\n|-damage|p1a: Lapras|226/368\n|\n|upkeep\n|turn|15\n|\n|t:|1733877301\n|move|p2a: Chimecho|Cosmic Power|p2a: Chimecho\n|-boost|p2a: Chimecho|def|1\n|-boost|p2a: Chimecho|spd|1\n|move|p1a: Lapras|Sparkling Aria|p2a: Chimecho\n|-damage|p2a: Chimecho|239/290\n|\n|-heal|p2a: Chimecho|257/290|[from] item: Leftovers\n|upkeep\n|turn|16\n|\n|t:|1733877312\n|switch|p1a: Gumshoos|Gumshoos, L95, F|321/321\n|move|p2a: Chimecho|Cosmic Power|p2a: Chimecho\n|-boost|p2a: Chimecho|def|1\n|-boost|p2a: Chimecho|spd|1\n|\n|-heal|p2a: Chimecho|275/290|[from] item: Leftovers\n|upkeep\n|turn|17\n|\n|t:|1733877321\n|move|p2a: Chimecho|Cosmic Power|p2a: Chimecho\n|-boost|p2a: Chimecho|def|1\n|-boost|p2a: Chimecho|spd|1\n|move|p1a: Gumshoos|Knock Off|p2a: Chimecho\n|-supereffective|p2a: Chimecho\n|-damage|p2a: Chimecho|159/290\n|-enditem|p2a: Chimecho|Leftovers|[from] move: Knock Off|[of] p1a: Gumshoos\n|\n|upkeep\n|turn|18\n|\n|t:|1733877334\n|move|p2a: Chimecho|Cosmic Power|p2a: Chimecho\n|-boost|p2a: Chimecho|def|1\n|-boost|p2a: Chimecho|spd|1\n|move|p1a: Gumshoos|Knock Off|p2a: Chimecho\n|-supereffective|p2a: Chimecho\n|-damage|p2a: Chimecho|93/290\n|\n|upkeep\n|turn|19\n|\n|t:|1733877342\n|move|p2a: Chimecho|Recover|p2a: Chimecho\n|-heal|p2a: Chimecho|238/290\n|move|p1a: Gumshoos|Knock Off|p2a: Chimecho\n|-supereffective|p2a: Chimecho\n|-damage|p2a: Chimecho|168/290\n|\n|upkeep\n|turn|20\n|\n|t:|1733877348\n|move|p2a: Chimecho|Cosmic Power|p2a: Chimecho\n|-boost|p2a: Chimecho|def|1\n|-boost|p2a: Chimecho|spd|1\n|move|p1a: Gumshoos|Knock Off|p2a: Chimecho\n|-supereffective|p2a: Chimecho\n|-damage|p2a: Chimecho|112/290\n|\n|upkeep\n|turn|21\n|\n|t:|1733877355\n|switch|p1a: Smeargle|Smeargle, L95, M|258/258\n|move|p2a: Chimecho|Cosmic Power|p2a: Chimecho\n|-boost|p2a: Chimecho|def|1\n|-boost|p2a: Chimecho|spd|1\n|\n|upkeep\n|turn|22\n|\n|t:|1733877362\n|move|p1a: Smeargle|Spore|p2a: Chimecho\n|-status|p2a: Chimecho|slp|[from] move: Spore\n|cant|p2a: Chimecho|slp\n|\n|upkeep\n|turn|23\n|\n|t:|1733877367\n|move|p1a: Smeargle|Shell Smash|p1a: Smeargle\n|-unboost|p1a: Smeargle|def|1\n|-unboost|p1a: Smeargle|spd|1\n|-boost|p1a: Smeargle|atk|2\n|-boost|p1a: Smeargle|spa|2\n|-boost|p1a: Smeargle|spe|2\n|cant|p2a: Chimecho|slp\n|\n|upkeep\n|turn|24\n|\n|t:|1733877376\n|move|p1a: Smeargle|Power Trip|p2a: Chimecho\n|-supereffective|p2a: Chimecho\n|-damage|p2a: Chimecho|60/290 slp\n|cant|p2a: Chimecho|slp\n|\n|upkeep\n|turn|25\n|\n|t:|1733877383\n|move|p1a: Smeargle|Population Bomb|p2a: Chimecho\n|-damage|p2a: Chimecho|51/290 slp\n|-damage|p2a: Chimecho|42/290 slp\n|-damage|p2a: Chimecho|33/290 slp\n|-damage|p2a: Chimecho|24/290 slp\n|-damage|p2a: Chimecho|15/290 slp\n|-damage|p2a: Chimecho|6/290 slp\n|-damage|p2a: Chimecho|0 fnt\n|faint|p2a: Chimecho\n|-hitcount|p2: Chimecho|7\n|\n|upkeep\n|\n|t:|1733877396\n|switch|p2a: Arceus|Arceus-Grass, L72|292/292\n|turn|26\n|\n|t:|1733877401\n|move|p1a: Smeargle|Population Bomb|p2a: Arceus\n|-damage|p2a: Arceus|264/292\n|-damage|p2a: Arceus|234/292\n|-damage|p2a: Arceus|204/292\n|-damage|p2a: Arceus|174/292\n|-damage|p2a: Arceus|143/292\n|-damage|p2a: Arceus|113/292\n|-damage|p2a: Arceus|86/292\n|-crit|p2a: Arceus\n|-damage|p2a: Arceus|37/292\n|-damage|p2a: Arceus|9/292\n|-damage|p2a: Arceus|0 fnt\n|faint|p2a: Arceus\n|-hitcount|p2: Arceus|10\n|\n|upkeep\n|\n|t:|1733877416\n|switch|p2a: Regieleki|Regieleki, L79|256/256\n|turn|27\n|c|\u2606LokiSpooked|gg\n|\n|t:|1733877423\n|move|p1a: Smeargle|Population Bomb|p2a: Regieleki\n|-damage|p2a: Regieleki|210/256\n|-damage|p2a: Regieleki|162/256\n|-damage|p2a: Regieleki|114/256\n|-damage|p2a: Regieleki|63/256\n|-damage|p2a: Regieleki|15/256\n|-damage|p2a: Regieleki|0 fnt\n|faint|p2a: Regieleki\n|-hitcount|p2: Regieleki|6\n|\n|win|LokiSpooked\n|raw|LokiSpooked's rating: 1428 &rarr; <strong>1445</strong><br />(+17 for winning)\n|raw|golette's rating: 1383 &rarr; <strong>1366</strong><br />(-17 for losing)\n|l|\u2606golette\n|player|p2|\n", "inputlog": ">version bfd83cad13791eb5a5a409923076391caf6fb4d4\n>start {\"formatid\":\"gen9randombattle\",\"seed\":[20654,12347,29208,36027],\"rated\":\"Rated battle\"}\n>player p1 {\"name\":\"LokiSpooked\",\"avatar\":\"acetrainer-gen4dp\",\"rating\":1428,\"seed\":[44093,11393,11640,6364]}\n>player p2 {\"name\":\"golette\",\"avatar\":\"veteranf\",\"rating\":1383,\"seed\":[42342,41510,43608,61840]}\n>p1 switch 3\n>p2 move leechseed\n>p1 move sludgewave\n>p2 switch 6\n>p1 move sleeppowder\n>p2 move dragontail\n>p1 move freezedry\n>p2 move heavyslam\n>p1 switch 4\n>p2 move fireblast\n>p1 move quiverdance\n>p2 move fireblast\n>p1 move bugbuzz\n>p2 switch 5\n>p1 move bugbuzz terastallize\n>p2 move saltcure\n>p2 switch 3\n>p1 move quiverdance\n>p2 move voltswitch\n>p2 switch 5\n>p1 move bugbuzz\n>p2 move fireblast\n>p1 switch 3\n>p1 move scaleshot\n>p2 move dracometeor\n>p2 switch 6\n>p1 move closecombat\n>p2 move leechseed\n>p1 move scaleshot\n>p2 move substitute\n>p2 switch 4\n>p1 switch 4\n>p2 move dazzlinggleam\n>p1 move sparklingaria\n>p2 move cosmicpower\n>p1 switch 6\n>p2 move cosmicpower\n>p1 move knockoff\n>p2 move cosmicpower\n>p1 move knockoff\n>p2 move cosmicpower\n>p1 move knockoff\n>p2 move recover\n>p1 move knockoff\n>p2 move cosmicpower\n>p1 switch 5\n>p2 move cosmicpower\n>p1 move spore\n>p2 move dazzlinggleam\n>p1 move shellsmash\n>p2 move dazzlinggleam\n>p1 move powertrip\n>p2 move recover\n>p1 move populationbomb\n>p2 move recover\n>p2 switch 2\n>p1 move populationbomb\n>p2 move judgment\n>p2 switch 5\n>chat \u2606LokiSpooked|gg\n>p1 move populationbomb\n>p2 move rapidspin", "uploadtime": 1733877475, "views": 1, "formatid": "gen9randombattle", "rating": 1366, "private": 0, "password": null}