{"id": "gen9randombattle-2057534991", "format": "[Gen 9] Random Battle", "players": ["MichaelderBeste2", "Referrals"], "log": "|j|\u2606MichaelderBeste2\n|j|\u2606Referrals\n|t:|1707741257\n|gametype|singles\n|player|p1|MichaelderBeste2|#rbtt7teamdarkraif|2397\n|player|p2|Referrals|hilda-masters3|2440\n|teamsize|p1|6\n|teamsize|p2|6\n|gen|9\n|tier|[Gen 9] Random Battle\n|rated|\n|rule|Species Clause: Limit one of each Pok\u00e9mon\n|rule|HP Percentage Mod: HP is shown in percentages\n|rule|Sleep Clause Mod: Limit one foe put to sleep\n|rule|Illusion Level Mod: Illusion disguises the Pok\u00e9mon's true level\n|\n|t:|1707741257\n|start\n|switch|p1a: Barraskewda|Barraskewda, L81, F|231/231\n|switch|p2a: Vespiquen|Vespiquen, L98, F|296/296\n|-ability|p2a: Vespiquen|Pressure\n|turn|1\n|inactive|Battle timer is ON: inactive players will automatically lose when time's up. (requested by Referrals)\n|j| PlatinPark\n|c| PlatinPark|Mach ihn fertig Michi!!\n|inactive|MichaelderBeste2 has 120 seconds left.\n|\n|t:|1707741294\n|move|p1a: Barraskewda|Flip Turn|p2a: Vespiquen\n|-damage|p2a: Vespiquen|214/296\n|\n|t:|1707741295\n|switch|p1a: Perrserker|Perrserker, L88, F|266/266|[from] Flip Turn\n|move|p2a: Vespiquen|Spikes|p1a: Perrserker\n|-sidestart|p1: MichaelderBeste2|Spikes\n|\n|upkeep\n|turn|2\n|\n|t:|1707741309\n|switch|p2a: Qwilfish|Qwilfish, L86, F|252/252\n|-ability|p2a: Qwilfish|Intimidate|boost\n|-unboost|p1a: Perrserker|atk|1\n|move|p1a: Perrserker|Iron Head|p2a: Qwilfish\n|-resisted|p2a: Qwilfish\n|-damage|p2a: Qwilfish|188/252\n|\n|-heal|p2a: Qwilfish|203/252|[from] item: Leftovers\n|upkeep\n|turn|3\n|\n|t:|1707741314\n|switch|p1a: Roaring Moon|Roaring Moon, L73|274/274\n|-damage|p1a: Roaring Moon|240/274|[from] Spikes\n|move|p2a: Qwilfish|Gunk Shot|p1a: Roaring Moon\n|-damage|p1a: Roaring Moon|51/274\n|\n|-heal|p2a: Qwilfish|218/252|[from] item: Leftovers\n|upkeep\n|turn|4\n|\n|t:|1707741344\n|switch|p2a: Tentacruel|Tentacruel, L85, M|275/275\n|move|p1a: Roaring Moon|Outrage|p2a: Tentacruel\n|-damage|p2a: Tentacruel|55/275\n|\n|-heal|p2a: Tentacruel|72/275|[from] item: Leftovers\n|upkeep\n|turn|5\n|\n|t:|1707741348\n|move|p2a: Tentacruel|Sludge Bomb|p1a: Roaring Moon\n|-damage|p1a: Roaring Moon|0 fnt\n|faint|p1a: Roaring Moon\n|-end|p1a: Roaring Moon|Protosynthesis|[silent]\n|\n|-heal|p2a: Tentacruel|89/275|[from] item: Leftovers\n|upkeep\n|\n|t:|1707741354\n|switch|p1a: Barraskewda|Barraskewda, L81, F|231/231\n|-damage|p1a: Barraskewda|203/231|[from] Spikes\n|turn|6\n|\n|t:|1707741360\n|move|p1a: Barraskewda|Waterfall|p2a: Tentacruel\n|-resisted|p2a: Tentacruel\n|-damage|p2a: Tentacruel|0 fnt\n|faint|p2a: Tentacruel\n|\n|upkeep\n|\n|t:|1707741370\n|switch|p2a: Qwilfish|Qwilfish, L86, F|218/252\n|-ability|p2a: Qwilfish|Intimidate|boost\n|-unboost|p1a: Barraskewda|atk|1\n|turn|7\n|\n|t:|1707741374\n|switch|p1a: Grimmsnarl|Grimmsnarl, L83, M|293/293\n|-damage|p1a: Grimmsnarl|257/293|[from] Spikes\n|move|p2a: Qwilfish|Waterfall|p1a: Grimmsnarl\n|-damage|p1a: Grimmsnarl|152/293\n|\n|-heal|p2a: Qwilfish|233/252|[from] item: Leftovers\n|-heal|p1a: Grimmsnarl|170/293|[from] item: Leftovers\n|upkeep\n|turn|8\n|\n|t:|1707741379\n|move|p1a: Grimmsnarl|Thunder Wave|p2a: Qwilfish\n|-status|p2a: Qwilfish|par\n|move|p2a: Qwilfish|Gunk Shot|p1a: Grimmsnarl\n|-supereffective|p1a: Grimmsnarl\n|-damage|p1a: Grimmsnarl|0 fnt\n|faint|p1a: Grimmsnarl\n|\n|-heal|p2a: Qwilfish|248/252 par|[from] item: Leftovers\n|upkeep\n|\n|t:|1707741385\n|switch|p1a: Perrserker|Perrserker, L88, F|216/216\n|-damage|p1a: Perrserker|189/216|[from] Spikes\n|turn|9\n|\n|t:|1707741395\n|move|p1a: Perrserker|Hyper Voice|p2a: Qwilfish\n|-damage|p2a: Qwilfish|28/252 par\n|move|p2a: Qwilfish|Waterfall|p1a: Perrserker\n|-damage|p1a: Perrserker|63/216\n|replace|p1a: Zoroark|Zoroark-Hisui, L79, F\n|-end|p1a: Zoroark|Illusion\n|-hint|Illusion Level Mod is active, so this Pok\u00e9mon's true level was hidden.\n|\n|-heal|p2a: Qwilfish|43/252 par|[from] item: Leftovers\n|upkeep\n|turn|10\n|\n|t:|1707741405\n|move|p1a: Zoroark|Hyper Voice|p2a: Qwilfish\n|-damage|p2a: Qwilfish|0 fnt\n|faint|p2a: Qwilfish\n|\n|upkeep\n|\n|t:|1707741415\n|switch|p2a: Electrode|Electrode-Hisui, L87|246/246\n|turn|11\n|\n|t:|1707741421\n|switch|p1a: Perrserker|Perrserker, L88, F|266/266\n|-damage|p1a: Perrserker|233/266|[from] Spikes\n|move|p2a: Electrode|Thunderbolt|p1a: Perrserker\n|-damage|p1a: Perrserker|119/266\n|\n|upkeep\n|turn|12\n|\n|t:|1707741438\n|move|p2a: Electrode|Substitute|p2a: Electrode\n|-start|p2a: Electrode|Substitute\n|-damage|p2a: Electrode|185/246\n|move|p1a: Perrserker|Iron Head|p2a: Electrode\n|-resisted|p2a: Electrode\n|-end|p2a: Electrode|Substitute\n|\n|-heal|p2a: Electrode|200/246|[from] item: Leftovers\n|upkeep\n|turn|13\n|\n|t:|1707741452\n|move|p2a: Electrode|Giga Drain|p1a: Perrserker\n|-resisted|p1a: Perrserker\n|-damage|p1a: Perrserker|76/266\n|-heal|p2a: Electrode|222/246|[from] drain|[of] p1a: Perrserker\n|move|p1a: Perrserker|Iron Head|p2a: Electrode\n|-resisted|p2a: Electrode\n|-damage|p2a: Electrode|99/246\n|\n|-heal|p2a: Electrode|114/246|[from] item: Leftovers\n|upkeep\n|turn|14\n|j| PS Mods rlly suck\n|\n|t:|1707741457\n|move|p2a: Electrode|Thunderbolt|p1a: Perrserker\n|-damage|p1a: Perrserker|0 fnt\n|faint|p1a: Perrserker\n|\n|-heal|p2a: Electrode|129/246|[from] item: Leftovers\n|upkeep\n|\n|t:|1707741463\n|switch|p1a: Oricorio|Oricorio-Sensu, L85, M|266/266\n|turn|15\n|\n|t:|1707741471\n|-terastallize|p1a: Oricorio|Fighting\n|move|p2a: Electrode|Leech Seed|p1a: Oricorio\n|-start|p1a: Oricorio|move: Leech Seed\n|move|p1a: Oricorio|Quiver Dance|p1a: Oricorio\n|-boost|p1a: Oricorio|spa|1\n|-boost|p1a: Oricorio|spd|1\n|-boost|p1a: Oricorio|spe|1\n|\n|-heal|p2a: Electrode|144/246|[from] item: Leftovers\n|-damage|p1a: Oricorio|233/266|[from] Leech Seed|[of] p2a: Electrode\n|-heal|p2a: Electrode|177/246|[silent]\n|upkeep\n|turn|16\n|\n|t:|1707741483\n|switch|p2a: Eiscue|Eiscue, L87, M|272/272\n|move|p1a: Oricorio|Quiver Dance|p1a: Oricorio\n|-boost|p1a: Oricorio|spa|1\n|-boost|p1a: Oricorio|spd|1\n|-boost|p1a: Oricorio|spe|1\n|\n|-damage|p1a: Oricorio|200/266|[from] Leech Seed|[of] p2a: Eiscue\n|upkeep\n|turn|17\n|\n|t:|1707741485\n|move|p1a: Oricorio|Revelation Dance|p2a: Eiscue\n|-supereffective|p2a: Eiscue\n|-damage|p2a: Eiscue|0 fnt\n|faint|p2a: Eiscue\n|\n|upkeep\n|\n|t:|1707741488\n|switch|p2a: Vespiquen|Vespiquen, L98, F|214/296\n|-ability|p2a: Vespiquen|Pressure\n|turn|18\n|\n|t:|1707741493\n|move|p1a: Oricorio|Revelation Dance|p2a: Vespiquen\n|-resisted|p2a: Vespiquen\n|-damage|p2a: Vespiquen|179/296\n|move|p2a: Vespiquen|Toxic|p1a: Oricorio\n|-status|p1a: Oricorio|tox\n|\n|-damage|p1a: Oricorio|167/266 tox|[from] Leech Seed|[of] p2a: Vespiquen\n|-heal|p2a: Vespiquen|212/296|[silent]\n|-damage|p1a: Oricorio|151/266 tox|[from] psn\n|upkeep\n|turn|19\n|\n|t:|1707741507\n|move|p1a: Oricorio|Revelation Dance|p2a: Vespiquen\n|-resisted|p2a: Vespiquen\n|-damage|p2a: Vespiquen|172/296\n|move|p2a: Vespiquen|Air Slash|p1a: Oricorio\n|-supereffective|p1a: Oricorio\n|-damage|p1a: Oricorio|49/266 tox\n|\n|-damage|p1a: Oricorio|16/266 tox|[from] Leech Seed|[of] p2a: Vespiquen\n|-heal|p2a: Vespiquen|205/296|[silent]\n|-damage|p1a: Oricorio|0 fnt|[from] psn\n|faint|p1a: Oricorio\n|upkeep\n|-message|MichaelderBeste2 forfeited.\n|\n|win|Referrals\n|raw|MichaelderBeste2's rating: 2397 &rarr; <strong>2379</strong><br />(-18 for losing)\n|raw|Referrals's rating: 2440 &rarr; <strong>2458</strong><br />(+18 for winning)\n|l|\u2606MichaelderBeste2\n|player|p1|\n", "inputlog": ">version cce7fd9c7b33e33b7bf67a1ea1345e63f3bc0045\n>start {\"formatid\":\"gen9randombattle\",\"seed\":[48298,6265,20025,12167],\"rated\":\"Rated battle\"}\n>player p1 {\"name\":\"MichaelderBeste2\",\"avatar\":\"#rbtt7teamdarkraif\",\"rating\":2397,\"seed\":[5278,6731,46014,46329]}\n>player p2 {\"name\":\"Referrals\",\"avatar\":\"hilda-masters3\",\"rating\":2440,\"seed\":[22826,963,4666,17961]}\n>chat  PlatinPark|Mach ihn fertig Michi!!\n>p1 move flipturn\n>p2 move spikes\n>p1 switch 4\n>p1 move ironhead\n>p2 switch 5\n>p1 switch 6\n>p2 move gunkshot\n>p1 move outrage\n>p2 switch 3\n>p1 move outrage\n>p2 move sludgebomb\n>p1 switch 4\n>p1 move waterfall\n>p2 move surf\n>p2 switch 3\n>p1 switch 3\n>p2 move waterfall\n>p1 move thunderwave\n>p2 move gunkshot\n>p1 switch 5\n>p1 move hypervoice\n>p2 move waterfall\n>p1 move hypervoice\n>p2 move waterfall\n>p2 switch 2\n>p1 switch 6\n>p2 move thunderbolt\n>p1 move ironhead\n>p2 move substitute\n>p1 move ironhead\n>p2 move gigadrain\n>p1 move ironhead\n>p2 move thunderbolt\n>p1 switch 2\n>p1 move quiverdance terastallize\n>p2 move leechseed\n>p1 move quiverdance\n>p2 switch 4\n>p1 move revelationdance\n>p2 move icespinner\n>p2 switch 5\n>p1 move revelationdance\n>p2 move toxic\n>p1 move revelationdance\n>p2 move airslash\n>forcelose p1", "uploadtime": 1707741514, "views": 354, "formatid": "gen9randombattle", "rating": 2379, "private": 0, "password": null}