{"id": "gen9randombattle-2260676228", "format": "[Gen 9] Random Battle", "players": ["mistah east", "Micael Lopes"], "log": "|j|\u2606mistah east\n|j|\u2606Micael Lopes\n|t:|1733877095\n|gametype|singles\n|player|p1|mistah east|266|1951\n|player|p2|Micael Lopes|benga|1912\n|teamsize|p1|6\n|teamsize|p2|6\n|gen|9\n|tier|[Gen 9] Random Battle\n|rated|\n|rule|Species Clause: Limit one of each Pok\u00e9mon\n|rule|HP Percentage Mod: HP is shown in percentages\n|rule|Sleep Clause Mod: Limit one foe put to sleep\n|rule|Illusion Level Mod: Illusion disguises the Pok\u00e9mon's true level\n|\n|t:|1733877095\n|start\n|switch|p1a: Glimmora|Glimmora, L75, M|248/248\n|switch|p2a: Lilligant|Lilligant-Hisui, L79, F|240/240\n|turn|1\n|inactive|Battle timer is ON: inactive players will automatically lose when time's up. (requested by mistah east)\n|inactive|Micael Lopes also wants the timer to be on.\n|\n|t:|1733877107\n|move|p2a: Lilligant|Sleep Powder|p1a: Glimmora|[miss]\n|-miss|p2a: Lilligant|p1a: Glimmora\n|move|p1a: Glimmora|Sludge Wave|p2a: Lilligant\n|-supereffective|p2a: Lilligant\n|-damage|p2a: Lilligant|4/240\n|\n|upkeep\n|turn|2\n|\n|t:|1733877111\n|switch|p1a: Serperior|Serperior, L79, F|248/248\n|move|p2a: Lilligant|Sleep Powder|p1a: Serperior\n|-immune|p1a: Serperior\n|\n|upkeep\n|turn|3\n|\n|t:|1733877115\n|switch|p2a: Torkoal|Torkoal, L88, M|266/266\n|-weather|SunnyDay|[from] ability: Drought|[of] p2a: Torkoal\n|move|p1a: Serperior|Substitute|p1a: Serperior\n|-start|p1a: Serperior|Substitute\n|-damage|p1a: Serperior|186/248\n|\n|-weather|SunnyDay|[upkeep]\n|-heal|p1a: Serperior|201/248|[from] item: Leftovers\n|upkeep\n|turn|4\n|\n|t:|1733877118\n|move|p1a: Serperior|Leech Seed|p2a: Torkoal|[miss]\n|-miss|p1a: Serperior|p2a: Torkoal\n|move|p2a: Torkoal|Lava Plume|p1a: Serperior\n|-supereffective|p1a: Serperior\n|-end|p1a: Serperior|Substitute\n|\n|-weather|SunnyDay|[upkeep]\n|-heal|p1a: Serperior|216/248|[from] item: Leftovers\n|upkeep\n|turn|5\n|\n|t:|1733877123\n|switch|p1a: Oinkologne|Oinkologne-F, L92, F|361/361\n|move|p2a: Torkoal|Yawn|p1a: Oinkologne\n|-start|p1a: Oinkologne|move: Yawn|[of] p2a: Torkoal\n|\n|-weather|SunnyDay|[upkeep]\n|upkeep\n|turn|6\n|\n|t:|1733877131\n|switch|p2a: Seviper|Seviper, L93, F|287/287\n|move|p1a: Oinkologne|Curse|p1a: Oinkologne\n|-unboost|p1a: Oinkologne|spe|1\n|-boost|p1a: Oinkologne|atk|1\n|-boost|p1a: Oinkologne|def|1\n|\n|-weather|SunnyDay|[upkeep]\n|-end|p1a: Oinkologne|move: Yawn|[silent]\n|-status|p1a: Oinkologne|slp\n|upkeep\n|turn|7\n|\n|t:|1733877134\n|move|p2a: Seviper|Knock Off|p1a: Oinkologne\n|-damage|p1a: Oinkologne|284/361 slp\n|-enditem|p1a: Oinkologne|Leftovers|[from] move: Knock Off|[of] p2a: Seviper\n|-damage|p2a: Seviper|259/287|[from] item: Life Orb\n|cant|p1a: Oinkologne|slp\n|\n|-weather|none\n|upkeep\n|turn|8\n|\n|t:|1733877148\n|switch|p2a: Inteleon|Inteleon, L81, F|246/246\n|cant|p1a: Oinkologne|slp\n|\n|upkeep\n|turn|9\n|\n|t:|1733877152\n|move|p2a: Inteleon|Hydro Pump|p1a: Oinkologne\n|-damage|p1a: Oinkologne|97/361 slp\n|cant|p1a: Oinkologne|slp\n|\n|upkeep\n|turn|10\n|\n|t:|1733877165\n|switch|p1a: Serperior|Serperior, L79, F|216/248\n|move|p2a: Inteleon|Hydro Pump|p1a: Serperior|[miss]\n|-miss|p2a: Inteleon|p1a: Serperior\n|\n|-heal|p1a: Serperior|231/248|[from] item: Leftovers\n|upkeep\n|turn|11\n|\n|t:|1733877169\n|switch|p2a: Tropius|Tropius, L91, M|328/328\n|move|p1a: Serperior|Substitute|p1a: Serperior\n|-start|p1a: Serperior|Substitute\n|-damage|p1a: Serperior|169/248\n|\n|-heal|p1a: Serperior|184/248|[from] item: Leftovers\n|upkeep\n|turn|12\n|\n|t:|1733877172\n|move|p1a: Serperior|Leaf Storm|p2a: Tropius\n|-resisted|p2a: Tropius\n|-damage|p2a: Tropius|304/328\n|-boost|p1a: Serperior|spa|2\n|move|p2a: Tropius|Dragon Dance|p2a: Tropius\n|-boost|p2a: Tropius|atk|1\n|-boost|p2a: Tropius|spe|1\n|\n|-heal|p1a: Serperior|199/248|[from] item: Leftovers\n|upkeep\n|turn|13\n|\n|t:|1733877188\n|move|p1a: Serperior|Dragon Pulse|p2a: Tropius\n|-damage|p2a: Tropius|224/328\n|move|p2a: Tropius|Dragon Dance|p2a: Tropius\n|-boost|p2a: Tropius|atk|1\n|-boost|p2a: Tropius|spe|1\n|\n|-heal|p1a: Serperior|214/248|[from] item: Leftovers\n|upkeep\n|turn|14\n|\n|t:|1733877194\n|move|p2a: Tropius|Dual Wingbeat|p1a: Serperior\n|-supereffective|p1a: Serperior\n|-end|p1a: Serperior|Substitute\n|-supereffective|p1a: Serperior\n|-damage|p1a: Serperior|46/248\n|-hitcount|p1a: Serperior|2\n|move|p1a: Serperior|Dragon Pulse|p2a: Tropius\n|-damage|p2a: Tropius|141/328\n|-enditem|p2a: Tropius|Sitrus Berry|[eat]\n|-heal|p2a: Tropius|223/328|[from] item: Sitrus Berry\n|\n|-heal|p1a: Serperior|61/248|[from] item: Leftovers\n|upkeep\n|turn|15\n|\n|t:|1733877202\n|switch|p1a: Oinkologne|Oinkologne-F, L92, F|97/361 slp\n|move|p2a: Tropius|Dragon Dance|p2a: Tropius\n|-boost|p2a: Tropius|atk|1\n|-boost|p2a: Tropius|spe|1\n|\n|-item|p2a: Tropius|Sitrus Berry|[from] ability: Harvest\n|upkeep\n|turn|16\n|\n|t:|1733877205\n|move|p2a: Tropius|Leaf Blade|p1a: Oinkologne\n|-damage|p1a: Oinkologne|0 fnt\n|faint|p1a: Oinkologne\n|\n|upkeep\n|\n|t:|1733877224\n|switch|p1a: Wigglytuff|Wigglytuff, L96, M|424/424\n|turn|17\n|\n|t:|1733877229\n|move|p2a: Tropius|Leaf Blade|p1a: Wigglytuff\n|-damage|p1a: Wigglytuff|132/424\n|move|p1a: Wigglytuff|Thunder Wave|p2a: Tropius|[miss]\n|-miss|p1a: Wigglytuff|p2a: Tropius\n|\n|-heal|p1a: Wigglytuff|158/424|[from] item: Leftovers\n|upkeep\n|turn|18\n|\n|t:|1733877235\n|move|p2a: Tropius|Leaf Blade|p1a: Wigglytuff\n|-damage|p1a: Wigglytuff|0 fnt\n|faint|p1a: Wigglytuff\n|\n|upkeep\n|\n|t:|1733877242\n|switch|p1a: Glimmora|Glimmora, L75, M|248/248\n|turn|19\n|\n|t:|1733877246\n|-terastallize|p1a: Glimmora|Ground\n|move|p2a: Tropius|Earthquake|p1a: Glimmora\n|-damage|p1a: Glimmora|76/248\n|-activate|p1a: Glimmora|ability: Toxic Debris\n|-sidestart|p2: Micael Lopes|move: Toxic Spikes\n|move|p1a: Glimmora|Sludge Wave|p2a: Tropius\n|-supereffective|p2a: Tropius\n|-damage|p2a: Tropius|17/328\n|-enditem|p2a: Tropius|Sitrus Berry|[eat]\n|-heal|p2a: Tropius|99/328|[from] item: Sitrus Berry\n|\n|-item|p2a: Tropius|Sitrus Berry|[from] ability: Harvest\n|upkeep\n|-enditem|p2a: Tropius|Sitrus Berry|[eat]\n|-heal|p2a: Tropius|181/328|[from] item: Sitrus Berry\n|turn|20\n|\n|t:|1733877252\n|move|p2a: Tropius|Earthquake|p1a: Glimmora\n|-damage|p1a: Glimmora|0 fnt\n|-activate|p1a: Glimmora|ability: Toxic Debris\n|-sidestart|p2: Micael Lopes|move: Toxic Spikes\n|faint|p1a: Glimmora\n|\n|upkeep\n|\n|t:|1733877254\n|switch|p1a: Meowscarada|Meowscarada, L78, M|247/247\n|turn|21\n|\n|t:|1733877256\n|move|p2a: Tropius|Dual Wingbeat|p1a: Meowscarada\n|-supereffective|p1a: Meowscarada\n|-damage|p1a: Meowscarada|0 fnt\n|faint|p1a: Meowscarada\n|-hitcount|p1: Meowscarada|1\n|\n|upkeep\n|\n|t:|1733877259\n|switch|p1a: Urshifu|Urshifu-Rapid-Strike, L75, M|274/274\n|turn|22\n|\n|t:|1733877262\n|move|p2a: Tropius|Leaf Blade|p1a: Urshifu\n|-supereffective|p1a: Urshifu\n|-damage|p1a: Urshifu|0 fnt\n|faint|p1a: Urshifu\n|\n|upkeep\n|c|\u2606mistah east|boo\n|-message|mistah east forfeited.\n|\n|win|Micael Lopes\n|raw|mistah east's rating: 1951 &rarr; <strong>1929</strong><br />(-22 for losing)\n|raw|Micael Lopes's rating: 1912 &rarr; <strong>1934</strong><br />(+22 for winning)\n|c|\u2606Micael Lopes|**__Sexy game.__**\n|l|\u2606mistah east\n|player|p1|\n", "inputlog": ">version bfd83cad13791eb5a5a409923076391caf6fb4d4\n>start {\"formatid\":\"gen9randombattle\",\"seed\":[39564,37169,3091,11550],\"rated\":\"Rated battle\"}\n>player p1 {\"name\":\"mistah east\",\"avatar\":\"266\",\"rating\":1951,\"seed\":[61383,36663,21810,7367]}\n>player p2 {\"name\":\"Micael Lopes\",\"avatar\":\"benga\",\"rating\":1912,\"seed\":[25913,47907,37209,42089]}\n>p1 move sludgewave\n>p2 move sleeppowder\n>p1 switch 5\n>p2 move sleeppowder\n>p1 move substitute\n>p2 switch 3\n>p1 move leechseed\n>p2 move lavaplume\n>p1 switch 4\n>p2 move yawn\n>p1 move curse\n>p2 switch 4\n>p1 move bodyslam\n>p2 move knockoff\n>p1 move highhorsepower\n>p2 switch 6\n>p1 move bodyslam\n>p2 move hydropump\n>p1 switch 4\n>p2 move hydropump\n>p1 move substitute\n>p2 switch 5\n>p1 move leafstorm\n>p2 move dragondance\n>p1 move dragonpulse\n>p2 move dragondance\n>p1 move dragonpulse\n>p2 move dualwingbeat\n>p1 switch 4\n>p2 move dragondance\n>p1 move bodyslam\n>p2 move leafblade\n>p1 switch 3\n>p1 move thunderwave\n>p2 move leafblade\n>p1 move thunderwave\n>p2 move leafblade\n>p1 switch 5\n>p1 move sludgewave terastallize\n>p2 move earthquake\n>p1 move sludgewave\n>p2 move earthquake\n>p1 switch 2\n>p1 move tripleaxel\n>p2 move dualwingbeat\n>p1 switch 6\n>p1 move icespinner\n>p2 move leafblade\n>chat \u2606mistah east|boo\n>forcelose p1", "uploadtime": 1733877271, "views": 1, "formatid": "gen9randombattle", "rating": 1929, "private": 0, "password": null}