{"id": "gen9randombattle-2260303676", "format": "[Gen 9] Random Battle", "players": ["HalJordan2008", "nonnalina"], "log": "|j|\u2606HalJordan2008\n|j|\u2606nonnalina\n|t:|1733837535\n|gametype|singles\n|player|p1|HalJordan2008|morty|1000\n|player|p2|nonnalina|1|1000\n|teamsize|p1|6\n|teamsize|p2|6\n|gen|9\n|tier|[Gen 9] Random Battle\n|rated|\n|rule|Species Clause: Limit one of each Pok\u00e9mon\n|rule|HP Percentage Mod: HP is shown in percentages\n|rule|Sleep Clause Mod: Limit one foe put to sleep\n|rule|Illusion Level Mod: Illusion disguises the Pok\u00e9mon's true level\n|\n|t:|1733837535\n|start\n|switch|p1a: Cacturne|Cacturne, L92, M|278/278\n|switch|p2a: Muk|Muk, L86, F|321/321\n|turn|1\n|\n|t:|1733837558\n|switch|p1a: Great Tusk|Great Tusk, L77|304/304\n|move|p2a: Muk|Poison Jab|p1a: Great Tusk\n|-resisted|p1a: Great Tusk\n|-damage|p1a: Great Tusk|267/304\n|-status|p1a: Great Tusk|psn\n|\n|-heal|p1a: Great Tusk|286/304 psn|[from] item: Leftovers\n|-damage|p1a: Great Tusk|248/304 psn|[from] psn\n|upkeep\n|turn|2\n|\n|t:|1733837584\n|switch|p2a: Floatzel|Floatzel, L85, M|283/283\n|move|p1a: Great Tusk|Earthquake|p2a: Floatzel\n|-damage|p2a: Floatzel|135/283\n|\n|-heal|p1a: Great Tusk|267/304 psn|[from] item: Leftovers\n|-damage|p1a: Great Tusk|229/304 psn|[from] psn\n|upkeep\n|turn|3\n|\n|t:|1733837616\n|-end|p1a: Great Tusk|Protosynthesis|[silent]\n|switch|p1a: Feraligatr|Feraligatr, L79, F|264/264\n|-terastallize|p2a: Floatzel|Water\n|move|p2a: Floatzel|Wave Crash|p1a: Feraligatr\n|-resisted|p1a: Feraligatr\n|-damage|p1a: Feraligatr|132/264\n|-damage|p2a: Floatzel|91/283|[from] Recoil\n|\n|upkeep\n|turn|4\n|\n|t:|1733837628\n|move|p2a: Floatzel|Wave Crash|p1a: Feraligatr\n|-resisted|p1a: Feraligatr\n|-damage|p1a: Feraligatr|0 fnt\n|faint|p1a: Feraligatr\n|-damage|p2a: Floatzel|47/283|[from] Recoil\n|\n|upkeep\n|\n|t:|1733837637\n|switch|p1a: Cacturne|Cacturne, L92, M|278/278\n|turn|5\n|\n|t:|1733837644\n|switch|p2a: Muk|Muk, L86, F|321/321\n|move|p1a: Cacturne|Knock Off|p2a: Muk\n|-damage|p2a: Muk|125/321\n|-enditem|p2a: Muk|Leftovers|[from] move: Knock Off|[of] p1a: Cacturne\n|-damage|p1a: Cacturne|251/278|[from] item: Life Orb\n|\n|upkeep\n|turn|6\n|\n|t:|1733837656\n|-terastallize|p1a: Cacturne|Poison\n|move|p1a: Cacturne|Knock Off|p2a: Muk\n|-damage|p2a: Muk|0 fnt\n|faint|p2a: Muk\n|-damage|p1a: Cacturne|224/278|[from] item: Life Orb\n|\n|upkeep\n|\n|t:|1733837672\n|switch|p2a: Golurk|Golurk, L87|297/297\n|turn|7\n|\n|t:|1733837688\n|move|p1a: Cacturne|Seed Bomb|p2a: Golurk\n|-supereffective|p2a: Golurk\n|-crit|p2a: Golurk\n|-damage|p2a: Golurk|0 fnt\n|faint|p2a: Golurk\n|-damage|p1a: Cacturne|197/278|[from] item: Life Orb\n|\n|upkeep\n|\n|t:|1733837719\n|switch|p2a: Lilligant|Lilligant, L86, F|261/261\n|turn|8\n|\n|t:|1733837731\n|move|p1a: Cacturne|Sucker Punch|p2a: Lilligant\n|-damage|p2a: Lilligant|128/261\n|-damage|p1a: Cacturne|170/278|[from] item: Life Orb\n|move|p2a: Lilligant|Petal Dance|p1a: Cacturne\n|-resisted|p1a: Cacturne\n|-damage|p1a: Cacturne|49/278\n|-damage|p2a: Lilligant|102/261|[from] item: Life Orb\n|\n|upkeep\n|turn|9\n|\n|t:|1733837741\n|move|p2a: Lilligant|Petal Dance|p1a: Cacturne|[from]lockedmove\n|-resisted|p1a: Cacturne\n|-damage|p1a: Cacturne|0 fnt\n|faint|p1a: Cacturne\n|-damage|p2a: Lilligant|76/261|[from] item: Life Orb\n|\n|upkeep\n|\n|t:|1733837753\n|switch|p1a: Cinccino|Cinccino, L83, M|260/260\n|turn|10\n|\n|t:|1733837760\n|move|p1a: Cinccino|Triple Axel|p2a: Lilligant\n|-supereffective|p2a: Lilligant\n|-damage|p2a: Lilligant|30/261\n|-supereffective|p2a: Lilligant\n|-damage|p2a: Lilligant|0 fnt\n|faint|p2a: Lilligant\n|-hitcount|p2: Lilligant|2\n|\n|upkeep\n|\n|t:|1733837777\n|switch|p2a: Conkeldurr|Conkeldurr, L80, F|299/299\n|turn|11\n|\n|t:|1733837786\n|switch|p1a: Enamorus|Enamorus, L79, F|247/247\n|move|p2a: Conkeldurr|Mach Punch|p1a: Enamorus\n|-resisted|p1a: Enamorus\n|-damage|p1a: Enamorus|231/247\n|\n|-heal|p1a: Enamorus|246/247|[from] item: Leftovers\n|-status|p2a: Conkeldurr|brn|[from] item: Flame Orb\n|upkeep\n|turn|12\n|\n|t:|1733837800\n|move|p1a: Enamorus|Zen Headbutt|p2a: Conkeldurr\n|-supereffective|p2a: Conkeldurr\n|-damage|p2a: Conkeldurr|179/299 brn\n|move|p2a: Conkeldurr|Knock Off|p1a: Enamorus\n|-resisted|p1a: Enamorus\n|-damage|p1a: Enamorus|167/247\n|-enditem|p1a: Enamorus|Leftovers|[from] move: Knock Off|[of] p2a: Conkeldurr\n|\n|-damage|p2a: Conkeldurr|161/299 brn|[from] brn\n|upkeep\n|turn|13\n|\n|t:|1733837859\n|switch|p2a: Ribombee|Ribombee, L82, F|233/233\n|move|p1a: Enamorus|Zen Headbutt|p2a: Ribombee\n|-damage|p2a: Ribombee|158/233\n|\n|upkeep\n|turn|14\n|\n|t:|1733837878\n|move|p2a: Ribombee|Moonblast|p1a: Enamorus\n|-damage|p1a: Enamorus|67/247\n|move|p1a: Enamorus|Play Rough|p2a: Ribombee\n|-damage|p2a: Ribombee|22/233\n|\n|upkeep\n|turn|15\n|\n|t:|1733837886\n|move|p2a: Ribombee|Moonblast|p1a: Enamorus\n|-damage|p1a: Enamorus|0 fnt\n|faint|p1a: Enamorus\n|\n|upkeep\n|\n|t:|1733837892\n|switch|p1a: Cinccino|Cinccino, L83, M|260/260\n|turn|16\n|\n|t:|1733837900\n|move|p2a: Ribombee|Moonblast|p1a: Cinccino\n|-damage|p1a: Cinccino|124/260\n|-unboost|p1a: Cinccino|spa|1\n|move|p1a: Cinccino|Tail Slap|p2a: Ribombee\n|-damage|p2a: Ribombee|0 fnt\n|faint|p2a: Ribombee\n|-hitcount|p2: Ribombee|1\n|\n|upkeep\n|\n|t:|1733837911\n|switch|p2a: Conkeldurr|Conkeldurr, L80, F|161/299 brn\n|turn|17\n|\n|t:|1733837920\n|switch|p1a: Great Tusk|Great Tusk, L77|229/304 psn\n|move|p2a: Conkeldurr|Mach Punch|p1a: Great Tusk\n|-damage|p1a: Great Tusk|166/304 psn\n|\n|-heal|p1a: Great Tusk|185/304 psn|[from] item: Leftovers\n|-damage|p1a: Great Tusk|147/304 psn|[from] psn\n|-damage|p2a: Conkeldurr|143/299 brn|[from] brn\n|upkeep\n|turn|18\n|\n|t:|1733837931\n|move|p1a: Great Tusk|Close Combat|p2a: Conkeldurr\n|-damage|p2a: Conkeldurr|4/299 brn\n|-unboost|p1a: Great Tusk|def|1\n|-unboost|p1a: Great Tusk|spd|1\n|move|p2a: Conkeldurr|Close Combat|p1a: Great Tusk\n|-damage|p1a: Great Tusk|0 fnt\n|-unboost|p2a: Conkeldurr|def|1\n|-unboost|p2a: Conkeldurr|spd|1\n|faint|p1a: Great Tusk\n|-end|p1a: Great Tusk|Protosynthesis|[silent]\n|\n|-damage|p2a: Conkeldurr|0 fnt|[from] brn\n|faint|p2a: Conkeldurr\n|upkeep\n|\n|t:|1733837946\n|switch|p1a: Cinccino|Cinccino, L83, M|124/260\n|switch|p2a: Floatzel|Floatzel, L85, M, tera:Water|47/283\n|turn|19\n|\n|t:|1733837953\n|move|p2a: Floatzel|Wave Crash|p1a: Cinccino\n|-damage|p1a: Cinccino|0 fnt\n|faint|p1a: Cinccino\n|-damage|p2a: Floatzel|6/283|[from] Recoil\n|\n|upkeep\n|\n|t:|1733837958\n|switch|p1a: Tyranitar|Tyranitar, L79, F|288/288\n|-weather|Sandstorm|[from] ability: Sand Stream|[of] p1a: Tyranitar\n|turn|20\n|\n|t:|1733837967\n|move|p2a: Floatzel|Wave Crash|p1a: Tyranitar\n|-supereffective|p1a: Tyranitar\n|-damage|p1a: Tyranitar|0 fnt\n|faint|p1a: Tyranitar\n|-damage|p2a: Floatzel|0 fnt|[from] Recoil\n|faint|p2a: Floatzel\n|\n|win|nonnalina\n|raw|HalJordan2008's rating: 1000 &rarr; <strong>1000</strong><br />(+0 for losing)\n|raw|nonnalina's rating: 1000 &rarr; <strong>1040</strong><br />(+40 for winning)\n|l|\u2606HalJordan2008\n|player|p1|\n", "inputlog": ">version bfd83cad13791eb5a5a409923076391caf6fb4d4\n>start {\"formatid\":\"gen9randombattle\",\"seed\":[29652,14174,39603,42446],\"rated\":\"Rated battle\"}\n>player p1 {\"name\":\"HalJordan2008\",\"avatar\":\"morty\",\"rating\":1000,\"seed\":[19886,2611,12766,26443]}\n>player p2 {\"name\":\"nonnalina\",\"avatar\":\"1\",\"rating\":1000,\"seed\":[31489,48765,52837,30299]}\n>p1 switch 3\n>p2 move poisonjab\n>p1 move earthquake\n>p2 switch 3\n>p1 switch 4\n>p2 move wavecrash terastallize\n>p1 move crunch\n>p2 move wavecrash\n>p1 switch 3\n>p1 move knockoff\n>p2 switch 3\n>p1 move knockoff terastallize\n>p2 move poisonjab\n>p2 switch 2\n>p1 move seedbomb\n>p2 move stoneedge\n>p2 switch 4\n>p1 move suckerpunch\n>p2 move petaldance\n>p1 move knockoff\n>p2 move petaldance\n>p1 switch 2\n>p1 move tripleaxel\n>p2 move petaldance\n>p2 switch 5\n>p1 switch 6\n>p2 move machpunch\n>p1 move zenheadbutt\n>p2 move knockoff\n>p1 move zenheadbutt\n>p2 switch 6\n>p1 move playrough\n>p2 move moonblast\n>p1 move substitute\n>p2 move moonblast\n>p1 switch 6\n>p1 move tailslap\n>p2 move moonblast\n>p2 switch 6\n>p1 switch 4\n>p2 move machpunch\n>p1 move closecombat\n>p2 move closecombat\n>p1 switch 4\n>p2 switch 3\n>p1 move bulletseed\n>p2 move wavecrash\n>p1 switch 5\n>p1 move knockoff\n>p2 move wavecrash", "uploadtime": 1733837980, "views": 10, "formatid": "gen9randombattle", "rating": 1000, "private": 0, "password": null}