{"id": "gen9randombattle-2260788157", "format": "[Gen 9] Random Battle", "players": ["xinyazhili", "Zara home 001"], "log": "|j|\u2606xinyazhili\n|j|\u2606Zara home 001\n|t:|1733892188\n|gametype|singles\n|player|p1|xinyazhili|170|\n|player|p2|Zara home 001|266|\n|teamsize|p1|6\n|teamsize|p2|6\n|gen|9\n|tier|[Gen 9] Random Battle\n|rule|Species Clause: Limit one of each Pok\u00e9mon\n|rule|HP Percentage Mod: HP is shown in percentages\n|rule|Sleep Clause Mod: Limit one foe put to sleep\n|rule|Illusion Level Mod: Illusion disguises the Pok\u00e9mon's true level\n|\n|t:|1733892188\n|start\n|switch|p1a: Alomomola|Alomomola, L87, F|429/429\n|switch|p2a: Swanna|Swanna, L88, M|275/275\n|turn|1\n|inactive|Battle timer is ON: inactive players will automatically lose when time's up. (requested by xinyazhili)\n|\n|t:|1733892195\n|switch|p2a: Plusle|Plusle, L95, F|268/268\n|move|p1a: Alomomola|Wish|p1a: Alomomola\n|\n|upkeep\n|turn|2\n|\n|t:|1733892198\n|switch|p1a: Camerupt|Camerupt, L91, F|275/275\n|move|p2a: Plusle|Nasty Plot|p2a: Plusle\n|-boost|p2a: Plusle|spa|2\n|\n|upkeep\n|turn|3\n|\n|t:|1733892201\n|move|p2a: Plusle|Grass Knot|p1a: Camerupt\n|-damage|p1a: Camerupt|6/275\n|-damage|p2a: Plusle|242/268|[from] item: Life Orb\n|move|p1a: Camerupt|Earthquake|p2a: Plusle\n|-supereffective|p2a: Plusle\n|-damage|p2a: Plusle|0 fnt\n|faint|p2a: Plusle\n|\n|-heal|p1a: Camerupt|23/275|[from] item: Leftovers\n|upkeep\n|\n|t:|1733892210\n|switch|p2a: Iron Thorns|Iron Thorns, L83|302/302\n|-enditem|p2a: Iron Thorns|Booster Energy\n|-activate|p2a: Iron Thorns|ability: Quark Drive|[fromitem]\n|-start|p2a: Iron Thorns|quarkdriveatk\n|turn|4\n|\n|t:|1733892218\n|-terastallize|p2a: Iron Thorns|Grass\n|move|p2a: Iron Thorns|Dragon Dance|p2a: Iron Thorns\n|-boost|p2a: Iron Thorns|atk|1\n|-boost|p2a: Iron Thorns|spe|1\n|move|p1a: Camerupt|Earthquake|p2a: Iron Thorns\n|-resisted|p2a: Iron Thorns\n|-damage|p2a: Iron Thorns|249/302\n|\n|-heal|p1a: Camerupt|40/275|[from] item: Leftovers\n|upkeep\n|turn|5\n|\n|t:|1733892222\n|move|p2a: Iron Thorns|Ice Punch|p1a: Camerupt\n|-damage|p1a: Camerupt|0 fnt\n|faint|p1a: Camerupt\n|\n|upkeep\n|\n|t:|1733892229\n|switch|p1a: Alomomola|Alomomola, L87, F|429/429\n|turn|6\n|\n|t:|1733892231\n|-terastallize|p1a: Alomomola|Steel\n|move|p2a: Iron Thorns|Wild Charge|p1a: Alomomola\n|-damage|p1a: Alomomola|177/429\n|-damage|p2a: Iron Thorns|199/302|[from] item: Rocky Helmet|[of] p1a: Alomomola\n|-damage|p2a: Iron Thorns|136/302|[from] Recoil\n|move|p1a: Alomomola|Scald|p2a: Iron Thorns\n|-resisted|p2a: Iron Thorns\n|-damage|p2a: Iron Thorns|111/302\n|-status|p2a: Iron Thorns|brn\n|\n|-damage|p2a: Iron Thorns|93/302 brn|[from] brn\n|upkeep\n|turn|7\n|\n|t:|1733892236\n|move|p1a: Alomomola|Protect|p1a: Alomomola\n|-singleturn|p1a: Alomomola|Protect\n|move|p2a: Iron Thorns|Wild Charge|p1a: Alomomola\n|-activate|p1a: Alomomola|move: Protect\n|\n|-damage|p2a: Iron Thorns|75/302 brn|[from] brn\n|upkeep\n|turn|8\n|\n|t:|1733892243\n|move|p2a: Iron Thorns|Wild Charge|p1a: Alomomola\n|-damage|p1a: Alomomola|46/429\n|-damage|p2a: Iron Thorns|25/302 brn|[from] item: Rocky Helmet|[of] p1a: Alomomola\n|-damage|p2a: Iron Thorns|0 fnt|[from] Recoil\n|faint|p2a: Iron Thorns\n|-end|p2a: Iron Thorns|Quark Drive|[silent]\n|move|p1a: Alomomola|Wish|p1a: Alomomola\n|\n|upkeep\n|\n|t:|1733892248\n|switch|p2a: Kyogre|Kyogre, L71|259/259\n|-weather|RainDance|[from] ability: Drizzle|[of] p2a: Kyogre\n|turn|9\n|\n|t:|1733892252\n|move|p1a: Alomomola|Protect|p1a: Alomomola\n|-singleturn|p1a: Alomomola|Protect\n|move|p2a: Kyogre|Calm Mind|p2a: Kyogre\n|-boost|p2a: Kyogre|spa|1\n|-boost|p2a: Kyogre|spd|1\n|\n|-weather|RainDance|[upkeep]\n|-heal|p1a: Alomomola|260/429|[from] move: Wish|[wisher] Alomomola\n|upkeep\n|turn|10\n|\n|t:|1733892256\n|move|p2a: Kyogre|Origin Pulse|p1a: Alomomola\n|-damage|p1a: Alomomola|0 fnt\n|faint|p1a: Alomomola\n|\n|-weather|RainDance|[upkeep]\n|upkeep\n|\n|t:|1733892262\n|switch|p1a: Gouging Fire|Gouging Fire, L74|219/219\n|turn|11\n|\n|t:|1733892268\n|move|p1a: Gouging Fire|Bitter Malice|p2a: Kyogre\n|-damage|p2a: Kyogre|197/259\n|-unboost|p2a: Kyogre|atk|1\n|-damage|p1a: Gouging Fire|198/219|[from] item: Life Orb\n|move|p2a: Kyogre|Origin Pulse|p1a: Gouging Fire\n|-damage|p1a: Gouging Fire|0 fnt\n|replace|p1a: Zoroark|Zoroark-Hisui, L80, M\n|-end|p1a: Zoroark|Illusion\n|-hint|Illusion Level Mod is active, so this Pok\u00e9mon's true level was hidden.\n|faint|p1a: Zoroark\n|\n|-weather|RainDance|[upkeep]\n|-heal|p2a: Kyogre|213/259|[from] item: Leftovers\n|upkeep\n|\n|t:|1733892276\n|switch|p1a: Gouging Fire|Gouging Fire, L74|277/277\n|turn|12\n|\n|t:|1733892284\n|move|p1a: Gouging Fire|Outrage|p2a: Kyogre\n|-damage|p2a: Kyogre|77/259\n|move|p2a: Kyogre|Origin Pulse|p1a: Gouging Fire\n|-damage|p1a: Gouging Fire|0 fnt\n|faint|p1a: Gouging Fire\n|-end|p1a: Gouging Fire|Protosynthesis|[silent]\n|\n|-weather|RainDance|[upkeep]\n|-heal|p2a: Kyogre|93/259|[from] item: Leftovers\n|upkeep\n|\n|t:|1733892287\n|switch|p1a: Slither Wing|Slither Wing, L81|270/270\n|turn|13\n|\n|t:|1733892291\n|move|p1a: Slither Wing|Close Combat|p2a: Kyogre\n|-damage|p2a: Kyogre|0 fnt\n|-unboost|p1a: Slither Wing|def|1\n|-unboost|p1a: Slither Wing|spd|1\n|faint|p2a: Kyogre\n|\n|-weather|none\n|upkeep\n|\n|t:|1733892295\n|switch|p2a: Toucannon|Toucannon, L88, M|284/284\n|turn|14\n|\n|t:|1733892301\n|-singleturn|p2a: Toucannon|move: Beak Blast\n|move|p1a: Slither Wing|Will-O-Wisp|p2a: Toucannon\n|-status|p2a: Toucannon|brn\n|move|p2a: Toucannon|Beak Blast|p1a: Slither Wing\n|-supereffective|p1a: Slither Wing\n|-damage|p1a: Slither Wing|0 fnt\n|faint|p1a: Slither Wing\n|-end|p1a: Slither Wing|Protosynthesis|[silent]\n|\n|-damage|p2a: Toucannon|267/284 brn|[from] brn\n|upkeep\n|\n|t:|1733892303\n|switch|p1a: Roaring Moon|Roaring Moon, L72|270/270\n|-enditem|p1a: Roaring Moon|Booster Energy\n|-activate|p1a: Roaring Moon|ability: Protosynthesis|[fromitem]\n|-start|p1a: Roaring Moon|protosynthesisatk\n|turn|15\n|\n|t:|1733892308\n|move|p1a: Roaring Moon|Dragon Dance|p1a: Roaring Moon\n|-boost|p1a: Roaring Moon|atk|1\n|-boost|p1a: Roaring Moon|spe|1\n|move|p2a: Toucannon|Knock Off|p1a: Roaring Moon\n|-resisted|p1a: Roaring Moon\n|-damage|p1a: Roaring Moon|250/270\n|\n|-damage|p2a: Toucannon|250/284 brn|[from] brn\n|upkeep\n|turn|16\n|\n|t:|1733892316\n|-singleturn|p2a: Toucannon|move: Beak Blast\n|move|p1a: Roaring Moon|Dragon Dance|p1a: Roaring Moon\n|-boost|p1a: Roaring Moon|atk|1\n|-boost|p1a: Roaring Moon|spe|1\n|move|p2a: Toucannon|Beak Blast|p1a: Roaring Moon\n|-damage|p1a: Roaring Moon|159/270\n|\n|-damage|p2a: Toucannon|233/284 brn|[from] brn\n|upkeep\n|turn|17\n|\n|t:|1733892323\n|-singleturn|p2a: Toucannon|move: Beak Blast\n|move|p1a: Roaring Moon|Dragon Dance|p1a: Roaring Moon\n|-boost|p1a: Roaring Moon|atk|1\n|-boost|p1a: Roaring Moon|spe|1\n|move|p2a: Toucannon|Beak Blast|p1a: Roaring Moon\n|-damage|p1a: Roaring Moon|65/270\n|\n|-damage|p2a: Toucannon|216/284 brn|[from] brn\n|upkeep\n|turn|18\n|\n|t:|1733892328\n|-singleturn|p2a: Toucannon|move: Beak Blast\n|move|p1a: Roaring Moon|Knock Off|p2a: Toucannon\n|-damage|p2a: Toucannon|0 fnt\n|-status|p1a: Roaring Moon|brn\n|-enditem|p2a: Toucannon|Heavy-Duty Boots|[from] move: Knock Off|[of] p1a: Roaring Moon\n|faint|p2a: Toucannon\n|\n|-damage|p1a: Roaring Moon|49/270 brn|[from] brn\n|upkeep\n|\n|t:|1733892330\n|switch|p2a: Scrafty|Scrafty, L84, F|246/246\n|-ability|p2a: Scrafty|Intimidate|boost\n|-unboost|p1a: Roaring Moon|atk|1\n|turn|19\n|\n|t:|1733892336\n|move|p1a: Roaring Moon|Outrage|p2a: Scrafty\n|-damage|p2a: Scrafty|120/246\n|move|p2a: Scrafty|Close Combat|p1a: Roaring Moon\n|-supereffective|p1a: Roaring Moon\n|-damage|p1a: Roaring Moon|0 fnt\n|-unboost|p2a: Scrafty|def|1\n|-unboost|p2a: Scrafty|spd|1\n|faint|p1a: Roaring Moon\n|-end|p1a: Roaring Moon|Protosynthesis|[silent]\n|-damage|p2a: Scrafty|96/246|[from] item: Life Orb\n|\n|win|Zara home 001\n|l|\u2606xinyazhili\n|player|p1|\n", "inputlog": ">version bfd83cad13791eb5a5a409923076391caf6fb4d4\n>start {\"formatid\":\"gen9randombattle\",\"seed\":[4757,12799,28123,30549]}\n>player p1 {\"name\":\"xinyazhili\",\"avatar\":\"170\",\"rating\":0,\"seed\":[14762,5720,39798,171]}\n>player p2 {\"name\":\"Zara home 001\",\"avatar\":\"266\",\"rating\":0,\"seed\":[22190,44193,55354,46040]}\n>p1 move wish\n>p2 switch 6\n>p1 switch 2\n>p2 move nastyplot\n>p1 move earthquake\n>p2 move grassknot\n>p2 switch 2\n>p1 move earthquake\n>p2 move dragondance terastallize\n>p1 move overheat\n>p2 move icepunch\n>p1 switch 2\n>p1 move scald terastallize\n>p2 move wildcharge\n>p1 move protect\n>p2 move wildcharge\n>p1 move wish\n>p2 move wildcharge\n>p2 switch 5\n>p1 move protect\n>p2 move calmmind\n>p1 move wish\n>p2 move originpulse\n>p1 switch 5\n>p1 move bittermalice\n>p2 move originpulse\n>p1 switch 6\n>p1 move outrage\n>p2 move originpulse\n>p1 switch 4\n>p1 move closecombat\n>p2 move originpulse\n>p2 switch 3\n>p1 move willowisp\n>p2 move beakblast\n>p1 switch 3\n>p1 move dragondance\n>p2 move knockoff\n>p1 move dragondance\n>p2 move beakblast\n>p1 move dragondance\n>p2 move beakblast\n>p1 move knockoff\n>p2 move beakblast\n>p2 switch 4\n>p1 move outrage\n>p2 move closecombat", "uploadtime": 1733892341, "views": 14, "formatid": "gen9randombattle", "rating": null, "private": 0, "password": null}