{"id": "gen9randombattle-2260458749", "format": "[Gen 9] Random Battle", "players": ["sonmonegro", "player798"], "log": "|j|\u2606sonmonegro\n|j|\u2606player798\n|t:|1733853618\n|gametype|singles\n|player|p1|sonmonegro|266|\n|player|p2|player798|265|\n|teamsize|p1|6\n|teamsize|p2|6\n|gen|9\n|tier|[Gen 9] Random Battle\n|rule|Species Clause: Limit one of each Pok\u00e9mon\n|rule|HP Percentage Mod: HP is shown in percentages\n|rule|Sleep Clause Mod: Limit one foe put to sleep\n|rule|Illusion Level Mod: Illusion disguises the Pok\u00e9mon's true level\n|\n|t:|1733853618\n|start\n|switch|p1a: Spidops|Spidops, L96, F|271/271\n|switch|p2a: Cacturne|Cacturne, L92, F|278/278\n|turn|1\n|inactive|Battle timer is ON: inactive players will automatically lose when time's up. (requested by sonmonegro)\n|\n|t:|1733853631\n|move|p2a: Cacturne|Toxic Spikes|p1a: Spidops\n|-sidestart|p1: sonmonegro|move: Toxic Spikes\n|move|p1a: Spidops|Sticky Web|p2a: Cacturne\n|-sidestart|p2: player798|move: Sticky Web\n|\n|upkeep\n|turn|2\n|\n|t:|1733853636\n|move|p2a: Cacturne|Knock Off|p1a: Spidops\n|-damage|p1a: Spidops|122/271\n|-enditem|p1a: Spidops|Heavy-Duty Boots|[from] move: Knock Off|[of] p2a: Cacturne\n|-damage|p2a: Cacturne|251/278|[from] item: Life Orb\n|move|p1a: Spidops|U-turn|p2a: Cacturne\n|-supereffective|p2a: Cacturne\n|-damage|p2a: Cacturne|0 fnt\n|faint|p2a: Cacturne\n|\n|t:|1733853648\n|switch|p1a: Venomoth|Venomoth, L84, F|255/255|[from] U-turn\n|-sideend|p1: sonmonegro|move: Toxic Spikes|[of] p1a: Venomoth\n|\n|upkeep\n|\n|t:|1733853661\n|switch|p2a: Spidops|Spidops, L96, F|271/271\n|turn|3\n|\n|t:|1733853669\n|-terastallize|p1a: Venomoth|Steel\n|move|p1a: Venomoth|Sludge Wave|p2a: Spidops\n|-damage|p2a: Spidops|192/271\n|move|p2a: Spidops|Sticky Web|p1a: Venomoth\n|-sidestart|p1: sonmonegro|move: Sticky Web\n|\n|upkeep\n|turn|4\n|\n|t:|1733853677\n|move|p1a: Venomoth|Quiver Dance|p1a: Venomoth\n|-boost|p1a: Venomoth|spa|1\n|-boost|p1a: Venomoth|spd|1\n|-boost|p1a: Venomoth|spe|1\n|move|p2a: Spidops|Spikes|p1a: Venomoth\n|-sidestart|p1: sonmonegro|Spikes\n|\n|upkeep\n|turn|5\n|\n|t:|1733853685\n|move|p1a: Venomoth|Sludge Wave|p2a: Spidops\n|-damage|p2a: Spidops|65/271\n|move|p2a: Spidops|Spikes|p1a: Venomoth\n|-sidestart|p1: sonmonegro|Spikes\n|\n|upkeep\n|turn|6\n|\n|t:|1733853694\n|move|p1a: Venomoth|Sludge Wave|p2a: Spidops\n|-damage|p2a: Spidops|0 fnt\n|faint|p2a: Spidops\n|\n|upkeep\n|\n|t:|1733853700\n|switch|p2a: Scizor|Scizor, L79, F|240/240\n|-activate|p2a: Scizor|move: Sticky Web\n|-unboost|p2a: Scizor|spe|1\n|turn|7\n|\n|t:|1733853721\n|move|p1a: Venomoth|Sleep Powder|p2a: Scizor|[miss]\n|-miss|p1a: Venomoth|p2a: Scizor\n|move|p2a: Scizor|Defog|p1a: Venomoth\n|-unboost|p1a: Venomoth|evasion|1\n|-sideend|p1: sonmonegro|Spikes|[from] move: Defog|[of] p2a: Scizor\n|-sideend|p1: sonmonegro|Sticky Web|[from] move: Defog|[of] p2a: Scizor\n|-sideend|p2: player798|Sticky Web|[from] move: Defog|[of] p2a: Scizor\n|\n|upkeep\n|turn|8\n|\n|t:|1733853730\n|move|p2a: Scizor|Bullet Punch|p1a: Venomoth\n|-resisted|p1a: Venomoth\n|-damage|p1a: Venomoth|210/255\n|move|p1a: Venomoth|Sleep Powder|p2a: Scizor\n|-status|p2a: Scizor|slp|[from] move: Sleep Powder\n|\n|upkeep\n|turn|9\n|\n|t:|1733853741\n|move|p1a: Venomoth|Bug Buzz|p2a: Scizor\n|-resisted|p2a: Scizor\n|-damage|p2a: Scizor|82/240 slp\n|cant|p2a: Scizor|slp\n|\n|-heal|p2a: Scizor|97/240 slp|[from] item: Leftovers\n|upkeep\n|turn|10\n|inactive|sonmonegro has 270 seconds left.\n|inactive|sonmonegro has 240 seconds left.\n|inactive|sonmonegro has 210 seconds left.\n|inactive|sonmonegro has 180 seconds left.\n|inactive|sonmonegro has 150 seconds left.\n|inactive|sonmonegro has 120 seconds left.\n|inactive|sonmonegro has 90 seconds left.\n|inactive|sonmonegro has 60 seconds left.\n|inactive|sonmonegro has 30 seconds left.\n|inactive|sonmonegro has 20 seconds left.\n|inactive|sonmonegro has 15 seconds left.\n|inactive|sonmonegro has 10 seconds left.\n|inactive|sonmonegro has 5 seconds left.\n|-message|sonmonegro lost due to inactivity.\n|\n|win|player798\n", "inputlog": ">version bfd83cad13791eb5a5a409923076391caf6fb4d4\n>start {\"formatid\":\"gen9randombattle\",\"seed\":[64072,43102,37081,55019]}\n>player p1 {\"name\":\"sonmonegro\",\"avatar\":\"266\",\"rating\":0,\"seed\":[43914,39850,51367,52484]}\n>player p2 {\"name\":\"player798\",\"avatar\":\"265\",\"rating\":0,\"seed\":[51226,32009,13071,28740]}\n>p1 move stickyweb\n>p2 move toxicspikes\n>p1 move uturn\n>p2 move knockoff\n>p1 switch 3\n>p2 switch 6\n>p1 move sludgewave terastallize\n>p2 move stickyweb\n>p1 move quiverdance\n>p2 move spikes\n>p1 move sludgewave\n>p2 move spikes\n>p1 move sludgewave\n>p2 move circlethrow\n>p2 switch 3\n>p1 move sleeppowder\n>p2 move defog\n>p1 move sleeppowder\n>p2 move bulletpunch\n>p1 move bugbuzz\n>p2 move closecombat\n>forcelose p1", "uploadtime": 1733854064, "views": 1, "formatid": "gen9randombattle", "rating": null, "private": 0, "password": null}