{"id": "gen9randombattle-2259943780", "format": "[Gen 9] Random Battle", "players": ["BigBossJnack", "big soup"], "log": "|j|\u2606BigBossJnack\n|j|\u2606big soup\n|t:|1733782641\n|gametype|singles\n|player|p1|BigBossJnack|102|2057\n|player|p2|big soup|youngster|2146\n|teamsize|p1|6\n|teamsize|p2|6\n|gen|9\n|tier|[Gen 9] Random Battle\n|rated|\n|rule|Species Clause: Limit one of each Pok\u00e9mon\n|rule|HP Percentage Mod: HP is shown in percentages\n|rule|Sleep Clause Mod: Limit one foe put to sleep\n|rule|Illusion Level Mod: Illusion disguises the Pok\u00e9mon's true level\n|\n|t:|1733782641\n|start\n|switch|p1a: Latias|Latias, L79, F|256/256\n|switch|p2a: Kilowattrel|Kilowattrel, L83, F|252/252\n|turn|1\n|inactive|Battle timer is ON: inactive players will automatically lose when time's up. (requested by big soup)\n|\n|t:|1733782657\n|move|p2a: Kilowattrel|Thunder Wave|p1a: Latias\n|-status|p1a: Latias|par\n|move|p1a: Latias|Calm Mind|p1a: Latias\n|-boost|p1a: Latias|spa|1\n|-boost|p1a: Latias|spd|1\n|\n|upkeep\n|turn|2\n|\n|t:|1733782662\n|switch|p2a: Sylveon|Sylveon, L85, F|300/300\n|move|p1a: Latias|Draco Meteor|p2a: Sylveon\n|-immune|p2a: Sylveon\n|\n|upkeep\n|turn|3\n|\n|t:|1733782666\n|move|p2a: Sylveon|Hyper Voice|p1a: Latias\n|-supereffective|p1a: Latias\n|-damage|p1a: Latias|106/256 par\n|move|p1a: Latias|Psyshock|p2a: Sylveon\n|-damage|p2a: Sylveon|111/300\n|\n|-heal|p2a: Sylveon|129/300|[from] item: Leftovers\n|upkeep\n|turn|4\n|\n|t:|1733782669\n|switch|p1a: Pecharunt|Pecharunt, L77|262/262\n|move|p2a: Sylveon|Hyper Voice|p1a: Pecharunt\n|-resisted|p1a: Pecharunt\n|-damage|p1a: Pecharunt|197/262\n|\n|-heal|p1a: Pecharunt|213/262|[from] item: Leftovers\n|-heal|p2a: Sylveon|147/300|[from] item: Leftovers\n|upkeep\n|turn|5\n|\n|t:|1733782673\n|move|p2a: Sylveon|Protect|p2a: Sylveon\n|-singleturn|p2a: Sylveon|Protect\n|move|p1a: Pecharunt|Malignant Chain|p2a: Sylveon\n|-activate|p2a: Sylveon|move: Protect\n|\n|-heal|p1a: Pecharunt|229/262|[from] item: Leftovers\n|-heal|p2a: Sylveon|165/300|[from] item: Leftovers\n|upkeep\n|turn|6\n|\n|t:|1733782676\n|switch|p2a: Phione|Phione, L91|293/293\n|move|p1a: Pecharunt|Malignant Chain|p2a: Phione\n|-damage|p2a: Phione|217/293\n|-status|p2a: Phione|tox\n|-start|p2a: Phione|confusion|[from] ability: Poison Puppeteer|[of] p1a: Pecharunt\n|\n|-heal|p2a: Phione|235/293 tox|[from] item: Leftovers\n|-heal|p1a: Pecharunt|245/262|[from] item: Leftovers\n|-damage|p2a: Phione|217/293 tox|[from] psn\n|upkeep\n|turn|7\n|\n|t:|1733782679\n|-activate|p2a: Phione|confusion\n|move|p2a: Phione|Take Heart|p2a: Phione\n|-boost|p2a: Phione|spa|1\n|-boost|p2a: Phione|spd|1\n|-curestatus|p2a: Phione|tox|[msg]\n|move|p1a: Pecharunt|Parting Shot|p2a: Phione\n|-unboost|p2a: Phione|atk|1\n|-unboost|p2a: Phione|spa|1\n|\n|t:|1733782682\n|switch|p1a: Lurantis|Lurantis, L87, F|264/264|[from] Parting Shot\n|\n|-heal|p2a: Phione|235/293|[from] item: Leftovers\n|upkeep\n|turn|8\n|\n|t:|1733782688\n|switch|p2a: Delphox|Delphox, L84, M|263/263\n|move|p1a: Lurantis|Leaf Storm|p2a: Delphox\n|-resisted|p2a: Delphox\n|-damage|p2a: Delphox|211/263\n|-boost|p1a: Lurantis|spa|2\n|\n|upkeep\n|turn|9\n|\n|t:|1733782692\n|switch|p1a: Milotic|Milotic, L83, M|293/293\n|move|p2a: Delphox|Fire Blast|p1a: Milotic\n|-resisted|p1a: Milotic\n|-damage|p1a: Milotic|242/293\n|\n|-heal|p1a: Milotic|260/293|[from] item: Leftovers\n|upkeep\n|turn|10\n|\n|t:|1733782697\n|switch|p2a: Iron Leaves|Iron Leaves, L80|275/275\n|move|p1a: Milotic|Dragon Tail|p2a: Iron Leaves\n|-damage|p2a: Iron Leaves|243/275\n|-end|p2a: Iron Leaves|Quark Drive|[silent]\n|drag|p2a: Delphox|Delphox, L84, M|211/263\n|\n|-heal|p1a: Milotic|278/293|[from] item: Leftovers\n|upkeep\n|turn|11\n|\n|t:|1733782701\n|switch|p2a: Phione|Phione, L91|235/293\n|move|p1a: Milotic|Ice Beam|p2a: Phione\n|-resisted|p2a: Phione\n|-damage|p2a: Phione|202/293\n|\n|-heal|p2a: Phione|220/293|[from] item: Leftovers\n|-heal|p1a: Milotic|293/293|[from] item: Leftovers\n|upkeep\n|turn|12\n|\n|t:|1733782705\n|move|p2a: Phione|Ice Beam|p1a: Milotic\n|-resisted|p1a: Milotic\n|-damage|p1a: Milotic|266/293\n|-status|p1a: Milotic|frz\n|cant|p1a: Milotic|frz\n|\n|-heal|p2a: Phione|238/293|[from] item: Leftovers\n|-heal|p1a: Milotic|284/293 frz|[from] item: Leftovers\n|upkeep\n|turn|13\n|\n|t:|1733782709\n|move|p2a: Phione|Grass Knot|p1a: Milotic\n|-supereffective|p1a: Milotic\n|-damage|p1a: Milotic|172/293 frz\n|-curestatus|p1a: Milotic|frz|[from] move: Scald\n|move|p1a: Milotic|Scald|p2a: Phione\n|-resisted|p2a: Phione\n|-damage|p2a: Phione|199/293\n|\n|-heal|p2a: Phione|217/293|[from] item: Leftovers\n|-heal|p1a: Milotic|190/293|[from] item: Leftovers\n|upkeep\n|turn|14\n|\n|t:|1733782713\n|move|p2a: Phione|Take Heart|p2a: Phione\n|-boost|p2a: Phione|spa|1\n|-boost|p2a: Phione|spd|1\n|move|p1a: Milotic|Recover|p1a: Milotic\n|-heal|p1a: Milotic|293/293\n|\n|-heal|p2a: Phione|235/293|[from] item: Leftovers\n|upkeep\n|turn|15\n|\n|t:|1733782714\n|move|p2a: Phione|Grass Knot|p1a: Milotic\n|-supereffective|p1a: Milotic\n|-damage|p1a: Milotic|139/293\n|move|p1a: Milotic|Dragon Tail|p2a: Phione|[miss]\n|-miss|p1a: Milotic|p2a: Phione\n|\n|-heal|p2a: Phione|253/293|[from] item: Leftovers\n|-heal|p1a: Milotic|157/293|[from] item: Leftovers\n|upkeep\n|turn|16\n|\n|t:|1733782718\n|move|p2a: Phione|Ice Beam|p1a: Milotic\n|-resisted|p1a: Milotic\n|-damage|p1a: Milotic|123/293\n|move|p1a: Milotic|Dragon Tail|p2a: Phione\n|-damage|p2a: Phione|224/293\n|drag|p2a: Delphox|Delphox, L84, M|211/263\n|\n|-heal|p1a: Milotic|141/293|[from] item: Leftovers\n|upkeep\n|turn|17\n|\n|t:|1733782721\n|switch|p2a: Phione|Phione, L91|224/293\n|move|p1a: Milotic|Recover|p1a: Milotic\n|-heal|p1a: Milotic|288/293\n|\n|-heal|p2a: Phione|242/293|[from] item: Leftovers\n|-heal|p1a: Milotic|293/293|[from] item: Leftovers\n|upkeep\n|turn|18\n|\n|t:|1733782723\n|move|p2a: Phione|Ice Beam|p1a: Milotic\n|-resisted|p1a: Milotic\n|-damage|p1a: Milotic|268/293\n|move|p1a: Milotic|Dragon Tail|p2a: Phione\n|-crit|p2a: Phione\n|-damage|p2a: Phione|199/293\n|drag|p2a: Delphox|Delphox, L84, M|211/263\n|\n|-heal|p1a: Milotic|286/293|[from] item: Leftovers\n|upkeep\n|turn|19\n|\n|t:|1733782727\n|switch|p2a: Sylveon|Sylveon, L85, F|165/300\n|move|p1a: Milotic|Scald|p2a: Sylveon\n|-damage|p2a: Sylveon|102/300\n|\n|-heal|p1a: Milotic|293/293|[from] item: Leftovers\n|-heal|p2a: Sylveon|120/300|[from] item: Leftovers\n|upkeep\n|turn|20\n|\n|t:|1733782730\n|move|p1a: Milotic|Scald|p2a: Sylveon\n|-damage|p2a: Sylveon|60/300\n|move|p2a: Sylveon|Wish|p2a: Sylveon\n|\n|-heal|p2a: Sylveon|78/300|[from] item: Leftovers\n|upkeep\n|turn|21\n|\n|t:|1733782735\n|switch|p1a: Pecharunt|Pecharunt, L77|245/262\n|move|p2a: Sylveon|Hyper Voice|p1a: Pecharunt\n|-resisted|p1a: Pecharunt\n|-damage|p1a: Pecharunt|171/262\n|\n|-heal|p2a: Sylveon|228/300|[from] move: Wish|[wisher] Sylveon\n|-heal|p1a: Pecharunt|187/262|[from] item: Leftovers\n|-heal|p2a: Sylveon|246/300|[from] item: Leftovers\n|upkeep\n|turn|22\n|\n|t:|1733782738\n|move|p2a: Sylveon|Protect|p2a: Sylveon\n|-singleturn|p2a: Sylveon|Protect\n|move|p1a: Pecharunt|Malignant Chain|p2a: Sylveon\n|-activate|p2a: Sylveon|move: Protect\n|\n|-heal|p1a: Pecharunt|203/262|[from] item: Leftovers\n|-heal|p2a: Sylveon|264/300|[from] item: Leftovers\n|upkeep\n|turn|23\n|\n|t:|1733782741\n|-terastallize|p2a: Sylveon|Steel\n|move|p1a: Pecharunt|Malignant Chain|p2a: Sylveon\n|-immune|p2a: Sylveon\n|move|p2a: Sylveon|Wish|p2a: Sylveon\n|\n|-heal|p1a: Pecharunt|219/262|[from] item: Leftovers\n|-heal|p2a: Sylveon|282/300|[from] item: Leftovers\n|upkeep\n|turn|24\n|\n|t:|1733782744\n|move|p1a: Pecharunt|Parting Shot|p2a: Sylveon\n|-unboost|p2a: Sylveon|atk|1\n|-unboost|p2a: Sylveon|spa|1\n|\n|t:|1733782748\n|switch|p1a: Hoopa|Hoopa, L85|275/275|[from] Parting Shot\n|move|p2a: Sylveon|Hyper Voice|p1a: Hoopa\n|-damage|p1a: Hoopa|208/275\n|\n|-heal|p2a: Sylveon|300/300|[from] move: Wish|[wisher] Sylveon\n|upkeep\n|turn|25\n|\n|t:|1733782754\n|move|p2a: Sylveon|Protect|p2a: Sylveon\n|-singleturn|p2a: Sylveon|Protect\n|move|p1a: Hoopa|Nasty Plot|p1a: Hoopa\n|-boost|p1a: Hoopa|spa|2\n|\n|upkeep\n|turn|26\n|\n|t:|1733782759\n|switch|p2a: Electrode|Electrode, L92|260/260\n|move|p1a: Hoopa|Focus Blast|p2a: Electrode|[miss]\n|-miss|p1a: Hoopa|p2a: Electrode\n|\n|upkeep\n|turn|27\n|\n|t:|1733782767\n|switch|p1a: Mightyena|Mightyena, L95, M|287/287\n|-ability|p1a: Mightyena|Intimidate|boost\n|-unboost|p2a: Electrode|atk|1\n|move|p2a: Electrode|Foul Play|p1a: Mightyena\n|-resisted|p1a: Mightyena\n|-damage|p1a: Mightyena|231/287\n|-damage|p2a: Electrode|234/260|[from] item: Life Orb\n|\n|upkeep\n|turn|28\n|\n|t:|1733782778\n|move|p2a: Electrode|Thunderbolt|p1a: Mightyena\n|-damage|p1a: Mightyena|130/287\n|-damage|p2a: Electrode|208/260|[from] item: Life Orb\n|move|p1a: Mightyena|Throat Chop|p2a: Electrode\n|-damage|p2a: Electrode|88/260\n|-start|p2a: Electrode|Throat Chop|[silent]\n|\n|upkeep\n|turn|29\n|\n|t:|1733782782\n|move|p1a: Mightyena|Sucker Punch|p2a: Electrode\n|-damage|p2a: Electrode|0 fnt\n|-damage|p1a: Mightyena|59/287|[from] ability: Aftermath|[of] p2a: Electrode\n|faint|p2a: Electrode\n|\n|upkeep\n|\n|t:|1733782788\n|switch|p2a: Phione|Phione, L91|199/293\n|turn|30\n|\n|t:|1733782792\n|switch|p1a: Milotic|Milotic, L83, M|293/293\n|move|p2a: Phione|Scald|p1a: Milotic\n|-resisted|p1a: Milotic\n|-damage|p1a: Milotic|263/293\n|\n|-heal|p2a: Phione|217/293|[from] item: Leftovers\n|-heal|p1a: Milotic|281/293|[from] item: Leftovers\n|upkeep\n|turn|31\n|\n|t:|1733782794\n|move|p2a: Phione|Take Heart|p2a: Phione\n|-boost|p2a: Phione|spa|1\n|-boost|p2a: Phione|spd|1\n|move|p1a: Milotic|Dragon Tail|p2a: Phione\n|-damage|p2a: Phione|187/293\n|drag|p2a: Sylveon|Sylveon, L85, F, tera:Steel|300/300\n|\n|-heal|p1a: Milotic|293/293|[from] item: Leftovers\n|upkeep\n|turn|32\n|\n|t:|1733782801\n|switch|p1a: Lurantis|Lurantis, L87, F|264/264\n|move|p2a: Sylveon|Wish|p2a: Sylveon\n|\n|upkeep\n|turn|33\n|\n|t:|1733782805\n|switch|p2a: Delphox|Delphox, L84, M|211/263\n|move|p1a: Lurantis|Superpower|p2a: Delphox\n|-resisted|p2a: Delphox\n|-damage|p2a: Delphox|152/263\n|-boost|p1a: Lurantis|atk|1\n|-boost|p1a: Lurantis|def|1\n|\n|-heal|p2a: Delphox|263/263|[from] move: Wish|[wisher] Sylveon\n|upkeep\n|turn|34\n|\n|t:|1733782812\n|-terastallize|p1a: Lurantis|Fighting\n|move|p2a: Delphox|Nasty Plot|p2a: Delphox\n|-boost|p2a: Delphox|spa|2\n|move|p1a: Lurantis|Knock Off|p2a: Delphox\n|-supereffective|p2a: Delphox\n|-damage|p2a: Delphox|0 fnt\n|-enditem|p2a: Delphox|Heavy-Duty Boots|[from] move: Knock Off|[of] p1a: Lurantis\n|faint|p2a: Delphox\n|\n|upkeep\n|\n|t:|1733782814\n|switch|p2a: Kilowattrel|Kilowattrel, L83, F|252/252\n|turn|35\n|\n|t:|1733782824\n|switch|p1a: Mightyena|Mightyena, L95, M|59/287\n|-ability|p1a: Mightyena|Intimidate|boost\n|-unboost|p2a: Kilowattrel|atk|1\n|move|p2a: Kilowattrel|Hurricane|p1a: Mightyena|[miss]\n|-miss|p2a: Kilowattrel|p1a: Mightyena\n|\n|upkeep\n|turn|36\n|\n|t:|1733782828\n|move|p1a: Mightyena|Sucker Punch|p2a: Kilowattrel\n|-damage|p2a: Kilowattrel|138/252\n|move|p2a: Kilowattrel|Thunderbolt|p1a: Mightyena\n|-damage|p1a: Mightyena|0 fnt\n|faint|p1a: Mightyena\n|\n|upkeep\n|\n|t:|1733782842\n|switch|p1a: Hoopa|Hoopa, L85|208/275\n|turn|37\n|\n|t:|1733782849\n|switch|p2a: Sylveon|Sylveon, L85, F, tera:Steel|300/300\n|move|p1a: Hoopa|Shadow Ball|p2a: Sylveon\n|-damage|p2a: Sylveon|179/300\n|-damage|p1a: Hoopa|181/275|[from] item: Life Orb\n|\n|-heal|p2a: Sylveon|197/300|[from] item: Leftovers\n|upkeep\n|turn|38\n|\n|t:|1733782852\n|move|p1a: Hoopa|Focus Blast|p2a: Sylveon\n|-supereffective|p2a: Sylveon\n|-damage|p2a: Sylveon|0 fnt\n|faint|p2a: Sylveon\n|-damage|p1a: Hoopa|154/275|[from] item: Life Orb\n|\n|upkeep\n|\n|t:|1733782855\n|switch|p2a: Iron Leaves|Iron Leaves, L80|243/275\n|turn|39\n|\n|t:|1733782859\n|move|p2a: Iron Leaves|Leaf Blade|p1a: Hoopa\n|-damage|p1a: Hoopa|0 fnt\n|faint|p1a: Hoopa\n|-damage|p2a: Iron Leaves|216/275|[from] item: Life Orb\n|\n|upkeep\n|\n|t:|1733782867\n|switch|p1a: Pecharunt|Pecharunt, L77|219/262\n|turn|40\n|\n|t:|1733782870\n|move|p2a: Iron Leaves|Psyblade|p1a: Pecharunt\n|-supereffective|p1a: Pecharunt\n|-damage|p1a: Pecharunt|32/262\n|-damage|p2a: Iron Leaves|189/275|[from] item: Life Orb\n|move|p1a: Pecharunt|Malignant Chain|p2a: Iron Leaves\n|-supereffective|p2a: Iron Leaves\n|-damage|p2a: Iron Leaves|43/275\n|-status|p2a: Iron Leaves|tox\n|-start|p2a: Iron Leaves|confusion|[from] ability: Poison Puppeteer|[of] p1a: Pecharunt\n|\n|-heal|p1a: Pecharunt|48/262|[from] item: Leftovers\n|-damage|p2a: Iron Leaves|26/275 tox|[from] psn\n|upkeep\n|turn|41\n|\n|t:|1733782874\n|switch|p1a: Latias|Latias, L79, F|106/256 par\n|-activate|p2a: Iron Leaves|confusion\n|move|p2a: Iron Leaves|Leaf Blade|p1a: Latias\n|-resisted|p1a: Latias\n|-crit|p1a: Latias\n|-damage|p1a: Latias|0 fnt\n|faint|p1a: Latias\n|-damage|p2a: Iron Leaves|0 fnt|[from] item: Life Orb\n|faint|p2a: Iron Leaves\n|-end|p2a: Iron Leaves|Quark Drive|[silent]\n|\n|upkeep\n|\n|t:|1733782880\n|switch|p1a: Milotic|Milotic, L83, M|293/293\n|switch|p2a: Kilowattrel|Kilowattrel, L83, F|138/252\n|turn|42\n|\n|t:|1733782883\n|move|p2a: Kilowattrel|Thunderbolt|p1a: Milotic\n|-supereffective|p1a: Milotic\n|-damage|p1a: Milotic|147/293\n|move|p1a: Milotic|Scald|p2a: Kilowattrel\n|-damage|p2a: Kilowattrel|15/252\n|\n|-heal|p1a: Milotic|165/293|[from] item: Leftovers\n|upkeep\n|turn|43\n|\n|t:|1733782889\n|switch|p2a: Phione|Phione, L91|187/293\n|move|p1a: Milotic|Recover|p1a: Milotic\n|-heal|p1a: Milotic|293/293\n|\n|-heal|p2a: Phione|205/293|[from] item: Leftovers\n|upkeep\n|turn|44\n|\n|t:|1733782893\n|move|p2a: Phione|Scald|p1a: Milotic\n|-resisted|p1a: Milotic\n|-damage|p1a: Milotic|259/293\n|move|p1a: Milotic|Dragon Tail|p2a: Phione\n|-damage|p2a: Phione|177/293\n|drag|p2a: Kilowattrel|Kilowattrel, L83, F|15/252\n|\n|-heal|p1a: Milotic|277/293|[from] item: Leftovers\n|upkeep\n|turn|45\n|\n|t:|1733782895\n|move|p2a: Kilowattrel|Roost|p2a: Kilowattrel\n|-heal|p2a: Kilowattrel|141/252\n|-singleturn|p2a: Kilowattrel|move: Roost\n|move|p1a: Milotic|Ice Beam|p2a: Kilowattrel\n|-crit|p2a: Kilowattrel\n|-damage|p2a: Kilowattrel|4/252\n|\n|-heal|p1a: Milotic|293/293|[from] item: Leftovers\n|upkeep\n|turn|46\n|\n|t:|1733782900\n|move|p2a: Kilowattrel|Roost|p2a: Kilowattrel\n|-heal|p2a: Kilowattrel|130/252\n|-singleturn|p2a: Kilowattrel|move: Roost\n|move|p1a: Milotic|Scald|p2a: Kilowattrel\n|-damage|p2a: Kilowattrel|22/252\n|\n|upkeep\n|turn|47\n|\n|t:|1733782903\n|move|p2a: Kilowattrel|Thunder Wave|p1a: Milotic\n|-status|p1a: Milotic|par\n|move|p1a: Milotic|Ice Beam|p2a: Kilowattrel\n|-supereffective|p2a: Kilowattrel\n|-damage|p2a: Kilowattrel|0 fnt\n|faint|p2a: Kilowattrel\n|\n|upkeep\n|\n|t:|1733782905\n|switch|p2a: Phione|Phione, L91|177/293\n|turn|48\n|\n|t:|1733782907\n|switch|p1a: Lurantis|Lurantis, L87, F, tera:Fighting|264/264\n|move|p2a: Phione|Take Heart|p2a: Phione\n|-boost|p2a: Phione|spa|1\n|-boost|p2a: Phione|spd|1\n|\n|-heal|p2a: Phione|195/293|[from] item: Leftovers\n|upkeep\n|turn|49\n|\n|t:|1733782910\n|move|p2a: Phione|Scald|p1a: Lurantis\n|-damage|p1a: Lurantis|141/264\n|move|p1a: Lurantis|Leaf Storm|p2a: Phione\n|-supereffective|p2a: Phione\n|-damage|p2a: Phione|43/293\n|-boost|p1a: Lurantis|spa|2\n|\n|-heal|p2a: Phione|61/293|[from] item: Leftovers\n|-heal|p1a: Lurantis|157/264|[from] item: Leftovers\n|upkeep\n|turn|50\n|\n|t:|1733782913\n|move|p2a: Phione|Scald|p1a: Lurantis\n|-damage|p1a: Lurantis|28/264\n|move|p1a: Lurantis|Leaf Storm|p2a: Phione\n|-supereffective|p2a: Phione\n|-damage|p2a: Phione|0 fnt\n|-boost|p1a: Lurantis|spa|2\n|faint|p2a: Phione\n|\n|win|BigBossJnack\n|raw|BigBossJnack's rating: 2057 &rarr; <strong>2082</strong><br />(+25 for winning)\n|raw|big soup's rating: 2146 &rarr; <strong>2121</strong><br />(-25 for losing)\n|l|\u2606big soup\n|player|p2|\n", "inputlog": ">version bfd83cad13791eb5a5a409923076391caf6fb4d4\n>start {\"formatid\":\"gen9randombattle\",\"seed\":[10994,9981,33607,24346],\"rated\":\"Rated battle\"}\n>player p1 {\"name\":\"BigBossJnack\",\"avatar\":\"102\",\"rating\":2057,\"seed\":[64993,1736,13404,24730]}\n>player p2 {\"name\":\"big soup\",\"avatar\":\"youngster\",\"rating\":2146,\"seed\":[56192,22416,37468,1348]}\n>p1 move calmmind\n>p2 move thunderwave\n>p1 move dracometeor\n>p2 switch 6\n>p1 move psyshock\n>p2 move hypervoice\n>p1 switch 3\n>p2 move hypervoice\n>p1 move malignantchain\n>p2 move protect\n>p1 move malignantchain\n>p2 switch 4\n>p1 move partingshot\n>p2 move takeheart\n>p1 switch 6\n>p1 move leafstorm\n>p2 switch 3\n>p1 switch 4\n>p2 move fireblast\n>p1 move dragontail\n>p2 switch 5\n>p1 move icebeam\n>p2 switch 3\n>p1 move dragontail\n>p2 move icebeam\n>p1 move scald\n>p2 move grassknot\n>p1 move recover\n>p2 move takeheart\n>p1 move dragontail\n>p2 move grassknot\n>p1 move dragontail\n>p2 move icebeam\n>p1 move recover\n>p2 switch 3\n>p1 move dragontail\n>p2 move icebeam\n>p1 move scald\n>p2 switch 4\n>p1 move scald\n>p2 move wish\n>p1 switch 6\n>p2 move hypervoice\n>p1 move malignantchain\n>p2 move protect\n>p1 move malignantchain\n>p2 move wish terastallize\n>p1 move partingshot\n>p2 move hypervoice\n>p1 switch 2\n>p1 move nastyplot\n>p2 move protect\n>p1 move focusblast\n>p2 switch 2\n>p1 switch 5\n>p2 move foulplay\n>p1 move throatchop\n>p2 move thunderbolt\n>p1 move suckerpunch\n>p2 move thunderbolt\n>p2 switch 3\n>p1 switch 6\n>p2 move scald\n>p1 move dragontail\n>p2 move takeheart\n>p1 switch 4\n>p2 move wish\n>p1 move superpower\n>p2 switch 4\n>p1 move knockoff terastallize\n>p2 move nastyplot\n>p2 switch 6\n>p1 switch 6\n>p2 move hurricane\n>p1 move suckerpunch\n>p2 move thunderbolt\n>p1 switch 5\n>p1 move shadowball\n>p2 switch 4\n>p1 move focusblast\n>p2 move hypervoice\n>p2 switch 5\n>p1 move shadowball\n>p2 move leafblade\n>p1 switch 2\n>p1 move malignantchain\n>p2 move psyblade\n>p1 switch 3\n>p2 move leafblade\n>p1 switch 4\n>p2 switch 4\n>p1 move scald\n>p2 move thunderbolt\n>p1 move recover\n>p2 switch 2\n>p1 move dragontail\n>p2 move scald\n>p1 move icebeam\n>p2 move roost\n>p1 move scald\n>p2 move roost\n>p1 move icebeam\n>p2 move thunderwave\n>p2 switch 2\n>p1 switch 6\n>p2 move takeheart\n>p1 move leafstorm\n>p2 move scald\n>p1 move leafstorm\n>p2 move scald", "uploadtime": 1733782916, "views": 1, "formatid": "gen9randombattle", "rating": 2082, "private": 0, "password": null}