{"id": "gen9randombattle-2253500398", "format": "[Gen 9] Random Battle", "players": ["Qiuescent", "sadnom!"], "log": "|j|\u203dQiuescent\n|j|\u2606sadnom!\n|t:|1732901142\n|gametype|singles\n|player|p1|Qiuescent|2|2283\n|player|p2|sadnom!|lucas|2256\n|teamsize|p1|6\n|teamsize|p2|6\n|gen|9\n|tier|[Gen 9] Random Battle\n|rated|\n|rule|Species Clause: Limit one of each Pok\u00e9mon\n|rule|HP Percentage Mod: HP is shown in percentages\n|rule|Sleep Clause Mod: Limit one foe put to sleep\n|rule|Illusion Level Mod: Illusion disguises the Pok\u00e9mon's true level\n|\n|t:|1732901142\n|start\n|switch|p1a: Crawdaunt|Crawdaunt, L84, M|243/243\n|switch|p2a: Gliscor|Gliscor, L76, F|239/239\n|turn|1\n|inactive|Battle timer is ON: inactive players will automatically lose when time's up. (requested by sadnom!)\n|inactive|sadnom! has 120 seconds left.\n|\n|t:|1732901187\n|move|p2a: Gliscor|Toxic|p1a: Crawdaunt\n|-status|p1a: Crawdaunt|tox\n|move|p1a: Crawdaunt|Crabhammer|p2a: Gliscor\n|-supereffective|p2a: Gliscor\n|-damage|p2a: Gliscor|0 fnt\n|faint|p2a: Gliscor\n|-damage|p1a: Crawdaunt|219/243 tox|[from] item: Life Orb\n|\n|-damage|p1a: Crawdaunt|204/243 tox|[from] psn\n|upkeep\n|\n|t:|1732901196\n|switch|p2a: Munkidori|Munkidori, L79, M|269/269\n|turn|2\n|\n|t:|1732901211\n|move|p2a: Munkidori|Fake Out|p1a: Crawdaunt\n|-damage|p1a: Crawdaunt|181/243 tox\n|cant|p1a: Crawdaunt|flinch\n|\n|-damage|p1a: Crawdaunt|151/243 tox|[from] psn\n|upkeep\n|turn|3\n|\n|t:|1732901235\n|move|p2a: Munkidori|Sludge Wave|p1a: Crawdaunt\n|-damage|p1a: Crawdaunt|0 fnt\n|faint|p1a: Crawdaunt\n|\n|upkeep\n|\n|t:|1732901240\n|switch|p1a: Rhyperior|Rhyperior, L82, M|323/323\n|turn|4\n|\n|t:|1732901248\n|move|p2a: Munkidori|U-turn|p1a: Rhyperior\n|-damage|p1a: Rhyperior|294/323\n|\n|t:|1732901250\n|switch|p2a: Brambleghast|Brambleghast, L88, M|240/240|[from] U-turn\n|move|p1a: Rhyperior|Earthquake|p2a: Brambleghast\n|-resisted|p2a: Brambleghast\n|-damage|p2a: Brambleghast|168/240\n|\n|upkeep\n|turn|5\n|\n|t:|1732901260\n|switch|p1a: Volcarona|Volcarona, L77, M|257/257\n|move|p2a: Brambleghast|Power Whip|p1a: Volcarona|[miss]\n|-miss|p2a: Brambleghast|p1a: Volcarona\n|\n|upkeep\n|turn|6\n|\n|t:|1732901266\n|move|p2a: Brambleghast|Poltergeist|p1a: Volcarona|[miss]\n|-miss|p2a: Brambleghast|p1a: Volcarona\n|move|p1a: Volcarona|Fire Blast|p2a: Brambleghast\n|-supereffective|p2a: Brambleghast\n|-damage|p2a: Brambleghast|0 fnt\n|faint|p2a: Brambleghast\n|\n|upkeep\n|j| Pqwerty\n|\n|t:|1732901272\n|switch|p2a: Munkidori|Munkidori, L79, M|269/269\n|turn|7\n|\n|t:|1732901278\n|switch|p1a: Rhyperior|Rhyperior, L82, M|294/323\n|move|p2a: Munkidori|Psychic Noise|p1a: Rhyperior\n|-damage|p1a: Rhyperior|213/323\n|-start|p1a: Rhyperior|move: Heal Block\n|\n|upkeep\n|turn|8\n|\n|t:|1732901284\n|move|p2a: Munkidori|U-turn|p1a: Rhyperior\n|-crit|p1a: Rhyperior\n|-damage|p1a: Rhyperior|173/323\n|\n|t:|1732901286\n|switch|p2a: Ribombee|Ribombee, L82, F|233/233|[from] U-turn\n|move|p1a: Rhyperior|Earthquake|p2a: Ribombee\n|-resisted|p2a: Ribombee\n|-damage|p2a: Ribombee|144/233\n|\n|-end|p1a: Rhyperior|move: Heal Block\n|upkeep\n|turn|9\n|\n|t:|1732901303\n|switch|p2a: Solgaleo|Solgaleo, L74|325/325\n|move|p1a: Rhyperior|Stone Edge|p2a: Solgaleo\n|-resisted|p2a: Solgaleo\n|-damage|p2a: Solgaleo|259/325\n|\n|upkeep\n|turn|10\n|\n|t:|1732901309\n|switch|p1a: Volcarona|Volcarona, L77, M|257/257\n|move|p2a: Solgaleo|Sunsteel Strike|p1a: Volcarona\n|-resisted|p1a: Volcarona\n|-damage|p1a: Volcarona|179/257\n|-status|p2a: Solgaleo|brn|[from] ability: Flame Body|[of] p1a: Volcarona\n|\n|-damage|p2a: Solgaleo|239/325 brn|[from] brn\n|upkeep\n|turn|11\n|\n|t:|1732901316\n|switch|p2a: Munkidori|Munkidori, L79, M|269/269\n|move|p1a: Volcarona|Fire Blast|p2a: Munkidori\n|-damage|p2a: Munkidori|182/269\n|\n|upkeep\n|turn|12\n|\n|t:|1732901322\n|switch|p1a: Rhyperior|Rhyperior, L82, M|173/323\n|move|p2a: Munkidori|Psychic Noise|p1a: Rhyperior\n|-damage|p1a: Rhyperior|88/323\n|-start|p1a: Rhyperior|move: Heal Block\n|\n|upkeep\n|turn|13\n|\n|t:|1732901328\n|move|p2a: Munkidori|U-turn|p1a: Rhyperior\n|-damage|p1a: Rhyperior|59/323\n|\n|t:|1732901330\n|switch|p2a: Solgaleo|Solgaleo, L74|239/325 brn|[from] U-turn\n|move|p1a: Rhyperior|Earthquake|p2a: Solgaleo\n|-supereffective|p2a: Solgaleo\n|-damage|p2a: Solgaleo|0 fnt\n|faint|p2a: Solgaleo\n|\n|-end|p1a: Rhyperior|move: Heal Block\n|upkeep\n|inactive|sadnom! has 120 seconds left.\n|\n|t:|1732901374\n|switch|p2a: Munkidori|Munkidori, L79, M|182/269\n|turn|14\n|\n|t:|1732901379\n|move|p2a: Munkidori|Psychic Noise|p1a: Rhyperior\n|-damage|p1a: Rhyperior|0 fnt\n|faint|p1a: Rhyperior\n|\n|upkeep\n|\n|t:|1732901387\n|switch|p1a: Espathra|Espathra, L80, M|283/283\n|turn|15\n|inactive|sadnom! has 120 seconds left.\n|\n|t:|1732901398\n|-terastallize|p2a: Munkidori|Dark\n|move|p1a: Espathra|Lumina Crash|p2a: Munkidori\n|-immune|p2a: Munkidori\n|move|p2a: Munkidori|Sludge Wave|p1a: Espathra\n|-damage|p1a: Espathra|133/283\n|-status|p1a: Espathra|tox|[from] ability: Toxic Chain|[of] p2a: Munkidori\n|\n|-damage|p1a: Espathra|116/283 tox|[from] psn\n|-ability|p1a: Espathra|Speed Boost|boost\n|-boost|p1a: Espathra|spe|1\n|upkeep\n|turn|16\n|inactive|sadnom! has 120 seconds left.\n|\n|t:|1732901408\n|switch|p2a: Ribombee|Ribombee, L82, F|144/233\n|move|p1a: Espathra|Lumina Crash|p2a: Ribombee\n|-damage|p2a: Ribombee|0 fnt\n|faint|p2a: Ribombee\n|\n|-damage|p1a: Espathra|82/283 tox|[from] psn\n|-ability|p1a: Espathra|Speed Boost|boost\n|-boost|p1a: Espathra|spe|1\n|upkeep\n|inactive|sadnom! has 120 seconds left.\n|\n|t:|1732901418\n|switch|p2a: Munkidori|Munkidori, L79, M, tera:Dark|182/269\n|turn|17\n|\n|t:|1732901422\n|move|p1a: Espathra|Lumina Crash|p2a: Munkidori\n|-immune|p2a: Munkidori\n|move|p2a: Munkidori|Sludge Wave|p1a: Espathra\n|-damage|p1a: Espathra|0 fnt\n|faint|p1a: Espathra\n|\n|upkeep\n|\n|t:|1732901425\n|switch|p1a: Tauros|Tauros, L82, M|257/257\n|turn|18\n|\n|t:|1732901431\n|move|p1a: Tauros|Close Combat|p2a: Munkidori\n|-supereffective|p2a: Munkidori\n|-damage|p2a: Munkidori|0 fnt\n|-unboost|p1a: Tauros|def|1\n|-unboost|p1a: Tauros|spd|1\n|faint|p2a: Munkidori\n|-damage|p1a: Tauros|232/257|[from] item: Life Orb\n|\n|upkeep\n|\n|t:|1732901433\n|switch|p2a: Kingdra|Kingdra, L84, F|263/263\n|turn|19\n|\n|t:|1732901437\n|move|p1a: Tauros|Body Slam|p2a: Kingdra\n|-damage|p2a: Kingdra|111/263\n|move|p2a: Kingdra|Rain Dance|p2a: Kingdra\n|-weather|RainDance\n|\n|-weather|RainDance|[upkeep]\n|upkeep\n|turn|20\n|inactive|sadnom! has 120 seconds left.\n|\n|t:|1732901478\n|move|p2a: Kingdra|Draco Meteor|p1a: Tauros\n|-damage|p1a: Tauros|0 fnt\n|-unboost|p2a: Kingdra|spa|2\n|faint|p1a: Tauros\n|-damage|p2a: Kingdra|85/263|[from] item: Life Orb\n|\n|-weather|RainDance|[upkeep]\n|upkeep\n|\n|t:|1732901484\n|switch|p1a: Volcarona|Volcarona, L77, M|179/257\n|turn|21\n|inactive|sadnom! has 120 seconds left.\n|\n|t:|1732901492\n|move|p2a: Kingdra|Wave Crash|p1a: Volcarona\n|-supereffective|p1a: Volcarona\n|-damage|p1a: Volcarona|0 fnt\n|-status|p2a: Kingdra|brn|[from] ability: Flame Body|[of] p1a: Volcarona\n|faint|p1a: Volcarona\n|-damage|p2a: Kingdra|26/263 brn|[from] Recoil\n|-damage|p2a: Kingdra|0 fnt|[from] item: Life Orb\n|faint|p2a: Kingdra\n|\n|win|Qiuescent\n|raw|Qiuescent's rating: 2283 &rarr; <strong>2301</strong><br />(+18 for winning)\n|raw|sadnom!'s rating: 2256 &rarr; <strong>2238</strong><br />(-18 for losing)\n|l|\u2606sadnom!\n|player|p2|\n", "inputlog": ">version b107d77f5c90bd6555267ae244a6264823309ead\n>start {\"formatid\":\"gen9randombattle\",\"seed\":[7504,51554,32687,2613],\"rated\":\"Rated battle\"}\n>player p1 {\"name\":\"Qiuescent\",\"avatar\":\"2\",\"rating\":2283,\"seed\":[51092,56829,15894,60507]}\n>player p2 {\"name\":\"sadnom!\",\"avatar\":\"lucas\",\"rating\":2256,\"seed\":[61835,57833,46570,46975]}\n>p1 move crabhammer\n>p2 move toxic\n>p2 switch 3\n>p1 move knockoff\n>p2 move fakeout\n>p1 move knockoff\n>p2 move sludgewave\n>p1 switch 6\n>p1 move earthquake\n>p2 move uturn\n>p2 switch 6\n>p1 switch 2\n>p2 move powerwhip\n>p1 move fireblast\n>p2 move poltergeist\n>p2 switch 6\n>p1 switch 2\n>p2 move psychicnoise\n>p1 move earthquake\n>p2 move uturn\n>p2 switch 4\n>p1 move stoneedge\n>p2 switch 2\n>p1 switch 2\n>p2 move sunsteelstrike\n>p1 move fireblast\n>p2 switch 4\n>p1 switch 2\n>p2 move psychicnoise\n>p1 move earthquake\n>p2 move uturn\n>p2 switch 4\n>p2 switch 4\n>p1 move earthquake\n>p2 move psychicnoise\n>p1 switch 4\n>p1 move luminacrash\n>p2 move sludgewave terastallize\n>p1 move luminacrash\n>p2 switch 2\n>p2 switch 2\n>p1 move luminacrash\n>p2 move sludgewave\n>p1 switch 5\n>p1 move closecombat\n>p2 move sludgewave\n>p2 switch 5\n>p1 move bodyslam\n>p2 move raindance\n>p1 move bodyslam\n>p2 move dracometeor\n>p1 switch 2\n>p1 move bugbuzz\n>p2 move wavecrash", "uploadtime": 1732901502, "views": 12, "formatid": "gen9randombattle", "rating": 2238, "private": 0, "password": null}