{"id": "gen9randombattle-2259899549", "format": "[Gen 9] Random Battle", "players": ["CTRL2048", "yungdrillayg"], "log": "|j|\u2606CTRL2048\n|j|\u2606yungdrillayg\n|t:|1733777867\n|gametype|singles\n|player|p1|CTRL2048|1|1051\n|player|p2|yungdrillayg|ghetsis|1086\n|teamsize|p1|6\n|teamsize|p2|6\n|gen|9\n|tier|[Gen 9] Random Battle\n|rated|\n|rule|Species Clause: Limit one of each Pok\u00e9mon\n|rule|HP Percentage Mod: HP is shown in percentages\n|rule|Sleep Clause Mod: Limit one foe put to sleep\n|rule|Illusion Level Mod: Illusion disguises the Pok\u00e9mon's true level\n|\n|t:|1733777867\n|start\n|switch|p1a: Overqwil|Overqwil, L82, M|274/274\n|switch|p2a: Shiftry|Shiftry, L89, M|305/305\n|-ability|p1a: Overqwil|Intimidate|boost\n|-unboost|p2a: Shiftry|atk|1\n|turn|1\n|inactive|Battle timer is ON: inactive players will automatically lose when time's up. (requested by yungdrillayg)\n|\n|t:|1733777887\n|move|p2a: Shiftry|Tailwind|p2a: Shiftry\n|-sidestart|p2: yungdrillayg|move: Tailwind\n|-ability|p2a: Shiftry|Wind Rider|boost\n|-boost|p2a: Shiftry|atk|1\n|move|p1a: Overqwil|Swords Dance|p1a: Overqwil\n|-boost|p1a: Overqwil|atk|2\n|\n|upkeep\n|turn|2\n|\n|t:|1733777907\n|move|p2a: Shiftry|Low Kick|p1a: Overqwil\n|-damage|p1a: Overqwil|196/274\n|-damage|p2a: Shiftry|275/305|[from] item: Life Orb\n|move|p1a: Overqwil|Gunk Shot|p2a: Shiftry\n|-supereffective|p2a: Shiftry\n|-damage|p2a: Shiftry|0 fnt\n|faint|p2a: Shiftry\n|-damage|p1a: Overqwil|169/274|[from] item: Life Orb\n|\n|upkeep\n|inactive|yungdrillayg has 120 seconds left.\n|\n|t:|1733777946\n|switch|p2a: Mismagius|Mismagius, L86, F|243/243\n|turn|3\n|\n|t:|1733777953\n|move|p2a: Mismagius|Shadow Ball|p1a: Overqwil\n|-resisted|p1a: Overqwil\n|-damage|p1a: Overqwil|113/274\n|move|p1a: Overqwil|Swords Dance|p1a: Overqwil\n|-boost|p1a: Overqwil|atk|2\n|\n|upkeep\n|turn|4\n|\n|t:|1733777963\n|-terastallize|p1a: Overqwil|Water\n|move|p2a: Mismagius|Tera Blast|p1a: Overqwil\n|-damage|p1a: Overqwil|39/274\n|move|p1a: Overqwil|Crunch|p2a: Mismagius\n|-supereffective|p2a: Mismagius\n|-damage|p2a: Mismagius|0 fnt\n|faint|p2a: Mismagius\n|-damage|p1a: Overqwil|12/274|[from] item: Life Orb\n|\n|-sideend|p2: yungdrillayg|move: Tailwind\n|upkeep\n|\n|t:|1733777970\n|switch|p2a: Porygon2|Porygon2, L82|274/274\n|-ability|p2a: Porygon2|Download|boost\n|-boost|p2a: Porygon2|spa|1\n|turn|5\n|\n|t:|1733777981\n|move|p1a: Overqwil|Gunk Shot|p2a: Porygon2\n|-damage|p2a: Porygon2|0 fnt\n|faint|p2a: Porygon2\n|-damage|p1a: Overqwil|0 fnt|[from] item: Life Orb\n|faint|p1a: Overqwil\n|\n|upkeep\n|inactive|yungdrillayg has 120 seconds left.\n|\n|t:|1733777992\n|switch|p1a: Kricketune|Kricketune, L99, M|312/312\n|switch|p2a: Gogoat|Gogoat, L88, F|360/360\n|turn|6\n|c|\u2606yungdrillayg|F U KNEEGROW\n|inactive|yungdrillayg has 120 seconds left.\n|\n|t:|1733778003\n|move|p1a: Kricketune|Sticky Web|p2a: Gogoat\n|-sidestart|p2: yungdrillayg|move: Sticky Web\n|move|p2a: Gogoat|Bulk Up|p2a: Gogoat\n|-boost|p2a: Gogoat|atk|1\n|-boost|p2a: Gogoat|def|1\n|\n|upkeep\n|turn|7\n|inactive|yungdrillayg has 120 seconds left.\n|\n|t:|1733778020\n|-terastallize|p2a: Gogoat|Water\n|move|p1a: Kricketune|Knock Off|p2a: Gogoat\n|-damage|p2a: Gogoat|290/360\n|-enditem|p2a: Gogoat|Leftovers|[from] move: Knock Off|[of] p1a: Kricketune\n|move|p2a: Gogoat|Bulk Up|p2a: Gogoat\n|-boost|p2a: Gogoat|atk|1\n|-boost|p2a: Gogoat|def|1\n|\n|upkeep\n|turn|8\n|inactive|yungdrillayg has 120 seconds left.\n|\n|t:|1733778037\n|move|p1a: Kricketune|Taunt|p2a: Gogoat\n|-start|p2a: Gogoat|move: Taunt\n|move|p2a: Gogoat|Horn Leech|p1a: Kricketune\n|-resisted|p1a: Kricketune\n|-damage|p1a: Kricketune|198/312\n|-heal|p2a: Gogoat|347/360|[from] drain|[of] p1a: Kricketune\n|\n|upkeep\n|turn|9\n|inactive|yungdrillayg has 120 seconds left.\n|\n|t:|1733778046\n|move|p1a: Kricketune|Pounce|p2a: Gogoat\n|-damage|p2a: Gogoat|281/360\n|-unboost|p2a: Gogoat|spe|1\n|move|p2a: Gogoat|Rock Slide|p1a: Kricketune\n|-supereffective|p1a: Kricketune\n|-damage|p1a: Kricketune|0 fnt\n|faint|p1a: Kricketune\n|\n|upkeep\n|\n|t:|1733778060\n|switch|p1a: Forretress|Forretress, L84, F|263/263\n|turn|10\n|\n|t:|1733778068\n|move|p1a: Forretress|Spikes|p2a: Gogoat\n|-sidestart|p2: yungdrillayg|Spikes\n|move|p2a: Gogoat|Horn Leech|p1a: Forretress\n|-resisted|p1a: Forretress\n|-damage|p1a: Forretress|230/263\n|-heal|p2a: Gogoat|298/360|[from] drain|[of] p1a: Forretress\n|\n|-heal|p1a: Forretress|246/263|[from] item: Leftovers\n|-end|p2a: Gogoat|move: Taunt\n|upkeep\n|turn|11\n|\n|t:|1733778078\n|move|p1a: Forretress|Iron Head|p2a: Gogoat\n|-resisted|p2a: Gogoat\n|-damage|p2a: Gogoat|275/360\n|cant|p2a: Gogoat|flinch\n|\n|-heal|p1a: Forretress|262/263|[from] item: Leftovers\n|upkeep\n|turn|12\n|\n|t:|1733778102\n|move|p1a: Forretress|Body Press|p2a: Gogoat\n|-damage|p2a: Gogoat|227/360\n|move|p2a: Gogoat|Bulk Up|p2a: Gogoat\n|-boost|p2a: Gogoat|atk|1\n|-boost|p2a: Gogoat|def|1\n|\n|-heal|p1a: Forretress|263/263|[from] item: Leftovers\n|upkeep\n|turn|13\n|\n|t:|1733778113\n|move|p1a: Forretress|Body Press|p2a: Gogoat\n|-damage|p2a: Gogoat|192/360\n|move|p2a: Gogoat|Bulk Up|p2a: Gogoat\n|-boost|p2a: Gogoat|atk|1\n|-boost|p2a: Gogoat|def|1\n|\n|upkeep\n|turn|14\n|\n|t:|1733778122\n|move|p1a: Forretress|Body Press|p2a: Gogoat\n|-damage|p2a: Gogoat|158/360\n|move|p2a: Gogoat|Milk Drink|p2a: Gogoat\n|-heal|p2a: Gogoat|338/360\n|\n|upkeep\n|turn|15\n|\n|t:|1733778135\n|move|p1a: Forretress|Body Press|p2a: Gogoat\n|-damage|p2a: Gogoat|306/360\n|move|p2a: Gogoat|Bulk Up|p2a: Gogoat\n|-boost|p2a: Gogoat|atk|1\n|-boost|p2a: Gogoat|def|1\n|\n|upkeep\n|turn|16\n|\n|t:|1733778143\n|move|p1a: Forretress|Body Press|p2a: Gogoat\n|-damage|p2a: Gogoat|277/360\n|move|p2a: Gogoat|Bulk Up|p2a: Gogoat\n|-boost|p2a: Gogoat|atk|1\n|-boost|p2a: Gogoat|def|1\n|\n|upkeep\n|turn|17\n|\n|t:|1733778152\n|move|p1a: Forretress|Body Press|p2a: Gogoat\n|-damage|p2a: Gogoat|252/360\n|move|p2a: Gogoat|Horn Leech|p1a: Forretress\n|-resisted|p1a: Forretress\n|-damage|p1a: Forretress|205/263\n|-heal|p2a: Gogoat|281/360|[from] drain|[of] p1a: Forretress\n|\n|-heal|p1a: Forretress|221/263|[from] item: Leftovers\n|upkeep\n|turn|18\n|\n|t:|1733778169\n|move|p1a: Forretress|Rapid Spin|p2a: Gogoat\n|-damage|p2a: Gogoat|270/360\n|-boost|p1a: Forretress|spe|1\n|move|p2a: Gogoat|Rock Slide|p1a: Forretress\n|-damage|p1a: Forretress|62/263\n|\n|-heal|p1a: Forretress|78/263|[from] item: Leftovers\n|upkeep\n|turn|19\n|\n|t:|1733778181\n|move|p1a: Forretress|Iron Head|p2a: Gogoat\n|-resisted|p2a: Gogoat\n|-damage|p2a: Gogoat|257/360\n|cant|p2a: Gogoat|flinch\n|\n|-heal|p1a: Forretress|94/263|[from] item: Leftovers\n|upkeep\n|turn|20\n|\n|t:|1733778188\n|move|p1a: Forretress|Iron Head|p2a: Gogoat\n|-resisted|p2a: Gogoat\n|-crit|p2a: Gogoat\n|-damage|p2a: Gogoat|186/360\n|cant|p2a: Gogoat|flinch\n|\n|-heal|p1a: Forretress|110/263|[from] item: Leftovers\n|upkeep\n|turn|21\n|\n|t:|1733778194\n|move|p1a: Forretress|Iron Head|p2a: Gogoat\n|-resisted|p2a: Gogoat\n|-damage|p2a: Gogoat|173/360\n|move|p2a: Gogoat|Milk Drink|p2a: Gogoat\n|-heal|p2a: Gogoat|353/360\n|\n|-heal|p1a: Forretress|126/263|[from] item: Leftovers\n|upkeep\n|turn|22\n|\n|t:|1733778201\n|move|p1a: Forretress|Iron Head|p2a: Gogoat\n|-resisted|p2a: Gogoat\n|-damage|p2a: Gogoat|341/360\n|move|p2a: Gogoat|Rock Slide|p1a: Forretress\n|-damage|p1a: Forretress|0 fnt\n|faint|p1a: Forretress\n|\n|upkeep\n|\n|t:|1733778217\n|switch|p1a: Basculegion|Basculegion, L81, M|327/327\n|turn|23\n|\n|t:|1733778229\n|move|p1a: Basculegion|Shadow Ball|p2a: Gogoat\n|-damage|p2a: Gogoat|253/360\n|move|p2a: Gogoat|Horn Leech|p1a: Basculegion\n|-supereffective|p1a: Basculegion\n|-damage|p1a: Basculegion|0 fnt\n|-heal|p2a: Gogoat|360/360|[from] drain|[of] p1a: Basculegion\n|faint|p1a: Basculegion\n|\n|upkeep\n|\n|t:|1733778241\n|switch|p1a: Maushold|Maushold, L76|238/238\n|turn|24\n|\n|t:|1733778254\n|move|p1a: Maushold|Population Bomb|p2a: Gogoat\n|-damage|p2a: Gogoat|353/360\n|-damage|p2a: Gogoat|346/360\n|-damage|p2a: Gogoat|339/360\n|-damage|p2a: Gogoat|332/360\n|-damage|p2a: Gogoat|325/360\n|-damage|p2a: Gogoat|318/360\n|-damage|p2a: Gogoat|311/360\n|-damage|p2a: Gogoat|304/360\n|-damage|p2a: Gogoat|297/360\n|-damage|p2a: Gogoat|290/360\n|-hitcount|p2a: Gogoat|10\n|move|p2a: Gogoat|Rock Slide|p1a: Maushold\n|-damage|p1a: Maushold|0 fnt\n|faint|p1a: Maushold\n|\n|upkeep\n|c|\u2606yungdrillayg|wth\n|inactive|CTRL2048 has 120 seconds left.\n|\n|t:|1733778272\n|switch|p1a: Deoxys|Deoxys-Speed, L82|216/216\n|-ability|p1a: Deoxys|Pressure\n|turn|25\n|\n|t:|1733778280\n|move|p1a: Deoxys|Nasty Plot|p1a: Deoxys\n|-boost|p1a: Deoxys|spa|2\n|move|p2a: Gogoat|Horn Leech|p1a: Deoxys\n|-damage|p1a: Deoxys|0 fnt\n|-heal|p2a: Gogoat|360/360|[from] drain|[of] p1a: Deoxys\n|faint|p1a: Deoxys\n|\n|win|yungdrillayg\n", "inputlog": ">version bfd83cad13791eb5a5a409923076391caf6fb4d4\n>start {\"formatid\":\"gen9randombattle\",\"seed\":[64951,9587,20577,28243],\"rated\":\"Rated battle\"}\n>player p1 {\"name\":\"CTRL2048\",\"avatar\":\"1\",\"rating\":1051,\"seed\":[31887,42812,22964,38055]}\n>player p2 {\"name\":\"yungdrillayg\",\"avatar\":\"ghetsis\",\"rating\":1086,\"seed\":[21179,11160,58886,45752]}\n>p1 move swordsdance\n>p2 move tailwind\n>p1 move gunkshot\n>p2 move lowkick\n>p2 switch 6\n>p1 move swordsdance\n>p2 move shadowball\n>p1 move crunch terastallize\n>p2 move terablast\n>p2 switch 5\n>p1 move gunkshot\n>p2 move triattack\n>p1 switch 6\n>p2 switch 2\n>chat \u2606yungdrillayg|F U KNEEGROW\n>p1 move stickyweb\n>p2 move bulkup\n>p1 move knockoff\n>p2 move bulkup terastallize\n>p1 move taunt\n>p2 move hornleech\n>p1 move pounce\n>p2 move rockslide\n>p1 switch 5\n>p1 move spikes\n>p2 move hornleech\n>p1 move ironhead\n>p2 move rockslide\n>p1 move bodypress\n>p2 move bulkup\n>p1 move bodypress\n>p2 move bulkup\n>p1 move bodypress\n>p2 move milkdrink\n>p1 move bodypress\n>p2 move bulkup\n>p1 move bodypress\n>p2 move bulkup\n>p1 move bodypress\n>p2 move hornleech\n>p1 move rapidspin\n>p2 move rockslide\n>p1 move ironhead\n>p2 move milkdrink\n>p1 move ironhead\n>p2 move milkdrink\n>p1 move ironhead\n>p2 move milkdrink\n>p1 move ironhead\n>p2 move rockslide\n>p1 switch 2\n>p1 move shadowball\n>p2 move hornleech\n>p1 switch 4\n>p1 move populationbomb\n>p2 move rockslide\n>chat \u2606yungdrillayg|wth\n>p1 switch 3\n>p1 move nastyplot\n>p2 move hornleech", "uploadtime": 1733777995, "views": 1, "formatid": "gen9randombattle", "rating": null, "private": 0, "password": null}