{"id": "gen9randombattle-2260275411", "format": "[Gen 9] Random Battle", "players": ["Eggcho", "szfzs"], "log": "|j|\u2606Eggcho\n|j|\u2606szfzs\n|t:|1733833716\n|gametype|singles\n|player|p1|Eggcho|pokemaniac|1082\n|player|p2|szfzs|170|1076\n|teamsize|p1|6\n|teamsize|p2|6\n|gen|9\n|tier|[Gen 9] Random Battle\n|rated|\n|rule|Species Clause: Limit one of each Pok\u00e9mon\n|rule|HP Percentage Mod: HP is shown in percentages\n|rule|Sleep Clause Mod: Limit one foe put to sleep\n|rule|Illusion Level Mod: Illusion disguises the Pok\u00e9mon's true level\n|\n|t:|1733833716\n|start\n|switch|p1a: Amoonguss|Amoonguss, L82, F|321/321\n|switch|p2a: Rotom|Rotom-Wash, L82|216/216\n|turn|1\n|inactive|Battle timer is ON: inactive players will automatically lose when time's up. (requested by Eggcho)\n|\n|t:|1733833728\n|move|p2a: Rotom|Will-O-Wisp|p1a: Amoonguss\n|-status|p1a: Amoonguss|brn\n|move|p1a: Amoonguss|Spore|p2a: Rotom\n|-status|p2a: Rotom|slp|[from] move: Spore\n|\n|-damage|p1a: Amoonguss|301/321 brn|[from] brn\n|upkeep\n|turn|2\n|\n|t:|1733833739\n|cant|p2a: Rotom|slp\n|move|p1a: Amoonguss|Giga Drain|p2a: Rotom\n|-supereffective|p2a: Rotom\n|-damage|p2a: Rotom|102/216 slp\n|-heal|p1a: Amoonguss|321/321 brn|[from] drain|[of] p2a: Rotom\n|\n|-heal|p2a: Rotom|115/216 slp|[from] item: Leftovers\n|-damage|p1a: Amoonguss|301/321 brn|[from] brn\n|upkeep\n|turn|3\n|\n|t:|1733833767\n|-curestatus|p2a: Rotom|slp|[msg]\n|move|p2a: Rotom|Thunderbolt|p1a: Amoonguss\n|-resisted|p1a: Amoonguss\n|-damage|p1a: Amoonguss|246/321 brn\n|move|p1a: Amoonguss|Giga Drain|p2a: Rotom\n|-supereffective|p2a: Rotom\n|-damage|p2a: Rotom|0 fnt\n|-heal|p1a: Amoonguss|304/321 brn|[from] drain|[of] p2a: Rotom\n|faint|p2a: Rotom\n|\n|-damage|p1a: Amoonguss|284/321 brn|[from] brn\n|upkeep\n|inactive|szfzs has 120 seconds left.\n|\n|t:|1733833781\n|switch|p2a: Moltres|Moltres-Galar, L79|271/271\n|turn|4\n|\n|t:|1733833786\n|move|p2a: Moltres|Agility|p2a: Moltres\n|-boost|p2a: Moltres|spe|2\n|move|p1a: Amoonguss|Toxic|p2a: Moltres\n|-status|p2a: Moltres|tox\n|\n|-damage|p2a: Moltres|255/271 tox|[from] psn\n|-damage|p1a: Amoonguss|264/321 brn|[from] brn\n|upkeep\n|turn|5\n|\n|t:|1733833796\n|move|p2a: Moltres|Fiery Wrath|p1a: Amoonguss\n|-damage|p1a: Amoonguss|167/321 brn\n|cant|p1a: Amoonguss|flinch\n|\n|-damage|p2a: Moltres|223/271 tox|[from] psn\n|-damage|p1a: Amoonguss|147/321 brn|[from] brn\n|upkeep\n|turn|6\n|\n|t:|1733833805\n|switch|p1a: Registeel|Registeel, L81|262/262\n|move|p2a: Moltres|Fiery Wrath|p1a: Registeel\n|-damage|p1a: Registeel|204/262\n|\n|-damage|p2a: Moltres|175/271 tox|[from] psn\n|upkeep\n|turn|7\n|\n|t:|1733833812\n|move|p2a: Moltres|Hurricane|p1a: Registeel\n|-resisted|p1a: Registeel\n|-crit|p1a: Registeel\n|-damage|p1a: Registeel|154/262\n|move|p1a: Registeel|Iron Defense|p1a: Registeel\n|-boost|p1a: Registeel|def|2\n|\n|-damage|p2a: Moltres|111/271 tox|[from] psn\n|upkeep\n|turn|8\n|\n|t:|1733833820\n|move|p2a: Moltres|Nasty Plot|p2a: Moltres\n|-boost|p2a: Moltres|spa|2\n|move|p1a: Registeel|Iron Defense|p1a: Registeel\n|-boost|p1a: Registeel|def|2\n|\n|-damage|p2a: Moltres|31/271 tox|[from] psn\n|upkeep\n|turn|9\n|\n|t:|1733833827\n|move|p2a: Moltres|Fiery Wrath|p1a: Registeel\n|-damage|p1a: Registeel|27/262\n|cant|p1a: Registeel|flinch\n|\n|-damage|p2a: Moltres|0 fnt|[from] psn\n|faint|p2a: Moltres\n|upkeep\n|\n|t:|1733833840\n|switch|p2a: Deoxys|Deoxys-Attack, L72|191/191\n|-ability|p2a: Deoxys|Pressure\n|turn|10\n|\n|t:|1733833848\n|move|p2a: Deoxys|Extreme Speed|p1a: Registeel\n|-resisted|p1a: Registeel\n|-damage|p1a: Registeel|17/262\n|-damage|p2a: Deoxys|172/191|[from] item: Life Orb\n|move|p1a: Registeel|Rest|p1a: Registeel\n|-status|p1a: Registeel|slp|[from] move: Rest\n|-heal|p1a: Registeel|262/262 slp|[silent]\n|-enditem|p1a: Registeel|Chesto Berry|[eat]\n|-curestatus|p1a: Registeel|slp|[msg]\n|\n|upkeep\n|turn|11\n|\n|t:|1733833860\n|move|p2a: Deoxys|Superpower|p1a: Registeel\n|-supereffective|p1a: Registeel\n|-damage|p1a: Registeel|202/262\n|-unboost|p2a: Deoxys|atk|1\n|-unboost|p2a: Deoxys|def|1\n|-damage|p2a: Deoxys|153/191|[from] item: Life Orb\n|move|p1a: Registeel|Body Press|p2a: Deoxys\n|-resisted|p2a: Deoxys\n|-damage|p2a: Deoxys|0 fnt\n|faint|p2a: Deoxys\n|\n|upkeep\n|\n|t:|1733833869\n|switch|p2a: Latios|Latios, L78, M|253/253\n|turn|12\n|\n|t:|1733833875\n|move|p2a: Latios|Psyshock|p1a: Registeel\n|-resisted|p1a: Registeel\n|-damage|p1a: Registeel|189/262\n|move|p1a: Registeel|Body Press|p2a: Latios\n|-resisted|p2a: Latios\n|-damage|p2a: Latios|127/253\n|\n|upkeep\n|turn|13\n|\n|t:|1733833887\n|move|p2a: Latios|Draco Meteor|p1a: Registeel|[miss]\n|-miss|p2a: Latios|p1a: Registeel\n|move|p1a: Registeel|Iron Head|p2a: Latios\n|-damage|p2a: Latios|55/253\n|\n|upkeep\n|turn|14\n|\n|t:|1733833894\n|move|p2a: Latios|Recover|p2a: Latios\n|-heal|p2a: Latios|182/253\n|move|p1a: Registeel|Body Press|p2a: Latios\n|-resisted|p2a: Latios\n|-damage|p2a: Latios|63/253\n|\n|upkeep\n|turn|15\n|\n|t:|1733833900\n|move|p2a: Latios|Recover|p2a: Latios\n|-heal|p2a: Latios|190/253\n|move|p1a: Registeel|Body Press|p2a: Latios\n|-resisted|p2a: Latios\n|-damage|p2a: Latios|70/253\n|\n|upkeep\n|turn|16\n|\n|t:|1733833906\n|move|p2a: Latios|Recover|p2a: Latios\n|-heal|p2a: Latios|197/253\n|move|p1a: Registeel|Body Press|p2a: Latios\n|-resisted|p2a: Latios\n|-damage|p2a: Latios|64/253\n|\n|upkeep\n|turn|17\n|\n|t:|1733833915\n|move|p2a: Latios|Draco Meteor|p1a: Registeel\n|-resisted|p1a: Registeel\n|-damage|p1a: Registeel|127/262\n|-unboost|p2a: Latios|spa|2\n|move|p1a: Registeel|Iron Defense|p1a: Registeel\n|-boost|p1a: Registeel|def|2\n|\n|upkeep\n|turn|18\n|\n|t:|1733833921\n|move|p2a: Latios|Recover|p2a: Latios\n|-heal|p2a: Latios|191/253\n|move|p1a: Registeel|Body Press|p2a: Latios\n|-resisted|p2a: Latios\n|-damage|p2a: Latios|26/253\n|\n|upkeep\n|turn|19\n|\n|t:|1733833929\n|move|p2a: Latios|Draco Meteor|p1a: Registeel\n|-resisted|p1a: Registeel\n|-damage|p1a: Registeel|94/262\n|-unboost|p2a: Latios|spa|2\n|move|p1a: Registeel|Body Press|p2a: Latios\n|-resisted|p2a: Latios\n|-damage|p2a: Latios|0 fnt\n|faint|p2a: Latios\n|\n|upkeep\n|\n|t:|1733833935\n|switch|p2a: Eiscue|Eiscue, L88, F|272/272\n|turn|20\n|\n|t:|1733833939\n|move|p2a: Eiscue|Substitute|p2a: Eiscue\n|-start|p2a: Eiscue|Substitute\n|-damage|p2a: Eiscue|204/272\n|move|p1a: Registeel|Rest|p1a: Registeel\n|-status|p1a: Registeel|slp|[from] move: Rest\n|-heal|p1a: Registeel|262/262 slp|[silent]\n|\n|upkeep\n|turn|21\n|\n|t:|1733833948\n|move|p2a: Eiscue|Belly Drum|p2a: Eiscue\n|-damage|p2a: Eiscue|68/272\n|-setboost|p2a: Eiscue|atk|6|[from] move: Belly Drum\n|-enditem|p2a: Eiscue|Salac Berry|[eat]\n|-boost|p2a: Eiscue|spe|1|[from] item: Salac Berry\n|cant|p1a: Registeel|slp\n|\n|upkeep\n|turn|22\n|\n|t:|1733833962\n|move|p2a: Eiscue|Liquidation|p1a: Registeel\n|-damage|p1a: Registeel|221/262 slp\n|cant|p1a: Registeel|slp\n|\n|upkeep\n|turn|23\n|\n|t:|1733833968\n|move|p2a: Eiscue|Liquidation|p1a: Registeel\n|-damage|p1a: Registeel|179/262 slp\n|-curestatus|p1a: Registeel|slp|[msg]\n|move|p1a: Registeel|Body Press|p2a: Eiscue\n|-supereffective|p2a: Eiscue\n|-end|p2a: Eiscue|Substitute\n|\n|upkeep\n|turn|24\n|\n|t:|1733833977\n|move|p2a: Eiscue|Liquidation|p1a: Registeel\n|-damage|p1a: Registeel|139/262\n|move|p1a: Registeel|Iron Head|p2a: Eiscue\n|-activate|p2a: Eiscue|ability: Ice Face\n|-damage|p2a: Eiscue|68/272\n|detailschange|p2a: Eiscue|Eiscue-Noice, L88, F\n|\n|upkeep\n|turn|25\n|\n|t:|1733833984\n|move|p2a: Eiscue|Liquidation|p1a: Registeel\n|-damage|p1a: Registeel|98/262\n|move|p1a: Registeel|Body Press|p2a: Eiscue\n|-supereffective|p2a: Eiscue\n|-damage|p2a: Eiscue|0 fnt\n|faint|p2a: Eiscue\n|\n|upkeep\n|\n|t:|1733833988\n|switch|p2a: Scizor|Scizor, L79, F|240/240\n|turn|26\n|\n|t:|1733833996\n|move|p2a: Scizor|Close Combat|p1a: Registeel\n|-supereffective|p1a: Registeel\n|-damage|p1a: Registeel|56/262\n|-unboost|p2a: Scizor|def|1\n|-unboost|p2a: Scizor|spd|1\n|-damage|p2a: Scizor|216/240|[from] item: Life Orb\n|move|p1a: Registeel|Body Press|p2a: Scizor\n|-damage|p2a: Scizor|0 fnt\n|faint|p2a: Scizor\n|\n|win|Eggcho\n|raw|Eggcho's rating: 1082 &rarr; <strong>1109</strong><br />(+27 for winning)\n|raw|szfzs's rating: 1076 &rarr; <strong>1055</strong><br />(-21 for losing)\n", "inputlog": ">version bfd83cad13791eb5a5a409923076391caf6fb4d4\n>start {\"formatid\":\"gen9randombattle\",\"seed\":[19796,47129,50082,61316],\"rated\":\"Rated battle\"}\n>player p1 {\"name\":\"Eggcho\",\"avatar\":\"pokemaniac\",\"rating\":1082,\"seed\":[53499,62181,21943,48753]}\n>player p2 {\"name\":\"szfzs\",\"avatar\":\"170\",\"rating\":1076,\"seed\":[39895,42756,7031,33231]}\n>p1 move spore\n>p2 move willowisp\n>p1 move gigadrain\n>p2 move voltswitch\n>p1 move gigadrain\n>p2 move thunderbolt\n>p2 switch 6\n>p1 move toxic\n>p2 move agility\n>p1 move sludgebomb\n>p2 move fierywrath\n>p1 switch 3\n>p2 move fierywrath\n>p1 move irondefense\n>p2 move hurricane\n>p1 move irondefense\n>p2 move nastyplot\n>p1 move irondefense\n>p2 move fierywrath\n>p2 switch 3\n>p1 move rest\n>p2 move extremespeed\n>p1 move bodypress\n>p2 move superpower\n>p2 switch 5\n>p1 move bodypress\n>p2 move psyshock\n>p1 move ironhead\n>p2 move dracometeor\n>p1 move bodypress\n>p2 move recover\n>p1 move bodypress\n>p2 move recover\n>p1 move bodypress\n>p2 move recover\n>p1 move irondefense\n>p2 move dracometeor\n>p1 move bodypress\n>p2 move recover\n>p1 move bodypress\n>p2 move dracometeor\n>p2 switch 2\n>p1 move rest\n>p2 move substitute\n>p1 move bodypress\n>p2 move bellydrum\n>p1 move ironhead\n>p2 move liquidation\n>p1 move bodypress\n>p2 move liquidation\n>p1 move ironhead\n>p2 move liquidation\n>p1 move bodypress\n>p2 move liquidation\n>p2 switch 4\n>p1 move bodypress\n>p2 move closecombat", "uploadtime": 1733834007, "views": 2, "formatid": "gen9randombattle", "rating": 1055, "private": 0, "password": null}