{"id": "gen9randombattle-2133050475", "format": "[Gen 9] Random Battle", "players": ["ye im very bad", "Sylveon is so cute"], "log": "|badge|p1|gold|gen9randombattle|3-1\n|html|<div class=\"broadcast-red\"><strong>This battle is required to be public due to one or more player having a season medal.</strong><br />During the public phase, you can discuss the state of the ladder <a href=\"/seasondiscussion\">in a special chatroom.</a></div>\n|uhtml|medal-msg|<div class=\"broadcast-blue\">Curious what those medals under the avatar are? PS now has Ladder Seasons! For more information, check out the <a href=\"https://www.smogon.com/forums/threads/3740067/\">thread on Smogon.</a></div>\n|badge|p2|silver|gen9randombattle|30-1\n|uhtml|medal-msg|<div class=\"broadcast-blue\">Curious what those medals under the avatar are? PS now has Ladder Seasons! For more information, check out the <a href=\"https://www.smogon.com/forums/threads/3740067/\">thread on Smogon.</a></div>\n|raw|<div class=\"broadcast-blue\"><strong>This battle is required to be public due to a player having a name starting with 'medal'.</div>\n|j|\u203dye im very bad\n|j|\u2606Sylveon is so cute\n|t:|1717010502\n|gametype|singles\n|player|p1|ye im very bad|picnicker|2560\n|player|p2|Sylveon is so cute|#vgcwliikilowattrels|2462\n|teamsize|p1|6\n|teamsize|p2|6\n|gen|9\n|tier|[Gen 9] Random Battle\n|rated|\n|rule|Species Clause: Limit one of each Pok\u00e9mon\n|rule|HP Percentage Mod: HP is shown in percentages\n|rule|Sleep Clause Mod: Limit one foe put to sleep\n|rule|Illusion Level Mod: Illusion disguises the Pok\u00e9mon's true level\n|\n|t:|1717010502\n|start\n|switch|p1a: Pyroar|Pyroar, L88, F|295/295\n|switch|p2a: Gothitelle|Gothitelle, L90, M|272/272\n|-ability|p1a: Pyroar|Unnerve\n|turn|1\n|inactive|Battle timer is ON: inactive players will automatically lose when time's up. (requested by Sylveon is so cute)\n|inactive|ye im very bad also wants the timer to be on.\n|\n|t:|1717010510\n|move|p2a: Gothitelle|Focus Blast|p1a: Pyroar|[miss]\n|-miss|p2a: Gothitelle|p1a: Pyroar\n|move|p1a: Pyroar|Fire Blast|p2a: Gothitelle\n|-damage|p2a: Gothitelle|164/272\n|\n|upkeep\n|turn|2\n|\n|t:|1717010518\n|move|p2a: Gothitelle|Focus Blast|p1a: Pyroar|[miss]\n|-miss|p2a: Gothitelle|p1a: Pyroar\n|move|p1a: Pyroar|Dark Pulse|p2a: Gothitelle\n|-supereffective|p2a: Gothitelle\n|-damage|p2a: Gothitelle|62/272\n|\n|upkeep\n|turn|3\n|\n|t:|1717010522\n|move|p2a: Gothitelle|Focus Blast|p1a: Pyroar|[miss]\n|-miss|p2a: Gothitelle|p1a: Pyroar\n|move|p1a: Pyroar|Hyper Voice|p2a: Gothitelle\n|-damage|p2a: Gothitelle|0 fnt\n|faint|p2a: Gothitelle\n|\n|upkeep\n|\n|t:|1717010532\n|switch|p2a: Gouging Fire|Gouging Fire, L74|277/277\n|turn|4\n|\n|t:|1717010540\n|move|p1a: Pyroar|Work Up|p1a: Pyroar\n|-boost|p1a: Pyroar|atk|1\n|-boost|p1a: Pyroar|spa|1\n|move|p2a: Gouging Fire|Dragon Dance|p2a: Gouging Fire\n|-boost|p2a: Gouging Fire|atk|1\n|-boost|p2a: Gouging Fire|spe|1\n|\n|upkeep\n|turn|5\n|\n|t:|1717010542\n|move|p2a: Gouging Fire|Outrage|p1a: Pyroar\n|-damage|p1a: Pyroar|102/295\n|move|p1a: Pyroar|Hyper Voice|p2a: Gouging Fire\n|-damage|p2a: Gouging Fire|88/277\n|\n|upkeep\n|turn|6\n|\n|t:|1717010549\n|move|p2a: Gouging Fire|Outrage|p1a: Pyroar|[from]lockedmove\n|-damage|p1a: Pyroar|0 fnt\n|faint|p1a: Pyroar\n|\n|upkeep\n|\n|t:|1717010560\n|switch|p1a: Ho-Oh|Ho-Oh, L71|268/268\n|turn|7\n|\n|t:|1717010562\n|move|p2a: Gouging Fire|Outrage|p1a: Ho-Oh|[from]lockedmove\n|-damage|p1a: Ho-Oh|70/268\n|-start|p2a: Gouging Fire|confusion|[fatigue]\n|move|p1a: Ho-Oh|Earthquake|p2a: Gouging Fire\n|-supereffective|p2a: Gouging Fire\n|-damage|p2a: Gouging Fire|0 fnt\n|faint|p2a: Gouging Fire\n|-end|p2a: Gouging Fire|Protosynthesis|[silent]\n|\n|upkeep\n|\n|t:|1717010565\n|switch|p2a: Mabosstiff|Mabosstiff, L86, F|278/278\n|turn|8\n|\n|t:|1717010573\n|switch|p1a: Morpeko|Morpeko, L88, M|245/245\n|move|p2a: Mabosstiff|Retaliate|p1a: Morpeko\n|-damage|p1a: Morpeko|0 fnt\n|faint|p1a: Morpeko\n|\n|upkeep\n|\n|t:|1717010577\n|switch|p1a: Ho-Oh|Ho-Oh, L71|159/268\n|turn|9\n|\n|t:|1717010581\n|move|p2a: Mabosstiff|Retaliate|p1a: Ho-Oh\n|-damage|p1a: Ho-Oh|92/268\n|move|p1a: Ho-Oh|Sacred Fire|p2a: Mabosstiff\n|-damage|p2a: Mabosstiff|176/278\n|\n|upkeep\n|turn|10\n|\n|t:|1717010585\n|switch|p2a: Groudon|Groudon, L72|263/263\n|-weather|SunnyDay|[from] ability: Drought|[of] p2a: Groudon\n|move|p1a: Ho-Oh|Sacred Fire|p2a: Groudon\n|-damage|p2a: Groudon|145/263\n|-status|p2a: Groudon|brn\n|\n|-weather|SunnyDay|[upkeep]\n|-heal|p2a: Groudon|161/263 brn|[from] item: Leftovers\n|-damage|p2a: Groudon|145/263 brn|[from] brn\n|upkeep\n|turn|11\n|\n|t:|1717010603\n|switch|p1a: Appletun|Appletun, L92, M|352/352\n|move|p2a: Groudon|Thunder Wave|p1a: Appletun\n|-status|p1a: Appletun|par\n|\n|-weather|SunnyDay|[upkeep]\n|-heal|p2a: Groudon|161/263 brn|[from] item: Leftovers\n|-damage|p2a: Groudon|145/263 brn|[from] brn\n|upkeep\n|turn|12\n|\n|t:|1717010606\n|switch|p2a: Ribombee|Ribombee, L82, M|233/233\n|move|p1a: Appletun|Apple Acid|p2a: Ribombee\n|-resisted|p2a: Ribombee\n|-damage|p2a: Ribombee|167/233\n|\n|-weather|SunnyDay|[upkeep]\n|upkeep\n|turn|13\n|\n|t:|1717010612\n|switch|p1a: Ho-Oh|Ho-Oh, L71|181/268\n|move|p2a: Ribombee|U-turn|p1a: Ho-Oh\n|-resisted|p1a: Ho-Oh\n|-damage|p1a: Ho-Oh|167/268\n|\n|t:|1717010614\n|switch|p2a: Mabosstiff|Mabosstiff, L86, F|176/278|[from] U-turn\n|\n|-weather|SunnyDay|[upkeep]\n|upkeep\n|turn|14\n|\n|t:|1717010619\n|move|p2a: Mabosstiff|Crunch|p1a: Ho-Oh\n|-damage|p1a: Ho-Oh|43/268\n|move|p1a: Ho-Oh|Sacred Fire|p2a: Mabosstiff\n|-damage|p2a: Mabosstiff|46/278\n|-status|p2a: Mabosstiff|brn\n|\n|-weather|none\n|-damage|p2a: Mabosstiff|29/278 brn|[from] brn\n|upkeep\n|turn|15\n|\n|t:|1717010631\n|switch|p1a: Appletun|Appletun, L92, M|352/352 par\n|move|p2a: Mabosstiff|Crunch|p1a: Appletun\n|-damage|p1a: Appletun|256/352 par\n|\n|-heal|p1a: Appletun|278/352 par|[from] item: Leftovers\n|-damage|p2a: Mabosstiff|12/278 brn|[from] brn\n|upkeep\n|turn|16\n|\n|t:|1717010634\n|move|p2a: Mabosstiff|Crunch|p1a: Appletun\n|-damage|p1a: Appletun|225/352 par\n|cant|p1a: Appletun|par\n|\n|-heal|p1a: Appletun|247/352 par|[from] item: Leftovers\n|-damage|p2a: Mabosstiff|0 fnt|[from] brn\n|faint|p2a: Mabosstiff\n|upkeep\n|\n|t:|1717010635\n|switch|p2a: Bellossom|Bellossom, L84, M|263/263\n|turn|17\n|\n|t:|1717010641\n|switch|p1a: Ho-Oh|Ho-Oh, L71|132/268\n|move|p2a: Bellossom|Quiver Dance|p2a: Bellossom\n|-boost|p2a: Bellossom|spa|1\n|-boost|p2a: Bellossom|spd|1\n|-boost|p2a: Bellossom|spe|1\n|\n|upkeep\n|turn|18\n|\n|t:|1717010643\n|switch|p1a: Blissey|Blissey, L84, F|566/566\n|-terastallize|p2a: Bellossom|Poison\n|move|p2a: Bellossom|Quiver Dance|p2a: Bellossom\n|-boost|p2a: Bellossom|spa|1\n|-boost|p2a: Bellossom|spd|1\n|-boost|p2a: Bellossom|spe|1\n|\n|upkeep\n|turn|19\n|\n|t:|1717010647\n|move|p2a: Bellossom|Sleep Powder|p1a: Blissey\n|-status|p1a: Blissey|slp|[from] move: Sleep Powder\n|cant|p1a: Blissey|slp\n|\n|upkeep\n|turn|20\n|\n|t:|1717010651\n|move|p2a: Bellossom|Quiver Dance|p2a: Bellossom\n|-boost|p2a: Bellossom|spa|1\n|-boost|p2a: Bellossom|spd|1\n|-boost|p2a: Bellossom|spe|1\n|-curestatus|p1a: Blissey|slp|[msg]\n|move|p1a: Blissey|Thunder Wave|p2a: Bellossom\n|-status|p2a: Bellossom|par\n|\n|upkeep\n|turn|21\n|\n|t:|1717010662\n|switch|p1a: Appletun|Appletun, L92, M|247/352 par\n|move|p2a: Bellossom|Quiver Dance|p2a: Bellossom\n|-boost|p2a: Bellossom|spa|1\n|-boost|p2a: Bellossom|spd|1\n|-boost|p2a: Bellossom|spe|1\n|\n|-heal|p1a: Appletun|269/352 par|[from] item: Leftovers\n|upkeep\n|turn|22\n|-message|Sylveon is so cute forfeited.\n|\n|win|ye im very bad\n|raw|ye im very bad's rating: 2560 &rarr; <strong>2575</strong><br />(+15 for winning)\n|raw|Sylveon is so cute's rating: 2462 &rarr; <strong>2447</strong><br />(-15 for losing)\n|l|\u2606Sylveon is so cute\n|player|p2|\n|l|\u203dye im very bad\n|player|p1|\n", "inputlog": ">version 82ceab39522df80d6289bc3fb83a311a02ed08de\n>start {\"formatid\":\"gen9randombattle\",\"seed\":[41096,63271,18221,31696],\"rated\":\"Rated battle\"}\n>player p1 {\"name\":\"ye im very bad\",\"avatar\":\"picnicker\",\"rating\":2560,\"seed\":[47547,25995,28114,22388]}\n>player p2 {\"name\":\"Sylveon is so cute\",\"avatar\":\"#vgcwliikilowattrels\",\"rating\":2462,\"seed\":[55210,61057,41169,48143]}\n>p1 move fireblast\n>p2 move focusblast\n>p1 move darkpulse\n>p2 move focusblast\n>p1 move hypervoice\n>p2 move focusblast\n>p2 switch 3\n>p1 move workup\n>p2 move dragondance\n>p1 move hypervoice\n>p2 move outrage\n>p1 move hypervoice\n>p2 move outrage\n>p1 switch 4\n>p1 move earthquake\n>p2 move outrage\n>p2 switch 6\n>p1 switch 5\n>p2 move retaliate\n>p1 switch 5\n>p1 move sacredfire\n>p2 move retaliate\n>p1 move sacredfire\n>p2 switch 4\n>p1 switch 3\n>p2 move thunderwave\n>p1 move appleacid\n>p2 switch 5\n>p1 switch 3\n>p2 move uturn\n>p2 switch 4\n>p1 move sacredfire\n>p2 move crunch\n>p1 switch 3\n>p2 move crunch\n>p1 move recover\n>p2 move crunch\n>p2 switch 2\n>p1 switch 3\n>p2 move quiverdance\n>p1 switch 2\n>p2 move quiverdance terastallize\n>p1 move thunderwave\n>p2 move sleeppowder\n>p1 move thunderwave\n>p2 move quiverdance\n>p1 switch 3\n>p2 move quiverdance\n>forcelose p2", "uploadtime": 1717010966, "views": 314, "formatid": "gen9randombattle", "rating": 2447, "private": 0, "password": null}