{"id": "gen9randombattle-2260875551", "format": "[Gen 9] Random Battle", "players": ["Hdcubdbjcddx", "blazing3833"], "log": "|j|\u2606Hdcubdbjcddx\n|j|\u203dblazing3833\n|t:|1733908906\n|gametype|singles\n|player|p1|Hdcubdbjcddx|170|1000\n|player|p2|blazing3833|170|1018\n|teamsize|p1|6\n|teamsize|p2|6\n|gen|9\n|tier|[Gen 9] Random Battle\n|rated|\n|rule|Species Clause: Limit one of each Pok\u00e9mon\n|rule|HP Percentage Mod: HP is shown in percentages\n|rule|Sleep Clause Mod: Limit one foe put to sleep\n|rule|Illusion Level Mod: Illusion disguises the Pok\u00e9mon's true level\n|\n|t:|1733908906\n|start\n|switch|p1a: Torkoal|Torkoal, L88, M|266/266\n|switch|p2a: Morpeko|Morpeko, L88, M|245/245\n|-weather|SunnyDay|[from] ability: Drought|[of] p1a: Torkoal\n|turn|1\n|\n|t:|1733908931\n|move|p2a: Morpeko|Aura Wheel|p1a: Torkoal\n|-damage|p1a: Torkoal|181/266\n|-boost|p2a: Morpeko|spe|1\n|move|p1a: Torkoal|Lava Plume|p2a: Morpeko\n|-damage|p2a: Morpeko|88/245\n|\n|-weather|SunnyDay|[upkeep]\n|-heal|p2a: Morpeko|103/245|[from] item: Leftovers\n|-formechange|p2a: Morpeko|Morpeko-Hangry||[from] ability: Hunger Switch\n|upkeep\n|turn|2\n|\n|t:|1733908945\n|move|p2a: Morpeko|Knock Off|p1a: Torkoal\n|-damage|p1a: Torkoal|106/266\n|-enditem|p1a: Torkoal|Heavy-Duty Boots|[from] move: Knock Off|[of] p2a: Morpeko\n|move|p1a: Torkoal|Lava Plume|p2a: Morpeko\n|-damage|p2a: Morpeko|0 fnt\n|faint|p2a: Morpeko\n|\n|-weather|SunnyDay|[upkeep]\n|upkeep\n|\n|t:|1733908951\n|switch|p2a: Exeggutor|Exeggutor-Alola, L89, F|314/314\n|turn|3\n|\n|t:|1733908957\n|move|p2a: Exeggutor|Dragon Pulse|p1a: Torkoal\n|-damage|p1a: Torkoal|0 fnt\n|faint|p1a: Torkoal\n|\n|-weather|SunnyDay|[upkeep]\n|upkeep\n|\n|t:|1733908961\n|switch|p1a: Porygon2|Porygon2, L82|274/274\n|-ability|p1a: Porygon2|Download|boost\n|-boost|p1a: Porygon2|spa|1\n|turn|4\n|\n|t:|1733908966\n|move|p1a: Porygon2|Ice Beam|p2a: Exeggutor\n|-supereffective|p2a: Exeggutor\n|-damage|p2a: Exeggutor|0 fnt\n|faint|p2a: Exeggutor\n|\n|-weather|SunnyDay|[upkeep]\n|upkeep\n|\n|t:|1733908971\n|switch|p2a: Vigoroth|Vigoroth, L85, F|275/275\n|turn|5\n|\n|t:|1733908977\n|move|p2a: Vigoroth|Body Slam|p1a: Porygon2\n|-damage|p1a: Porygon2|216/274\n|move|p1a: Porygon2|Tri Attack|p2a: Vigoroth\n|-damage|p2a: Vigoroth|166/275\n|\n|-weather|none\n|upkeep\n|turn|6\n|\n|t:|1733908981\n|move|p2a: Vigoroth|Knock Off|p1a: Porygon2\n|-crit|p1a: Porygon2\n|-damage|p1a: Porygon2|152/274\n|-enditem|p1a: Porygon2|Eviolite|[from] move: Knock Off|[of] p2a: Vigoroth\n|move|p1a: Porygon2|Tri Attack|p2a: Vigoroth\n|-damage|p2a: Vigoroth|40/275\n|\n|upkeep\n|turn|7\n|\n|t:|1733908985\n|move|p2a: Vigoroth|Knock Off|p1a: Porygon2\n|-damage|p1a: Porygon2|107/274\n|move|p1a: Porygon2|Tri Attack|p2a: Vigoroth\n|-damage|p2a: Vigoroth|0 fnt\n|faint|p2a: Vigoroth\n|\n|upkeep\n|\n|t:|1733908987\n|switch|p2a: Regigigas|Regigigas, L84|322/322\n|-start|p2a: Regigigas|ability: Slow Start\n|turn|8\n|\n|t:|1733908994\n|move|p1a: Porygon2|Tri Attack|p2a: Regigigas\n|-damage|p2a: Regigigas|222/322\n|move|p2a: Regigigas|Body Slam|p1a: Porygon2\n|-damage|p1a: Porygon2|32/274\n|\n|-heal|p2a: Regigigas|242/322|[from] item: Leftovers\n|upkeep\n|turn|9\n|\n|t:|1733909000\n|move|p1a: Porygon2|Discharge|p2a: Regigigas\n|-damage|p2a: Regigigas|175/322\n|move|p2a: Regigigas|Body Slam|p1a: Porygon2\n|-damage|p1a: Porygon2|0 fnt\n|faint|p1a: Porygon2\n|\n|-heal|p2a: Regigigas|195/322|[from] item: Leftovers\n|upkeep\n|\n|t:|1733909006\n|switch|p1a: Stonjourner|Stonjourner, L91, F|330/330\n|turn|10\n|\n|t:|1733909016\n|-terastallize|p2a: Regigigas|Ghost\n|move|p1a: Stonjourner|Stone Edge|p2a: Regigigas\n|-damage|p2a: Regigigas|22/322\n|-damage|p1a: Stonjourner|297/330|[from] item: Life Orb\n|move|p2a: Regigigas|Knock Off|p1a: Stonjourner\n|-damage|p1a: Stonjourner|262/330\n|-enditem|p1a: Stonjourner|Life Orb|[from] move: Knock Off|[of] p2a: Regigigas\n|\n|-heal|p2a: Regigigas|42/322|[from] item: Leftovers\n|upkeep\n|turn|11\n|\n|t:|1733909027\n|move|p1a: Stonjourner|Earthquake|p2a: Regigigas\n|-damage|p2a: Regigigas|0 fnt\n|faint|p2a: Regigigas\n|-end|p2a: Regigigas|Slow Start|[silent]\n|\n|upkeep\n|\n|t:|1733909063\n|switch|p2a: Lurantis|Lurantis, L87, F|264/264\n|turn|12\n|\n|t:|1733909068\n|move|p1a: Stonjourner|Heat Crash|p2a: Lurantis\n|-supereffective|p2a: Lurantis\n|-damage|p2a: Lurantis|34/264\n|move|p2a: Lurantis|Superpower|p1a: Stonjourner\n|-supereffective|p1a: Stonjourner\n|-crit|p1a: Stonjourner\n|-damage|p1a: Stonjourner|84/330\n|-boost|p2a: Lurantis|atk|1\n|-boost|p2a: Lurantis|def|1\n|\n|upkeep\n|turn|13\n|\n|t:|1733909078\n|move|p1a: Stonjourner|Heat Crash|p2a: Lurantis\n|-supereffective|p2a: Lurantis\n|-damage|p2a: Lurantis|0 fnt\n|faint|p2a: Lurantis\n|\n|upkeep\n|\n|t:|1733909081\n|switch|p2a: Electrode|Electrode, L92|260/260\n|turn|14\n|\n|t:|1733909084\n|move|p2a: Electrode|Explosion|p1a: Stonjourner\n|-resisted|p1a: Stonjourner\n|-damage|p1a: Stonjourner|31/330\n|faint|p2a: Electrode\n|\n|win|Hdcubdbjcddx\n|raw|Hdcubdbjcddx's rating: 1000 &rarr; <strong>1042</strong><br />(+42 for winning)\n|raw|blazing3833's rating: 1018 &rarr; <strong>1005</strong><br />(-13 for losing)\n", "inputlog": ">version bfd83cad13791eb5a5a409923076391caf6fb4d4\n>start {\"formatid\":\"gen9randombattle\",\"seed\":[15723,28038,27379,64988],\"rated\":\"Rated battle\"}\n>player p1 {\"name\":\"Hdcubdbjcddx\",\"avatar\":\"170\",\"rating\":1000,\"seed\":[61024,4080,55420,31853]}\n>player p2 {\"name\":\"blazing3833\",\"avatar\":\"170\",\"rating\":1018,\"seed\":[57214,15483,14977,12039]}\n>p1 move lavaplume\n>p2 move aurawheel\n>p1 move lavaplume\n>p2 move knockoff\n>p2 switch 4\n>p1 move lavaplume\n>p2 move dragonpulse\n>p1 switch 2\n>p1 move icebeam\n>p2 move dragonpulse\n>p2 switch 3\n>p1 move triattack\n>p2 move bodyslam\n>p1 move triattack\n>p2 move knockoff\n>p1 move triattack\n>p2 move knockoff\n>p2 switch 2\n>p1 move triattack\n>p2 move bodyslam\n>p1 move discharge\n>p2 move bodyslam\n>p1 switch 3\n>p1 move stoneedge\n>p2 move knockoff terastallize\n>p1 move earthquake\n>p2 move bodyslam\n>p2 switch 5\n>p1 move heatcrash\n>p2 move superpower\n>p1 move heatcrash\n>p2 move leafstorm\n>p2 switch 6\n>p1 move earthquake\n>p2 move explosion", "uploadtime": 1733909086, "views": 1, "formatid": "gen9randombattle", "rating": 1005, "private": 0, "password": null}