{"id": "gen9randombattle-2141473809", "format": "[Gen 9] Random Battle", "players": ["MasterJ007", "ceru\u27b7edge\u27b9"], "log": "|badge|p1|silver|gen9randombattle|30-1\n|uhtml|medal-msg|<div class=\"broadcast-blue\">Curious what those medals under the avatar are? PS now has Ladder Seasons! For more information, check out the <a href=\"https://www.smogon.com/forums/threads/3740067/\">thread on Smogon.</a></div>\n|badge|p2|silver|gen9randombattle|30-1\n|badge|p2|gold|gen9monotype|3-1\n|badge|p2|gold|gen9ou|3-1\n|uhtml|medal-msg|<div class=\"broadcast-blue\">Curious what those medals under the avatar are? PS now has Ladder Seasons! For more information, check out the <a href=\"https://www.smogon.com/forums/threads/3740067/\">thread on Smogon.</a></div>\n|j|\u2606MasterJ007\n|j|\u203dceru\u27b7edge\u27b9\n|t:|1718139860\n|gametype|singles\n|player|p1|MasterJ007|#rbtt7teamsuicune|2478\n|player|p2|ceru\u27b7edge\u27b9|lucas|2471\n|teamsize|p1|6\n|teamsize|p2|6\n|gen|9\n|tier|[Gen 9] Random Battle\n|rated|\n|rule|Species Clause: Limit one of each Pok\u00e9mon\n|rule|HP Percentage Mod: HP is shown in percentages\n|rule|Sleep Clause Mod: Limit one foe put to sleep\n|rule|Illusion Level Mod: Illusion disguises the Pok\u00e9mon's true level\n|\n|t:|1718139860\n|start\n|switch|p1a: Regieleki|Regieleki, L78|253/253\n|switch|p2a: Flareon|Flareon, L90, M|263/263\n|turn|1\n|inactive|Battle timer is ON: inactive players will automatically lose when time's up. (requested by ceru\u27b7edge\u27b9)\n|inactive|MasterJ007 has 120 seconds left.\n|\n|t:|1718139900\n|move|p1a: Regieleki|Volt Switch|p2a: Flareon\n|-damage|p2a: Flareon|184/263\n|\n|t:|1718139912\n|switch|p1a: Phione|Phione, L90|290/290|[from] Volt Switch\n|move|p2a: Flareon|Will-O-Wisp|p1a: Phione\n|-status|p1a: Phione|brn\n|\n|-damage|p1a: Phione|272/290 brn|[from] brn\n|-status|p2a: Flareon|tox|[from] item: Toxic Orb\n|upkeep\n|turn|2\n|\n|t:|1718139930\n|-terastallize|p2a: Flareon|Normal\n|move|p1a: Phione|Scald|p2a: Flareon\n|-damage|p2a: Flareon|115/263 tox\n|move|p2a: Flareon|Facade|p1a: Phione\n|-damage|p1a: Phione|0 fnt\n|faint|p1a: Phione\n|\n|-damage|p2a: Flareon|99/263 tox|[from] psn\n|upkeep\n|\n|t:|1718139944\n|switch|p1a: Calyrex|Calyrex-Shadow, L64|235/235\n|-ability|p1a: Calyrex|As One\n|-ability|p1a: Calyrex|Unnerve\n|turn|3\n|\n|t:|1718139947\n|switch|p2a: Chien-Pao|Chien-Pao, L72|234/234\n|-ability|p2a: Chien-Pao|Sword of Ruin\n|move|p1a: Calyrex|Psyshock|p2a: Chien-Pao\n|-immune|p2a: Chien-Pao\n|\n|upkeep\n|turn|4\n|\n|t:|1718139952\n|switch|p1a: Revavroom|Revavroom, L79, F|256/256\n|move|p2a: Chien-Pao|Swords Dance|p2a: Chien-Pao\n|-boost|p2a: Chien-Pao|atk|2\n|\n|upkeep\n|turn|5\n|\n|t:|1718139963\n|switch|p2a: Dunsparce|Dunsparce, L86, M|312/312\n|move|p1a: Revavroom|Iron Head|p2a: Dunsparce\n|-crit|p2a: Dunsparce\n|-damage|p2a: Dunsparce|172/312\n|-damage|p1a: Revavroom|231/256|[from] item: Life Orb\n|\n|upkeep\n|turn|6\n|\n|t:|1718139971\n|switch|p1a: Calyrex|Calyrex-Shadow, L64|235/235\n|-ability|p1a: Calyrex|As One\n|-ability|p1a: Calyrex|Unnerve\n|move|p2a: Dunsparce|Roost|p2a: Dunsparce\n|-heal|p2a: Dunsparce|312/312\n|-singleturn|p2a: Dunsparce|move: Roost\n|\n|upkeep\n|turn|7\n|\n|t:|1718139982\n|switch|p2a: Magmortar|Magmortar, L88, M|275/275\n|move|p1a: Calyrex|Trick|p2a: Magmortar\n|-activate|p1a: Calyrex|move: Trick|[of] p2a: Magmortar\n|-item|p2a: Magmortar|Choice Specs|[from] move: Trick\n|-item|p1a: Calyrex|Heavy-Duty Boots|[from] move: Trick\n|\n|upkeep\n|turn|8\n|\n|t:|1718139991\n|move|p1a: Calyrex|Astral Barrage|p2a: Magmortar\n|-damage|p2a: Magmortar|166/275\n|move|p2a: Magmortar|Fire Blast|p1a: Calyrex\n|-damage|p1a: Calyrex|0 fnt\n|faint|p1a: Calyrex\n|\n|upkeep\n|\n|t:|1718140004\n|switch|p1a: Mew|Mew, L82|298/298\n|turn|9\n|\n|t:|1718140017\n|move|p1a: Mew|Toxic Spikes|p2a: Magmortar\n|-sidestart|p2: ceru\u27b7edge\u27b9|move: Toxic Spikes\n|move|p2a: Magmortar|Fire Blast|p1a: Mew|[miss]\n|-miss|p2a: Magmortar|p1a: Mew\n|\n|upkeep\n|turn|10\n|\n|t:|1718140020\n|move|p1a: Mew|Psychic|p2a: Magmortar\n|-crit|p2a: Magmortar\n|-damage|p2a: Magmortar|46/275\n|move|p2a: Magmortar|Fire Blast|p1a: Mew|[miss]\n|-miss|p2a: Magmortar|p1a: Mew\n|\n|upkeep\n|turn|11\n|\n|t:|1718140047\n|move|p1a: Mew|Knock Off|p2a: Magmortar\n|-damage|p2a: Magmortar|0 fnt\n|-enditem|p2a: Magmortar|Choice Specs|[from] move: Knock Off|[of] p1a: Mew\n|faint|p2a: Magmortar\n|\n|upkeep\n|inactive|ceru\u27b7edge\u27b9 has 120 seconds left.\n|\n|t:|1718140061\n|switch|p2a: Flareon|Flareon, L90, M, tera:Normal|99/263 tox\n|turn|12\n|\n|t:|1718140079\n|move|p1a: Mew|Psychic|p2a: Flareon\n|-damage|p2a: Flareon|24/263 tox\n|move|p2a: Flareon|Facade|p1a: Mew\n|-damage|p1a: Mew|0 fnt\n|faint|p1a: Mew\n|\n|-damage|p2a: Flareon|8/263 tox|[from] psn\n|upkeep\n|\n|t:|1718140084\n|switch|p1a: Regieleki|Regieleki, L78|253/253\n|turn|13\n|\n|t:|1718140109\n|move|p1a: Regieleki|Volt Switch|p2a: Flareon\n|-damage|p2a: Flareon|0 fnt\n|faint|p2a: Flareon\n|\n|t:|1718140113\n|switch|p1a: Revavroom|Revavroom, L79, F|231/256|[from] Volt Switch\n|\n|upkeep\n|\n|t:|1718140118\n|switch|p2a: Farigiraf|Farigiraf, L91, M|366/366\n|-status|p2a: Farigiraf|psn\n|turn|14\n|\n|t:|1718140128\n|move|p1a: Revavroom|Shift Gear|p1a: Revavroom\n|-boost|p1a: Revavroom|spe|2\n|-boost|p1a: Revavroom|atk|1\n|move|p2a: Farigiraf|Psychic Noise|p1a: Revavroom\n|-damage|p1a: Revavroom|86/256\n|-start|p1a: Revavroom|move: Heal Block\n|\n|-damage|p2a: Farigiraf|321/366 psn|[from] psn\n|upkeep\n|turn|15\n|\n|t:|1718140144\n|move|p1a: Revavroom|Iron Head|p2a: Farigiraf\n|-damage|p2a: Farigiraf|129/366 psn\n|-damage|p1a: Revavroom|61/256|[from] item: Life Orb\n|move|p2a: Farigiraf|Psychic Noise|p1a: Revavroom\n|-damage|p1a: Revavroom|0 fnt\n|faint|p1a: Revavroom\n|\n|-heal|p2a: Farigiraf|151/366 psn|[from] item: Leftovers\n|-damage|p2a: Farigiraf|106/366 psn|[from] psn\n|upkeep\n|\n|t:|1718140146\n|switch|p1a: Regieleki|Regieleki, L78|253/253\n|turn|16\n|\n|t:|1718140150\n|switch|p2a: Decidueye|Decidueye, L88, M|281/281\n|move|p1a: Regieleki|Thunderbolt|p2a: Decidueye\n|-resisted|p2a: Decidueye\n|-damage|p2a: Decidueye|221/281\n|\n|upkeep\n|turn|17\n|inactive|MasterJ007 has 120 seconds left.\n|\n|t:|1718140182\n|-terastallize|p1a: Regieleki|Ice\n|move|p1a: Regieleki|Tera Blast|p2a: Decidueye|[anim] Tera Blast Ice\n|-supereffective|p2a: Decidueye\n|-damage|p2a: Decidueye|89/281\n|move|p2a: Decidueye|Spirit Shackle|p1a: Regieleki\n|-damage|p1a: Regieleki|81/253\n|-activate|p1a: Regieleki|trapped\n|\n|upkeep\n|turn|18\n|\n|t:|1718140190\n|switch|p2a: Farigiraf|Farigiraf, L91, M|106/366 psn\n|move|p1a: Regieleki|Tera Blast|p2a: Farigiraf|[anim] Tera Blast Ice\n|-damage|p2a: Farigiraf|30/366 psn\n|\n|-heal|p2a: Farigiraf|52/366 psn|[from] item: Leftovers\n|-damage|p2a: Farigiraf|7/366 psn|[from] psn\n|upkeep\n|turn|19\n|\n|t:|1718140198\n|move|p1a: Regieleki|Rapid Spin|p2a: Farigiraf\n|-damage|p2a: Farigiraf|0 fnt\n|-boost|p1a: Regieleki|spe|1\n|faint|p2a: Farigiraf\n|\n|upkeep\n|\n|t:|1718140207\n|switch|p2a: Dunsparce|Dunsparce, L86, M|312/312\n|-status|p2a: Dunsparce|psn\n|turn|20\n|\n|t:|1718140216\n|move|p1a: Regieleki|Volt Switch|p2a: Dunsparce\n|-damage|p2a: Dunsparce|219/312 psn\n|\n|t:|1718140217\n|switch|p1a: Polteageist|Polteageist, L79|224/224|[from] Volt Switch\n|move|p2a: Dunsparce|Body Slam|p1a: Polteageist\n|-immune|p1a: Polteageist\n|\n|-damage|p2a: Dunsparce|180/312 psn|[from] psn\n|upkeep\n|turn|21\n|\n|t:|1718140241\n|switch|p2a: Chien-Pao|Chien-Pao, L72|234/234\n|-ability|p2a: Chien-Pao|Sword of Ruin\n|move|p1a: Polteageist|Shell Smash|p1a: Polteageist\n|-unboost|p1a: Polteageist|def|1\n|-unboost|p1a: Polteageist|spd|1\n|-boost|p1a: Polteageist|atk|2\n|-boost|p1a: Polteageist|spa|2\n|-boost|p1a: Polteageist|spe|2\n|-enditem|p1a: Polteageist|White Herb\n|-clearnegativeboost|p1a: Polteageist|[silent]\n|\n|upkeep\n|turn|22\n|\n|t:|1718140256\n|switch|p2a: Decidueye|Decidueye, L88, M|89/281\n|move|p1a: Polteageist|Giga Drain|p2a: Decidueye\n|-resisted|p2a: Decidueye\n|-damage|p2a: Decidueye|34/281\n|\n|upkeep\n|turn|23\n|inactive|MasterJ007 has 120 seconds left.\n|\n|t:|1718140276\n|move|p1a: Polteageist|Giga Drain|p2a: Decidueye\n|-resisted|p2a: Decidueye\n|-damage|p2a: Decidueye|0 fnt\n|faint|p2a: Decidueye\n|\n|upkeep\n|\n|t:|1718140280\n|switch|p2a: Chien-Pao|Chien-Pao, L72|234/234\n|-ability|p2a: Chien-Pao|Sword of Ruin\n|turn|24\n|inactive|MasterJ007 has 120 seconds left.\n|\n|t:|1718140296\n|move|p1a: Polteageist|Giga Drain|p2a: Chien-Pao\n|-damage|p2a: Chien-Pao|68/234\n|move|p2a: Chien-Pao|Throat Chop|p1a: Polteageist\n|-supereffective|p1a: Polteageist\n|-damage|p1a: Polteageist|0 fnt\n|faint|p1a: Polteageist\n|\n|upkeep\n|\n|t:|1718140300\n|switch|p1a: Regieleki|Regieleki, L78, tera:Ice|81/253\n|turn|25\n|\n|t:|1718140305\n|move|p1a: Regieleki|Thunderbolt|p2a: Chien-Pao\n|-damage|p2a: Chien-Pao|0 fnt\n|faint|p2a: Chien-Pao\n|\n|upkeep\n|\n|t:|1718140306\n|switch|p2a: Dunsparce|Dunsparce, L86, M|180/312 psn\n|turn|26\n|\n|t:|1718140314\n|move|p1a: Regieleki|Thunderbolt|p2a: Dunsparce\n|-damage|p2a: Dunsparce|62/312 psn\n|move|p2a: Dunsparce|Body Slam|p1a: Regieleki\n|-damage|p1a: Regieleki|0 fnt\n|faint|p1a: Regieleki\n|\n|win|ceru\u27b7edge\u27b9\n|raw|MasterJ007's rating: 2478 &rarr; <strong>2458</strong><br />(-20 for losing)\n|raw|ceru\u27b7edge\u27b9's rating: 2471 &rarr; <strong>2491</strong><br />(+20 for winning)\n|l|\u2606MasterJ007\n|player|p1|\n", "inputlog": ">version e046c5ea766451ca9500a73fe72ec774e92e6f7e\n>start {\"formatid\":\"gen9randombattle\",\"seed\":[57581,3943,27127,33623],\"rated\":\"Rated battle\"}\n>player p1 {\"name\":\"MasterJ007\",\"avatar\":\"#rbtt7teamsuicune\",\"rating\":2478,\"seed\":[64603,53863,34785,27073]}\n>player p2 {\"name\":\"ceru\u27b7edge\u27b9\",\"avatar\":\"lucas\",\"rating\":2471,\"seed\":[29491,63271,51357,34345]}\n>p1 move voltswitch\n>p2 move willowisp\n>p1 switch 6\n>p1 move scald\n>p2 move facade terastallize\n>p1 switch 3\n>p1 move psyshock\n>p2 switch 3\n>p1 switch 4\n>p2 move swordsdance\n>p1 move ironhead\n>p2 switch 4\n>p1 switch 4\n>p2 move roost\n>p1 move trick\n>p2 switch 2\n>p1 move astralbarrage\n>p2 move fireblast\n>p1 switch 5\n>p1 move toxicspikes\n>p2 move fireblast\n>p1 move psychic\n>p2 move fireblast\n>p1 move knockoff\n>p2 move fireblast\n>p2 switch 3\n>p1 move psychic\n>p2 move facade\n>p1 switch 6\n>p1 move voltswitch\n>p2 move flareblitz\n>p1 switch 4\n>p2 switch 6\n>p1 move shiftgear\n>p2 move psychicnoise\n>p1 move ironhead\n>p2 move psychicnoise\n>p1 switch 4\n>p1 move thunderbolt\n>p2 switch 5\n>p1 move terablast terastallize\n>p2 move spiritshackle\n>p1 move terablast\n>p2 switch 5\n>p1 move rapidspin\n>p2 move bodyslam\n>p2 switch 2\n>p1 move voltswitch\n>p2 move bodyslam\n>p1 switch 2\n>p1 move shellsmash\n>p2 switch 4\n>p1 move gigadrain\n>p2 switch 5\n>p1 move gigadrain\n>p2 move spiritshackle\n>p2 switch 5\n>p1 move gigadrain\n>p2 move throatchop\n>p1 switch 2\n>p1 move thunderbolt\n>p2 move throatchop\n>p2 switch 4\n>p1 move thunderbolt\n>p2 move bodyslam", "uploadtime": 1718140318, "views": 231, "formatid": "gen9randombattle", "rating": 2458, "private": 0, "password": null}