{"id": "gen9randombattle-2259912125", "format": "[Gen 9] Random Battle", "players": ["DuckyBtw", "Moonlight1909"], "log": "|j|\u2606DuckyBtw\n|j|\u2606Moonlight1909\n|t:|1733779202\n|gametype|singles\n|player|p1|DuckyBtw|170|\n|player|p2|Moonlight1909|102|\n|teamsize|p1|6\n|teamsize|p2|6\n|gen|9\n|tier|[Gen 9] Random Battle\n|rule|Species Clause: Limit one of each Pok\u00e9mon\n|rule|HP Percentage Mod: HP is shown in percentages\n|rule|Sleep Clause Mod: Limit one foe put to sleep\n|rule|Illusion Level Mod: Illusion disguises the Pok\u00e9mon's true level\n|\n|t:|1733779202\n|start\n|switch|p1a: Vileplume|Vileplume, L85, M|266/266\n|switch|p2a: Decidueye|Decidueye-Hisui, L87, M|295/295\n|turn|1\n|\n|t:|1733779223\n|move|p2a: Decidueye|Knock Off|p1a: Vileplume\n|-damage|p1a: Vileplume|185/266\n|-enditem|p1a: Vileplume|Leftovers|[from] move: Knock Off|[of] p2a: Decidueye\n|move|p1a: Vileplume|Sludge Bomb|p2a: Decidueye\n|-supereffective|p2a: Decidueye\n|-damage|p2a: Decidueye|103/295\n|\n|-heal|p2a: Decidueye|121/295|[from] item: Leftovers\n|upkeep\n|turn|2\n|\n|t:|1733779235\n|switch|p2a: Gengar|Gengar, L81, M|230/230\n|move|p1a: Vileplume|Sludge Bomb|p2a: Gengar\n|-resisted|p2a: Gengar\n|-damage|p2a: Gengar|197/230\n|\n|upkeep\n|turn|3\n|\n|t:|1733779250\n|move|p2a: Gengar|Shadow Ball|p1a: Vileplume\n|-damage|p1a: Vileplume|49/266\n|-damage|p2a: Gengar|174/230|[from] item: Life Orb\n|move|p1a: Vileplume|Sleep Powder|p2a: Gengar\n|-status|p2a: Gengar|slp|[from] move: Sleep Powder\n|\n|upkeep\n|turn|4\n|\n|t:|1733779259\n|cant|p2a: Gengar|slp\n|move|p1a: Vileplume|Giga Drain|p2a: Gengar\n|-resisted|p2a: Gengar\n|-damage|p2a: Gengar|122/230 slp\n|-heal|p1a: Vileplume|75/266|[from] drain|[of] p2a: Gengar\n|\n|upkeep\n|turn|5\n|\n|t:|1733779270\n|switch|p2a: Tropius|Tropius, L91, M|328/328\n|move|p1a: Vileplume|Giga Drain|p2a: Tropius\n|-resisted|p2a: Tropius\n|-damage|p2a: Tropius|307/328\n|-heal|p1a: Vileplume|86/266|[from] drain|[of] p2a: Tropius\n|\n|upkeep\n|turn|6\n|\n|t:|1733779280\n|move|p2a: Tropius|Leaf Blade|p1a: Vileplume\n|-resisted|p1a: Vileplume\n|-crit|p1a: Vileplume\n|-damage|p1a: Vileplume|52/266\n|move|p1a: Vileplume|Sludge Bomb|p2a: Tropius\n|-supereffective|p2a: Tropius\n|-damage|p2a: Tropius|103/328\n|-status|p2a: Tropius|psn\n|-enditem|p2a: Tropius|Sitrus Berry|[eat]\n|-heal|p2a: Tropius|185/328 psn|[from] item: Sitrus Berry\n|\n|-damage|p2a: Tropius|144/328 psn|[from] psn\n|upkeep\n|turn|7\n|\n|t:|1733779293\n|move|p2a: Tropius|Earthquake|p1a: Vileplume\n|-damage|p1a: Vileplume|0 fnt\n|faint|p1a: Vileplume\n|\n|-damage|p2a: Tropius|103/328 psn|[from] psn\n|upkeep\n|\n|t:|1733779315\n|switch|p1a: Great Tusk|Great Tusk, L77|304/304\n|turn|8\n|\n|t:|1733779328\n|move|p1a: Great Tusk|Rapid Spin|p2a: Tropius\n|-damage|p2a: Tropius|69/328 psn\n|-boost|p1a: Great Tusk|spe|1\n|move|p2a: Tropius|Earthquake|p1a: Great Tusk\n|-damage|p1a: Great Tusk|252/304\n|\n|-heal|p1a: Great Tusk|271/304|[from] item: Leftovers\n|-damage|p2a: Tropius|28/328 psn|[from] psn\n|-item|p2a: Tropius|Sitrus Berry|[from] ability: Harvest\n|upkeep\n|-enditem|p2a: Tropius|Sitrus Berry|[eat]\n|-heal|p2a: Tropius|110/328 psn|[from] item: Sitrus Berry\n|turn|9\n|\n|t:|1733779348\n|switch|p2a: Lumineon|Lumineon, L93, M|279/279\n|move|p1a: Great Tusk|Rapid Spin|p2a: Lumineon\n|-damage|p2a: Lumineon|239/279\n|-boost|p1a: Great Tusk|spe|1\n|\n|-heal|p1a: Great Tusk|290/304|[from] item: Leftovers\n|upkeep\n|turn|10\n|\n|t:|1733779361\n|move|p1a: Great Tusk|Bulk Up|p1a: Great Tusk\n|-boost|p1a: Great Tusk|atk|1\n|-boost|p1a: Great Tusk|def|1\n|move|p2a: Lumineon|Hydro Pump|p1a: Great Tusk|[miss]\n|-miss|p2a: Lumineon|p1a: Great Tusk\n|\n|-heal|p1a: Great Tusk|304/304|[from] item: Leftovers\n|upkeep\n|turn|11\n|c|\u2606DuckyBtw|YESSSSSSSSSSSSSSSSS\n|\n|t:|1733779380\n|move|p1a: Great Tusk|Earthquake|p2a: Lumineon\n|-damage|p2a: Lumineon|65/279\n|move|p2a: Lumineon|Hydro Pump|p1a: Great Tusk\n|-supereffective|p1a: Great Tusk\n|-damage|p1a: Great Tusk|0 fnt\n|faint|p1a: Great Tusk\n|-end|p1a: Great Tusk|Protosynthesis|[silent]\n|\n|upkeep\n|\n|t:|1733779396\n|switch|p1a: Chesnaught|Chesnaught, L84, F|285/285\n|turn|12\n|\n|t:|1733779419\n|switch|p2a: Farigiraf|Farigiraf, L91, F|366/366\n|move|p1a: Chesnaught|Knock Off|p2a: Farigiraf\n|-supereffective|p2a: Farigiraf\n|-damage|p2a: Farigiraf|206/366\n|-enditem|p2a: Farigiraf|Leftovers|[from] move: Knock Off|[of] p1a: Chesnaught\n|\n|upkeep\n|turn|13\n|\n|t:|1733779433\n|move|p2a: Farigiraf|Psychic Noise|p1a: Chesnaught\n|-supereffective|p1a: Chesnaught\n|-damage|p1a: Chesnaught|51/285\n|-start|p1a: Chesnaught|move: Heal Block\n|move|p1a: Chesnaught|Knock Off|p2a: Farigiraf\n|-supereffective|p2a: Farigiraf\n|-damage|p2a: Farigiraf|100/366\n|\n|upkeep\n|turn|14\n|\n|t:|1733779450\n|switch|p1a: Archaludon|Archaludon, L78, F|268/268\n|move|p2a: Farigiraf|Psychic Noise|p1a: Archaludon\n|-resisted|p1a: Archaludon\n|-damage|p1a: Archaludon|196/268\n|-start|p1a: Archaludon|move: Heal Block\n|-ability|p1a: Archaludon|Stamina|boost\n|-boost|p1a: Archaludon|def|1\n|\n|upkeep\n|turn|15\n|\n|t:|1733779471\n|switch|p2a: Lumineon|Lumineon, L93, M|65/279\n|move|p1a: Archaludon|Swords Dance|p1a: Archaludon\n|-boost|p1a: Archaludon|atk|2\n|\n|-end|p1a: Archaludon|move: Heal Block\n|upkeep\n|turn|16\n|\n|t:|1733779486\n|-terastallize|p2a: Lumineon|Fairy\n|move|p2a: Lumineon|Alluring Voice|p1a: Archaludon\n|-damage|p1a: Archaludon|28/268\n|-ability|p1a: Archaludon|Stamina|boost\n|-boost|p1a: Archaludon|def|1\n|move|p1a: Archaludon|Iron Head|p2a: Lumineon\n|-supereffective|p2a: Lumineon\n|-damage|p2a: Lumineon|0 fnt\n|faint|p2a: Lumineon\n|\n|upkeep\n|\n|t:|1733779500\n|switch|p2a: Samurott|Samurott, L88, F|310/310\n|turn|17\n|\n|t:|1733779508\n|move|p2a: Samurott|Aqua Jet|p1a: Archaludon\n|-resisted|p1a: Archaludon\n|-damage|p1a: Archaludon|18/268\n|-ability|p1a: Archaludon|Stamina|boost\n|-boost|p1a: Archaludon|def|1\n|move|p1a: Archaludon|Outrage|p2a: Samurott\n|-damage|p2a: Samurott|85/310\n|\n|upkeep\n|turn|18\n|\n|t:|1733779520\n|move|p1a: Archaludon|Outrage|p2a: Samurott|[from]lockedmove\n|-damage|p2a: Samurott|0 fnt\n|faint|p2a: Samurott\n|\n|upkeep\n|\n|t:|1733779526\n|switch|p2a: Gengar|Gengar, L81, M|122/230 slp\n|turn|19\n|\n|t:|1733779532\n|cant|p2a: Gengar|slp\n|move|p1a: Archaludon|Outrage|p2a: Gengar|[from]lockedmove\n|-damage|p2a: Gengar|0 fnt\n|faint|p2a: Gengar\n|-start|p1a: Archaludon|confusion|[fatigue]\n|-enditem|p1a: Archaludon|Lum Berry|[eat]\n|-end|p1a: Archaludon|confusion\n|\n|upkeep\n|\n|t:|1733779545\n|switch|p2a: Tropius|Tropius, L91, M|110/328 psn\n|turn|20\n|\n|t:|1733779557\n|move|p1a: Archaludon|Outrage|p2a: Tropius\n|-damage|p2a: Tropius|0 fnt\n|faint|p2a: Tropius\n|\n|upkeep\n|\n|t:|1733779563\n|switch|p2a: Decidueye|Decidueye-Hisui, L87, M|121/295\n|turn|21\n|\n|t:|1733779570\n|move|p1a: Archaludon|Outrage|p2a: Decidueye|[from]lockedmove\n|-damage|p2a: Decidueye|0 fnt\n|faint|p2a: Decidueye\n|-start|p1a: Archaludon|confusion|[fatigue]\n|\n|upkeep\n|\n|t:|1733779577\n|switch|p2a: Farigiraf|Farigiraf, L91, F|100/366\n|turn|22\n|\n|t:|1733779583\n|-activate|p1a: Archaludon|confusion\n|move|p1a: Archaludon|Outrage|p2a: Farigiraf\n|-damage|p2a: Farigiraf|0 fnt\n|faint|p2a: Farigiraf\n|\n|win|DuckyBtw\n", "inputlog": ">version bfd83cad13791eb5a5a409923076391caf6fb4d4\n>start {\"formatid\":\"gen9randombattle\",\"seed\":[3932,45059,50647,23416]}\n>player p1 {\"name\":\"DuckyBtw\",\"avatar\":\"170\",\"rating\":0,\"seed\":[64575,5980,56294,36689]}\n>player p2 {\"name\":\"Moonlight1909\",\"avatar\":\"102\",\"rating\":0,\"seed\":[2600,4688,25754,36568]}\n>p1 move sludgebomb\n>p2 move knockoff\n>p1 move sludgebomb\n>p2 switch 4\n>p1 move sleeppowder\n>p2 move shadowball\n>p1 move gigadrain\n>p2 move shadowball\n>p1 move gigadrain\n>p2 switch 2\n>p1 move sludgebomb\n>p2 move leafblade\n>p1 move sludgebomb\n>p2 move earthquake\n>p1 switch 5\n>p1 move rapidspin\n>p2 move earthquake\n>p1 move rapidspin\n>p2 switch 3\n>p1 move bulkup\n>p2 move hydropump\n>chat \u2606DuckyBtw|YESSSSSSSSSSSSSSSSS\n>p1 move earthquake\n>p2 move hydropump\n>p1 switch 3\n>p1 move knockoff\n>p2 switch 6\n>p1 move knockoff\n>p2 move psychicnoise\n>p1 switch 2\n>p2 move psychicnoise\n>p1 move swordsdance\n>p2 switch 6\n>p1 move ironhead\n>p2 move alluringvoice terastallize\n>p2 switch 5\n>p1 move outrage\n>p2 move aquajet\n>p1 move outrage\n>p2 move sacredsword\n>p2 switch 2\n>p1 move outrage\n>p2 move shadowball\n>p2 switch 3\n>p1 move outrage\n>p2 move earthquake\n>p2 switch 4\n>p1 move outrage\n>p2 move leafblade\n>p2 switch 6\n>p1 move outrage\n>p2 move bodyslam", "uploadtime": 1733779627, "views": 3, "formatid": "gen9randombattle", "rating": null, "private": 0, "password": null}