{"id": "gen9randombattle-2260739890", "format": "[Gen 9] Random Battle", "players": ["Vernita", "gimmetrey"], "log": "|j|\u2606Vernita\n|j|\u2606gimmetrey\n|t:|1733885280\n|gametype|singles\n|player|p1|Vernita|psychicf-gen4|1733\n|player|p2|gimmetrey|hoopster|1698\n|teamsize|p1|6\n|teamsize|p2|6\n|gen|9\n|tier|[Gen 9] Random Battle\n|rated|\n|rule|Species Clause: Limit one of each Pok\u00e9mon\n|rule|HP Percentage Mod: HP is shown in percentages\n|rule|Sleep Clause Mod: Limit one foe put to sleep\n|rule|Illusion Level Mod: Illusion disguises the Pok\u00e9mon's true level\n|\n|t:|1733885280\n|start\n|switch|p1a: Arceus|Arceus-Grass, L72|292/292\n|switch|p2a: Iron Jugulis|Iron Jugulis, L78|275/275\n|turn|1\n|inactive|Battle timer is ON: inactive players will automatically lose when time's up. (requested by gimmetrey)\n|\n|t:|1733885307\n|switch|p1a: Raikou|Raikou, L81|278/278\n|-ability|p1a: Raikou|Pressure\n|move|p2a: Iron Jugulis|Hurricane|p1a: Raikou\n|-resisted|p1a: Raikou\n|-damage|p1a: Raikou|223/278\n|\n|upkeep\n|turn|2\n|\n|t:|1733885335\n|-end|p2a: Iron Jugulis|Quark Drive|[silent]\n|switch|p2a: Mesprit|Mesprit, L85|275/275\n|move|p1a: Raikou|Scald|p2a: Mesprit\n|-damage|p2a: Mesprit|192/275\n|\n|-heal|p2a: Mesprit|209/275|[from] item: Leftovers\n|upkeep\n|turn|3\n|\n|t:|1733885344\n|switch|p1a: Gastrodon|Gastrodon, L86, M|331/331\n|move|p2a: Mesprit|Stealth Rock|p1a: Gastrodon\n|-sidestart|p1: Vernita|move: Stealth Rock\n|\n|-heal|p2a: Mesprit|226/275|[from] item: Leftovers\n|upkeep\n|turn|4\n|\n|t:|1733885355\n|move|p2a: Mesprit|Knock Off|p1a: Gastrodon\n|-damage|p1a: Gastrodon|244/331\n|-enditem|p1a: Gastrodon|Leftovers|[from] move: Knock Off|[of] p2a: Mesprit\n|move|p1a: Gastrodon|Sludge Bomb|p2a: Mesprit\n|-damage|p2a: Mesprit|170/275\n|-status|p2a: Mesprit|psn\n|\n|-heal|p2a: Mesprit|187/275 psn|[from] item: Leftovers\n|-damage|p2a: Mesprit|153/275 psn|[from] psn\n|upkeep\n|turn|5\n|\n|t:|1733885361\n|move|p2a: Mesprit|U-turn|p1a: Gastrodon\n|-damage|p1a: Gastrodon|175/331\n|\n|t:|1733885368\n|switch|p2a: Sawsbuck|Sawsbuck-Summer, L88, F|284/284|[from] U-turn\n|move|p1a: Gastrodon|Surf|p2a: Sawsbuck\n|-resisted|p2a: Sawsbuck\n|-damage|p2a: Sawsbuck|234/284\n|\n|upkeep\n|turn|6\n|\n|t:|1733885379\n|switch|p1a: Scyther|Scyther, L82, M|249/249\n|move|p2a: Sawsbuck|Double-Edge|p1a: Scyther\n|-damage|p1a: Scyther|58/249\n|-damage|p2a: Sawsbuck|171/284|[from] Recoil\n|-damage|p2a: Sawsbuck|143/284|[from] item: Life Orb\n|\n|upkeep\n|turn|7\n|\n|t:|1733885386\n|switch|p2a: Comfey|Comfey, L85, F|225/225\n|move|p1a: Scyther|U-turn|p2a: Comfey\n|-resisted|p2a: Comfey\n|-damage|p2a: Comfey|186/225\n|\n|t:|1733885399\n|switch|p1a: Raikou|Raikou, L81|223/278|[from] U-turn\n|-damage|p1a: Raikou|189/278|[from] Stealth Rock\n|-ability|p1a: Raikou|Pressure\n|\n|-heal|p2a: Comfey|200/225|[from] item: Leftovers\n|upkeep\n|turn|8\n|\n|t:|1733885409\n|move|p1a: Raikou|Volt Switch|p2a: Comfey\n|-damage|p2a: Comfey|100/225\n|\n|t:|1733885418\n|switch|p1a: Arceus|Arceus-Grass, L72|292/292|[from] Volt Switch\n|-damage|p1a: Arceus|256/292|[from] Stealth Rock\n|move|p2a: Comfey|Calm Mind|p2a: Comfey\n|-boost|p2a: Comfey|spa|1\n|-boost|p2a: Comfey|spd|1\n|\n|-heal|p2a: Comfey|114/225|[from] item: Leftovers\n|upkeep\n|turn|9\n|\n|t:|1733885423\n|move|p2a: Comfey|Draining Kiss|p1a: Arceus\n|-damage|p1a: Arceus|195/292\n|-heal|p2a: Comfey|160/225|[from] drain|[of] p1a: Arceus\n|move|p1a: Arceus|Judgment|p2a: Comfey\n|-damage|p2a: Comfey|99/225\n|\n|-heal|p2a: Comfey|113/225|[from] item: Leftovers\n|upkeep\n|turn|10\n|\n|t:|1733885427\n|move|p2a: Comfey|Draining Kiss|p1a: Arceus\n|-damage|p1a: Arceus|132/292\n|-heal|p2a: Comfey|160/225|[from] drain|[of] p1a: Arceus\n|move|p1a: Arceus|Recover|p1a: Arceus\n|-heal|p1a: Arceus|278/292\n|\n|-heal|p2a: Comfey|174/225|[from] item: Leftovers\n|upkeep\n|turn|11\n|\n|t:|1733885431\n|switch|p2a: Sawsbuck|Sawsbuck-Summer, L88, F|143/284\n|move|p1a: Arceus|Calm Mind|p1a: Arceus\n|-boost|p1a: Arceus|spa|1\n|-boost|p1a: Arceus|spd|1\n|\n|upkeep\n|turn|12\n|\n|t:|1733885443\n|move|p2a: Sawsbuck|Double-Edge|p1a: Arceus\n|-damage|p1a: Arceus|95/292\n|-damage|p2a: Sawsbuck|83/284|[from] Recoil\n|-damage|p2a: Sawsbuck|55/284|[from] item: Life Orb\n|move|p1a: Arceus|Fire Blast|p2a: Sawsbuck\n|-supereffective|p2a: Sawsbuck\n|-damage|p2a: Sawsbuck|0 fnt\n|faint|p2a: Sawsbuck\n|\n|upkeep\n|\n|t:|1733885455\n|switch|p2a: Zamazenta|Zamazenta, L71|248/248\n|-ability|p2a: Zamazenta|Dauntless Shield|boost\n|-boost|p2a: Zamazenta|def|1\n|turn|13\n|inactive|Vernita has 120 seconds left.\n|\n|t:|1733885487\n|move|p2a: Zamazenta|Close Combat|p1a: Arceus\n|-damage|p1a: Arceus|0 fnt\n|-unboost|p2a: Zamazenta|def|1\n|-unboost|p2a: Zamazenta|spd|1\n|faint|p1a: Arceus\n|\n|upkeep\n|inactive|Vernita has 120 seconds left.\n|\n|t:|1733885494\n|switch|p1a: Bellibolt|Bellibolt, L84, F|320/320\n|-damage|p1a: Bellibolt|280/320|[from] Stealth Rock\n|turn|14\n|\n|t:|1733885509\n|switch|p2a: Mesprit|Mesprit, L85|153/275 psn\n|move|p1a: Bellibolt|Toxic||[still]\n|-fail|p1a: Bellibolt\n|\n|-heal|p2a: Mesprit|170/275 psn|[from] item: Leftovers\n|-heal|p1a: Bellibolt|300/320|[from] item: Leftovers\n|-damage|p2a: Mesprit|136/275 psn|[from] psn\n|upkeep\n|turn|15\n|\n|t:|1733885521\n|switch|p1a: Gastrodon|Gastrodon, L86, M|175/331\n|-damage|p1a: Gastrodon|155/331|[from] Stealth Rock\n|move|p2a: Mesprit|Knock Off|p1a: Gastrodon\n|-crit|p1a: Gastrodon\n|-damage|p1a: Gastrodon|64/331\n|\n|-heal|p2a: Mesprit|153/275 psn|[from] item: Leftovers\n|-damage|p2a: Mesprit|119/275 psn|[from] psn\n|upkeep\n|turn|16\n|\n|t:|1733885526\n|move|p2a: Mesprit|Psychic Noise|p1a: Gastrodon\n|-damage|p1a: Gastrodon|0 fnt\n|faint|p1a: Gastrodon\n|\n|-heal|p2a: Mesprit|136/275 psn|[from] item: Leftovers\n|-damage|p2a: Mesprit|102/275 psn|[from] psn\n|upkeep\n|\n|t:|1733885534\n|switch|p1a: Scyther|Scyther, L82, M|58/249\n|turn|17\n|\n|t:|1733885544\n|switch|p2a: Comfey|Comfey, L85, F|174/225\n|move|p1a: Scyther|U-turn|p2a: Comfey\n|-resisted|p2a: Comfey\n|-damage|p2a: Comfey|138/225\n|\n|t:|1733885546\n|switch|p1a: Bellibolt|Bellibolt, L84, F|300/320|[from] U-turn\n|-damage|p1a: Bellibolt|260/320|[from] Stealth Rock\n|\n|-heal|p2a: Comfey|152/225|[from] item: Leftovers\n|-heal|p1a: Bellibolt|280/320|[from] item: Leftovers\n|upkeep\n|turn|18\n|\n|t:|1733885549\n|move|p2a: Comfey|Calm Mind|p2a: Comfey\n|-boost|p2a: Comfey|spa|1\n|-boost|p2a: Comfey|spd|1\n|move|p1a: Bellibolt|Thunderbolt|p2a: Comfey\n|-damage|p2a: Comfey|100/225\n|\n|-heal|p2a: Comfey|114/225|[from] item: Leftovers\n|-heal|p1a: Bellibolt|300/320|[from] item: Leftovers\n|upkeep\n|turn|19\n|\n|t:|1733885554\n|move|p2a: Comfey|Draining Kiss|p1a: Bellibolt\n|-damage|p1a: Bellibolt|219/320\n|-heal|p2a: Comfey|175/225|[from] drain|[of] p1a: Bellibolt\n|-start|p1a: Bellibolt|Charge|Draining Kiss|[from] ability: Electromorphosis\n|move|p1a: Bellibolt|Toxic|p2a: Comfey\n|-status|p2a: Comfey|tox\n|\n|-heal|p2a: Comfey|189/225 tox|[from] item: Leftovers\n|-heal|p1a: Bellibolt|239/320|[from] item: Leftovers\n|-damage|p2a: Comfey|175/225 tox|[from] psn\n|upkeep\n|turn|20\n|\n|t:|1733885557\n|move|p2a: Comfey|Draining Kiss|p1a: Bellibolt\n|-damage|p1a: Bellibolt|161/320\n|-heal|p2a: Comfey|225/225 tox|[from] drain|[of] p1a: Bellibolt\n|-start|p1a: Bellibolt|Charge|Draining Kiss|[from] ability: Electromorphosis\n|move|p1a: Bellibolt|Slack Off|p1a: Bellibolt\n|-heal|p1a: Bellibolt|320/320\n|\n|-damage|p2a: Comfey|197/225 tox|[from] psn\n|upkeep\n|turn|21\n|\n|t:|1733885560\n|move|p2a: Comfey|Draining Kiss|p1a: Bellibolt\n|-crit|p1a: Bellibolt\n|-damage|p1a: Bellibolt|200/320\n|-heal|p2a: Comfey|225/225 tox|[from] drain|[of] p1a: Bellibolt\n|-start|p1a: Bellibolt|Charge|Draining Kiss|[from] ability: Electromorphosis\n|move|p1a: Bellibolt|Thunderbolt|p2a: Comfey\n|-damage|p2a: Comfey|113/225 tox\n|-end|p1a: Bellibolt|Charge|[silent]\n|\n|-heal|p2a: Comfey|127/225 tox|[from] item: Leftovers\n|-heal|p1a: Bellibolt|220/320|[from] item: Leftovers\n|-damage|p2a: Comfey|85/225 tox|[from] psn\n|upkeep\n|turn|22\n|\n|t:|1733885564\n|switch|p2a: Mesprit|Mesprit, L85|102/275 psn\n|move|p1a: Bellibolt|Slack Off|p1a: Bellibolt\n|-heal|p1a: Bellibolt|320/320\n|\n|-heal|p2a: Mesprit|119/275 psn|[from] item: Leftovers\n|-damage|p2a: Mesprit|85/275 psn|[from] psn\n|upkeep\n|turn|23\n|\n|t:|1733885570\n|move|p2a: Mesprit|Psychic Noise|p1a: Bellibolt\n|-damage|p1a: Bellibolt|235/320\n|-start|p1a: Bellibolt|move: Heal Block\n|-start|p1a: Bellibolt|Charge|Psychic Noise|[from] ability: Electromorphosis\n|move|p1a: Bellibolt|Thunderbolt|p2a: Mesprit\n|-damage|p2a: Mesprit|0 fnt\n|faint|p2a: Mesprit\n|-end|p1a: Bellibolt|Charge|[silent]\n|\n|upkeep\n|\n|t:|1733885581\n|switch|p2a: Zamazenta|Zamazenta, L71|248/248\n|turn|24\n|\n|t:|1733885592\n|move|p2a: Zamazenta|Close Combat|p1a: Bellibolt\n|-damage|p1a: Bellibolt|76/320\n|-unboost|p2a: Zamazenta|def|1\n|-unboost|p2a: Zamazenta|spd|1\n|-start|p1a: Bellibolt|Charge|Close Combat|[from] ability: Electromorphosis\n|move|p1a: Bellibolt|Thunderbolt|p2a: Zamazenta\n|-damage|p2a: Zamazenta|0 fnt\n|faint|p2a: Zamazenta\n|-end|p1a: Bellibolt|Charge|[silent]\n|\n|-end|p1a: Bellibolt|move: Heal Block\n|upkeep\n|\n|t:|1733885605\n|switch|p2a: Iron Jugulis|Iron Jugulis, L78|275/275\n|turn|25\n|\n|t:|1733885611\n|-terastallize|p2a: Iron Jugulis|Ground\n|move|p2a: Iron Jugulis|Earth Power|p1a: Bellibolt\n|-supereffective|p1a: Bellibolt\n|-damage|p1a: Bellibolt|0 fnt\n|faint|p1a: Bellibolt\n|\n|upkeep\n|\n|t:|1733885618\n|switch|p1a: Scyther|Scyther, L82, M|58/249\n|turn|26\n|\n|t:|1733885634\n|move|p1a: Scyther|Close Combat|p2a: Iron Jugulis\n|-damage|p2a: Iron Jugulis|177/275\n|-unboost|p1a: Scyther|def|1\n|-unboost|p1a: Scyther|spd|1\n|move|p2a: Iron Jugulis|Meteor Beam||[still]\n|-prepare|p2a: Iron Jugulis|Meteor Beam\n|-boost|p2a: Iron Jugulis|spa|1\n|-enditem|p2a: Iron Jugulis|Power Herb\n|-anim|p2a: Iron Jugulis|Meteor Beam|p1a: Scyther\n|-supereffective|p1a: Scyther\n|-damage|p1a: Scyther|0 fnt\n|faint|p1a: Scyther\n|\n|upkeep\n|\n|t:|1733885639\n|switch|p1a: Raikou|Raikou, L81|189/278\n|-damage|p1a: Raikou|155/278|[from] Stealth Rock\n|-ability|p1a: Raikou|Pressure\n|turn|27\n|\n|t:|1733885643\n|move|p1a: Raikou|Scald|p2a: Iron Jugulis\n|-supereffective|p2a: Iron Jugulis\n|-damage|p2a: Iron Jugulis|0 fnt\n|faint|p2a: Iron Jugulis\n|-end|p2a: Iron Jugulis|Quark Drive|[silent]\n|\n|upkeep\n|\n|t:|1733885651\n|switch|p2a: Comfey|Comfey, L85, F|85/225 tox\n|turn|28\n|\n|t:|1733885652\n|move|p1a: Raikou|Scald|p2a: Comfey\n|-damage|p2a: Comfey|13/225 tox\n|move|p2a: Comfey|Calm Mind|p2a: Comfey\n|-boost|p2a: Comfey|spa|1\n|-boost|p2a: Comfey|spd|1\n|\n|-heal|p2a: Comfey|27/225 tox|[from] item: Leftovers\n|-damage|p2a: Comfey|13/225 tox|[from] psn\n|upkeep\n|turn|29\n|\n|t:|1733885656\n|move|p2a: Comfey|Draining Kiss|p1a: Raikou\n|-damage|p1a: Raikou|88/278\n|-heal|p2a: Comfey|63/225 tox|[from] drain|[of] p1a: Raikou\n|move|p1a: Raikou|Scald|p2a: Comfey\n|-damage|p2a: Comfey|17/225 tox\n|\n|-heal|p2a: Comfey|31/225 tox|[from] item: Leftovers\n|-damage|p2a: Comfey|3/225 tox|[from] psn\n|upkeep\n|turn|30\n|\n|t:|1733885659\n|move|p2a: Comfey|Draining Kiss|p1a: Raikou\n|-damage|p1a: Raikou|18/278\n|-heal|p2a: Comfey|56/225 tox|[from] drain|[of] p1a: Raikou\n|move|p1a: Raikou|Scald|p2a: Comfey\n|-damage|p2a: Comfey|2/225 tox\n|\n|-heal|p2a: Comfey|16/225 tox|[from] item: Leftovers\n|-damage|p2a: Comfey|0 fnt|[from] psn\n|faint|p2a: Comfey\n|upkeep\n|\n|t:|1733885661\n|switch|p2a: Lunala|Lunala, L70|308/308\n|turn|31\n|\n|t:|1733885664\n|move|p1a: Raikou|Scald|p2a: Lunala\n|-damage|p2a: Lunala|261/308\n|move|p2a: Lunala|Psyshock|p1a: Raikou\n|-crit|p1a: Raikou\n|-damage|p1a: Raikou|0 fnt\n|faint|p1a: Raikou\n|\n|-heal|p2a: Lunala|280/308|[from] item: Leftovers\n|upkeep\n|\n|t:|1733885669\n|switch|p1a: Dugtrio|Dugtrio, L84, F|196/196\n|-damage|p1a: Dugtrio|184/196|[from] Stealth Rock\n|turn|32\n|\n|t:|1733885672\n|move|p1a: Dugtrio|Throat Chop|p2a: Lunala\n|-supereffective|p2a: Lunala\n|-damage|p2a: Lunala|0 fnt\n|faint|p2a: Lunala\n|\n|win|Vernita\n|raw|Vernita's rating: 1733 &rarr; <strong>1751</strong><br />(+18 for winning)\n|raw|gimmetrey's rating: 1698 &rarr; <strong>1680</strong><br />(-18 for losing)\n|l|\u2606gimmetrey\n|player|p2|\n|c|\u2606Vernita|gg\n|l|\u2606Vernita\n|player|p1|\n|j|\u2606Vernita\n|player|p1|Vernita|psychicf-gen4|\n", "inputlog": ">version bfd83cad13791eb5a5a409923076391caf6fb4d4\n>start {\"formatid\":\"gen9randombattle\",\"seed\":[13409,36394,33574,41039],\"rated\":\"Rated battle\"}\n>player p1 {\"name\":\"Vernita\",\"avatar\":\"psychicf-gen4\",\"rating\":1733,\"seed\":[31684,53483,22288,34351]}\n>player p2 {\"name\":\"gimmetrey\",\"avatar\":\"hoopster\",\"rating\":1698,\"seed\":[40666,47736,17059,53339]}\n>p1 switch 3\n>p2 move hurricane\n>p1 move scald\n>p2 switch 6\n>p1 switch 4\n>p2 move stealthrock\n>p1 move sludgebomb\n>p2 move knockoff\n>p1 move surf\n>p2 move uturn\n>p2 switch 3\n>p1 switch 2\n>p2 move doubleedge\n>p1 move uturn\n>p2 switch 5\n>p1 switch 4\n>p1 move voltswitch\n>p2 move calmmind\n>p1 switch 3\n>p1 move judgment\n>p2 move drainingkiss\n>p1 move recover\n>p2 move drainingkiss\n>p1 move calmmind\n>p2 switch 5\n>p1 move fireblast\n>p2 move doubleedge\n>p2 switch 2\n>p1 move recover\n>p2 move closecombat\n>p1 switch 6\n>p1 move toxic\n>p2 switch 3\n>p1 switch 2\n>p2 move knockoff\n>p1 move recover\n>p2 move psychicnoise\n>p1 switch 4\n>p1 move uturn\n>p2 switch 5\n>p1 switch 2\n>p1 move thunderbolt\n>p2 move calmmind\n>p1 move toxic\n>p2 move drainingkiss\n>p1 move slackoff\n>p2 move drainingkiss\n>p1 move thunderbolt\n>p2 move drainingkiss\n>p1 move slackoff\n>p2 switch 5\n>p1 move thunderbolt\n>p2 move psychicnoise\n>p2 switch 3\n>p1 move thunderbolt\n>p2 move closecombat\n>p2 switch 6\n>p1 move slackoff\n>p2 move earthpower terastallize\n>p1 switch 2\n>p1 move closecombat\n>p2 move meteorbeam\n>p1 switch 3\n>p1 move scald\n>p2 move earthpower\n>p2 switch 5\n>p1 move scald\n>p2 move calmmind\n>p1 move scald\n>p2 move drainingkiss\n>p1 move scald\n>p2 move drainingkiss\n>p2 switch 4\n>p1 move scald\n>p2 move psyshock\n>p1 switch 5\n>p1 move throatchop\n>p2 move calmmind", "uploadtime": 1733885786, "views": 7, "formatid": "gen9randombattle", "rating": 1680, "private": 0, "password": null}