{"id": "gen9randombattle-2259774424", "format": "[Gen 9] Random Battle", "players": ["grarax", "Azercrap"], "log": "|j|\u2606grarax\n|j|\u2606Azercrap\n|t:|1733765416\n|gametype|singles\n|player|p1|grarax|firebreather|\n|player|p2|Azercrap|tuberf|\n|teamsize|p1|6\n|teamsize|p2|6\n|gen|9\n|tier|[Gen 9] Random Battle\n|rule|Species Clause: Limit one of each Pok\u00e9mon\n|rule|HP Percentage Mod: HP is shown in percentages\n|rule|Sleep Clause Mod: Limit one foe put to sleep\n|rule|Illusion Level Mod: Illusion disguises the Pok\u00e9mon's true level\n|\n|t:|1733765416\n|start\n|switch|p1a: Infernape|Infernape, L82, F|259/259\n|switch|p2a: Dewgong|Dewgong, L94, F|322/322\n|turn|1\n|\n|t:|1733765430\n|move|p1a: Infernape|U-turn|p2a: Dewgong\n|-damage|p2a: Dewgong|247/322\n|\n|t:|1733765438\n|switch|p1a: Maushold|Maushold, L76|238/238|[from] U-turn\n|move|p2a: Dewgong|Knock Off|p1a: Maushold\n|-damage|p1a: Maushold|144/238\n|-enditem|p1a: Maushold|Wide Lens|[from] move: Knock Off|[of] p2a: Dewgong\n|\n|upkeep\n|turn|2\n|\n|t:|1733765461\n|switch|p2a: Houndstone|Houndstone, L86, M|264/264\n|move|p1a: Maushold|Tidy Up|p1a: Maushold\n|-boost|p1a: Maushold|atk|1\n|-boost|p1a: Maushold|spe|1\n|\n|upkeep\n|turn|3\n|\n|t:|1733765471\n|move|p1a: Maushold|Bite|p2a: Houndstone\n|-supereffective|p2a: Houndstone\n|-damage|p2a: Houndstone|207/264\n|cant|p2a: Houndstone|flinch\n|\n|upkeep\n|turn|4\n|\n|t:|1733765478\n|move|p1a: Maushold|Bite|p2a: Houndstone\n|-supereffective|p2a: Houndstone\n|-damage|p2a: Houndstone|148/264\n|cant|p2a: Houndstone|flinch\n|\n|upkeep\n|turn|5\n|\n|t:|1733765484\n|move|p1a: Maushold|Bite|p2a: Houndstone\n|-supereffective|p2a: Houndstone\n|-damage|p2a: Houndstone|89/264\n|cant|p2a: Houndstone|flinch\n|\n|upkeep\n|turn|6\n|\n|t:|1733765490\n|move|p1a: Maushold|Bite|p2a: Houndstone\n|-supereffective|p2a: Houndstone\n|-damage|p2a: Houndstone|35/264\n|move|p2a: Houndstone|Body Press|p1a: Maushold\n|-supereffective|p1a: Maushold\n|-damage|p1a: Maushold|0 fnt\n|faint|p1a: Maushold\n|\n|upkeep\n|\n|t:|1733765497\n|switch|p1a: Infernape|Infernape, L82, F|259/259\n|turn|7\n|\n|t:|1733765507\n|move|p1a: Infernape|U-turn|p2a: Houndstone\n|-resisted|p2a: Houndstone\n|-damage|p2a: Houndstone|18/264\n|\n|t:|1733765513\n|switch|p1a: Kricketune|Kricketune, L99, F|312/312|[from] U-turn\n|move|p2a: Houndstone|Play Rough|p1a: Kricketune\n|-damage|p1a: Kricketune|226/312\n|\n|upkeep\n|turn|8\n|\n|t:|1733765526\n|move|p2a: Houndstone|Shadow Sneak|p1a: Kricketune\n|-damage|p1a: Kricketune|165/312\n|move|p1a: Kricketune|Sticky Web|p2a: Houndstone\n|-sidestart|p2: Azercrap|move: Sticky Web\n|\n|upkeep\n|turn|9\n|\n|t:|1733765541\n|move|p2a: Houndstone|Shadow Sneak|p1a: Kricketune\n|-damage|p1a: Kricketune|102/312\n|move|p1a: Kricketune|Knock Off|p2a: Houndstone\n|-supereffective|p2a: Houndstone\n|-damage|p2a: Houndstone|0 fnt\n|-enditem|p2a: Houndstone|Assault Vest|[from] move: Knock Off|[of] p1a: Kricketune\n|faint|p2a: Houndstone\n|\n|upkeep\n|\n|t:|1733765565\n|switch|p2a: Feraligatr|Feraligatr, L79, F|264/264\n|-activate|p2a: Feraligatr|move: Sticky Web\n|-unboost|p2a: Feraligatr|spe|1\n|turn|10\n|\n|t:|1733765578\n|move|p1a: Kricketune|Pounce|p2a: Feraligatr\n|-damage|p2a: Feraligatr|165/264\n|-unboost|p2a: Feraligatr|spe|1\n|move|p2a: Feraligatr|Trailblaze|p1a: Kricketune\n|-resisted|p1a: Kricketune\n|-damage|p1a: Kricketune|67/312\n|\n|upkeep\n|turn|11\n|\n|t:|1733765594\n|move|p1a: Kricketune|Knock Off|p2a: Feraligatr\n|-damage|p2a: Feraligatr|82/264\n|-enditem|p2a: Feraligatr|Life Orb|[from] move: Knock Off|[of] p1a: Kricketune\n|move|p2a: Feraligatr|Ice Punch|p1a: Kricketune\n|-damage|p1a: Kricketune|0 fnt\n|faint|p1a: Kricketune\n|\n|upkeep\n|\n|t:|1733765603\n|switch|p1a: Gothitelle|Gothitelle, L90, F|272/272\n|turn|12\n|\n|t:|1733765617\n|move|p1a: Gothitelle|Dark Pulse|p2a: Feraligatr\n|-damage|p2a: Feraligatr|15/264\n|move|p2a: Feraligatr|Trailblaze|p1a: Gothitelle\n|-damage|p1a: Gothitelle|233/272\n|\n|-heal|p1a: Gothitelle|250/272|[from] item: Leftovers\n|upkeep\n|turn|13\n|\n|t:|1733765646\n|move|p1a: Gothitelle|Psychic Noise|p2a: Feraligatr\n|-damage|p2a: Feraligatr|0 fnt\n|faint|p2a: Feraligatr\n|\n|-heal|p1a: Gothitelle|267/272|[from] item: Leftovers\n|upkeep\n|\n|t:|1733765657\n|switch|p2a: Wo-Chien|Wo-Chien, L83|277/277\n|-activate|p2a: Wo-Chien|move: Sticky Web\n|-unboost|p2a: Wo-Chien|spe|1\n|-ability|p2a: Wo-Chien|Tablets of Ruin\n|turn|14\n|\n|t:|1733765675\n|move|p1a: Gothitelle|Thunder Wave|p2a: Wo-Chien\n|-status|p2a: Wo-Chien|par\n|move|p2a: Wo-Chien|Leech Seed|p1a: Gothitelle\n|-start|p1a: Gothitelle|move: Leech Seed\n|\n|-heal|p1a: Gothitelle|272/272|[from] item: Leftovers\n|-damage|p1a: Gothitelle|238/272|[from] Leech Seed|[of] p2a: Wo-Chien\n|upkeep\n|turn|15\n|\n|t:|1733765686\n|move|p1a: Gothitelle|Focus Blast|p2a: Wo-Chien|[miss]\n|-miss|p1a: Gothitelle|p2a: Wo-Chien\n|cant|p2a: Wo-Chien|par\n|\n|-heal|p1a: Gothitelle|255/272|[from] item: Leftovers\n|-damage|p1a: Gothitelle|221/272|[from] Leech Seed|[of] p2a: Wo-Chien\n|upkeep\n|turn|16\n|\n|t:|1733765696\n|move|p1a: Gothitelle|Focus Blast|p2a: Wo-Chien\n|-supereffective|p2a: Wo-Chien\n|-damage|p2a: Wo-Chien|133/277 par\n|move|p2a: Wo-Chien|Knock Off|p1a: Gothitelle\n|-supereffective|p1a: Gothitelle\n|-damage|p1a: Gothitelle|59/272\n|-enditem|p1a: Gothitelle|Leftovers|[from] move: Knock Off|[of] p2a: Wo-Chien\n|\n|-heal|p2a: Wo-Chien|150/277 par|[from] item: Leftovers\n|-damage|p1a: Gothitelle|25/272|[from] Leech Seed|[of] p2a: Wo-Chien\n|-heal|p2a: Wo-Chien|184/277 par|[silent]\n|upkeep\n|turn|17\n|\n|t:|1733765710\n|move|p1a: Gothitelle|Focus Blast|p2a: Wo-Chien\n|-supereffective|p2a: Wo-Chien\n|-damage|p2a: Wo-Chien|38/277 par\n|-unboost|p2a: Wo-Chien|spd|1\n|cant|p2a: Wo-Chien|par\n|\n|-heal|p2a: Wo-Chien|55/277 par|[from] item: Leftovers\n|-damage|p1a: Gothitelle|0 fnt|[from] Leech Seed|[of] p2a: Wo-Chien\n|-heal|p2a: Wo-Chien|80/277 par|[silent]\n|faint|p1a: Gothitelle\n|upkeep\n|\n|t:|1733765724\n|switch|p1a: Infernape|Infernape, L82, F|259/259\n|turn|18\n|\n|t:|1733765732\n|move|p2a: Wo-Chien|Protect|p2a: Wo-Chien\n|-singleturn|p2a: Wo-Chien|Protect\n|move|p1a: Infernape|Mach Punch|p2a: Wo-Chien\n|-activate|p2a: Wo-Chien|move: Protect\n|\n|-heal|p2a: Wo-Chien|97/277 par|[from] item: Leftovers\n|upkeep\n|turn|19\n|\n|t:|1733765744\n|move|p1a: Infernape|Mach Punch|p2a: Wo-Chien\n|-supereffective|p2a: Wo-Chien\n|-damage|p2a: Wo-Chien|13/277 par\n|move|p2a: Wo-Chien|Leech Seed|p1a: Infernape\n|-start|p1a: Infernape|move: Leech Seed\n|\n|-heal|p2a: Wo-Chien|30/277 par|[from] item: Leftovers\n|-damage|p1a: Infernape|227/259|[from] Leech Seed|[of] p2a: Wo-Chien\n|-heal|p2a: Wo-Chien|62/277 par|[silent]\n|upkeep\n|turn|20\n|\n|t:|1733765754\n|move|p2a: Wo-Chien|Protect|p2a: Wo-Chien\n|-singleturn|p2a: Wo-Chien|Protect\n|move|p1a: Infernape|Mach Punch|p2a: Wo-Chien\n|-activate|p2a: Wo-Chien|move: Protect\n|\n|-heal|p2a: Wo-Chien|79/277 par|[from] item: Leftovers\n|-damage|p1a: Infernape|195/259|[from] Leech Seed|[of] p2a: Wo-Chien\n|-heal|p2a: Wo-Chien|111/277 par|[silent]\n|upkeep\n|turn|21\n|\n|t:|1733765769\n|switch|p1a: Palkia|Palkia, L75|259/259\n|-ability|p1a: Palkia|Pressure\n|move|p2a: Wo-Chien|Stun Spore|p1a: Palkia\n|-status|p1a: Palkia|par\n|\n|-heal|p2a: Wo-Chien|128/277 par|[from] item: Leftovers\n|upkeep\n|turn|22\n|\n|t:|1733765781\n|move|p1a: Palkia|Fire Blast|p2a: Wo-Chien\n|-supereffective|p2a: Wo-Chien\n|-damage|p2a: Wo-Chien|0 fnt\n|faint|p2a: Wo-Chien\n|\n|upkeep\n|\n|t:|1733765791\n|switch|p2a: Dewgong|Dewgong, L94, F|247/322\n|-activate|p2a: Dewgong|move: Sticky Web\n|-unboost|p2a: Dewgong|spe|1\n|turn|23\n|\n|t:|1733765803\n|move|p2a: Dewgong|Ice Beam|p1a: Palkia\n|-damage|p1a: Palkia|183/259 par\n|move|p1a: Palkia|Draco Meteor|p2a: Dewgong\n|-damage|p2a: Dewgong|135/322\n|-unboost|p1a: Palkia|spa|2\n|\n|upkeep\n|turn|24\n|\n|t:|1733765823\n|move|p2a: Dewgong|Knock Off|p1a: Palkia\n|-damage|p1a: Palkia|112/259 par\n|-enditem|p1a: Palkia|Lustrous Orb|[from] move: Knock Off|[of] p2a: Dewgong\n|move|p1a: Palkia|Draco Meteor|p2a: Dewgong\n|-damage|p2a: Dewgong|89/322\n|-unboost|p1a: Palkia|spa|2\n|\n|upkeep\n|turn|25\n|\n|t:|1733765835\n|move|p2a: Dewgong|Ice Beam|p1a: Palkia\n|-damage|p1a: Palkia|36/259 par\n|move|p1a: Palkia|Thunder Wave|p2a: Dewgong\n|-status|p2a: Dewgong|par\n|\n|upkeep\n|turn|26\n|\n|t:|1733765846\n|switch|p1a: Infernape|Infernape, L82, F|195/259\n|move|p2a: Dewgong|Ice Beam|p1a: Infernape\n|-resisted|p1a: Infernape\n|-damage|p1a: Infernape|136/259\n|\n|upkeep\n|turn|27\n|\n|t:|1733765854\n|move|p1a: Infernape|Mach Punch|p2a: Dewgong\n|-supereffective|p2a: Dewgong\n|-damage|p2a: Dewgong|0 fnt\n|faint|p2a: Dewgong\n|\n|upkeep\n|\n|t:|1733765860\n|switch|p2a: Tauros|Tauros-Paldea-Blaze, L81, M|254/254\n|-activate|p2a: Tauros|move: Sticky Web\n|-unboost|p2a: Tauros|spe|1\n|-ability|p2a: Tauros|Intimidate|boost\n|-unboost|p1a: Infernape|atk|1\n|turn|28\n|\n|t:|1733765872\n|move|p1a: Infernape|Mach Punch|p2a: Tauros\n|-damage|p2a: Tauros|212/254\n|move|p2a: Tauros|Wild Charge|p1a: Infernape\n|-damage|p1a: Infernape|15/259\n|-damage|p2a: Tauros|182/254|[from] Recoil\n|\n|upkeep\n|turn|29\n|\n|t:|1733765881\n|move|p1a: Infernape|Mach Punch|p2a: Tauros\n|-damage|p2a: Tauros|143/254\n|move|p2a: Tauros|Wild Charge|p1a: Infernape\n|-damage|p1a: Infernape|0 fnt\n|faint|p1a: Infernape\n|-damage|p2a: Tauros|139/254|[from] Recoil\n|\n|upkeep\n|\n|t:|1733765889\n|switch|p1a: Palossand|Palossand, L89, F|296/296\n|turn|30\n|\n|t:|1733765907\n|switch|p2a: Regirock|Regirock, L83|268/268\n|-activate|p2a: Regirock|move: Sticky Web\n|-fail|p2a: Regirock|unboost|[from] ability: Clear Body|[of] p2a: Regirock\n|-terastallize|p1a: Palossand|Water\n|move|p1a: Palossand|Earth Power|p2a: Regirock\n|-supereffective|p2a: Regirock\n|-damage|p2a: Regirock|68/268\n|\n|-heal|p2a: Regirock|84/268|[from] item: Leftovers\n|upkeep\n|turn|31\n|\n|t:|1733765925\n|move|p2a: Regirock|Thunder Wave|p1a: Palossand\n|-status|p1a: Palossand|par\n|move|p1a: Palossand|Earth Power|p2a: Regirock\n|-supereffective|p2a: Regirock\n|-damage|p2a: Regirock|0 fnt\n|faint|p2a: Regirock\n|\n|upkeep\n|\n|t:|1733765933\n|switch|p2a: Tauros|Tauros-Paldea-Blaze, L81, M|139/254\n|-activate|p2a: Tauros|move: Sticky Web\n|-unboost|p2a: Tauros|spe|1\n|-ability|p2a: Tauros|Intimidate|boost\n|-unboost|p1a: Palossand|atk|1\n|turn|32\n|\n|t:|1733765941\n|move|p2a: Tauros|Wild Charge|p1a: Palossand\n|-supereffective|p1a: Palossand\n|-damage|p1a: Palossand|152/296 par\n|-damage|p2a: Tauros|103/254|[from] Recoil\n|move|p1a: Palossand|Sludge Bomb|p2a: Tauros\n|-damage|p2a: Tauros|19/254\n|\n|-heal|p1a: Palossand|170/296 par|[from] item: Leftovers\n|upkeep\n|turn|33\n|\n|t:|1733765951\n|move|p2a: Tauros|Wild Charge|p1a: Palossand\n|-supereffective|p1a: Palossand\n|-damage|p1a: Palossand|16/296 par\n|-damage|p2a: Tauros|0 fnt|[from] Recoil\n|faint|p2a: Tauros\n|\n|win|grarax\n", "inputlog": ">version bfd83cad13791eb5a5a409923076391caf6fb4d4\n>start {\"formatid\":\"gen9randombattle\",\"seed\":[19744,13538,52772,28835]}\n>player p1 {\"name\":\"grarax\",\"avatar\":\"firebreather\",\"rating\":0,\"seed\":[17856,32043,41607,17219]}\n>player p2 {\"name\":\"Azercrap\",\"avatar\":\"tuberf\",\"rating\":0,\"seed\":[37415,45654,8782,47116]}\n>p1 move uturn\n>p2 move knockoff\n>p1 switch 2\n>p1 move tidyup\n>p2 switch 4\n>p1 move bite\n>p2 move bodypress\n>p1 move bite\n>p2 move bodypress\n>p1 move bite\n>p2 move bodypress\n>p1 move bite\n>p2 move bodypress\n>p1 switch 2\n>p1 move uturn\n>p2 move playrough\n>p1 switch 4\n>p1 move stickyweb\n>p2 move shadowsneak\n>p1 move knockoff\n>p2 move shadowsneak\n>p2 switch 6\n>p1 move pounce\n>p2 move trailblaze\n>p1 move knockoff\n>p2 move icepunch\n>p1 switch 3\n>p1 move darkpulse\n>p2 move trailblaze\n>p1 move psychicnoise\n>p2 move trailblaze\n>p2 switch 5\n>p1 move thunderwave\n>p2 move leechseed\n>p1 move focusblast\n>p2 move knockoff\n>p1 move focusblast\n>p2 move knockoff\n>p1 move focusblast\n>p2 move knockoff\n>p1 switch 4\n>p1 move machpunch\n>p2 move protect\n>p1 move machpunch\n>p2 move leechseed\n>p1 move machpunch\n>p2 move protect\n>p1 switch 6\n>p2 move stunspore\n>p1 move fireblast\n>p2 move leechseed\n>p2 switch 4\n>p1 move dracometeor\n>p2 move icebeam\n>p1 move dracometeor\n>p2 move knockoff\n>p1 move thunderwave\n>p2 move icebeam\n>p1 switch 6\n>p2 move icebeam\n>p1 move machpunch\n>p2 move flipturn\n>p2 switch 3\n>p1 move machpunch\n>p2 move wildcharge\n>p1 move machpunch\n>p2 move wildcharge\n>p1 switch 5\n>p1 move earthpower terastallize\n>p2 switch 2\n>p1 move earthpower\n>p2 move thunderwave\n>p2 switch 2\n>p1 move sludgebomb\n>p2 move wildcharge\n>p1 move shadowball\n>p2 move wildcharge", "uploadtime": 1733765957, "views": 1, "formatid": "gen9randombattle", "rating": null, "private": 0, "password": null}