{"id": "gen9randombattle-2260564070", "format": "[Gen 9] Random Battle", "players": ["nanoconfuso", "thdrsgefa"], "log": "|j|\u2606nanoconfuso\n|j|\u2606thdrsgefa\n|t:|1733863999\n|gametype|singles\n|player|p1|nanoconfuso|101|1045\n|player|p2|thdrsgefa|265|1025\n|teamsize|p1|6\n|teamsize|p2|6\n|gen|9\n|tier|[Gen 9] Random Battle\n|rated|\n|rule|Species Clause: Limit one of each Pok\u00e9mon\n|rule|HP Percentage Mod: HP is shown in percentages\n|rule|Sleep Clause Mod: Limit one foe put to sleep\n|rule|Illusion Level Mod: Illusion disguises the Pok\u00e9mon's true level\n|\n|t:|1733863999\n|start\n|switch|p1a: Passimian|Passimian, L83, M|302/302\n|switch|p2a: Deoxys|Deoxys-Speed, L82|216/216\n|-ability|p2a: Deoxys|Pressure\n|turn|1\n|\n|t:|1733864014\n|switch|p1a: Ceruledge|Ceruledge, L78, F|245/245\n|move|p2a: Deoxys|Psycho Boost|p1a: Ceruledge\n|-damage|p1a: Ceruledge|70/245\n|-unboost|p2a: Deoxys|spa|2\n|-damage|p2a: Deoxys|195/216|[from] item: Life Orb\n|\n|upkeep\n|turn|2\n|\n|t:|1733864026\n|move|p2a: Deoxys|Psycho Boost|p1a: Ceruledge\n|-damage|p1a: Ceruledge|0 fnt\n|-unboost|p2a: Deoxys|spa|2\n|faint|p1a: Ceruledge\n|-damage|p2a: Deoxys|174/216|[from] item: Life Orb\n|\n|upkeep\n|\n|t:|1733864048\n|switch|p1a: Registeel|Registeel, L81|262/262\n|turn|3\n|\n|t:|1733864130\n|switch|p2a: Lucario|Lucario, L84, F|255/255\n|move|p1a: Registeel|Thunder Wave|p2a: Lucario|[miss]\n|-miss|p1a: Registeel|p2a: Lucario\n|\n|upkeep\n|turn|4\n|\n|t:|1733864155\n|move|p2a: Lucario|Close Combat|p1a: Registeel\n|-supereffective|p1a: Registeel\n|-damage|p1a: Registeel|0 fnt\n|-unboost|p2a: Lucario|def|1\n|-unboost|p2a: Lucario|spd|1\n|faint|p1a: Registeel\n|\n|upkeep\n|\n|t:|1733864163\n|switch|p1a: Volcanion|Volcanion, L79|255/255\n|turn|5\n|inactive|Battle timer is ON: inactive players will automatically lose when time's up. (requested by nanoconfuso)\n|\n|t:|1733864206\n|switch|p2a: Keldeo|Keldeo-Resolute, L79|273/273\n|move|p1a: Volcanion|Flamethrower|p2a: Keldeo\n|-resisted|p2a: Keldeo\n|-damage|p2a: Keldeo|191/273\n|\n|-heal|p2a: Keldeo|208/273|[from] item: Leftovers\n|upkeep\n|turn|6\n|\n|t:|1733864221\n|switch|p1a: Passimian|Passimian, L83, M|302/302\n|move|p2a: Keldeo|Calm Mind|p2a: Keldeo\n|-boost|p2a: Keldeo|spa|1\n|-boost|p2a: Keldeo|spd|1\n|\n|-heal|p2a: Keldeo|225/273|[from] item: Leftovers\n|upkeep\n|turn|7\n|inactive|thdrsgefa has 120 seconds left.\n|\n|t:|1733864254\n|move|p2a: Keldeo|Substitute|p2a: Keldeo\n|-start|p2a: Keldeo|Substitute\n|-damage|p2a: Keldeo|157/273\n|move|p1a: Passimian|Knock Off|p2a: Keldeo\n|-resisted|p2a: Keldeo\n|-activate|p2a: Keldeo|move: Substitute|[damage]\n|\n|-heal|p2a: Keldeo|174/273|[from] item: Leftovers\n|upkeep\n|turn|8\n|\n|t:|1733864264\n|move|p2a: Keldeo|Secret Sword|p1a: Passimian\n|-damage|p1a: Passimian|145/302\n|move|p1a: Passimian|Gunk Shot|p2a: Keldeo\n|-end|p2a: Keldeo|Substitute\n|\n|-heal|p2a: Keldeo|191/273|[from] item: Leftovers\n|-heal|p1a: Passimian|163/302|[from] item: Leftovers\n|upkeep\n|turn|9\n|\n|t:|1733864274\n|move|p2a: Keldeo|Hydro Pump|p1a: Passimian\n|-damage|p1a: Passimian|0 fnt\n|faint|p1a: Passimian\n|\n|-heal|p2a: Keldeo|208/273|[from] item: Leftovers\n|upkeep\n|inactive|nanoconfuso has 120 seconds left.\n|\n|t:|1733864289\n|switch|p1a: Furret|Furret, L94, F|312/312\n|-item|p2a: Keldeo|Leftovers|[from] ability: Frisk|[of] p1a: Furret\n|turn|10\n|inactive|nanoconfuso has 120 seconds left.\n|\n|t:|1733864301\n|move|p1a: Furret|Double-Edge|p2a: Keldeo\n|-damage|p2a: Keldeo|20/273\n|-damage|p1a: Furret|250/312|[from] Recoil\n|-damage|p1a: Furret|219/312|[from] item: Life Orb\n|move|p2a: Keldeo|Secret Sword|p1a: Furret\n|-supereffective|p1a: Furret\n|-damage|p1a: Furret|0 fnt\n|faint|p1a: Furret\n|\n|-heal|p2a: Keldeo|37/273|[from] item: Leftovers\n|upkeep\n|inactive|nanoconfuso has 120 seconds left.\n|\n|t:|1733864313\n|switch|p1a: Kingdra|Kingdra, L84, F|263/263\n|turn|11\n|inactive|nanoconfuso has 120 seconds left.\n|\n|t:|1733864323\n|move|p2a: Keldeo|Secret Sword|p1a: Kingdra\n|-damage|p1a: Kingdra|110/263\n|move|p1a: Kingdra|Iron Head|p2a: Keldeo\n|-resisted|p2a: Keldeo\n|-damage|p2a: Keldeo|10/273\n|\n|-heal|p2a: Keldeo|27/273|[from] item: Leftovers\n|upkeep\n|turn|12\n|\n|t:|1733864330\n|move|p2a: Keldeo|Secret Sword|p1a: Kingdra\n|-damage|p1a: Kingdra|0 fnt\n|faint|p1a: Kingdra\n|\n|-heal|p2a: Keldeo|44/273|[from] item: Leftovers\n|upkeep\n|\n|t:|1733864336\n|switch|p1a: Volcanion|Volcanion, L79|255/255\n|turn|13\n|inactive|thdrsgefa has 120 seconds left.\n|inactive|thdrsgefa has 90 seconds left.\n|\n|t:|1733864399\n|move|p2a: Keldeo|Secret Sword|p1a: Volcanion\n|-damage|p1a: Volcanion|120/255\n|move|p1a: Volcanion|Earth Power|p2a: Keldeo\n|-damage|p2a: Keldeo|0 fnt\n|faint|p2a: Keldeo\n|\n|upkeep\n|inactive|thdrsgefa has 90 seconds left.\n|\n|t:|1733864427\n|switch|p2a: Deoxys|Deoxys-Speed, L82|174/216\n|-ability|p2a: Deoxys|Pressure\n|turn|14\n|\n|t:|1733864432\n|-terastallize|p1a: Volcanion|Ground\n|move|p2a: Deoxys|Psycho Boost|p1a: Volcanion\n|-damage|p1a: Volcanion|0 fnt\n|-unboost|p2a: Deoxys|spa|2\n|faint|p1a: Volcanion\n|-damage|p2a: Deoxys|153/216|[from] item: Life Orb\n|\n|win|thdrsgefa\n|raw|nanoconfuso's rating: 1045 &rarr; <strong>1027</strong><br />(-18 for losing)\n|raw|thdrsgefa's rating: 1025 &rarr; <strong>1063</strong><br />(+38 for winning)\n|l|\u2606nanoconfuso\n|player|p1|\n", "inputlog": ">version bfd83cad13791eb5a5a409923076391caf6fb4d4\n>start {\"formatid\":\"gen9randombattle\",\"seed\":[57968,41675,48049,33582],\"rated\":\"Rated battle\"}\n>player p1 {\"name\":\"nanoconfuso\",\"avatar\":\"101\",\"rating\":1045,\"seed\":[27354,58200,22846,27408]}\n>player p2 {\"name\":\"thdrsgefa\",\"avatar\":\"265\",\"rating\":1025,\"seed\":[17511,57595,3607,36558]}\n>p1 switch 2\n>p2 move psychoboost\n>p1 move poltergeist\n>p2 move psychoboost\n>p1 switch 4\n>p1 move thunderwave\n>p2 switch 4\n>p1 move irondefense\n>p2 move closecombat\n>p1 switch 3\n>p1 move flamethrower\n>p2 switch 3\n>p1 switch 2\n>p2 move calmmind\n>p1 move knockoff\n>p2 move substitute\n>p1 move gunkshot\n>p2 move secretsword\n>p1 move knockoff\n>p2 move hydropump\n>p1 switch 6\n>p1 move doubleedge\n>p2 move secretsword\n>p1 switch 5\n>p1 move ironhead\n>p2 move secretsword\n>p1 move ironhead\n>p2 move secretsword\n>p1 switch 2\n>p1 move earthpower\n>p2 move secretsword\n>p2 switch 4\n>p1 move earthpower terastallize\n>p2 move psychoboost", "uploadtime": 1733864452, "views": 1, "formatid": "gen9randombattle", "rating": 1027, "private": 0, "password": null}