{"id": "gen9randombattle-2260878725", "format": "[Gen 9] Random Battle", "players": ["Dionneke", "dumbshi"], "log": "|j|\u203dDionneke\n|j|\u2606dumbshi\n|t:|1733909503\n|gametype|singles\n|player|p1|Dionneke|169|1817\n|player|p2|dumbshi|clown|1787\n|teamsize|p1|6\n|teamsize|p2|6\n|gen|9\n|tier|[Gen 9] Random Battle\n|rated|\n|rule|Species Clause: Limit one of each Pok\u00e9mon\n|rule|HP Percentage Mod: HP is shown in percentages\n|rule|Sleep Clause Mod: Limit one foe put to sleep\n|rule|Illusion Level Mod: Illusion disguises the Pok\u00e9mon's true level\n|\n|t:|1733909503\n|start\n|switch|p1a: Ninetales|Ninetales-Alola, L78, F|242/242\n|switch|p2a: Slaking|Slaking, L84, F|389/389\n|-weather|Snow|[from] ability: Snow Warning|[of] p1a: Ninetales\n|turn|1\n|inactive|Battle timer is ON: inactive players will automatically lose when time's up. (requested by dumbshi)\n|\n|t:|1733909516\n|switch|p1a: Whiscash|Whiscash, L88, M|337/337\n|move|p2a: Slaking|Double-Edge|p1a: Whiscash\n|-damage|p1a: Whiscash|117/337\n|-damage|p2a: Slaking|316/389|[from] Recoil\n|\n|-weather|Snow|[upkeep]\n|-heal|p1a: Whiscash|138/337|[from] item: Leftovers\n|upkeep\n|turn|2\n|\n|t:|1733909527\n|switch|p2a: Sinistcha|Sinistcha, L83|254/254\n|move|p1a: Whiscash|Stealth Rock|p2a: Sinistcha\n|-sidestart|p2: dumbshi|move: Stealth Rock\n|\n|-weather|Snow|[upkeep]\n|-heal|p1a: Whiscash|159/337|[from] item: Leftovers\n|upkeep\n|turn|3\n|\n|t:|1733909533\n|switch|p1a: Bombirdier|Bombirdier, L85, F|258/258\n|move|p2a: Sinistcha|Calm Mind|p2a: Sinistcha\n|-boost|p2a: Sinistcha|spa|1\n|-boost|p2a: Sinistcha|spd|1\n|\n|-weather|Snow|[upkeep]\n|upkeep\n|turn|4\n|\n|t:|1733909538\n|-terastallize|p2a: Sinistcha|Steel\n|move|p1a: Bombirdier|Knock Off|p2a: Sinistcha\n|-damage|p2a: Sinistcha|163/254\n|-enditem|p2a: Sinistcha|Leftovers|[from] move: Knock Off|[of] p1a: Bombirdier\n|move|p2a: Sinistcha|Calm Mind|p2a: Sinistcha\n|-boost|p2a: Sinistcha|spa|1\n|-boost|p2a: Sinistcha|spd|1\n|\n|-weather|Snow|[upkeep]\n|upkeep\n|turn|5\n|\n|t:|1733909543\n|switch|p1a: Lumineon|Lumineon, L93, M|279/279\n|move|p2a: Sinistcha|Strength Sap|p1a: Lumineon\n|-unboost|p1a: Lumineon|atk|1\n|-heal|p2a: Sinistcha|254/254\n|\n|-weather|none\n|upkeep\n|turn|6\n|\n|t:|1733909548\n|move|p1a: Lumineon|Encore|p2a: Sinistcha\n|-start|p2a: Sinistcha|Encore\n|move|p2a: Sinistcha|Strength Sap|p1a: Lumineon\n|-unboost|p1a: Lumineon|atk|1\n|\n|upkeep\n|turn|7\n|\n|t:|1733909551\n|switch|p2a: Slaking|Slaking, L84, F|316/389\n|-damage|p2a: Slaking|268/389|[from] Stealth Rock\n|move|p1a: Lumineon|Hydro Pump|p2a: Slaking\n|-damage|p2a: Slaking|91/389\n|-damage|p1a: Lumineon|252/279|[from] item: Life Orb\n|\n|upkeep\n|turn|8\n|\n|t:|1733909554\n|switch|p1a: Whiscash|Whiscash, L88, M|159/337\n|move|p2a: Slaking|Double-Edge|p1a: Whiscash\n|-crit|p1a: Whiscash\n|-damage|p1a: Whiscash|0 fnt\n|faint|p1a: Whiscash\n|-damage|p2a: Slaking|39/389|[from] Recoil\n|\n|upkeep\n|\n|t:|1733909560\n|switch|p1a: Ninetales|Ninetales-Alola, L78, F|242/242\n|-weather|Snow|[from] ability: Snow Warning|[of] p1a: Ninetales\n|turn|9\n|\n|t:|1733909568\n|cant|p2a: Slaking|ability: Truant\n|move|p1a: Ninetales|Aurora Veil|p1a: Ninetales\n|-sidestart|p1: Dionneke|move: Aurora Veil\n|\n|-weather|Snow|[upkeep]\n|upkeep\n|turn|10\n|\n|t:|1733909575\n|switch|p1a: Lumineon|Lumineon, L93, M|252/279\n|move|p2a: Slaking|Double-Edge|p1a: Lumineon\n|-damage|p1a: Lumineon|159/279\n|-damage|p2a: Slaking|8/389|[from] Recoil\n|\n|-weather|Snow|[upkeep]\n|upkeep\n|turn|11\n|\n|t:|1733909582\n|cant|p2a: Slaking|ability: Truant\n|move|p1a: Lumineon|Ice Beam|p2a: Slaking\n|-damage|p2a: Slaking|0 fnt\n|faint|p2a: Slaking\n|-damage|p1a: Lumineon|132/279|[from] item: Life Orb\n|\n|-weather|Snow|[upkeep]\n|upkeep\n|\n|t:|1733909585\n|switch|p2a: Sinistcha|Sinistcha, L83, tera:Steel|254/254\n|-damage|p2a: Sinistcha|239/254|[from] Stealth Rock\n|turn|12\n|\n|t:|1733909591\n|move|p1a: Lumineon|Hydro Pump|p2a: Sinistcha\n|-damage|p2a: Sinistcha|86/254\n|-damage|p1a: Lumineon|105/279|[from] item: Life Orb\n|move|p2a: Sinistcha|Matcha Gotcha|p1a: Lumineon\n|-supereffective|p1a: Lumineon\n|-damage|p1a: Lumineon|18/279\n|-heal|p2a: Sinistcha|130/254|[from] drain|[of] p1a: Lumineon\n|\n|-weather|Snow|[upkeep]\n|upkeep\n|turn|13\n|\n|t:|1733909603\n|move|p1a: Lumineon|Hydro Pump|p2a: Sinistcha\n|-crit|p2a: Sinistcha\n|-damage|p2a: Sinistcha|0 fnt\n|faint|p2a: Sinistcha\n|-damage|p1a: Lumineon|0 fnt|[from] item: Life Orb\n|faint|p1a: Lumineon\n|\n|-weather|none\n|upkeep\n|\n|t:|1733909611\n|switch|p1a: Bombirdier|Bombirdier, L85, F|258/258\n|switch|p2a: Dusknoir|Dusknoir, L89, M|225/225\n|-damage|p2a: Dusknoir|197/225|[from] Stealth Rock\n|-item|p1a: Bombirdier|Choice Scarf|[from] ability: Frisk|[of] p2a: Dusknoir\n|turn|14\n|\n|t:|1733909616\n|move|p1a: Bombirdier|Knock Off|p2a: Dusknoir\n|-supereffective|p2a: Dusknoir\n|-damage|p2a: Dusknoir|53/225\n|-enditem|p2a: Dusknoir|Choice Band|[from] move: Knock Off|[of] p1a: Bombirdier\n|move|p2a: Dusknoir|Leech Life|p1a: Bombirdier\n|-damage|p1a: Bombirdier|224/258\n|-heal|p2a: Dusknoir|70/225|[from] drain|[of] p1a: Bombirdier\n|\n|upkeep\n|turn|15\n|\n|t:|1733909620\n|move|p2a: Dusknoir|Shadow Sneak|p1a: Bombirdier\n|-resisted|p1a: Bombirdier\n|-damage|p1a: Bombirdier|213/258\n|move|p1a: Bombirdier|Knock Off|p2a: Dusknoir\n|-supereffective|p2a: Dusknoir\n|-damage|p2a: Dusknoir|0 fnt\n|faint|p2a: Dusknoir\n|\n|upkeep\n|\n|t:|1733909629\n|switch|p2a: Braviary|Braviary, L85, M|309/309\n|turn|16\n|\n|t:|1733909637\n|switch|p1a: Ninetales|Ninetales-Alola, L78, F|242/242\n|-weather|Snow|[from] ability: Snow Warning|[of] p1a: Ninetales\n|move|p2a: Braviary|Bulk Up|p2a: Braviary\n|-boost|p2a: Braviary|atk|1\n|-boost|p2a: Braviary|def|1\n|\n|-weather|Snow|[upkeep]\n|-sideend|p1: Dionneke|move: Aurora Veil\n|upkeep\n|turn|17\n|\n|t:|1733909641\n|move|p1a: Ninetales|Encore|p2a: Braviary\n|-start|p2a: Braviary|Encore\n|move|p2a: Braviary|Bulk Up|p2a: Braviary\n|-boost|p2a: Braviary|atk|1\n|-boost|p2a: Braviary|def|1\n|\n|-weather|Snow|[upkeep]\n|upkeep\n|turn|18\n|\n|t:|1733909644\n|switch|p2a: Emboar|Emboar, L84, M|322/322\n|-damage|p2a: Emboar|282/322|[from] Stealth Rock\n|move|p1a: Ninetales|Aurora Veil|p1a: Ninetales\n|-sidestart|p1: Dionneke|move: Aurora Veil\n|\n|-weather|Snow|[upkeep]\n|-heal|p2a: Emboar|302/322|[from] item: Leftovers\n|upkeep\n|turn|19\n|\n|t:|1733909646\n|switch|p1a: Bombirdier|Bombirdier, L85, F|213/258\n|move|p2a: Emboar|Bulk Up|p2a: Emboar\n|-boost|p2a: Emboar|atk|1\n|-boost|p2a: Emboar|def|1\n|\n|-weather|Snow|[upkeep]\n|-heal|p2a: Emboar|322/322|[from] item: Leftovers\n|upkeep\n|turn|20\n|\n|t:|1733909653\n|move|p1a: Bombirdier|Brave Bird|p2a: Emboar\n|-supereffective|p2a: Emboar\n|-damage|p2a: Emboar|106/322\n|-damage|p1a: Bombirdier|142/258|[from] Recoil\n|move|p2a: Emboar|Drain Punch|p1a: Bombirdier\n|-damage|p1a: Bombirdier|73/258\n|-heal|p2a: Emboar|141/322|[from] drain|[of] p1a: Bombirdier\n|\n|-weather|none\n|-heal|p2a: Emboar|161/322|[from] item: Leftovers\n|upkeep\n|turn|21\n|\n|t:|1733909659\n|move|p1a: Bombirdier|Brave Bird|p2a: Emboar\n|-supereffective|p2a: Emboar\n|-damage|p2a: Emboar|0 fnt\n|faint|p2a: Emboar\n|-damage|p1a: Bombirdier|20/258|[from] Recoil\n|\n|upkeep\n|\n|t:|1733909661\n|switch|p2a: Braviary|Braviary, L85, M|309/309\n|turn|22\n|\n|t:|1733909664\n|move|p1a: Bombirdier|Brave Bird|p2a: Braviary\n|-damage|p2a: Braviary|165/309\n|-damage|p1a: Bombirdier|0 fnt|[from] Recoil\n|faint|p1a: Bombirdier\n|move|p2a: Braviary|Brave Bird|p1: Bombirdier|[notarget]\n|-fail|p2a: Braviary\n|\n|upkeep\n|\n|t:|1733909668\n|switch|p1a: Ninetales|Ninetales-Alola, L78, F|242/242\n|-weather|Snow|[from] ability: Snow Warning|[of] p1a: Ninetales\n|turn|23\n|\n|t:|1733909670\n|move|p1a: Ninetales|Blizzard|p2a: Braviary\n|-supereffective|p2a: Braviary\n|-damage|p2a: Braviary|0 fnt\n|faint|p2a: Braviary\n|\n|-weather|Snow|[upkeep]\n|upkeep\n|\n|t:|1733909671\n|switch|p2a: Kyogre|Kyogre, L71|259/259\n|-damage|p2a: Kyogre|227/259|[from] Stealth Rock\n|-weather|RainDance|[from] ability: Drizzle|[of] p2a: Kyogre\n|turn|24\n|\n|t:|1733909674\n|move|p1a: Ninetales|Moonblast|p2a: Kyogre\n|-damage|p2a: Kyogre|158/259\n|move|p2a: Kyogre|Calm Mind|p2a: Kyogre\n|-boost|p2a: Kyogre|spa|1\n|-boost|p2a: Kyogre|spd|1\n|\n|-weather|RainDance|[upkeep]\n|-heal|p2a: Kyogre|174/259|[from] item: Leftovers\n|upkeep\n|turn|25\n|\n|t:|1733909678\n|move|p1a: Ninetales|Encore|p2a: Kyogre\n|-start|p2a: Kyogre|Encore\n|move|p2a: Kyogre|Calm Mind|p2a: Kyogre\n|-boost|p2a: Kyogre|spa|1\n|-boost|p2a: Kyogre|spd|1\n|\n|-weather|RainDance|[upkeep]\n|-heal|p2a: Kyogre|190/259|[from] item: Leftovers\n|-sideend|p1: Dionneke|move: Aurora Veil\n|upkeep\n|turn|26\n|-message|dumbshi forfeited.\n|\n|win|Dionneke\n|raw|Dionneke's rating: 1817 &rarr; <strong>1835</strong><br />(+18 for winning)\n|raw|dumbshi's rating: 1787 &rarr; <strong>1769</strong><br />(-18 for losing)\n|l|\u2606dumbshi\n|player|p2|\n", "inputlog": ">version bfd83cad13791eb5a5a409923076391caf6fb4d4\n>start {\"formatid\":\"gen9randombattle\",\"seed\":[45509,38265,63193,5806],\"rated\":\"Rated battle\"}\n>player p1 {\"name\":\"Dionneke\",\"avatar\":\"169\",\"rating\":1817,\"seed\":[44028,50065,42717,2129]}\n>player p2 {\"name\":\"dumbshi\",\"avatar\":\"clown\",\"rating\":1787,\"seed\":[26543,34520,944,38731]}\n>p1 switch 6\n>p2 move doubleedge\n>p1 move stealthrock\n>p2 switch 2\n>p1 switch 5\n>p2 move calmmind\n>p1 move knockoff\n>p2 move calmmind terastallize\n>p1 switch 3\n>p2 move strengthsap\n>p1 move encore\n>p2 move matchagotcha\n>p1 move hydropump\n>p2 switch 2\n>p1 switch 5\n>p2 move doubleedge\n>p1 switch 6\n>p1 move auroraveil\n>p2 move doubleedge\n>p1 switch 5\n>p2 move doubleedge\n>p1 move icebeam\n>p2 move doubleedge\n>p2 switch 2\n>p1 move hydropump\n>p2 move matchagotcha\n>p1 move hydropump\n>p2 move matchagotcha\n>p1 switch 3\n>p2 switch 5\n>p1 move knockoff\n>p2 move leechlife\n>p1 move knockoff\n>p2 move shadowsneak\n>p2 switch 3\n>p1 switch 5\n>p2 move bulkup\n>p1 move encore\n>p2 move bravebird\n>p1 move auroraveil\n>p2 switch 6\n>p1 switch 5\n>p2 move bulkup\n>p1 move bravebird\n>p2 move drainpunch\n>p1 move bravebird\n>p2 move drainpunch\n>p2 switch 6\n>p1 move bravebird\n>p2 move bravebird\n>p1 switch 5\n>p1 move blizzard\n>p2 move bravebird\n>p2 switch 4\n>p1 move moonblast\n>p2 move calmmind\n>p1 move encore\n>p2 move calmmind\n>forcelose p2", "uploadtime": 1733909693, "views": 1, "formatid": "gen9randombattle", "rating": 1769, "private": 0, "password": null}