{"id": "gen9randombattle-2259960544", "format": "[Gen 9] Random Battle", "players": ["harrolux", "Skullmonkey"], "log": "|j|\u2606harrolux\n|j|\u2606Skullmonkey\n|t:|1733784571\n|gametype|singles\n|player|p1|harrolux|steven|1548\n|player|p2|Skullmonkey|li|1511\n|teamsize|p1|6\n|teamsize|p2|6\n|gen|9\n|tier|[Gen 9] Random Battle\n|rated|\n|rule|Species Clause: Limit one of each Pok\u00e9mon\n|rule|HP Percentage Mod: HP is shown in percentages\n|rule|Sleep Clause Mod: Limit one foe put to sleep\n|rule|Illusion Level Mod: Illusion disguises the Pok\u00e9mon's true level\n|\n|t:|1733784571\n|start\n|switch|p1a: Weezing|Weezing-Galar, L86, M|252/252\n|switch|p2a: Toxicroak|Toxicroak, L84, M|277/277\n|turn|1\n|\n|t:|1733784584\n|move|p2a: Toxicroak|Knock Off|p1a: Weezing\n|-resisted|p1a: Weezing\n|-damage|p1a: Weezing|213/252\n|-enditem|p1a: Weezing|Leftovers|[from] move: Knock Off|[of] p2a: Toxicroak\n|-damage|p2a: Toxicroak|250/277|[from] item: Life Orb\n|move|p1a: Weezing|Strange Steam|p2a: Toxicroak\n|-damage|p2a: Toxicroak|141/277\n|\n|upkeep\n|turn|2\n|inactive|Battle timer is ON: inactive players will automatically lose when time's up. (requested by Skullmonkey)\n|\n|t:|1733784623\n|move|p2a: Toxicroak|Gunk Shot|p1a: Weezing\n|-damage|p1a: Weezing|79/252\n|-damage|p2a: Toxicroak|114/277|[from] item: Life Orb\n|move|p1a: Weezing|Strange Steam|p2a: Toxicroak\n|-damage|p2a: Toxicroak|0 fnt\n|faint|p2a: Toxicroak\n|\n|upkeep\n|\n|t:|1733784637\n|switch|p2a: Noctowl|Noctowl, L95, F|344/344\n|turn|3\n|\n|t:|1733784643\n|move|p2a: Noctowl|Hurricane|p1a: Weezing\n|-damage|p1a: Weezing|0 fnt\n|faint|p1a: Weezing\n|\n|upkeep\n|\n|t:|1733784669\n|switch|p1a: Haxorus|Haxorus, L77, M|244/244\n|-ability|p1a: Haxorus|Mold Breaker\n|turn|4\n|\n|t:|1733784686\n|switch|p2a: Krookodile|Krookodile, L80, M|283/283\n|-ability|p2a: Krookodile|Intimidate|boost\n|-unboost|p1a: Haxorus|atk|1\n|move|p1a: Haxorus|Swords Dance|p1a: Haxorus\n|-boost|p1a: Haxorus|atk|2\n|\n|upkeep\n|turn|5\n|inactive|harrolux has 120 seconds left.\n|\n|t:|1733784702\n|move|p1a: Haxorus|Scale Shot|p2a: Krookodile|[miss]\n|-miss|p1a: Haxorus|p2a: Krookodile\n|move|p2a: Krookodile|Earthquake|p1a: Haxorus\n|-damage|p1a: Haxorus|57/244\n|\n|upkeep\n|turn|6\n|\n|t:|1733784707\n|move|p1a: Haxorus|Scale Shot|p2a: Krookodile\n|-damage|p2a: Krookodile|226/283\n|-damage|p2a: Krookodile|174/283\n|-damage|p2a: Krookodile|117/283\n|-damage|p2a: Krookodile|66/283\n|-hitcount|p2a: Krookodile|4\n|-unboost|p1a: Haxorus|def|1\n|-boost|p1a: Haxorus|spe|1\n|move|p2a: Krookodile|Earthquake|p1a: Haxorus\n|-damage|p1a: Haxorus|0 fnt\n|faint|p1a: Haxorus\n|\n|upkeep\n|inactive|harrolux has 120 seconds left.\n|\n|t:|1733784728\n|switch|p1a: Komala|Komala, L89, M|260/260\n|-ability|p1a: Komala|Comatose\n|turn|7\n|\n|t:|1733784737\n|switch|p2a: Annihilape|Annihilape, L76, F|292/292\n|move|p1a: Komala|Body Slam|p2a: Annihilape\n|-immune|p2a: Annihilape\n|\n|upkeep\n|turn|8\n|\n|t:|1733784746\n|switch|p1a: Altaria|Altaria, L88, M|275/275\n|move|p2a: Annihilape|Bulk Up|p2a: Annihilape\n|-boost|p2a: Annihilape|atk|1\n|-boost|p2a: Annihilape|def|1\n|\n|upkeep\n|turn|9\n|\n|t:|1733784756\n|-terastallize|p2a: Annihilape|Fairy\n|move|p1a: Altaria|Dragon Dance|p1a: Altaria\n|-boost|p1a: Altaria|atk|1\n|-boost|p1a: Altaria|spe|1\n|move|p2a: Annihilape|Bulk Up|p2a: Annihilape\n|-boost|p2a: Annihilape|atk|1\n|-boost|p2a: Annihilape|def|1\n|\n|upkeep\n|turn|10\n|\n|t:|1733784766\n|move|p1a: Altaria|Brave Bird|p2a: Annihilape\n|-damage|p2a: Annihilape|195/292\n|-damage|p1a: Altaria|243/275|[from] Recoil\n|move|p2a: Annihilape|Bulk Up|p2a: Annihilape\n|-boost|p2a: Annihilape|atk|1\n|-boost|p2a: Annihilape|def|1\n|\n|upkeep\n|turn|11\n|\n|t:|1733784774\n|move|p1a: Altaria|Dragon Dance|p1a: Altaria\n|-boost|p1a: Altaria|atk|1\n|-boost|p1a: Altaria|spe|1\n|move|p2a: Annihilape|Bulk Up|p2a: Annihilape\n|-boost|p2a: Annihilape|atk|1\n|-boost|p2a: Annihilape|def|1\n|\n|upkeep\n|turn|12\n|\n|t:|1733784783\n|move|p1a: Altaria|Dragon Dance|p1a: Altaria\n|-boost|p1a: Altaria|atk|1\n|-boost|p1a: Altaria|spe|1\n|move|p2a: Annihilape|Rest|p2a: Annihilape\n|-status|p2a: Annihilape|slp|[from] move: Rest\n|-heal|p2a: Annihilape|292/292 slp|[silent]\n|-enditem|p2a: Annihilape|Chesto Berry|[eat]\n|-curestatus|p2a: Annihilape|slp|[msg]\n|\n|upkeep\n|turn|13\n|\n|t:|1733784792\n|move|p1a: Altaria|Brave Bird|p2a: Annihilape\n|-damage|p2a: Annihilape|187/292\n|-damage|p1a: Altaria|208/275|[from] Recoil\n|move|p2a: Annihilape|Rage Fist|p1a: Altaria\n|-damage|p1a: Altaria|0 fnt\n|faint|p1a: Altaria\n|\n|upkeep\n|\n|t:|1733784800\n|switch|p1a: Uxie|Uxie, L83|260/260\n|turn|14\n|\n|t:|1733784810\n|move|p1a: Uxie|Yawn|p2a: Annihilape\n|-start|p2a: Annihilape|move: Yawn|[of] p1a: Uxie\n|move|p2a: Annihilape|Rage Fist|p1a: Uxie\n|-supereffective|p1a: Uxie\n|-damage|p1a: Uxie|0 fnt\n|faint|p1a: Uxie\n|\n|upkeep\n|\n|t:|1733784817\n|switch|p1a: Abomasnow|Abomasnow, L85, M|291/291\n|-weather|Snow|[from] ability: Snow Warning|[of] p1a: Abomasnow\n|turn|15\n|\n|t:|1733784830\n|move|p2a: Annihilape|Drain Punch|p1a: Abomasnow\n|-supereffective|p1a: Abomasnow\n|-damage|p1a: Abomasnow|0 fnt\n|-heal|p2a: Annihilape|292/292|[from] drain|[of] p1a: Abomasnow\n|faint|p1a: Abomasnow\n|\n|-weather|Snow|[upkeep]\n|-end|p2a: Annihilape|move: Yawn|[silent]\n|-status|p2a: Annihilape|slp\n|upkeep\n|\n|t:|1733784838\n|switch|p1a: Komala|Komala, L89, M|260/260\n|-ability|p1a: Komala|Comatose\n|turn|16\n|\n|t:|1733784849\n|move|p1a: Komala|Body Slam|p2a: Annihilape\n|-damage|p2a: Annihilape|247/292 slp\n|cant|p2a: Annihilape|slp\n|\n|-weather|Snow|[upkeep]\n|upkeep\n|turn|17\n|c|\u2606harrolux|gg\n|-message|harrolux forfeited.\n|\n|win|Skullmonkey\n|raw|harrolux's rating: 1548 &rarr; <strong>1526</strong><br />(-22 for losing)\n|raw|Skullmonkey's rating: 1511 &rarr; <strong>1533</strong><br />(+22 for winning)\n|l|\u2606harrolux\n|player|p1|\n|c|\u2606Skullmonkey|GG\n", "inputlog": ">version bfd83cad13791eb5a5a409923076391caf6fb4d4\n>start {\"formatid\":\"gen9randombattle\",\"seed\":[26387,37908,10011,22835],\"rated\":\"Rated battle\"}\n>player p1 {\"name\":\"harrolux\",\"avatar\":\"steven\",\"rating\":1548,\"seed\":[26199,43943,57228,57640]}\n>player p2 {\"name\":\"Skullmonkey\",\"avatar\":\"li\",\"rating\":1511,\"seed\":[6853,54423,20639,39725]}\n>p1 move strangesteam\n>p2 move knockoff\n>p1 move strangesteam\n>p2 move gunkshot\n>p2 switch 4\n>p1 move strangesteam\n>p2 move hurricane\n>p1 switch 6\n>p1 move swordsdance\n>p2 switch 3\n>p1 move scaleshot\n>p2 move earthquake\n>p1 move scaleshot\n>p2 move earthquake\n>p1 switch 5\n>p1 move bodyslam\n>p2 switch 5\n>p1 switch 3\n>p2 move bulkup\n>p1 move dragondance\n>p2 move bulkup terastallize\n>p1 move bravebird\n>p2 move bulkup\n>p1 move dragondance\n>p2 move bulkup\n>p1 move dragondance\n>p2 move rest\n>p1 move bravebird\n>p2 move ragefist\n>p1 switch 4\n>p1 move yawn\n>p2 move ragefist\n>p1 switch 2\n>p1 move auroraveil\n>p2 move drainpunch\n>p1 switch 3\n>p1 move bodyslam\n>p2 move drainpunch\n>chat \u2606harrolux|gg\n>forcelose p1", "uploadtime": 1733784859, "views": 1, "formatid": "gen9randombattle", "rating": 1526, "private": 0, "password": null}