{"id": "gen9randombattle-2260710579", "format": "[Gen 9] Random Battle", "players": ["Ghostlyflame21", "actually a mimic"], "log": "|j|\u2606Ghostlyflame21\n|j|\u2606actually a mimic\n|t:|1733881452\n|gametype|singles\n|player|p1|Ghostlyflame21|266|1511\n|player|p2|actually a mimic|harlequin|1503\n|teamsize|p1|6\n|teamsize|p2|6\n|gen|9\n|tier|[Gen 9] Random Battle\n|rated|\n|rule|Species Clause: Limit one of each Pok\u00e9mon\n|rule|HP Percentage Mod: HP is shown in percentages\n|rule|Sleep Clause Mod: Limit one foe put to sleep\n|rule|Illusion Level Mod: Illusion disguises the Pok\u00e9mon's true level\n|\n|t:|1733881452\n|start\n|switch|p1a: Weezing|Weezing-Galar, L86, F|252/252\n|switch|p2a: Carbink|Carbink, L90|236/236\n|turn|1\n|inactive|Battle timer is ON: inactive players will automatically lose when time's up. (requested by Ghostlyflame21)\n|inactive|actually a mimic has 120 seconds left.\n|\n|t:|1733881486\n|switch|p2a: Camerupt|Camerupt, L91, F|275/275\n|move|p1a: Weezing|Gunk Shot|p2a: Camerupt\n|-resisted|p2a: Camerupt\n|-damage|p2a: Camerupt|209/275\n|-status|p2a: Camerupt|psn\n|\n|-heal|p2a: Camerupt|226/275 psn|[from] item: Leftovers\n|-damage|p2a: Camerupt|192/275 psn|[from] psn\n|upkeep\n|turn|2\n|\n|t:|1733881499\n|move|p1a: Weezing|Strange Steam|p2a: Camerupt\n|-resisted|p2a: Camerupt\n|-damage|p2a: Camerupt|143/275 psn\n|-start|p2a: Camerupt|confusion\n|-activate|p2a: Camerupt|confusion\n|-damage|p2a: Camerupt|105/275 psn|[from] confusion\n|\n|-heal|p2a: Camerupt|122/275 psn|[from] item: Leftovers\n|-damage|p2a: Camerupt|88/275 psn|[from] psn\n|upkeep\n|turn|3\n|\n|t:|1733881524\n|switch|p2a: Suicune|Suicune, L82|298/298\n|-ability|p2a: Suicune|Pressure\n|move|p1a: Weezing|Gunk Shot|p2a: Suicune\n|-damage|p2a: Suicune|198/298\n|\n|-heal|p2a: Suicune|216/298|[from] item: Leftovers\n|upkeep\n|turn|4\n|\n|t:|1733881539\n|-terastallize|p2a: Suicune|Steel\n|move|p2a: Suicune|Calm Mind|p2a: Suicune\n|-boost|p2a: Suicune|spa|1\n|-boost|p2a: Suicune|spd|1\n|move|p1a: Weezing|Gunk Shot|p2a: Suicune\n|-immune|p2a: Suicune\n|\n|-heal|p2a: Suicune|234/298|[from] item: Leftovers\n|upkeep\n|turn|5\n|\n|t:|1733881548\n|switch|p1a: Urshifu|Urshifu-Rapid-Strike, L75, M|274/274\n|move|p2a: Suicune|Calm Mind|p2a: Suicune\n|-boost|p2a: Suicune|spa|1\n|-boost|p2a: Suicune|spd|1\n|\n|-heal|p2a: Suicune|252/298|[from] item: Leftovers\n|upkeep\n|turn|6\n|inactive|actually a mimic has 120 seconds left.\n|\n|t:|1733881583\n|switch|p2a: Sunflora|Sunflora, F|312/312\n|move|p1a: Urshifu|Close Combat|p2a: Sunflora\n|-damage|p2a: Sunflora|153/312\n|-unboost|p1a: Urshifu|def|1\n|-unboost|p1a: Urshifu|spd|1\n|\n|upkeep\n|turn|7\n|\n|t:|1733881606\n|move|p1a: Urshifu|Close Combat|p2a: Sunflora\n|-damage|p2a: Sunflora|0 fnt\n|-unboost|p1a: Urshifu|def|1\n|-unboost|p1a: Urshifu|spd|1\n|faint|p2a: Sunflora\n|\n|upkeep\n|inactive|actually a mimic has 90 seconds left.\n|\n|t:|1733881622\n|switch|p2a: Darkrai|Darkrai, L77|234/234\n|turn|8\n|inactive|actually a mimic has 90 seconds left.\n|\n|t:|1733881637\n|switch|p1a: Frosmoth|Frosmoth, L82, F|249/249\n|move|p2a: Darkrai|Hypnosis|p1a: Frosmoth|[miss]\n|-miss|p2a: Darkrai|p1a: Frosmoth\n|\n|upkeep\n|turn|9\n|\n|t:|1733881645\n|move|p2a: Darkrai|Hypnosis|p1a: Frosmoth|[miss]\n|-miss|p2a: Darkrai|p1a: Frosmoth\n|move|p1a: Frosmoth|Bug Buzz|p2a: Darkrai\n|-supereffective|p2a: Darkrai\n|-crit|p2a: Darkrai\n|-damage|p2a: Darkrai|0 fnt\n|faint|p2a: Darkrai\n|\n|upkeep\n|inactive|actually a mimic has 90 seconds left.\n|\n|t:|1733881657\n|switch|p2a: Camerupt|Camerupt, L91, F|88/275 psn\n|turn|10\n|\n|t:|1733881670\n|move|p1a: Frosmoth|Quiver Dance|p1a: Frosmoth\n|-boost|p1a: Frosmoth|spa|1\n|-boost|p1a: Frosmoth|spd|1\n|-boost|p1a: Frosmoth|spe|1\n|move|p2a: Camerupt|Overheat|p1a: Frosmoth|[miss]\n|-miss|p2a: Camerupt|p1a: Frosmoth\n|\n|-heal|p2a: Camerupt|105/275 psn|[from] item: Leftovers\n|-damage|p2a: Camerupt|71/275 psn|[from] psn\n|upkeep\n|turn|11\n|\n|t:|1733881680\n|-terastallize|p1a: Frosmoth|Ground\n|move|p1a: Frosmoth|Quiver Dance|p1a: Frosmoth\n|-boost|p1a: Frosmoth|spa|1\n|-boost|p1a: Frosmoth|spd|1\n|-boost|p1a: Frosmoth|spe|1\n|move|p2a: Camerupt|Roar|p1a: Frosmoth\n|drag|p1a: Coalossal|Coalossal, L89, M|341/341\n|\n|-heal|p2a: Camerupt|88/275 psn|[from] item: Leftovers\n|-damage|p2a: Camerupt|54/275 psn|[from] psn\n|upkeep\n|turn|12\n|\n|t:|1733881695\n|switch|p1a: Weezing|Weezing-Galar, L86, F|252/252\n|move|p2a: Camerupt|Stealth Rock|p1a: Weezing\n|-sidestart|p1: Ghostlyflame21|move: Stealth Rock\n|\n|-heal|p2a: Camerupt|71/275 psn|[from] item: Leftovers\n|-damage|p2a: Camerupt|37/275 psn|[from] psn\n|upkeep\n|turn|13\n|\n|t:|1733881706\n|switch|p2a: Suicune|Suicune, L82, tera:Steel|252/298\n|-ability|p2a: Suicune|Pressure\n|move|p1a: Weezing|Fire Blast|p2a: Suicune\n|-supereffective|p2a: Suicune\n|-damage|p2a: Suicune|132/298\n|\n|-heal|p2a: Suicune|150/298|[from] item: Leftovers\n|upkeep\n|turn|14\n|\n|t:|1733881719\n|move|p2a: Suicune|Scald|p1a: Weezing\n|-damage|p1a: Weezing|165/252\n|-status|p1a: Weezing|brn\n|move|p1a: Weezing|Fire Blast|p2a: Suicune\n|-supereffective|p2a: Suicune\n|-damage|p2a: Suicune|30/298\n|\n|-heal|p2a: Suicune|48/298|[from] item: Leftovers\n|-heal|p1a: Weezing|180/252 brn|[from] item: Leftovers\n|-damage|p1a: Weezing|165/252 brn|[from] brn\n|upkeep\n|turn|15\n|\n|t:|1733881730\n|move|p2a: Suicune|Rest|p2a: Suicune\n|-status|p2a: Suicune|slp|[from] move: Rest\n|-heal|p2a: Suicune|298/298 slp|[silent]\n|move|p1a: Weezing|Fire Blast|p2a: Suicune|[miss]\n|-miss|p1a: Weezing|p2a: Suicune\n|\n|-heal|p1a: Weezing|180/252 brn|[from] item: Leftovers\n|-damage|p1a: Weezing|165/252 brn|[from] brn\n|upkeep\n|turn|16\n|\n|t:|1733881739\n|switch|p1a: Urshifu|Urshifu-Rapid-Strike, L75, M|274/274\n|-damage|p1a: Urshifu|257/274|[from] Stealth Rock\n|cant|p2a: Suicune|slp\n|move|p2a: Suicune|Sleep Talk|p2a: Suicune\n|move|p2a: Suicune|Rest||[from]move: Sleep Talk|[still]\n|-fail|p2a: Suicune\n|\n|upkeep\n|turn|17\n|\n|t:|1733881758\n|switch|p2a: Camerupt|Camerupt, L91, F|37/275 psn\n|move|p1a: Urshifu|Close Combat|p2a: Camerupt\n|-damage|p2a: Camerupt|0 fnt\n|-unboost|p1a: Urshifu|def|1\n|-unboost|p1a: Urshifu|spd|1\n|faint|p2a: Camerupt\n|\n|upkeep\n|inactive|actually a mimic has 90 seconds left.\n|c|\u2606actually a mimic|this match is rough\n|\n|t:|1733881778\n|switch|p2a: Carbink|Carbink, L90|236/236\n|turn|18\n|inactive|actually a mimic has 90 seconds left.\n|\n|t:|1733881784\n|switch|p1a: Frosmoth|Frosmoth, L82, F, tera:Ground|249/249\n|move|p2a: Carbink|Iron Defense|p2a: Carbink\n|-boost|p2a: Carbink|def|2\n|\n|upkeep\n|turn|19\n|\n|t:|1733881793\n|move|p1a: Frosmoth|Quiver Dance|p1a: Frosmoth\n|-boost|p1a: Frosmoth|spa|1\n|-boost|p1a: Frosmoth|spd|1\n|-boost|p1a: Frosmoth|spe|1\n|move|p2a: Carbink|Body Press|p1a: Frosmoth\n|-damage|p1a: Frosmoth|0 fnt\n|faint|p1a: Frosmoth\n|\n|upkeep\n|\n|t:|1733881800\n|switch|p1a: Urshifu|Urshifu-Rapid-Strike, L75, M|257/274\n|-damage|p1a: Urshifu|240/274|[from] Stealth Rock\n|turn|20\n|\n|t:|1733881810\n|move|p1a: Urshifu|Surging Strikes|p2a: Carbink\n|-supereffective|p2a: Carbink\n|-crit|p2a: Carbink\n|-damage|p2a: Carbink|188/236\n|-supereffective|p2a: Carbink\n|-crit|p2a: Carbink\n|-damage|p2a: Carbink|138/236\n|-supereffective|p2a: Carbink\n|-crit|p2a: Carbink\n|-damage|p2a: Carbink|88/236\n|-hitcount|p2a: Carbink|3\n|move|p2a: Carbink|Body Press|p1a: Urshifu\n|-damage|p1a: Urshifu|42/274\n|\n|upkeep\n|turn|21\n|\n|t:|1733881822\n|switch|p2a: Suicune|Suicune, L82, tera:Steel|298/298 slp\n|-ability|p2a: Suicune|Pressure\n|move|p1a: Urshifu|Surging Strikes|p2a: Suicune\n|-crit|p2a: Suicune\n|-damage|p2a: Suicune|262/298 slp\n|-crit|p2a: Suicune\n|-damage|p2a: Suicune|225/298 slp\n|-crit|p2a: Suicune\n|-damage|p2a: Suicune|185/298 slp\n|-hitcount|p2a: Suicune|3\n|\n|-heal|p2a: Suicune|203/298 slp|[from] item: Leftovers\n|upkeep\n|turn|22\n|\n|t:|1733881838\n|switch|p1a: Stonjourner|Stonjourner, L91, M|330/330\n|-damage|p1a: Stonjourner|289/330|[from] Stealth Rock\n|cant|p2a: Suicune|slp\n|\n|-heal|p2a: Suicune|221/298 slp|[from] item: Leftovers\n|upkeep\n|turn|23\n|\n|t:|1733881848\n|-curestatus|p2a: Suicune|slp|[msg]\n|move|p2a: Suicune|Scald|p1a: Stonjourner\n|-supereffective|p1a: Stonjourner\n|-damage|p1a: Stonjourner|0 fnt\n|faint|p1a: Stonjourner\n|\n|-heal|p2a: Suicune|239/298|[from] item: Leftovers\n|upkeep\n|\n|t:|1733881858\n|switch|p1a: Furret|Furret, L94, M|312/312\n|-damage|p1a: Furret|273/312|[from] Stealth Rock\n|-item|p2a: Suicune|Leftovers|[from] ability: Frisk|[of] p1a: Furret\n|turn|24\n|\n|t:|1733881868\n|move|p1a: Furret|Trick|p2a: Suicune\n|-activate|p1a: Furret|move: Trick|[of] p2a: Suicune\n|-item|p2a: Suicune|Choice Band|[from] move: Trick\n|-item|p1a: Furret|Leftovers|[from] move: Trick\n|move|p2a: Suicune|Calm Mind|p2a: Suicune\n|-boost|p2a: Suicune|spa|1\n|-boost|p2a: Suicune|spd|1\n|\n|-heal|p1a: Furret|292/312|[from] item: Leftovers\n|upkeep\n|turn|25\n|\n|t:|1733881879\n|switch|p2a: Carbink|Carbink, L90|88/236\n|move|p1a: Furret|Knock Off|p2a: Carbink\n|-resisted|p2a: Carbink\n|-damage|p2a: Carbink|66/236\n|-enditem|p2a: Carbink|Chesto Berry|[from] move: Knock Off|[of] p1a: Furret\n|\n|-heal|p1a: Furret|311/312|[from] item: Leftovers\n|upkeep\n|turn|26\n|\n|t:|1733881898\n|move|p1a: Furret|U-turn|p2a: Carbink\n|-resisted|p2a: Carbink\n|-damage|p2a: Carbink|49/236\n|\n|t:|1733881900\n|switch|p1a: Weezing|Weezing-Galar, L86, F|165/252 brn|[from] U-turn\n|-damage|p1a: Weezing|134/252 brn|[from] Stealth Rock\n|move|p2a: Carbink|Iron Defense|p2a: Carbink\n|-boost|p2a: Carbink|def|2\n|\n|-heal|p1a: Weezing|149/252 brn|[from] item: Leftovers\n|-damage|p1a: Weezing|134/252 brn|[from] brn\n|upkeep\n|turn|27\n|\n|t:|1733881917\n|move|p1a: Weezing|Defog|p2a: Carbink\n|-fail|p2a: Carbink|unboost|[from] ability: Clear Body|[of] p2a: Carbink\n|-sideend|p1: Ghostlyflame21|Stealth Rock|[from] move: Defog|[of] p1a: Weezing\n|move|p2a: Carbink|Rest|p2a: Carbink\n|-status|p2a: Carbink|slp|[from] move: Rest\n|-heal|p2a: Carbink|236/236 slp|[silent]\n|\n|-heal|p1a: Weezing|149/252 brn|[from] item: Leftovers\n|-damage|p1a: Weezing|134/252 brn|[from] brn\n|upkeep\n|turn|28\n|\n|t:|1733881928\n|switch|p2a: Suicune|Suicune, L82, tera:Steel|239/298\n|-ability|p2a: Suicune|Pressure\n|move|p1a: Weezing|Gunk Shot|p2a: Suicune\n|-immune|p2a: Suicune\n|\n|-heal|p1a: Weezing|149/252 brn|[from] item: Leftovers\n|-damage|p1a: Weezing|134/252 brn|[from] brn\n|upkeep\n|turn|29\n|\n|t:|1733881941\n|move|p2a: Suicune|Scald|p1a: Weezing\n|-crit|p1a: Weezing\n|-damage|p1a: Weezing|0 fnt\n|faint|p1a: Weezing\n|\n|upkeep\n|\n|t:|1733881947\n|switch|p1a: Urshifu|Urshifu-Rapid-Strike, L75, M|42/274\n|turn|30\n|\n|t:|1733881959\n|move|p1a: Urshifu|Close Combat|p2a: Suicune\n|-supereffective|p2a: Suicune\n|-damage|p2a: Suicune|33/298\n|-unboost|p1a: Urshifu|def|1\n|-unboost|p1a: Urshifu|spd|1\n|move|p2a: Suicune|Scald|p1a: Urshifu\n|-resisted|p1a: Urshifu\n|-damage|p1a: Urshifu|0 fnt\n|faint|p1a: Urshifu\n|\n|upkeep\n|\n|t:|1733881969\n|switch|p1a: Furret|Furret, L94, M|311/312\n|-item|p2a: Suicune|Choice Band|[from] ability: Frisk|[of] p1a: Furret\n|turn|31\n|\n|t:|1733881978\n|switch|p2a: Carbink|Carbink, L90|236/236 slp\n|move|p1a: Furret|Double-Edge|p2a: Carbink\n|-resisted|p2a: Carbink\n|-crit|p2a: Carbink\n|-damage|p2a: Carbink|172/236 slp\n|-damage|p1a: Furret|290/312|[from] Recoil\n|\n|-heal|p1a: Furret|309/312|[from] item: Leftovers\n|upkeep\n|turn|32\n|inactive|actually a mimic has 120 seconds left.\n|\n|t:|1733881989\n|move|p1a: Furret|U-turn|p2a: Carbink\n|-resisted|p2a: Carbink\n|-damage|p2a: Carbink|157/236 slp\n|\n|t:|1733881993\n|switch|p1a: Coalossal|Coalossal, L89, M|341/341|[from] U-turn\n|cant|p2a: Carbink|slp\n|\n|upkeep\n|turn|33\n|\n|t:|1733882000\n|cant|p2a: Carbink|slp\n|move|p1a: Coalossal|Spikes|p2a: Carbink\n|-sidestart|p2: actually a mimic|Spikes\n|\n|upkeep\n|turn|34\n|\n|t:|1733882007\n|-curestatus|p2a: Carbink|slp|[msg]\n|move|p2a: Carbink|Iron Defense|p2a: Carbink\n|-boost|p2a: Carbink|def|2\n|move|p1a: Coalossal|Spikes|p2a: Carbink\n|-sidestart|p2: actually a mimic|Spikes\n|\n|upkeep\n|turn|35\n|\n|t:|1733882015\n|move|p2a: Carbink|Body Press|p1a: Coalossal\n|-supereffective|p1a: Coalossal\n|-damage|p1a: Coalossal|85/341\n|move|p1a: Coalossal|Will-O-Wisp|p2a: Carbink\n|-status|p2a: Carbink|brn\n|\n|-damage|p2a: Carbink|143/236 brn|[from] brn\n|upkeep\n|turn|36\n|\n|t:|1733882023\n|move|p2a: Carbink|Body Press|p1a: Coalossal\n|-supereffective|p1a: Coalossal\n|-damage|p1a: Coalossal|0 fnt\n|faint|p1a: Coalossal\n|\n|-damage|p2a: Carbink|129/236 brn|[from] brn\n|upkeep\n|\n|t:|1733882024\n|switch|p1a: Furret|Furret, L94, M|309/312\n|turn|37\n|\n|t:|1733882031\n|move|p1a: Furret|Double-Edge|p2a: Carbink\n|-resisted|p2a: Carbink\n|-damage|p2a: Carbink|108/236 brn\n|-damage|p1a: Furret|302/312|[from] Recoil\n|move|p2a: Carbink|Body Press|p1a: Furret\n|-supereffective|p1a: Furret\n|-damage|p1a: Furret|110/312\n|\n|-heal|p1a: Furret|129/312|[from] item: Leftovers\n|-damage|p2a: Carbink|94/236 brn|[from] brn\n|upkeep\n|turn|38\n|\n|t:|1733882040\n|move|p1a: Furret|Knock Off|p2a: Carbink\n|-resisted|p2a: Carbink\n|-damage|p2a: Carbink|86/236 brn\n|move|p2a: Carbink|Body Press|p1a: Furret\n|-supereffective|p1a: Furret\n|-damage|p1a: Furret|0 fnt\n|faint|p1a: Furret\n|\n|win|actually a mimic\n|raw|Ghostlyflame21's rating: 1511 &rarr; <strong>1491</strong><br />(-20 for losing)\n|raw|actually a mimic's rating: 1503 &rarr; <strong>1523</strong><br />(+20 for winning)\n|l|\u2606Ghostlyflame21\n|player|p1|\n", "inputlog": ">version bfd83cad13791eb5a5a409923076391caf6fb4d4\n>start {\"formatid\":\"gen9randombattle\",\"seed\":[12087,33749,43627,41755],\"rated\":\"Rated battle\"}\n>player p1 {\"name\":\"Ghostlyflame21\",\"avatar\":\"266\",\"rating\":1511,\"seed\":[27653,23096,29769,26642]}\n>player p2 {\"name\":\"actually a mimic\",\"avatar\":\"harlequin\",\"rating\":1503,\"seed\":[41386,32355,11314,63145]}\n>p1 move gunkshot\n>p2 switch 4\n>p1 move strangesteam\n>p2 move overheat\n>p1 move gunkshot\n>p2 switch 6\n>p1 move gunkshot\n>p2 move calmmind terastallize\n>p1 switch 3\n>p2 move calmmind\n>p1 move closecombat\n>p2 switch 2\n>p1 move closecombat\n>p2 move sunnyday\n>p2 switch 3\n>p1 switch 6\n>p2 move hypnosis\n>p1 move bugbuzz\n>p2 move hypnosis\n>p2 switch 6\n>p1 move quiverdance\n>p2 move overheat\n>p1 move quiverdance terastallize\n>p2 move roar\n>p1 switch 3\n>p2 move stealthrock\n>p1 move fireblast\n>p2 switch 2\n>p1 move fireblast\n>p2 move scald\n>p1 move fireblast\n>p2 move rest\n>p1 switch 6\n>p2 move sleeptalk\n>p1 move closecombat\n>p2 switch 2\n>chat \u2606actually a mimic|this match is rough\n>p2 switch 4\n>p1 switch 2\n>p2 move irondefense\n>p1 move quiverdance\n>p2 move bodypress\n>p1 switch 2\n>p1 move surgingstrikes\n>p2 move bodypress\n>p1 move surgingstrikes\n>p2 switch 2\n>p1 switch 5\n>p2 move scald\n>p1 move earthquake\n>p2 move scald\n>p1 switch 4\n>p1 move trick\n>p2 move calmmind\n>p1 move knockoff\n>p2 switch 2\n>p1 move uturn\n>p2 move irondefense\n>p1 switch 6\n>p1 move defog\n>p2 move rest\n>p1 move gunkshot\n>p2 switch 2\n>p1 move fireblast\n>p2 move scald\n>p1 switch 5\n>p1 move closecombat\n>p2 move scald\n>p1 switch 6\n>p1 move doubleedge\n>p2 switch 2\n>p1 move uturn\n>p2 move irondefense\n>p1 switch 3\n>p1 move spikes\n>p2 move irondefense\n>p1 move spikes\n>p2 move irondefense\n>p1 move willowisp\n>p2 move bodypress\n>p1 move overheat\n>p2 move bodypress\n>p1 switch 3\n>p1 move doubleedge\n>p2 move bodypress\n>p1 move knockoff\n>p2 move bodypress", "uploadtime": 1733882047, "views": 1, "formatid": "gen9randombattle", "rating": 1491, "private": 0, "password": null}