{"id": "gen9randombattle-2260383234", "format": "[Gen 9] Random Battle", "players": ["CuquiRaton", "RedObject"], "log": "|j|\u2606CuquiRaton\n|j|\u2606RedObject\n|t:|1733846210\n|gametype|singles\n|player|p1|CuquiRaton|twins-gen4|1100\n|player|p2|RedObject|preschooler|1148\n|teamsize|p1|6\n|teamsize|p2|6\n|gen|9\n|tier|[Gen 9] Random Battle\n|rated|\n|rule|Species Clause: Limit one of each Pok\u00e9mon\n|rule|HP Percentage Mod: HP is shown in percentages\n|rule|Sleep Clause Mod: Limit one foe put to sleep\n|rule|Illusion Level Mod: Illusion disguises the Pok\u00e9mon's true level\n|\n|t:|1733846210\n|start\n|switch|p1a: Arceus|Arceus-Fairy, L69|280/280\n|switch|p2a: Porygon2|Porygon2, L82|274/274\n|-ability|p2a: Porygon2|Download|boost\n|-boost|p2a: Porygon2|spa|1\n|turn|1\n|inactive|Battle timer is ON: inactive players will automatically lose when time's up. (requested by CuquiRaton)\n|\n|t:|1733846223\n|switch|p2a: Gengar|Gengar, L81, M|230/230\n|move|p1a: Arceus|Calm Mind|p1a: Arceus\n|-boost|p1a: Arceus|spa|1\n|-boost|p1a: Arceus|spd|1\n|\n|upkeep\n|turn|2\n|\n|t:|1733846233\n|-terastallize|p1a: Arceus|Steel\n|move|p2a: Gengar|Encore|p1a: Arceus\n|-start|p1a: Arceus|Encore\n|move|p1a: Arceus|Calm Mind|p1a: Arceus\n|-boost|p1a: Arceus|spa|1\n|-boost|p1a: Arceus|spd|1\n|\n|upkeep\n|turn|3\n|\n|t:|1733846239\n|move|p2a: Gengar|Will-O-Wisp|p1a: Arceus\n|-status|p1a: Arceus|brn\n|move|p1a: Arceus|Calm Mind|p1a: Arceus\n|-boost|p1a: Arceus|spa|1\n|-boost|p1a: Arceus|spd|1\n|\n|-damage|p1a: Arceus|263/280 brn|[from] brn\n|upkeep\n|turn|4\n|\n|t:|1733846247\n|move|p2a: Gengar|Shadow Ball|p1a: Arceus\n|-damage|p1a: Arceus|211/280 brn\n|-damage|p2a: Gengar|207/230|[from] item: Life Orb\n|move|p1a: Arceus|Calm Mind|p1a: Arceus\n|-boost|p1a: Arceus|spa|1\n|-boost|p1a: Arceus|spd|1\n|\n|-damage|p1a: Arceus|194/280 brn|[from] brn\n|-end|p1a: Arceus|Encore\n|upkeep\n|turn|5\n|c|\u2606CuquiRaton|dont dare you do it again\n|\n|t:|1733846271\n|move|p2a: Gengar|Encore|p1a: Arceus\n|-start|p1a: Arceus|Encore\n|move|p1a: Arceus|Calm Mind|p1a: Arceus\n|-boost|p1a: Arceus|spa|1\n|-boost|p1a: Arceus|spd|1\n|\n|-damage|p1a: Arceus|177/280 brn|[from] brn\n|upkeep\n|turn|6\n|\n|t:|1733846295\n|move|p2a: Gengar|Shadow Ball|p1a: Arceus\n|-damage|p1a: Arceus|141/280 brn\n|-damage|p2a: Gengar|184/230|[from] item: Life Orb\n|move|p1a: Arceus|Calm Mind|p1a: Arceus\n|-boost|p1a: Arceus|spa|1\n|-boost|p1a: Arceus|spd|1\n|\n|-damage|p1a: Arceus|124/280 brn|[from] brn\n|upkeep\n|turn|7\n|\n|t:|1733846304\n|move|p2a: Gengar|Shadow Ball|p1a: Arceus\n|-damage|p1a: Arceus|92/280 brn\n|-damage|p2a: Gengar|161/230|[from] item: Life Orb\n|move|p1a: Arceus|Calm Mind|p1a: Arceus\n|-boost|p1a: Arceus|spa|0\n|-boost|p1a: Arceus|spd|0\n|\n|-damage|p1a: Arceus|75/280 brn|[from] brn\n|-end|p1a: Arceus|Encore\n|upkeep\n|turn|8\n|c|\u2606CuquiRaton|are you gonna fight or just use encore?\n|\n|t:|1733846320\n|move|p2a: Gengar|Encore|p1a: Arceus\n|-start|p1a: Arceus|Encore\n|move|p1a: Arceus|Calm Mind|p1a: Arceus\n|-boost|p1a: Arceus|spa|0\n|-boost|p1a: Arceus|spd|0\n|\n|-damage|p1a: Arceus|58/280 brn|[from] brn\n|upkeep\n|turn|9\n|n|!CuquiRaton|cuquiraton\n|inactive|CuquiRaton has 120 seconds left.\n|c|\u2606RedObject|why would i let you attack with +4 spa\n|\n|t:|1733846348\n|switch|p1a: Hippowdon|Hippowdon, L82, M|311/311\n|-weather|Sandstorm|[from] ability: Sand Stream|[of] p1a: Hippowdon\n|move|p2a: Gengar|Shadow Ball|p1a: Hippowdon\n|-damage|p1a: Hippowdon|167/311\n|-damage|p2a: Gengar|138/230|[from] item: Life Orb\n|\n|-weather|Sandstorm|[upkeep]\n|-damage|p2a: Gengar|124/230|[from] Sandstorm\n|upkeep\n|turn|10\n|inactive|CuquiRaton has 120 seconds left.\n|\n|t:|1733846371\n|move|p2a: Gengar|Will-O-Wisp|p1a: Hippowdon\n|-status|p1a: Hippowdon|brn\n|move|p1a: Hippowdon|Earthquake|p2a: Gengar\n|-supereffective|p2a: Gengar\n|-damage|p2a: Gengar|0 fnt\n|faint|p2a: Gengar\n|\n|-weather|Sandstorm|[upkeep]\n|-damage|p1a: Hippowdon|148/311 brn|[from] brn\n|upkeep\n|\n|t:|1733846388\n|switch|p2a: Weavile|Weavile, L79, M|240/240\n|turn|11\n|\n|t:|1733846392\n|move|p2a: Weavile|Swords Dance|p2a: Weavile\n|-boost|p2a: Weavile|atk|2\n|move|p1a: Hippowdon|Slack Off|p1a: Hippowdon\n|-heal|p1a: Hippowdon|304/311 brn\n|\n|-weather|Sandstorm|[upkeep]\n|-damage|p2a: Weavile|225/240|[from] Sandstorm\n|-damage|p1a: Hippowdon|285/311 brn|[from] brn\n|upkeep\n|turn|12\n|\n|t:|1733846401\n|-terastallize|p2a: Weavile|Ice\n|move|p2a: Weavile|Triple Axel|p1a: Hippowdon\n|-supereffective|p1a: Hippowdon\n|-damage|p1a: Hippowdon|189/311 brn\n|-damage|p2a: Weavile|185/240|[from] item: Rocky Helmet|[of] p1a: Hippowdon\n|-supereffective|p1a: Hippowdon\n|-damage|p1a: Hippowdon|9/311 brn\n|-damage|p2a: Weavile|145/240|[from] item: Rocky Helmet|[of] p1a: Hippowdon\n|-supereffective|p1a: Hippowdon\n|-damage|p1a: Hippowdon|0 fnt\n|-damage|p2a: Weavile|105/240|[from] item: Rocky Helmet|[of] p1a: Hippowdon\n|faint|p1a: Hippowdon\n|-hitcount|p1: Hippowdon|3\n|\n|-weather|Sandstorm|[upkeep]\n|-damage|p2a: Weavile|90/240|[from] Sandstorm\n|upkeep\n|inactive|CuquiRaton has 120 seconds left.\n|\n|t:|1733846417\n|switch|p1a: Hitmontop|Hitmontop, L88, M|231/231\n|turn|13\n|inactive|CuquiRaton has 120 seconds left.\n|inactive|RedObject has 120 seconds left.\n|\n|t:|1733846447\n|move|p2a: Weavile|Swords Dance|p2a: Weavile\n|-boost|p2a: Weavile|atk|2\n|move|p1a: Hitmontop|Bulk Up|p1a: Hitmontop\n|-boost|p1a: Hitmontop|atk|1\n|-boost|p1a: Hitmontop|def|1\n|\n|-weather|none\n|upkeep\n|turn|14\n|\n|t:|1733846455\n|move|p2a: Weavile|Knock Off|p1a: Hitmontop\n|-resisted|p1a: Hitmontop\n|-damage|p1a: Hitmontop|135/231\n|-enditem|p1a: Hitmontop|Leftovers|[from] move: Knock Off|[of] p2a: Weavile\n|move|p1a: Hitmontop|Close Combat|p2a: Weavile\n|-supereffective|p2a: Weavile\n|-crit|p2a: Weavile\n|-damage|p2a: Weavile|0 fnt\n|-unboost|p1a: Hitmontop|def|1\n|-unboost|p1a: Hitmontop|spd|1\n|faint|p2a: Weavile\n|\n|upkeep\n|\n|t:|1733846462\n|switch|p2a: Galvantula|Galvantula, L82, M|249/249\n|turn|15\n|\n|t:|1733846469\n|move|p2a: Galvantula|Sticky Web|p1a: Hitmontop\n|-sidestart|p1: CuquiRaton|move: Sticky Web\n|move|p1a: Hitmontop|Triple Axel|p2a: Galvantula\n|-damage|p2a: Galvantula|203/249\n|-damage|p2a: Galvantula|106/249\n|-damage|p2a: Galvantula|0 fnt\n|faint|p2a: Galvantula\n|-hitcount|p2: Galvantula|3\n|\n|upkeep\n|\n|t:|1733846477\n|switch|p2a: Porygon2|Porygon2, L82|274/274\n|-ability|p2a: Porygon2|Download|boost\n|-boost|p2a: Porygon2|spa|1\n|turn|16\n|\n|t:|1733846483\n|move|p1a: Hitmontop|Close Combat|p2a: Porygon2\n|-supereffective|p2a: Porygon2\n|-damage|p2a: Porygon2|0 fnt\n|-unboost|p1a: Hitmontop|def|1\n|-unboost|p1a: Hitmontop|spd|1\n|faint|p2a: Porygon2\n|\n|upkeep\n|\n|t:|1733846486\n|switch|p2a: Sunflora|Sunflora, M|312/312\n|turn|17\n|\n|t:|1733846491\n|move|p1a: Hitmontop|Triple Axel|p2a: Sunflora|[miss]\n|-miss|p1a: Hitmontop|p2a: Sunflora\n|move|p2a: Sunflora|Dazzling Gleam|p1a: Hitmontop\n|-supereffective|p1a: Hitmontop\n|-damage|p1a: Hitmontop|0 fnt\n|faint|p1a: Hitmontop\n|\n|upkeep\n|\n|t:|1733846500\n|switch|p1a: Swanna|Swanna, L88, F|275/275\n|turn|18\n|\n|t:|1733846506\n|move|p1a: Swanna|Brave Bird|p2a: Sunflora\n|-supereffective|p2a: Sunflora\n|-damage|p2a: Sunflora|0 fnt\n|faint|p2a: Sunflora\n|-damage|p1a: Swanna|172/275|[from] Recoil\n|\n|upkeep\n|\n|t:|1733846509\n|switch|p2a: Hippowdon|Hippowdon, L82, F|311/311\n|-weather|Sandstorm|[from] ability: Sand Stream|[of] p2a: Hippowdon\n|turn|19\n|-message|RedObject forfeited.\n|\n|win|CuquiRaton\n", "inputlog": ">version bfd83cad13791eb5a5a409923076391caf6fb4d4\n>start {\"formatid\":\"gen9randombattle\",\"seed\":[8204,24057,1853,4148],\"rated\":\"Rated battle\"}\n>player p1 {\"name\":\"CuquiRaton\",\"avatar\":\"twins-gen4\",\"rating\":1100,\"seed\":[4655,14666,36770,37647]}\n>player p2 {\"name\":\"RedObject\",\"avatar\":\"preschooler\",\"rating\":1148,\"seed\":[30439,798,40017,36186]}\n>p1 move calmmind\n>p2 switch 5\n>p1 move earthpower terastallize\n>p2 move encore\n>p1 move calmmind\n>p2 move willowisp\n>p1 move calmmind\n>p2 move shadowball\n>chat \u2606CuquiRaton|dont dare you do it again\n>p1 move earthpower\n>p2 move encore\n>p1 move calmmind\n>p2 move shadowball\n>p1 move calmmind\n>p2 move shadowball\n>chat \u2606CuquiRaton|are you gonna fight or just use encore?\n>p1 move earthpower\n>p2 move encore\n>chat \u2606CuquiRaton|fuck you are so fucking annyoing \n>chat \u2606RedObject|why would i let you attack with +4 spa\n>p1 switch 6\n>p2 move shadowball\n>p1 move earthquake\n>p2 move willowisp\n>p2 switch 2\n>p1 move slackoff\n>p2 move swordsdance\n>p1 move earthquake\n>p2 move tripleaxel terastallize\n>p1 switch 2\n>p1 move bulkup\n>p2 move swordsdance\n>p1 move closecombat\n>p2 move knockoff\n>p2 switch 3\n>p1 move tripleaxel\n>p2 move stickyweb\n>p2 switch 5\n>p1 move closecombat\n>p2 move triattack\n>p2 switch 4\n>p1 move tripleaxel\n>p2 move dazzlinggleam\n>p1 switch 4\n>p1 move bravebird\n>p2 move dazzlinggleam\n>p2 switch 6\n>forcelose p2", "uploadtime": 1733846331, "views": 1, "formatid": "gen9randombattle", "rating": null, "private": 0, "password": null}