{"id": "gen9randombattle-2260631304", "format": "[Gen 9] Random Battle", "players": ["DonNextDoor", "OrbHeck"], "log": "|j|\u2606DonNextDoor\n|j|\u2606OrbHeck\n|t:|1733871473\n|gametype|singles\n|player|p1|DonNextDoor|ghetsis|\n|player|p2|OrbHeck|grimsley|\n|teamsize|p1|6\n|teamsize|p2|6\n|gen|9\n|tier|[Gen 9] Random Battle\n|rule|Species Clause: Limit one of each Pok\u00e9mon\n|rule|HP Percentage Mod: HP is shown in percentages\n|rule|Sleep Clause Mod: Limit one foe put to sleep\n|rule|Illusion Level Mod: Illusion disguises the Pok\u00e9mon's true level\n|\n|t:|1733871473\n|start\n|switch|p1a: Hippowdon|Hippowdon, L82, F|311/311\n|switch|p2a: Whiscash|Whiscash, L88, M|337/337\n|-weather|Sandstorm|[from] ability: Sand Stream|[of] p1a: Hippowdon\n|turn|1\n|c|\u2606DonNextDoor|gl\n|\n|t:|1733871499\n|move|p2a: Whiscash|Hydro Pump|p1a: Hippowdon\n|-supereffective|p1a: Hippowdon\n|-damage|p1a: Hippowdon|51/311\n|move|p1a: Hippowdon|Curse|p1a: Hippowdon\n|-unboost|p1a: Hippowdon|spe|1\n|-boost|p1a: Hippowdon|atk|1\n|-boost|p1a: Hippowdon|def|1\n|\n|-weather|Sandstorm|[upkeep]\n|-heal|p1a: Hippowdon|70/311|[from] item: Leftovers\n|upkeep\n|turn|2\n|\n|t:|1733871509\n|switch|p1a: Oinkologne|Oinkologne-F, L92, F|361/361\n|move|p2a: Whiscash|Hydro Pump|p1a: Oinkologne|[miss]\n|-miss|p2a: Whiscash|p1a: Oinkologne\n|\n|-weather|Sandstorm|[upkeep]\n|-damage|p1a: Oinkologne|339/361|[from] Sandstorm\n|-heal|p1a: Oinkologne|361/361|[from] item: Leftovers\n|upkeep\n|turn|3\n|\n|t:|1733871523\n|move|p1a: Oinkologne|Body Slam|p2a: Whiscash\n|-damage|p2a: Whiscash|229/337\n|move|p2a: Whiscash|Spikes|p1a: Oinkologne\n|-sidestart|p1: DonNextDoor|Spikes\n|\n|-weather|Sandstorm|[upkeep]\n|-damage|p1a: Oinkologne|339/361|[from] Sandstorm\n|-heal|p1a: Oinkologne|361/361|[from] item: Leftovers\n|-heal|p2a: Whiscash|250/337|[from] item: Leftovers\n|upkeep\n|turn|4\n|\n|t:|1733871541\n|switch|p2a: Hoopa|Hoopa, L85|275/275\n|move|p1a: Oinkologne|Curse|p1a: Oinkologne\n|-unboost|p1a: Oinkologne|spe|1\n|-boost|p1a: Oinkologne|atk|1\n|-boost|p1a: Oinkologne|def|1\n|\n|-weather|Sandstorm|[upkeep]\n|-damage|p2a: Hoopa|258/275|[from] Sandstorm\n|-damage|p1a: Oinkologne|339/361|[from] Sandstorm\n|-heal|p1a: Oinkologne|361/361|[from] item: Leftovers\n|upkeep\n|turn|5\n|\n|t:|1733871555\n|switch|p1a: Galvantula|Galvantula, L82, M|249/249\n|move|p2a: Hoopa|Focus Blast|p1a: Galvantula|[miss]\n|-miss|p2a: Hoopa|p1a: Galvantula\n|\n|-weather|none\n|upkeep\n|turn|6\n|\n|t:|1733871568\n|switch|p2a: Roaring Moon|Roaring Moon, L72|270/270\n|move|p1a: Galvantula|Sticky Web|p2a: Roaring Moon\n|-sidestart|p2: OrbHeck|move: Sticky Web\n|\n|upkeep\n|turn|7\n|\n|t:|1733871575\n|move|p1a: Galvantula|Bug Buzz|p2a: Roaring Moon\n|-supereffective|p2a: Roaring Moon\n|-damage|p2a: Roaring Moon|90/270\n|move|p2a: Roaring Moon|Dragon Dance|p2a: Roaring Moon\n|-boost|p2a: Roaring Moon|atk|1\n|-boost|p2a: Roaring Moon|spe|1\n|\n|upkeep\n|turn|8\n|\n|t:|1733871589\n|move|p2a: Roaring Moon|Earthquake|p1a: Galvantula\n|-damage|p1a: Galvantula|111/249\n|move|p1a: Galvantula|Bug Buzz|p2a: Roaring Moon\n|-supereffective|p2a: Roaring Moon\n|-damage|p2a: Roaring Moon|0 fnt\n|faint|p2a: Roaring Moon\n|-end|p2a: Roaring Moon|Protosynthesis|[silent]\n|\n|upkeep\n|\n|t:|1733871595\n|switch|p2a: Hoopa|Hoopa, L85|258/275\n|-activate|p2a: Hoopa|move: Sticky Web\n|-unboost|p2a: Hoopa|spe|1\n|turn|9\n|\n|t:|1733871605\n|move|p1a: Galvantula|Thunder|p2a: Hoopa\n|-damage|p2a: Hoopa|176/275\n|move|p2a: Hoopa|Shadow Ball|p1a: Galvantula\n|-damage|p1a: Galvantula|0 fnt\n|faint|p1a: Galvantula\n|\n|upkeep\n|\n|t:|1733871616\n|switch|p1a: Minior|Minior-Green, L79|224/224\n|-formechange|p1a: Minior|Minior-Meteor||[from] ability: Shields Down\n|turn|10\n|\n|t:|1733871635\n|move|p2a: Hoopa|Shadow Ball|p1a: Minior\n|-damage|p1a: Minior|97/224\n|move|p1a: Minior|Shell Smash|p1a: Minior\n|-unboost|p1a: Minior|def|1\n|-unboost|p1a: Minior|spd|1\n|-boost|p1a: Minior|atk|2\n|-boost|p1a: Minior|spa|2\n|-boost|p1a: Minior|spe|2\n|-enditem|p1a: Minior|White Herb\n|-clearnegativeboost|p1a: Minior|[silent]\n|\n|-formechange|p1a: Minior|Minior-Green||[from] ability: Shields Down\n|upkeep\n|turn|11\n|\n|t:|1733871648\n|move|p1a: Minior|Acrobatics|p2a: Hoopa\n|-damage|p2a: Hoopa|0 fnt\n|faint|p2a: Hoopa\n|\n|upkeep\n|\n|t:|1733871667\n|switch|p2a: Whiscash|Whiscash, L88, M|238/238\n|-activate|p2a: Whiscash|move: Sticky Web\n|-unboost|p2a: Whiscash|spe|1\n|turn|12\n|\n|t:|1733871678\n|move|p1a: Minior|Acrobatics|p2a: Whiscash\n|-damage|p2a: Whiscash|0 fnt\n|replace|p2a: Zoroark|Zoroark, L84, M\n|-end|p2a: Zoroark|Illusion\n|-hint|Illusion Level Mod is active, so this Pok\u00e9mon's true level was hidden.\n|faint|p2a: Zoroark\n|\n|upkeep\n|j| marcaway\n|\n|t:|1733871697\n|switch|p2a: Suicune|Suicune, L82|298/298\n|-activate|p2a: Suicune|move: Sticky Web\n|-unboost|p2a: Suicune|spe|1\n|-ability|p2a: Suicune|Pressure\n|turn|13\n|\n|t:|1733871714\n|-terastallize|p2a: Suicune|Steel\n|move|p1a: Minior|Acrobatics|p2a: Suicune\n|-resisted|p2a: Suicune\n|-damage|p2a: Suicune|208/298\n|move|p2a: Suicune|Scald|p1a: Minior\n|-supereffective|p1a: Minior\n|-damage|p1a: Minior|0 fnt\n|faint|p1a: Minior\n|\n|-heal|p2a: Suicune|226/298|[from] item: Leftovers\n|upkeep\n|\n|t:|1733871729\n|switch|p1a: Regieleki|Regieleki, L79|256/256\n|-damage|p1a: Regieleki|224/256|[from] Spikes\n|turn|14\n|\n|t:|1733871755\n|switch|p2a: Whiscash|Whiscash, L88, M|250/337\n|-activate|p2a: Whiscash|move: Sticky Web\n|-unboost|p2a: Whiscash|spe|1\n|move|p1a: Regieleki|Thunderbolt|p2a: Whiscash\n|-immune|p2a: Whiscash\n|\n|-heal|p2a: Whiscash|271/337|[from] item: Leftovers\n|upkeep\n|turn|15\n|\n|t:|1733871768\n|switch|p1a: Farigiraf|Farigiraf, L91, F|366/366\n|-damage|p1a: Farigiraf|321/366|[from] Spikes\n|move|p2a: Whiscash|Earthquake|p1a: Farigiraf\n|-damage|p1a: Farigiraf|215/366\n|\n|-heal|p1a: Farigiraf|237/366|[from] item: Leftovers\n|-heal|p2a: Whiscash|292/337|[from] item: Leftovers\n|upkeep\n|turn|16\n|\n|t:|1733871777\n|move|p1a: Farigiraf|Wish|p1a: Farigiraf\n|move|p2a: Whiscash|Hydro Pump|p1a: Farigiraf\n|-damage|p1a: Farigiraf|114/366\n|\n|-heal|p1a: Farigiraf|136/366|[from] item: Leftovers\n|-heal|p2a: Whiscash|313/337|[from] item: Leftovers\n|upkeep\n|turn|17\n|\n|t:|1733871792\n|move|p1a: Farigiraf|Protect|p1a: Farigiraf\n|-singleturn|p1a: Farigiraf|Protect\n|move|p2a: Whiscash|Hydro Pump|p1a: Farigiraf\n|-activate|p1a: Farigiraf|move: Protect\n|\n|-heal|p1a: Farigiraf|319/366|[from] move: Wish|[wisher] Farigiraf\n|-heal|p1a: Farigiraf|341/366|[from] item: Leftovers\n|-heal|p2a: Whiscash|334/337|[from] item: Leftovers\n|upkeep\n|turn|18\n|\n|t:|1733871799\n|switch|p2a: Vikavolt|Vikavolt, L83, M|263/263\n|move|p1a: Farigiraf|Future Sight|p2a: Vikavolt\n|-start|p1a: Farigiraf|move: Future Sight\n|\n|-heal|p1a: Farigiraf|363/366|[from] item: Leftovers\n|upkeep\n|turn|19\n|\n|t:|1733871814\n|move|p1a: Farigiraf|Hyper Voice|p2a: Vikavolt\n|-damage|p2a: Vikavolt|133/263\n|move|p2a: Vikavolt|Sticky Web|p1a: Farigiraf\n|-sidestart|p1: DonNextDoor|move: Sticky Web\n|\n|-heal|p1a: Farigiraf|366/366|[from] item: Leftovers\n|upkeep\n|turn|20\n|\n|t:|1733871819\n|move|p1a: Farigiraf|Hyper Voice|p2a: Vikavolt\n|-damage|p2a: Vikavolt|3/263\n|move|p2a: Vikavolt|Thunderbolt|p1a: Farigiraf\n|-damage|p1a: Farigiraf|219/366\n|\n|-end|p2a: Vikavolt|move: Future Sight\n|-damage|p2a: Vikavolt|0 fnt\n|faint|p2a: Vikavolt\n|-heal|p1a: Farigiraf|241/366|[from] item: Leftovers\n|upkeep\n|\n|t:|1733871827\n|switch|p2a: Suicune|Suicune, L82, tera:Steel|226/298\n|-activate|p2a: Suicune|move: Sticky Web\n|-unboost|p2a: Suicune|spe|1\n|-ability|p2a: Suicune|Pressure\n|turn|21\n|\n|t:|1733871838\n|move|p1a: Farigiraf|Wish|p1a: Farigiraf\n|move|p2a: Suicune|Calm Mind|p2a: Suicune\n|-boost|p2a: Suicune|spa|1\n|-boost|p2a: Suicune|spd|1\n|\n|-heal|p1a: Farigiraf|263/366|[from] item: Leftovers\n|-heal|p2a: Suicune|244/298|[from] item: Leftovers\n|upkeep\n|turn|22\n|\n|t:|1733871846\n|move|p1a: Farigiraf|Future Sight|p2a: Suicune\n|-start|p1a: Farigiraf|move: Future Sight\n|move|p2a: Suicune|Calm Mind|p2a: Suicune\n|-boost|p2a: Suicune|spa|1\n|-boost|p2a: Suicune|spd|1\n|\n|-heal|p1a: Farigiraf|366/366|[from] move: Wish|[wisher] Farigiraf\n|-heal|p2a: Suicune|262/298|[from] item: Leftovers\n|upkeep\n|turn|23\n|\n|t:|1733871857\n|move|p1a: Farigiraf|Wish|p1a: Farigiraf\n|move|p2a: Suicune|Scald|p1a: Farigiraf\n|-damage|p1a: Farigiraf|195/366\n|\n|-heal|p1a: Farigiraf|217/366|[from] item: Leftovers\n|-heal|p2a: Suicune|280/298|[from] item: Leftovers\n|upkeep\n|turn|24\n|\n|t:|1733871876\n|switch|p1a: Oinkologne|Oinkologne-F, L92, F|361/361\n|-damage|p1a: Oinkologne|316/361|[from] Spikes\n|-activate|p1a: Oinkologne|move: Sticky Web\n|-unboost|p1a: Oinkologne|spe|1\n|move|p2a: Suicune|Scald|p1a: Oinkologne\n|-damage|p1a: Oinkologne|174/361\n|-status|p1a: Oinkologne|brn\n|\n|-end|p2a: Suicune|move: Future Sight\n|-resisted|p2a: Suicune\n|-crit|p2a: Suicune\n|-damage|p2a: Suicune|175/298\n|-heal|p1a: Oinkologne|357/361 brn|[from] move: Wish|[wisher] Farigiraf\n|-heal|p2a: Suicune|193/298|[from] item: Leftovers\n|-heal|p1a: Oinkologne|361/361 brn|[from] item: Leftovers\n|-damage|p1a: Oinkologne|339/361 brn|[from] brn\n|upkeep\n|turn|25\n|\n|t:|1733871893\n|move|p2a: Suicune|Protect|p2a: Suicune\n|-singleturn|p2a: Suicune|Protect\n|move|p1a: Oinkologne|Body Slam|p2a: Suicune\n|-activate|p2a: Suicune|move: Protect\n|\n|-heal|p2a: Suicune|211/298|[from] item: Leftovers\n|-heal|p1a: Oinkologne|361/361 brn|[from] item: Leftovers\n|-damage|p1a: Oinkologne|339/361 brn|[from] brn\n|upkeep\n|turn|26\n|\n|t:|1733871906\n|move|p2a: Suicune|Scald|p1a: Oinkologne\n|-damage|p1a: Oinkologne|212/361 brn\n|move|p1a: Oinkologne|Body Slam|p2a: Suicune\n|-resisted|p2a: Suicune\n|-damage|p2a: Suicune|189/298\n|\n|-heal|p2a: Suicune|207/298|[from] item: Leftovers\n|-heal|p1a: Oinkologne|234/361 brn|[from] item: Leftovers\n|-damage|p1a: Oinkologne|212/361 brn|[from] brn\n|upkeep\n|turn|27\n|\n|t:|1733871921\n|move|p2a: Suicune|Scald|p1a: Oinkologne\n|-damage|p1a: Oinkologne|67/361 brn\n|move|p1a: Oinkologne|Rest|p1a: Oinkologne\n|-status|p1a: Oinkologne|slp|[from] move: Rest\n|-heal|p1a: Oinkologne|361/361 slp|[silent]\n|\n|-heal|p2a: Suicune|225/298|[from] item: Leftovers\n|upkeep\n|turn|28\n|\n|t:|1733871928\n|move|p2a: Suicune|Scald|p1a: Oinkologne\n|-damage|p1a: Oinkologne|220/361 slp\n|cant|p1a: Oinkologne|slp\n|move|p1a: Oinkologne|Sleep Talk|p1a: Oinkologne\n|move|p1a: Oinkologne|Body Slam|p2a: Suicune|[from]move: Sleep Talk\n|-resisted|p2a: Suicune\n|-damage|p2a: Suicune|183/298\n|\n|-heal|p2a: Suicune|201/298|[from] item: Leftovers\n|-heal|p1a: Oinkologne|242/361 slp|[from] item: Leftovers\n|upkeep\n|turn|29\n|\n|t:|1733871932\n|move|p2a: Suicune|Scald|p1a: Oinkologne\n|-damage|p1a: Oinkologne|95/361 slp\n|cant|p1a: Oinkologne|slp\n|move|p1a: Oinkologne|Sleep Talk|p1a: Oinkologne\n|move|p1a: Oinkologne|Rest||[from]move: Sleep Talk|[still]\n|-fail|p1a: Oinkologne\n|\n|-heal|p2a: Suicune|219/298|[from] item: Leftovers\n|-heal|p1a: Oinkologne|117/361 slp|[from] item: Leftovers\n|upkeep\n|turn|30\n|\n|t:|1733871934\n|move|p2a: Suicune|Scald|p1a: Oinkologne\n|-damage|p1a: Oinkologne|0 fnt\n|faint|p1a: Oinkologne\n|\n|-heal|p2a: Suicune|237/298|[from] item: Leftovers\n|upkeep\n|\n|t:|1733871942\n|switch|p1a: Farigiraf|Farigiraf, L91, F|217/366\n|-damage|p1a: Farigiraf|172/366|[from] Spikes\n|-activate|p1a: Farigiraf|move: Sticky Web\n|-unboost|p1a: Farigiraf|spe|1\n|turn|31\n|\n|t:|1733871949\n|move|p2a: Suicune|Scald|p1a: Farigiraf\n|-damage|p1a: Farigiraf|0 fnt\n|faint|p1a: Farigiraf\n|\n|-heal|p2a: Suicune|255/298|[from] item: Leftovers\n|upkeep\n|\n|t:|1733871951\n|switch|p1a: Regieleki|Regieleki, L79|224/256\n|-damage|p1a: Regieleki|192/256|[from] Spikes\n|-activate|p1a: Regieleki|move: Sticky Web\n|-unboost|p1a: Regieleki|spe|1\n|turn|32\n|\n|t:|1733871968\n|move|p1a: Regieleki|Thunderbolt|p2a: Suicune\n|-damage|p2a: Suicune|197/298\n|move|p2a: Suicune|Scald|p1a: Regieleki\n|-damage|p1a: Regieleki|0 fnt\n|faint|p1a: Regieleki\n|\n|-heal|p2a: Suicune|215/298|[from] item: Leftovers\n|upkeep\n|\n|t:|1733871973\n|switch|p1a: Hippowdon|Hippowdon, L82, F|70/311\n|-damage|p1a: Hippowdon|32/311|[from] Spikes\n|-activate|p1a: Hippowdon|move: Sticky Web\n|-unboost|p1a: Hippowdon|spe|1\n|-weather|Sandstorm|[from] ability: Sand Stream|[of] p1a: Hippowdon\n|turn|33\n|\n|t:|1733871977\n|move|p2a: Suicune|Scald|p1a: Hippowdon\n|-supereffective|p1a: Hippowdon\n|-damage|p1a: Hippowdon|0 fnt\n|faint|p1a: Hippowdon\n|\n|win|OrbHeck\n|c|\u2606DonNextDoor|gg\n|c|\u2606DonNextDoor|also i just realized since when was marc here\n|c| marcaway|Hi xd\n|c|\u2606DonNextDoor|hey marc\n", "inputlog": ">version bfd83cad13791eb5a5a409923076391caf6fb4d4\n>start {\"formatid\":\"gen9randombattle\",\"seed\":[21714,40758,35272,4830]}\n>player p1 {\"name\":\"DonNextDoor\",\"avatar\":\"ghetsis\",\"rating\":0,\"seed\":[41516,59898,57199,33771]}\n>player p2 {\"name\":\"OrbHeck\",\"avatar\":\"grimsley\",\"rating\":0,\"seed\":[35282,16294,33747,47099]}\n>chat \u2606DonNextDoor|gl\n>p1 move curse\n>p2 move hydropump\n>p1 switch 2\n>p2 move hydropump\n>p1 move bodyslam\n>p2 move spikes\n>p1 move curse\n>p2 switch 6\n>p1 switch 4\n>p2 move focusblast\n>p1 move stickyweb\n>p2 switch 4\n>p1 move bugbuzz\n>p2 move dragondance\n>p1 move bugbuzz\n>p2 move earthquake\n>p2 switch 4\n>p1 move thunder\n>p2 move shadowball\n>p1 switch 6\n>p1 move shellsmash\n>p2 move shadowball\n>p1 move acrobatics\n>p2 move shadowball\n>p2 switch 3\n>p1 move acrobatics\n>p2 move darkpulse\n>p2 switch 2\n>p1 move acrobatics\n>p2 move scald terastallize\n>p1 switch 5\n>p1 move thunderbolt\n>p2 switch 6\n>p1 switch 3\n>p2 move earthquake\n>p1 move wish\n>p2 move hydropump\n>p1 move protect\n>p2 move hydropump\n>p1 move futuresight\n>p2 switch 5\n>p1 move hypervoice\n>p2 move stickyweb\n>p1 move hypervoice\n>p2 move thunderbolt\n>p2 switch 6\n>p1 move wish\n>p2 move calmmind\n>p1 move futuresight\n>p2 move calmmind\n>p1 move wish\n>p2 move scald\n>p1 switch 4\n>p2 move scald\n>p1 move bodyslam\n>p2 move protect\n>p1 move bodyslam\n>p2 move scald\n>p1 move rest\n>p2 move scald\n>p1 move sleeptalk\n>p2 move scald\n>p1 move sleeptalk\n>p2 move scald\n>p1 move rest\n>p2 move scald\n>p1 switch 4\n>p1 move wish\n>p2 move scald\n>p1 switch 3\n>p1 move thunderbolt\n>p2 move scald\n>p1 switch 2\n>p1 move earthquake\n>p2 move scald", "uploadtime": 1733871984, "views": 23, "formatid": "gen9randombattle", "rating": null, "private": 0, "password": null}