{"id": "gen9randombattle-2260467660", "format": "[Gen 9] Random Battle", "players": ["3dedesws", "Jfjfjjvjv"], "log": "|j|\u203d3dedesws\n|j|\u2606Jfjfjjvjv\n|t:|1733854488\n|gametype|singles\n|player|p1|3dedesws|265|1000\n|player|p2|Jfjfjjvjv|101|1000\n|teamsize|p1|6\n|teamsize|p2|6\n|gen|9\n|tier|[Gen 9] Random Battle\n|rated|\n|rule|Species Clause: Limit one of each Pok\u00e9mon\n|rule|HP Percentage Mod: HP is shown in percentages\n|rule|Sleep Clause Mod: Limit one foe put to sleep\n|rule|Illusion Level Mod: Illusion disguises the Pok\u00e9mon's true level\n|\n|t:|1733854488\n|start\n|switch|p1a: Moltres|Moltres, L81|278/278\n|switch|p2a: Iron Treads|Iron Treads, L77|265/265\n|turn|1\n|inactive|Battle timer is ON: inactive players will automatically lose when time's up. (requested by Jfjfjjvjv)\n|\n|t:|1733854499\n|move|p2a: Iron Treads|Volt Switch|p1a: Moltres\n|-supereffective|p1a: Moltres\n|-damage|p1a: Moltres|212/278\n|\n|t:|1733854505\n|-end|p2a: Iron Treads|Quark Drive|[silent]\n|switch|p2a: Tatsugiri|Tatsugiri-Droopy, L87, F|260/260|[from] Volt Switch\n|move|p1a: Moltres|Fire Blast|p2a: Tatsugiri\n|-resisted|p2a: Tatsugiri\n|-damage|p2a: Tatsugiri|230/260\n|-status|p2a: Tatsugiri|brn\n|\n|-damage|p2a: Tatsugiri|214/260 brn|[from] brn\n|upkeep\n|turn|2\n|\n|t:|1733854523\n|switch|p1a: Dewgong|Dewgong, L94, M|322/322\n|move|p2a: Tatsugiri|Draco Meteor|p1a: Dewgong\n|-damage|p1a: Dewgong|192/322\n|-unboost|p2a: Tatsugiri|spa|2\n|-damage|p2a: Tatsugiri|188/260 brn|[from] item: Life Orb\n|\n|-damage|p2a: Tatsugiri|172/260 brn|[from] brn\n|upkeep\n|turn|3\n|\n|t:|1733854541\n|switch|p2a: Grumpig|Grumpig, L92, M|297/297\n|move|p1a: Dewgong|Triple Axel|p2a: Grumpig\n|-damage|p2a: Grumpig|284/297\n|-damage|p2a: Grumpig|262/297\n|-damage|p2a: Grumpig|226/297\n|-hitcount|p2a: Grumpig|3\n|\n|upkeep\n|turn|4\n|\n|t:|1733854551\n|move|p2a: Grumpig|Trick|p1a: Dewgong\n|-activate|p2a: Grumpig|move: Trick|[of] p1a: Dewgong\n|-item|p1a: Dewgong|Choice Scarf|[from] move: Trick\n|-item|p2a: Grumpig|Assault Vest|[from] move: Trick\n|move|p1a: Dewgong|Knock Off|p2a: Grumpig\n|-supereffective|p2a: Grumpig\n|-damage|p2a: Grumpig|68/297\n|-enditem|p2a: Grumpig|Assault Vest|[from] move: Knock Off|[of] p1a: Dewgong\n|\n|upkeep\n|turn|5\n|\n|t:|1733854561\n|move|p1a: Dewgong|Knock Off|p2a: Grumpig\n|-supereffective|p2a: Grumpig\n|-crit|p2a: Grumpig\n|-damage|p2a: Grumpig|0 fnt\n|faint|p2a: Grumpig\n|\n|upkeep\n|\n|t:|1733854573\n|switch|p2a: Hitmontop|Hitmontop, L88, M|231/231\n|-ability|p2a: Hitmontop|Intimidate|boost\n|-unboost|p1a: Dewgong|atk|1\n|turn|6\n|\n|t:|1733854583\n|switch|p1a: Moltres|Moltres, L81|212/278\n|move|p2a: Hitmontop|Stone Edge|p1a: Moltres\n|-supereffective|p1a: Moltres\n|-damage|p1a: Moltres|0 fnt\n|faint|p1a: Moltres\n|\n|upkeep\n|\n|t:|1733854593\n|switch|p1a: Slaking|Slaking, L84, M|389/389\n|turn|7\n|\n|t:|1733854603\n|switch|p2a: Tatsugiri|Tatsugiri-Droopy, L87, F|172/260 brn\n|move|p1a: Slaking|Double-Edge|p2a: Tatsugiri\n|-damage|p2a: Tatsugiri|0 fnt\n|faint|p2a: Tatsugiri\n|-damage|p1a: Slaking|332/389|[from] Recoil\n|\n|upkeep\n|\n|t:|1733854620\n|switch|p2a: Greninja|Greninja, L80, M|246/246\n|turn|8\n|\n|t:|1733854631\n|move|p2a: Greninja|Hydro Pump|p1a: Slaking\n|-damage|p1a: Slaking|137/389\n|-damage|p2a: Greninja|222/246|[from] item: Life Orb\n|cant|p1a: Slaking|ability: Truant\n|\n|upkeep\n|turn|9\n|\n|t:|1733854638\n|move|p2a: Greninja|Hydro Pump|p1a: Slaking\n|-damage|p1a: Slaking|0 fnt\n|faint|p1a: Slaking\n|-ability|p2a: Greninja|Battle Bond|boost\n|-boost|p2a: Greninja|atk|1\n|-boost|p2a: Greninja|spa|1\n|-boost|p2a: Greninja|spe|1\n|-activate|p2a: Greninja|ability: Battle Bond\n|-damage|p2a: Greninja|198/246|[from] item: Life Orb\n|\n|upkeep\n|\n|t:|1733854653\n|switch|p1a: Electivire|Electivire, L84, M|263/263\n|turn|10\n|\n|t:|1733854658\n|move|p2a: Greninja|Hydro Pump|p1a: Electivire\n|-damage|p1a: Electivire|52/263\n|-damage|p2a: Greninja|174/246|[from] item: Life Orb\n|move|p1a: Electivire|Supercell Slam|p2a: Greninja\n|-supereffective|p2a: Greninja\n|-damage|p2a: Greninja|0 fnt\n|faint|p2a: Greninja\n|-damage|p1a: Electivire|26/263|[from] item: Life Orb\n|\n|upkeep\n|\n|t:|1733854674\n|switch|p2a: Ursaluna|Ursaluna-Bloodmoon, L79, M|308/308\n|turn|11\n|\n|t:|1733854687\n|-terastallize|p2a: Ursaluna|Ghost\n|move|p1a: Electivire|Knock Off|p2a: Ursaluna\n|-supereffective|p2a: Ursaluna\n|-damage|p2a: Ursaluna|123/308\n|-enditem|p2a: Ursaluna|Leftovers|[from] move: Knock Off|[of] p1a: Electivire\n|-damage|p1a: Electivire|0 fnt|[from] item: Life Orb\n|faint|p1a: Electivire\n|move|p2a: Ursaluna|Calm Mind|p2a: Ursaluna\n|-boost|p2a: Ursaluna|spa|1\n|-boost|p2a: Ursaluna|spd|1\n|\n|upkeep\n|\n|t:|1733854697\n|switch|p1a: Dewgong|Dewgong, L94, M|192/322\n|turn|12\n|\n|t:|1733854702\n|move|p1a: Dewgong|Knock Off|p2a: Ursaluna\n|-supereffective|p2a: Ursaluna\n|-damage|p2a: Ursaluna|53/308\n|move|p2a: Ursaluna|Moonlight|p2a: Ursaluna\n|-heal|p2a: Ursaluna|207/308\n|\n|upkeep\n|turn|13\n|\n|t:|1733854710\n|move|p1a: Dewgong|Knock Off|p2a: Ursaluna\n|-supereffective|p2a: Ursaluna\n|-damage|p2a: Ursaluna|135/308\n|move|p2a: Ursaluna|Calm Mind|p2a: Ursaluna\n|-boost|p2a: Ursaluna|spa|1\n|-boost|p2a: Ursaluna|spd|1\n|\n|upkeep\n|turn|14\n|l|\u203d3dedesws\n|inactive|3dedesws disconnected and has a minute to reconnect!\n|player|p1|\n|inactive|3dedesws has 30 seconds to reconnect!\n|inactive|3dedesws has 20 seconds to reconnect!\n|inactive|3dedesws has 15 seconds to reconnect!\n|inactive|3dedesws has 10 seconds to reconnect!\n|inactive|3dedesws has 5 seconds to reconnect!\n|-message|3dedesws lost due to inactivity.\n|\n|win|Jfjfjjvjv\n|raw|3dedesws's rating: 1000 &rarr; <strong>1000</strong><br />(+0 for losing)\n|raw|Jfjfjjvjv's rating: 1000 &rarr; <strong>1040</strong><br />(+40 for winning)\n", "inputlog": ">version bfd83cad13791eb5a5a409923076391caf6fb4d4\n>start {\"formatid\":\"gen9randombattle\",\"seed\":[21064,32200,1227,18762],\"rated\":\"Rated battle\"}\n>player p1 {\"name\":\"3dedesws\",\"avatar\":\"265\",\"rating\":1000,\"seed\":[63886,12670,24157,64300]}\n>player p2 {\"name\":\"Jfjfjjvjv\",\"avatar\":\"101\",\"rating\":1000,\"seed\":[50411,29261,8185,3360]}\n>p1 move fireblast\n>p2 move voltswitch\n>p2 switch 5\n>p1 switch 6\n>p2 move dracometeor\n>p1 move tripleaxel\n>p2 switch 4\n>p1 move knockoff\n>p2 move trick\n>p1 move knockoff\n>p2 move psychic\n>p2 switch 6\n>p1 switch 6\n>p2 move stoneedge\n>p1 switch 5\n>p1 move doubleedge\n>p2 switch 4\n>p2 switch 2\n>p1 move doubleedge\n>p2 move hydropump\n>p1 move doubleedge\n>p2 move hydropump\n>p1 switch 2\n>p1 move supercellslam\n>p2 move hydropump\n>p2 switch 3\n>p1 move knockoff\n>p2 move calmmind terastallize\n>p1 switch 6\n>p1 move knockoff\n>p2 move moonlight\n>p1 move knockoff\n>p2 move calmmind\n>forcelose p1", "uploadtime": 1733854780, "views": 1, "formatid": "gen9randombattle", "rating": 1000, "private": 0, "password": null}