{"id": "gen9randombattle-2260650959", "format": "[Gen 9] Random Battle", "players": ["InfiniteAscent", "turtles12"], "log": "|j|\u2606InfiniteAscent\n|j|\u2606turtles12\n|t:|1733873901\n|gametype|singles\n|player|p1|InfiniteAscent|n|1815\n|player|p2|turtles12|2|1808\n|teamsize|p1|6\n|teamsize|p2|6\n|gen|9\n|tier|[Gen 9] Random Battle\n|rated|\n|rule|Species Clause: Limit one of each Pok\u00e9mon\n|rule|HP Percentage Mod: HP is shown in percentages\n|rule|Sleep Clause Mod: Limit one foe put to sleep\n|rule|Illusion Level Mod: Illusion disguises the Pok\u00e9mon's true level\n|\n|t:|1733873901\n|start\n|switch|p1a: Trevenant|Trevenant, L88, F|293/293\n|switch|p2a: Glastrier|Glastrier, L86|312/312\n|turn|1\n|\n|t:|1733873913\n|switch|p1a: Beartic|Beartic, L91, F|321/321\n|move|p2a: Glastrier|Icicle Crash|p1a: Beartic\n|-resisted|p1a: Beartic\n|-damage|p1a: Beartic|257/321\n|\n|upkeep\n|turn|2\n|\n|t:|1733873923\n|move|p1a: Beartic|Snowscape|p1a: Beartic\n|-weather|Snow\n|move|p2a: Glastrier|Close Combat|p1a: Beartic\n|-supereffective|p1a: Beartic\n|-damage|p1a: Beartic|99/321\n|-unboost|p2a: Glastrier|def|1\n|-unboost|p2a: Glastrier|spd|1\n|\n|-weather|Snow|[upkeep]\n|upkeep\n|turn|3\n|\n|t:|1733873943\n|switch|p1a: Clodsire|Clodsire, L81, F|343/343\n|move|p2a: Glastrier|Close Combat|p1a: Clodsire\n|-resisted|p1a: Clodsire\n|-damage|p1a: Clodsire|265/343\n|-unboost|p2a: Glastrier|def|1\n|-unboost|p2a: Glastrier|spd|1\n|\n|-weather|Snow|[upkeep]\n|-heal|p1a: Clodsire|286/343|[from] item: Leftovers\n|upkeep\n|turn|4\n|\n|t:|1733873969\n|switch|p2a: Blastoise|Blastoise, L80, M|258/258\n|switch|p1a: Beartic|Beartic, L91, F|99/321\n|\n|-weather|Snow|[upkeep]\n|upkeep\n|turn|5\n|\n|t:|1733873988\n|move|p1a: Beartic|Icicle Crash|p2a: Blastoise\n|-resisted|p2a: Blastoise\n|-damage|p2a: Blastoise|189/258\n|move|p2a: Blastoise|Shell Smash|p2a: Blastoise\n|-unboost|p2a: Blastoise|def|1\n|-unboost|p2a: Blastoise|spd|1\n|-boost|p2a: Blastoise|atk|2\n|-boost|p2a: Blastoise|spa|2\n|-boost|p2a: Blastoise|spe|2\n|-enditem|p2a: Blastoise|White Herb\n|-clearnegativeboost|p2a: Blastoise|[silent]\n|\n|-weather|Snow|[upkeep]\n|upkeep\n|turn|6\n|c|\u2606InfiniteAscent|whoops i thought i hit eq\n|\n|t:|1733874004\n|move|p2a: Blastoise|Hydro Pump|p1a: Beartic\n|-damage|p1a: Beartic|0 fnt\n|faint|p1a: Beartic\n|\n|-weather|none\n|upkeep\n|c|\u2606InfiniteAscent|i might be blind\n|\n|t:|1733874008\n|switch|p1a: Trevenant|Trevenant, L88, F|293/293\n|turn|7\n|\n|t:|1733874014\n|move|p2a: Blastoise|Ice Beam|p1a: Trevenant\n|-supereffective|p1a: Trevenant\n|-damage|p1a: Trevenant|89/293\n|-enditem|p1a: Trevenant|Sitrus Berry|[eat]\n|-heal|p1a: Trevenant|162/293|[from] item: Sitrus Berry\n|move|p1a: Trevenant|Toxic|p2a: Blastoise\n|-status|p2a: Blastoise|tox\n|\n|-damage|p2a: Blastoise|173/258 tox|[from] psn\n|upkeep\n|turn|8\n|\n|t:|1733874023\n|move|p1a: Trevenant|Protect|p1a: Trevenant\n|-singleturn|p1a: Trevenant|Protect\n|move|p2a: Blastoise|Ice Beam|p1a: Trevenant\n|-activate|p1a: Trevenant|move: Protect\n|\n|-damage|p2a: Blastoise|141/258 tox|[from] psn\n|-item|p1a: Trevenant|Sitrus Berry|[from] ability: Harvest\n|upkeep\n|turn|9\n|\n|t:|1733874034\n|switch|p1a: Hypno|Hypno, L95, F|315/315\n|move|p2a: Blastoise|Ice Beam|p1a: Hypno\n|-damage|p1a: Hypno|239/315\n|\n|-heal|p1a: Hypno|258/315|[from] item: Leftovers\n|-damage|p2a: Blastoise|93/258 tox|[from] psn\n|upkeep\n|turn|10\n|\n|t:|1733874044\n|move|p2a: Blastoise|Earthquake|p1a: Hypno\n|-damage|p1a: Hypno|126/315\n|move|p1a: Hypno|Knock Off|p2a: Blastoise\n|-damage|p2a: Blastoise|49/258 tox\n|\n|-heal|p1a: Hypno|145/315|[from] item: Leftovers\n|-damage|p2a: Blastoise|0 fnt|[from] psn\n|faint|p2a: Blastoise\n|upkeep\n|\n|t:|1733874051\n|switch|p2a: Glastrier|Glastrier, L86|312/312\n|turn|11\n|\n|t:|1733874059\n|move|p1a: Hypno|Thunder Wave|p2a: Glastrier\n|-status|p2a: Glastrier|par\n|move|p2a: Glastrier|Swords Dance|p2a: Glastrier\n|-boost|p2a: Glastrier|atk|2\n|\n|-heal|p1a: Hypno|164/315|[from] item: Leftovers\n|upkeep\n|turn|12\n|\n|t:|1733874063\n|move|p1a: Hypno|Encore|p2a: Glastrier\n|-start|p2a: Glastrier|Encore\n|move|p2a: Glastrier|Swords Dance|p2a: Glastrier\n|-boost|p2a: Glastrier|atk|2\n|\n|-heal|p1a: Hypno|183/315|[from] item: Leftovers\n|upkeep\n|turn|13\n|\n|t:|1733874084\n|switch|p2a: Granbull|Granbull, L88, M|302/302\n|-ability|p2a: Granbull|Intimidate|boost\n|-unboost|p1a: Hypno|atk|1\n|move|p1a: Hypno|Thunder Wave|p2a: Granbull\n|-status|p2a: Granbull|par\n|\n|-heal|p1a: Hypno|202/315|[from] item: Leftovers\n|upkeep\n|turn|14\n|\n|t:|1733874099\n|switch|p1a: Clodsire|Clodsire, L81, F|286/343\n|move|p2a: Granbull|Earthquake|p1a: Clodsire\n|-supereffective|p1a: Clodsire\n|-damage|p1a: Clodsire|34/343\n|\n|-heal|p1a: Clodsire|55/343|[from] item: Leftovers\n|upkeep\n|turn|15\n|\n|t:|1733874111\n|switch|p1a: Trevenant|Trevenant, L88, F|162/293\n|switch|p2a: Regice|Regice, L88|284/284\n|\n|upkeep\n|turn|16\n|\n|t:|1733874122\n|switch|p1a: Hypno|Hypno, L95, F|202/315\n|move|p2a: Regice|Ice Beam|p1a: Hypno\n|-damage|p1a: Hypno|129/315\n|\n|-heal|p1a: Hypno|148/315|[from] item: Leftovers\n|upkeep\n|turn|17\n|\n|t:|1733874128\n|switch|p2a: Glastrier|Glastrier, L86|312/312 par\n|move|p1a: Hypno|Thunder Wave|p2a: Glastrier\n|-fail|p2a: Glastrier|par\n|\n|-heal|p1a: Hypno|167/315|[from] item: Leftovers\n|upkeep\n|turn|18\n|\n|t:|1733874144\n|move|p1a: Hypno|Knock Off|p2a: Glastrier\n|-damage|p2a: Glastrier|256/312 par\n|-enditem|p2a: Glastrier|Heavy-Duty Boots|[from] move: Knock Off|[of] p1a: Hypno\n|move|p2a: Glastrier|Icicle Crash|p1a: Hypno\n|-damage|p1a: Hypno|29/315\n|\n|-heal|p1a: Hypno|48/315|[from] item: Leftovers\n|upkeep\n|turn|19\n|inactive|Battle timer is ON: inactive players will automatically lose when time's up. (requested by turtles12)\n|\n|t:|1733874155\n|switch|p1a: Clodsire|Clodsire, L81, F|55/343\n|cant|p2a: Glastrier|par\n|\n|-heal|p1a: Clodsire|76/343|[from] item: Leftovers\n|upkeep\n|turn|20\n|\n|t:|1733874167\n|switch|p2a: Regice|Regice, L88|284/284\n|-terastallize|p1a: Clodsire|Steel\n|move|p1a: Clodsire|Recover|p1a: Clodsire\n|-heal|p1a: Clodsire|248/343\n|\n|-heal|p1a: Clodsire|269/343|[from] item: Leftovers\n|upkeep\n|turn|21\n|\n|t:|1733874174\n|move|p2a: Regice|Thunderbolt|p1a: Clodsire\n|-damage|p1a: Clodsire|200/343\n|move|p1a: Clodsire|Curse|p1a: Clodsire\n|-unboost|p1a: Clodsire|spe|1\n|-boost|p1a: Clodsire|atk|1\n|-boost|p1a: Clodsire|def|1\n|\n|-heal|p1a: Clodsire|221/343|[from] item: Leftovers\n|upkeep\n|turn|22\n|\n|t:|1733874185\n|switch|p2a: Granbull|Granbull, L88, M|302/302 par\n|-ability|p2a: Granbull|Intimidate|boost\n|-unboost|p1a: Clodsire|atk|1\n|move|p1a: Clodsire|Curse|p1a: Clodsire\n|-unboost|p1a: Clodsire|spe|1\n|-boost|p1a: Clodsire|atk|1\n|-boost|p1a: Clodsire|def|1\n|\n|-heal|p1a: Clodsire|242/343|[from] item: Leftovers\n|upkeep\n|turn|23\n|\n|t:|1733874191\n|switch|p1a: Trevenant|Trevenant, L88, F|162/293\n|move|p2a: Granbull|Thunder Wave|p1a: Trevenant\n|-status|p1a: Trevenant|par\n|\n|upkeep\n|turn|24\n|\n|t:|1733874200\n|move|p1a: Trevenant|Toxic||[still]\n|-fail|p1a: Trevenant\n|move|p2a: Granbull|Play Rough|p1a: Trevenant\n|-damage|p1a: Trevenant|35/293 par\n|-enditem|p1a: Trevenant|Sitrus Berry|[eat]\n|-heal|p1a: Trevenant|108/293 par|[from] item: Sitrus Berry\n|\n|-item|p1a: Trevenant|Sitrus Berry|[from] ability: Harvest\n|upkeep\n|-enditem|p1a: Trevenant|Sitrus Berry|[eat]\n|-heal|p1a: Trevenant|181/293 par|[from] item: Sitrus Berry\n|turn|25\n|\n|t:|1733874208\n|cant|p1a: Trevenant|par\n|move|p2a: Granbull|Play Rough|p1a: Trevenant\n|-damage|p1a: Trevenant|54/293 par\n|\n|-item|p1a: Trevenant|Sitrus Berry|[from] ability: Harvest\n|upkeep\n|-enditem|p1a: Trevenant|Sitrus Berry|[eat]\n|-heal|p1a: Trevenant|127/293 par|[from] item: Sitrus Berry\n|turn|26\n|\n|t:|1733874214\n|cant|p1a: Trevenant|par\n|move|p2a: Granbull|Play Rough|p1a: Trevenant\n|-damage|p1a: Trevenant|0 fnt\n|faint|p1a: Trevenant\n|\n|upkeep\n|c|\u2606InfiniteAscent|nah :(\n|\n|t:|1733874224\n|switch|p1a: Venomoth|Venomoth, L84, M|255/255\n|turn|27\n|\n|t:|1733874230\n|move|p1a: Venomoth|Sludge Wave|p2a: Granbull\n|-supereffective|p2a: Granbull\n|-damage|p2a: Granbull|80/302 par\n|move|p2a: Granbull|Thunder Wave|p1a: Venomoth\n|-status|p1a: Venomoth|par\n|\n|-heal|p2a: Granbull|98/302 par|[from] item: Leftovers\n|upkeep\n|turn|28\n|\n|t:|1733874237\n|switch|p2a: Regice|Regice, L88|284/284\n|cant|p1a: Venomoth|par\n|\n|upkeep\n|turn|29\n|c|\u2606InfiniteAscent|nah\n|\n|t:|1733874244\n|move|p2a: Regice|Thunderbolt|p1a: Venomoth\n|-damage|p1a: Venomoth|181/255 par\n|cant|p1a: Venomoth|par\n|\n|upkeep\n|turn|30\n|c|\u2606InfiniteAscent|nah\n|\n|t:|1733874250\n|move|p2a: Regice|Ice Beam|p1a: Venomoth\n|-damage|p1a: Venomoth|58/255 par\n|move|p1a: Venomoth|Sleep Powder|p2a: Regice\n|-status|p2a: Regice|slp|[from] move: Sleep Powder\n|\n|upkeep\n|turn|31\n|c|\u2606turtles12|does not really matter\n|\n|t:|1733874258\n|cant|p2a: Regice|slp\n|move|p2a: Regice|Sleep Talk|p2a: Regice\n|move|p2a: Regice|Rest||[from]move: Sleep Talk|[still]\n|-fail|p2a: Regice\n|move|p1a: Venomoth|Quiver Dance|p1a: Venomoth\n|-boost|p1a: Venomoth|spa|1\n|-boost|p1a: Venomoth|spd|1\n|-boost|p1a: Venomoth|spe|1\n|\n|upkeep\n|turn|32\n|\n|t:|1733874272\n|switch|p2a: Sceptile|Sceptile, L87, M|264/264\n|cant|p1a: Venomoth|par\n|\n|upkeep\n|turn|33\n|c|\u2606turtles12|you lost anyways\n|c|\u2606InfiniteAscent|bruh\n|c|\u2606InfiniteAscent|i clicked sludge wave\n|c|\u2606InfiniteAscent|no shot\n|\n|t:|1733874293\n|move|p2a: Sceptile|Earthquake|p1a: Venomoth\n|-damage|p1a: Venomoth|0 fnt\n|faint|p1a: Venomoth\n|-damage|p2a: Sceptile|238/264|[from] item: Life Orb\n|\n|upkeep\n|\n|t:|1733874298\n|switch|p1a: Scovillain|Scovillain, L91, F|266/266\n|turn|34\n|c|\u2606turtles12|honestly most of your plays are bad\n|c|\u2606InfiniteAscent|thanks :)\n|c|\u2606InfiniteAscent|you too!\n|\n|t:|1733874322\n|switch|p2a: Dipplin|Dipplin, L88, M|284/284\n|move|p1a: Scovillain|Sunny Day|p1a: Scovillain\n|-weather|SunnyDay\n|\n|-weather|SunnyDay|[upkeep]\n|upkeep\n|turn|35\n|c|\u2606InfiniteAscent|wait i mean\n|c|\u2606InfiniteAscent|well played!\n|\n|t:|1733874345\n|switch|p1a: Clodsire|Clodsire, L81, F, tera:Steel|242/343\n|move|p2a: Dipplin|Dragon Pulse|p1a: Clodsire\n|-resisted|p1a: Clodsire\n|-damage|p1a: Clodsire|193/343\n|\n|-weather|SunnyDay|[upkeep]\n|-heal|p1a: Clodsire|214/343|[from] item: Leftovers\n|upkeep\n|turn|36\n|inactive|InfiniteAscent has 120 seconds left.\n|\n|t:|1733874372\n|switch|p2a: Glastrier|Glastrier, L86|256/312 par\n|move|p1a: Clodsire|Gunk Shot|p2a: Glastrier\n|-damage|p2a: Glastrier|187/312 par\n|\n|-weather|SunnyDay|[upkeep]\n|-heal|p1a: Clodsire|235/343|[from] item: Leftovers\n|upkeep\n|turn|37\n|inactive|InfiniteAscent has 120 seconds left.\n|\n|t:|1733874384\n|switch|p1a: Hypno|Hypno, L95, F|48/315\n|move|p2a: Glastrier|High Horsepower|p1a: Hypno\n|-damage|p1a: Hypno|0 fnt\n|faint|p1a: Hypno\n|-ability|p2a: Glastrier|Chilling Neigh|boost\n|-boost|p2a: Glastrier|atk|1\n|\n|-weather|SunnyDay|[upkeep]\n|upkeep\n|\n|t:|1733874389\n|switch|p1a: Scovillain|Scovillain, L91, F|266/266\n|turn|38\n|inactive|InfiniteAscent has 120 seconds left.\n|\n|t:|1733874402\n|switch|p2a: Regice|Regice, L88|284/284 slp\n|move|p1a: Scovillain|Fire Blast|p2a: Regice\n|-supereffective|p2a: Regice\n|-damage|p2a: Regice|60/284 slp\n|\n|-weather|none\n|upkeep\n|turn|39\n|\n|t:|1733874411\n|move|p1a: Scovillain|Sunny Day|p1a: Scovillain\n|-weather|SunnyDay\n|-curestatus|p2a: Regice|slp|[msg]\n|move|p2a: Regice|Ice Beam|p1a: Scovillain\n|-damage|p1a: Scovillain|151/266\n|\n|-weather|SunnyDay|[upkeep]\n|upkeep\n|turn|40\n|\n|t:|1733874417\n|move|p1a: Scovillain|Fire Blast|p2a: Regice\n|-supereffective|p2a: Regice\n|-damage|p2a: Regice|0 fnt\n|faint|p2a: Regice\n|\n|-weather|SunnyDay|[upkeep]\n|upkeep\n|\n|t:|1733874431\n|switch|p2a: Dipplin|Dipplin, L88, M|284/284\n|turn|41\n|\n|t:|1733874437\n|switch|p1a: Clodsire|Clodsire, L81, F, tera:Steel|235/343\n|move|p2a: Dipplin|Dragon Pulse|p1a: Clodsire\n|-resisted|p1a: Clodsire\n|-damage|p1a: Clodsire|193/343\n|\n|-weather|SunnyDay|[upkeep]\n|-heal|p1a: Clodsire|214/343|[from] item: Leftovers\n|upkeep\n|turn|42\n|\n|t:|1733874449\n|switch|p2a: Glastrier|Glastrier, L86|187/312 par\n|move|p1a: Clodsire|Curse|p1a: Clodsire\n|-unboost|p1a: Clodsire|spe|1\n|-boost|p1a: Clodsire|atk|1\n|-boost|p1a: Clodsire|def|1\n|\n|-weather|SunnyDay|[upkeep]\n|-heal|p1a: Clodsire|235/343|[from] item: Leftovers\n|upkeep\n|turn|43\n|\n|t:|1733874454\n|move|p1a: Clodsire|Recover|p1a: Clodsire\n|-heal|p1a: Clodsire|343/343\n|move|p2a: Glastrier|High Horsepower|p1a: Clodsire\n|-supereffective|p1a: Clodsire\n|-damage|p1a: Clodsire|165/343\n|\n|-weather|none\n|-heal|p1a: Clodsire|186/343|[from] item: Leftovers\n|upkeep\n|turn|44\n|\n|t:|1733874461\n|switch|p2a: Granbull|Granbull, L88, M|98/302 par\n|-ability|p2a: Granbull|Intimidate|boost\n|-unboost|p1a: Clodsire|atk|1\n|move|p1a: Clodsire|Recover|p1a: Clodsire\n|-heal|p1a: Clodsire|343/343\n|\n|-heal|p2a: Granbull|116/302 par|[from] item: Leftovers\n|upkeep\n|turn|45\n|\n|t:|1733874473\n|move|p2a: Granbull|Thunder Wave|p1a: Clodsire\n|-status|p1a: Clodsire|par\n|move|p1a: Clodsire|Curse|p1a: Clodsire\n|-unboost|p1a: Clodsire|spe|1\n|-boost|p1a: Clodsire|atk|1\n|-boost|p1a: Clodsire|def|1\n|\n|-heal|p2a: Granbull|134/302 par|[from] item: Leftovers\n|upkeep\n|turn|46\n|\n|t:|1733874482\n|cant|p1a: Clodsire|par\n|move|p2a: Granbull|Roar|p1a: Clodsire\n|drag|p1a: Scovillain|Scovillain, L91, F|151/266\n|\n|-heal|p2a: Granbull|152/302 par|[from] item: Leftovers\n|upkeep\n|turn|47\n|\n|t:|1733874490\n|switch|p1a: Clodsire|Clodsire, L81, F, tera:Steel|343/343 par\n|cant|p2a: Granbull|par\n|\n|-heal|p2a: Granbull|170/302 par|[from] item: Leftovers\n|upkeep\n|turn|48\n|\n|t:|1733874497\n|move|p2a: Granbull|Earthquake|p1a: Clodsire\n|-supereffective|p1a: Clodsire\n|-damage|p1a: Clodsire|113/343 par\n|cant|p1a: Clodsire|par\n|\n|-heal|p2a: Granbull|188/302 par|[from] item: Leftovers\n|-heal|p1a: Clodsire|134/343 par|[from] item: Leftovers\n|upkeep\n|turn|49\n|\n|t:|1733874512\n|move|p2a: Granbull|Earthquake|p1a: Clodsire\n|-supereffective|p1a: Clodsire\n|-damage|p1a: Clodsire|0 fnt\n|faint|p1a: Clodsire\n|\n|-heal|p2a: Granbull|206/302 par|[from] item: Leftovers\n|upkeep\n|\n|t:|1733874515\n|switch|p1a: Scovillain|Scovillain, L91, F|151/266\n|turn|50\n|\n|t:|1733874522\n|move|p1a: Scovillain|Sunny Day|p1a: Scovillain\n|-weather|SunnyDay\n|move|p2a: Granbull|Thunder Wave|p1a: Scovillain|[miss]\n|-miss|p2a: Granbull|p1a: Scovillain\n|\n|-weather|SunnyDay|[upkeep]\n|-heal|p2a: Granbull|224/302 par|[from] item: Leftovers\n|upkeep\n|turn|51\n|\n|t:|1733874529\n|switch|p2a: Glastrier|Glastrier, L86|187/312 par\n|move|p1a: Scovillain|Fire Blast|p2a: Glastrier\n|-supereffective|p2a: Glastrier\n|-damage|p2a: Glastrier|0 fnt\n|faint|p2a: Glastrier\n|\n|-weather|SunnyDay|[upkeep]\n|upkeep\n|\n|t:|1733874533\n|switch|p2a: Granbull|Granbull, L88, M|224/302 par\n|-ability|p2a: Granbull|Intimidate|boost\n|-unboost|p1a: Scovillain|atk|1\n|turn|52\n|\n|t:|1733874536\n|move|p1a: Scovillain|Fire Blast|p2a: Granbull\n|-damage|p2a: Granbull|0 fnt\n|faint|p2a: Granbull\n|\n|-weather|SunnyDay|[upkeep]\n|upkeep\n|\n|t:|1733874545\n|switch|p2a: Dipplin|Dipplin, L88, M|284/284\n|turn|53\n|\n|t:|1733874550\n|move|p1a: Scovillain|Fire Blast|p2a: Dipplin\n|-crit|p2a: Dipplin\n|-damage|p2a: Dipplin|56/284\n|move|p2a: Dipplin|Dragon Pulse|p1a: Scovillain\n|-damage|p1a: Scovillain|46/266\n|\n|-weather|SunnyDay|[upkeep]\n|upkeep\n|turn|54\n|\n|t:|1733874556\n|move|p1a: Scovillain|Fire Blast|p2a: Dipplin\n|-damage|p2a: Dipplin|0 fnt\n|faint|p2a: Dipplin\n|\n|-weather|none\n|upkeep\n|\n|t:|1733874559\n|switch|p2a: Sceptile|Sceptile, L87, M|238/264\n|turn|55\n|c|\u2606InfiniteAscent|one turn off from winning lmao\n|c|\u2606turtles12|nope\n|c|\u2606InfiniteAscent|if my plays are bad\n|c|\u2606turtles12|never tera\n|c|\u2606InfiniteAscent|ever heard of a predict my guy\n|c|\u2606turtles12|I never terad\n|inactive|InfiniteAscent has 120 seconds left.\n|c|\u2606InfiniteAscent|energy ball on tera rock -> 56% ko\n|\n|t:|1733874610\n|-terastallize|p2a: Sceptile|Ground\n|move|p2a: Sceptile|Earthquake|p1a: Scovillain\n|-damage|p1a: Scovillain|0 fnt\n|faint|p1a: Scovillain\n|-damage|p2a: Sceptile|212/264|[from] item: Life Orb\n|\n|win|turtles12\n|raw|InfiniteAscent's rating: 1815 &rarr; <strong>1795</strong><br />(-20 for losing)\n|raw|turtles12's rating: 1808 &rarr; <strong>1828</strong><br />(+20 for winning)\n|c|\u2606InfiniteAscent|tera ground is same\n|c|\u2606InfiniteAscent|ggwp\n|l|\u2606turtles12\n|player|p2|\n", "inputlog": ">version bfd83cad13791eb5a5a409923076391caf6fb4d4\n>start {\"formatid\":\"gen9randombattle\",\"seed\":[57543,49582,10484,32087],\"rated\":\"Rated battle\"}\n>player p1 {\"name\":\"InfiniteAscent\",\"avatar\":\"n\",\"rating\":1815,\"seed\":[509,58738,24697,30319]}\n>player p2 {\"name\":\"turtles12\",\"avatar\":\"2\",\"rating\":1808,\"seed\":[37819,62125,63219,21608]}\n>p1 switch 6\n>p2 move iciclecrash\n>p1 move snowscape\n>p2 move closecombat\n>p1 switch 5\n>p2 move closecombat\n>p1 switch 5\n>p2 switch 2\n>p1 move iciclecrash\n>p2 move shellsmash\n>chat \u2606InfiniteAscent|whoops i thought i hit eq\n>p1 move earthquake\n>p2 move hydropump\n>chat \u2606InfiniteAscent|i might be blind\n>p1 switch 6\n>p1 move toxic\n>p2 move icebeam\n>p1 move protect\n>p2 move icebeam\n>p1 switch 3\n>p2 move icebeam\n>p1 move knockoff\n>p2 move earthquake\n>p2 switch 2\n>p1 move thunderwave\n>p2 move swordsdance\n>p1 move encore\n>p2 move iciclecrash\n>p1 move thunderwave\n>p2 switch 3\n>p1 switch 5\n>p2 move earthquake\n>p1 switch 3\n>p2 switch 4\n>p1 switch 5\n>p2 move icebeam\n>p1 move thunderwave\n>p2 switch 3\n>p1 move knockoff\n>p2 move iciclecrash\n>p1 switch 3\n>p2 move iciclecrash\n>p1 move recover terastallize\n>p2 switch 3\n>p1 move curse\n>p2 move thunderbolt\n>p1 move curse\n>p2 switch 4\n>p1 switch 5\n>p2 move thunderwave\n>p1 move toxic\n>p2 move playrough\n>p1 move drainpunch\n>p2 move playrough\n>p1 move protect\n>p2 move playrough\n>chat \u2606InfiniteAscent|nah :(\n>p1 switch 2\n>p1 move sludgewave\n>p2 move thunderwave\n>p1 move quiverdance\n>p2 switch 4\n>chat \u2606InfiniteAscent|nah\n>p1 move sleeppowder\n>p2 move thunderbolt\n>chat \u2606InfiniteAscent|nah\n>p1 move sleeppowder\n>p2 move icebeam\n>chat \u2606turtles12|does not really matter\n>p1 move quiverdance\n>p2 move sleeptalk\n>p1 move sludgewave\n>p2 switch 6\n>chat \u2606turtles12|you lost anyways\n>chat \u2606InfiniteAscent|bruh\n>chat \u2606InfiniteAscent|i clicked sludge wave\n>chat \u2606InfiniteAscent|no shot\n>p1 move sludgewave\n>p2 move earthquake\n>p1 switch 4\n>chat \u2606turtles12|honestly most of your plays are bad\n>chat \u2606InfiniteAscent|thanks :)\n>chat \u2606InfiniteAscent|you too!\n>p1 move sunnyday\n>p2 switch 5\n>chat \u2606InfiniteAscent|wait i mean\n>chat \u2606InfiniteAscent|well played!\n>p1 switch 5\n>p2 move dragonpulse\n>p1 move gunkshot\n>p2 switch 3\n>p1 switch 3\n>p2 move highhorsepower\n>p1 switch 5\n>p1 move fireblast\n>p2 switch 6\n>p1 move sunnyday\n>p2 move icebeam\n>p1 move fireblast\n>p2 move icebeam\n>p2 switch 3\n>p1 switch 3\n>p2 move dragonpulse\n>p1 move curse\n>p2 switch 6\n>p1 move recover\n>p2 move highhorsepower\n>p1 move recover\n>p2 switch 4\n>p1 move curse\n>p2 move thunderwave\n>p1 move earthquake\n>p2 move roar\n>p1 switch 3\n>p2 move thunderwave\n>p1 move curse\n>p2 move earthquake\n>p1 move recover\n>p2 move earthquake\n>p1 switch 3\n>p1 move sunnyday\n>p2 move thunderwave\n>p1 move fireblast\n>p2 switch 4\n>p2 switch 4\n>p1 move fireblast\n>p2 move thunderwave\n>p2 switch 6\n>p1 move fireblast\n>p2 move dragonpulse\n>p1 move fireblast\n>p2 move dragonpulse\n>p2 switch 5\n>chat \u2606InfiniteAscent|one turn off from winning lmao\n>chat \u2606turtles12|nope\n>chat \u2606InfiniteAscent|if my plays are bad\n>chat \u2606turtles12|never tera\n>chat \u2606InfiniteAscent|ever heard of a predict my guy\n>chat \u2606turtles12|I never terad\n>chat \u2606InfiniteAscent|energy ball on tera rock -> 56% ko\n>p1 move energyball\n>p2 move earthquake terastallize", "uploadtime": 1733874621, "views": 1, "formatid": "gen9randombattle", "rating": 1795, "private": 0, "password": null}