{"id": "gen9randombattle-2260301744", "format": "[Gen 9] Random Battle", "players": ["did egg he", "Bickbobspongpant"], "log": "|j|\u2606did egg he\n|j|\u2606Bickbobspongpant\n|t:|1733837297\n|gametype|singles\n|player|p1|did egg he|hilbert|1090\n|player|p2|Bickbobspongpant|101|1040\n|teamsize|p1|6\n|teamsize|p2|6\n|gen|9\n|tier|[Gen 9] Random Battle\n|rated|\n|rule|Species Clause: Limit one of each Pok\u00e9mon\n|rule|HP Percentage Mod: HP is shown in percentages\n|rule|Sleep Clause Mod: Limit one foe put to sleep\n|rule|Illusion Level Mod: Illusion disguises the Pok\u00e9mon's true level\n|\n|t:|1733837297\n|start\n|switch|p1a: Espeon|Espeon, L84, M|246/246\n|switch|p2a: Blaziken|Blaziken, L76, M|247/247\n|turn|1\n|inactive|Battle timer is ON: inactive players will automatically lose when time's up. (requested by did egg he)\n|\n|t:|1733837310\n|move|p1a: Espeon|Psychic|p2a: Blaziken\n|-supereffective|p2a: Blaziken\n|-damage|p2a: Blaziken|0 fnt\n|faint|p2a: Blaziken\n|-damage|p1a: Espeon|222/246|[from] item: Life Orb\n|\n|upkeep\n|\n|t:|1733837324\n|switch|p2a: Breloom|Breloom, L82, F|233/233\n|turn|2\n|\n|t:|1733837339\n|move|p2a: Breloom|Mach Punch|p1a: Espeon\n|-resisted|p1a: Espeon\n|-damage|p1a: Espeon|152/246\n|-damage|p2a: Breloom|210/233|[from] item: Life Orb\n|move|p1a: Espeon|Psychic|p2a: Breloom\n|-supereffective|p2a: Breloom\n|-crit|p2a: Breloom\n|-damage|p2a: Breloom|0 fnt\n|faint|p2a: Breloom\n|-damage|p1a: Espeon|128/246|[from] item: Life Orb\n|\n|upkeep\n|\n|t:|1733837350\n|switch|p2a: Baxcalibur|Baxcalibur, L75, M|295/295\n|turn|3\n|\n|t:|1733837358\n|-terastallize|p1a: Espeon|Fairy\n|move|p1a: Espeon|Alluring Voice|p2a: Baxcalibur\n|-supereffective|p2a: Baxcalibur\n|-damage|p2a: Baxcalibur|0 fnt\n|faint|p2a: Baxcalibur\n|-damage|p1a: Espeon|104/246|[from] item: Life Orb\n|\n|upkeep\n|\n|t:|1733837365\n|switch|p2a: Cetitan|Cetitan, L82, F|412/412\n|turn|4\n|\n|t:|1733837381\n|move|p1a: Espeon|Psychic|p2a: Cetitan\n|-damage|p2a: Cetitan|205/412\n|-enditem|p2a: Cetitan|Sitrus Berry|[eat]\n|-heal|p2a: Cetitan|308/412|[from] item: Sitrus Berry\n|-damage|p1a: Espeon|80/246|[from] item: Life Orb\n|move|p2a: Cetitan|Belly Drum|p2a: Cetitan\n|-damage|p2a: Cetitan|102/412\n|-setboost|p2a: Cetitan|atk|6|[from] move: Belly Drum\n|\n|upkeep\n|turn|5\n|\n|t:|1733837398\n|move|p2a: Cetitan|Ice Shard|p1a: Espeon\n|-damage|p1a: Espeon|0 fnt\n|faint|p1a: Espeon\n|\n|upkeep\n|\n|t:|1733837405\n|switch|p1a: Falinks|Falinks, L84|246/246\n|turn|6\n|\n|t:|1733837417\n|move|p1a: Falinks|Knock Off|p2a: Cetitan\n|-damage|p2a: Cetitan|25/412\n|-damage|p1a: Falinks|222/246|[from] item: Life Orb\n|move|p2a: Cetitan|Earthquake|p1a: Falinks\n|-crit|p1a: Falinks\n|-damage|p1a: Falinks|0 fnt\n|faint|p1a: Falinks\n|\n|upkeep\n|\n|t:|1733837438\n|switch|p1a: Armarouge|Armarouge, L80, M|267/267\n|turn|7\n|\n|t:|1733837451\n|move|p2a: Cetitan|Earthquake|p1a: Armarouge\n|-supereffective|p1a: Armarouge\n|-damage|p1a: Armarouge|0 fnt\n|faint|p1a: Armarouge\n|\n|upkeep\n|\n|t:|1733837458\n|switch|p1a: Regidrago|Regidrago, L77|435/435\n|turn|8\n|\n|t:|1733837465\n|move|p1a: Regidrago|Earthquake|p2a: Cetitan\n|-damage|p2a: Cetitan|0 fnt\n|faint|p2a: Cetitan\n|\n|upkeep\n|\n|t:|1733837475\n|switch|p2a: Gouging Fire|Gouging Fire, L74|277/277\n|turn|9\n|\n|t:|1733837486\n|move|p1a: Regidrago|Earthquake|p2a: Gouging Fire\n|-supereffective|p2a: Gouging Fire\n|-damage|p2a: Gouging Fire|165/277\n|move|p2a: Gouging Fire|Dragon Dance|p2a: Gouging Fire\n|-boost|p2a: Gouging Fire|atk|1\n|-boost|p2a: Gouging Fire|spe|1\n|\n|upkeep\n|turn|10\n|\n|t:|1733837494\n|move|p2a: Gouging Fire|Outrage|p1a: Regidrago\n|-supereffective|p1a: Regidrago\n|-damage|p1a: Regidrago|0 fnt\n|faint|p1a: Regidrago\n|\n|upkeep\n|\n|t:|1733837508\n|switch|p1a: Slither Wing|Slither Wing, L81|270/270\n|-enditem|p1a: Slither Wing|Booster Energy\n|-activate|p1a: Slither Wing|ability: Protosynthesis|[fromitem]\n|-start|p1a: Slither Wing|protosynthesisatk\n|turn|11\n|\n|t:|1733837520\n|move|p2a: Gouging Fire|Outrage|p1a: Slither Wing|[from]lockedmove\n|-damage|p1a: Slither Wing|89/270\n|move|p1a: Slither Wing|Bulk Up|p1a: Slither Wing\n|-boost|p1a: Slither Wing|atk|1\n|-boost|p1a: Slither Wing|def|1\n|\n|upkeep\n|turn|12\n|\n|t:|1733837530\n|move|p2a: Gouging Fire|Outrage|p1a: Slither Wing|[from]lockedmove\n|-damage|p1a: Slither Wing|0 fnt\n|faint|p1a: Slither Wing\n|-end|p1a: Slither Wing|Protosynthesis|[silent]\n|-start|p2a: Gouging Fire|confusion|[fatigue]\n|\n|upkeep\n|\n|t:|1733837534\n|switch|p1a: Scyther|Scyther, L82, F|249/249\n|turn|13\n|\n|t:|1733837554\n|-activate|p2a: Gouging Fire|confusion\n|move|p2a: Gouging Fire|Outrage|p1a: Scyther\n|-damage|p1a: Scyther|57/249\n|move|p1a: Scyther|Close Combat|p2a: Gouging Fire\n|-damage|p2a: Gouging Fire|87/277\n|-unboost|p1a: Scyther|def|1\n|-unboost|p1a: Scyther|spd|1\n|\n|upkeep\n|turn|14\n|\n|t:|1733837572\n|-activate|p2a: Gouging Fire|confusion\n|move|p2a: Gouging Fire|Outrage|p1a: Scyther|[from]lockedmove\n|-damage|p1a: Scyther|0 fnt\n|faint|p1a: Scyther\n|\n|win|Bickbobspongpant\n|raw|did egg he's rating: 1090 &rarr; <strong>1063</strong><br />(-27 for losing)\n|raw|Bickbobspongpant's rating: 1040 &rarr; <strong>1079</strong><br />(+39 for winning)\n|l|\u2606Bickbobspongpant\n|player|p2|\n", "inputlog": ">version bfd83cad13791eb5a5a409923076391caf6fb4d4\n>start {\"formatid\":\"gen9randombattle\",\"seed\":[16361,47457,24432,14942],\"rated\":\"Rated battle\"}\n>player p1 {\"name\":\"did egg he\",\"avatar\":\"hilbert\",\"rating\":1090,\"seed\":[52656,36883,31170,19977]}\n>player p2 {\"name\":\"Bickbobspongpant\",\"avatar\":\"101\",\"rating\":1040,\"seed\":[64405,51846,63073,1983]}\n>p1 move psychic\n>p2 move swordsdance\n>p2 switch 2\n>p1 move psychic\n>p2 move machpunch\n>p2 switch 3\n>p1 move alluringvoice terastallize\n>p2 move scaleshot\n>p2 switch 4\n>p1 move psychic\n>p2 move bellydrum\n>p1 move psychic\n>p2 move iceshard\n>p1 switch 2\n>p1 move knockoff\n>p2 move earthquake\n>p1 switch 4\n>p1 move psyshock\n>p2 move earthquake\n>p1 switch 6\n>p1 move earthquake\n>p2 move icespinner\n>p2 switch 6\n>p1 move earthquake\n>p2 move dragondance\n>p1 move earthquake\n>p2 move outrage\n>p1 switch 3\n>p1 move bulkup\n>p2 move outrage\n>p1 move earthquake\n>p2 move outrage\n>p1 switch 5\n>p1 move closecombat\n>p2 move outrage\n>p1 move closecombat\n>p2 move outrage", "uploadtime": 1733837579, "views": 1, "formatid": "gen9randombattle", "rating": 1063, "private": 0, "password": null}