{"id": "gen9randombattle-2260285358", "format": "[Gen 9] Random Battle", "players": ["YumiTheBunny", "rickmees"], "log": "|j|\u203dYumiTheBunny\n|j|\u2606rickmees\n|t:|1733835130\n|gametype|singles\n|player|p1|YumiTheBunny|twins-gen4|1162\n|player|p2|rickmees|266|1151\n|teamsize|p1|6\n|teamsize|p2|6\n|gen|9\n|tier|[Gen 9] Random Battle\n|rated|\n|rule|Species Clause: Limit one of each Pok\u00e9mon\n|rule|HP Percentage Mod: HP is shown in percentages\n|rule|Sleep Clause Mod: Limit one foe put to sleep\n|rule|Illusion Level Mod: Illusion disguises the Pok\u00e9mon's true level\n|\n|t:|1733835130\n|start\n|switch|p1a: Glimmora|Glimmora, L75, F|248/248\n|switch|p2a: Annihilape|Annihilape, L76, M|292/292\n|turn|1\n|inactive|Battle timer is ON: inactive players will automatically lose when time's up. (requested by rickmees)\n|\n|t:|1733835141\n|move|p2a: Annihilape|Bulk Up|p2a: Annihilape\n|-boost|p2a: Annihilape|atk|1\n|-boost|p2a: Annihilape|def|1\n|move|p1a: Glimmora|Spikes|p2a: Annihilape\n|-sidestart|p2: rickmees|Spikes\n|\n|upkeep\n|turn|2\n|\n|t:|1733835146\n|move|p2a: Annihilape|Drain Punch|p1a: Glimmora\n|-damage|p1a: Glimmora|122/248\n|-activate|p1a: Glimmora|ability: Toxic Debris\n|-sidestart|p2: rickmees|move: Toxic Spikes\n|move|p1a: Glimmora|Spikes|p2a: Annihilape\n|-sidestart|p2: rickmees|Spikes\n|\n|upkeep\n|turn|3\n|\n|t:|1733835164\n|move|p2a: Annihilape|Drain Punch|p1a: Glimmora\n|-damage|p1a: Glimmora|0 fnt\n|-activate|p1a: Glimmora|ability: Toxic Debris\n|-sidestart|p2: rickmees|move: Toxic Spikes\n|faint|p1a: Glimmora\n|\n|upkeep\n|\n|t:|1733835177\n|switch|p1a: Froslass|Froslass, L87, F|263/263\n|turn|4\n|inactive|rickmees has 120 seconds left.\n|\n|t:|1733835218\n|-terastallize|p2a: Annihilape|Fairy\n|move|p1a: Froslass|Poltergeist|p2a: Annihilape\n|-activate|p2a: Annihilape|move: Poltergeist|Leftovers\n|-damage|p2a: Annihilape|207/292\n|move|p2a: Annihilape|Bulk Up|p2a: Annihilape\n|-boost|p2a: Annihilape|atk|1\n|-boost|p2a: Annihilape|def|1\n|\n|-heal|p2a: Annihilape|225/292|[from] item: Leftovers\n|upkeep\n|turn|5\n|\n|t:|1733835229\n|move|p1a: Froslass|Destiny Bond|p1a: Froslass\n|-singlemove|p1a: Froslass|Destiny Bond\n|move|p2a: Annihilape|Rage Fist|p1a: Froslass\n|-supereffective|p1a: Froslass\n|-damage|p1a: Froslass|0 fnt\n|faint|p1a: Froslass\n|-activate|p1a: Froslass|move: Destiny Bond\n|faint|p2a: Annihilape\n|\n|upkeep\n|c|\u2606rickmees|oof\n|inactive|rickmees has 120 seconds left.\n|c|\u2606rickmees|smart\n|\n|t:|1733835243\n|switch|p1a: Iron Valiant|Iron Valiant, L78|244/244\n|switch|p2a: Copperajah|Copperajah, L86, F|350/350\n|-damage|p2a: Copperajah|292/350|[from] Spikes\n|turn|6\n|inactive|rickmees has 120 seconds left.\n|\n|t:|1733835256\n|move|p1a: Iron Valiant|Close Combat|p2a: Copperajah\n|-supereffective|p2a: Copperajah\n|-damage|p2a: Copperajah|0 fnt\n|-unboost|p1a: Iron Valiant|def|1\n|-unboost|p1a: Iron Valiant|spd|1\n|faint|p2a: Copperajah\n|-damage|p1a: Iron Valiant|220/244|[from] item: Life Orb\n|\n|upkeep\n|inactive|rickmees has 120 seconds left.\n|\n|t:|1733835287\n|switch|p2a: Veluza|Veluza, L85, F|292/292\n|-damage|p2a: Veluza|244/292|[from] Spikes\n|-status|p2a: Veluza|tox\n|turn|7\n|\n|t:|1733835300\n|-terastallize|p1a: Iron Valiant|Dark\n|move|p1a: Iron Valiant|Swords Dance|p1a: Iron Valiant\n|-boost|p1a: Iron Valiant|atk|2\n|move|p2a: Veluza|Psycho Cut|p1a: Iron Valiant\n|-immune|p1a: Iron Valiant\n|\n|-damage|p2a: Veluza|226/292 tox|[from] psn\n|upkeep\n|turn|8\n|\n|t:|1733835307\n|move|p1a: Iron Valiant|Knock Off|p2a: Veluza\n|-supereffective|p2a: Veluza\n|-damage|p2a: Veluza|0 fnt\n|-enditem|p2a: Veluza|Sitrus Berry|[from] move: Knock Off|[of] p1a: Iron Valiant\n|faint|p2a: Veluza\n|-damage|p1a: Iron Valiant|196/244|[from] item: Life Orb\n|\n|upkeep\n|\n|t:|1733835312\n|switch|p2a: Meloetta|Meloetta, L82|298/298\n|-damage|p2a: Meloetta|249/298|[from] Spikes\n|-status|p2a: Meloetta|tox\n|turn|9\n|\n|t:|1733835320\n|move|p1a: Iron Valiant|Knock Off|p2a: Meloetta\n|-supereffective|p2a: Meloetta\n|-damage|p2a: Meloetta|0 fnt\n|-enditem|p2a: Meloetta|Life Orb|[from] move: Knock Off|[of] p1a: Iron Valiant\n|faint|p2a: Meloetta\n|-damage|p1a: Iron Valiant|172/244|[from] item: Life Orb\n|\n|upkeep\n|\n|t:|1733835322\n|switch|p2a: Carbink|Carbink, L90|236/236\n|-damage|p2a: Carbink|197/236|[from] Spikes\n|-status|p2a: Carbink|tox\n|turn|10\n|c|\u2606rickmees|bruh\n|\n|t:|1733835334\n|move|p1a: Iron Valiant|Close Combat|p2a: Carbink\n|-crit|p2a: Carbink\n|-damage|p2a: Carbink|0 fnt\n|-unboost|p1a: Iron Valiant|def|1\n|-unboost|p1a: Iron Valiant|spd|1\n|faint|p2a: Carbink\n|-damage|p1a: Iron Valiant|148/244|[from] item: Life Orb\n|\n|upkeep\n|\n|t:|1733835338\n|switch|p2a: Miraidon|Miraidon, L65|238/238\n|-damage|p2a: Miraidon|199/238|[from] Spikes\n|-status|p2a: Miraidon|tox\n|-fieldstart|move: Electric Terrain|[from] ability: Hadron Engine|[of] p2a: Miraidon\n|-activate|p1a: Iron Valiant|ability: Quark Drive\n|-start|p1a: Iron Valiant|quarkdriveatk\n|turn|11\n|\n|t:|1733835346\n|move|p1a: Iron Valiant|Spirit Break|p2a: Miraidon\n|-supereffective|p2a: Miraidon\n|-damage|p2a: Miraidon|0 fnt\n|faint|p2a: Miraidon\n|-damage|p1a: Iron Valiant|124/244|[from] item: Life Orb\n|\n|win|YumiTheBunny\n|raw|YumiTheBunny's rating: 1162 &rarr; <strong>1186</strong><br />(+24 for winning)\n|raw|rickmees's rating: 1151 &rarr; <strong>1127</strong><br />(-24 for losing)\n", "inputlog": ">version bfd83cad13791eb5a5a409923076391caf6fb4d4\n>start {\"formatid\":\"gen9randombattle\",\"seed\":[53605,31598,62888,2909],\"rated\":\"Rated battle\"}\n>player p1 {\"name\":\"YumiTheBunny\",\"avatar\":\"twins-gen4\",\"rating\":1162,\"seed\":[36818,62684,7128,42575]}\n>player p2 {\"name\":\"rickmees\",\"avatar\":\"266\",\"rating\":1151,\"seed\":[27206,54829,10286,13090]}\n>p1 move spikes\n>p2 move bulkup\n>p1 move spikes\n>p2 move drainpunch\n>p1 move sludgewave\n>p2 move drainpunch\n>p1 switch 2\n>p1 move poltergeist\n>p2 move bulkup terastallize\n>p1 move destinybond\n>p2 move ragefist\n>chat \u2606rickmees|oof\n>chat \u2606rickmees|smart\n>p1 switch 4\n>p2 switch 6\n>p1 move closecombat\n>p2 move ironhead\n>p2 switch 3\n>p1 move swordsdance terastallize\n>p2 move psychocut\n>p1 move knockoff\n>p2 move aquacutter\n>p2 switch 2\n>p1 move knockoff\n>p2 move closecombat\n>p2 switch 4\n>chat \u2606rickmees|bruh\n>p1 move closecombat\n>p2 move bodypress\n>p2 switch 5\n>p1 move spiritbreak\n>p2 move electrodrift", "uploadtime": 1733835354, "views": 2, "formatid": "gen9randombattle", "rating": 1127, "private": 0, "password": null}