{"id": "gen9randombattle-2167478863", "format": "[Gen 9] Random Battle", "players": ["BMence", "Reconforce"], "log": "|j|\u203dBMence\n|j|\u2606Reconforce\n|t:|1721947931\n|gametype|singles\n|player|p1|BMence|101|2224\n|player|p2|Reconforce|101|2264\n|teamsize|p1|6\n|teamsize|p2|6\n|gen|9\n|tier|[Gen 9] Random Battle\n|rated|\n|rule|Species Clause: Limit one of each Pok\u00e9mon\n|rule|HP Percentage Mod: HP is shown in percentages\n|rule|Sleep Clause Mod: Limit one foe put to sleep\n|rule|Illusion Level Mod: Illusion disguises the Pok\u00e9mon's true level\n|\n|t:|1721947931\n|start\n|switch|p1a: Amoonguss|Amoonguss, L82, M|321/321\n|switch|p2a: Sableye|Sableye, L90, M|236/236\n|turn|1\n|\n|t:|1721947938\n|move|p2a: Sableye|Knock Off|p1a: Amoonguss\n|-damage|p1a: Amoonguss|195/321\n|-damage|p2a: Sableye|197/236|[from] item: Rocky Helmet|[of] p1a: Amoonguss\n|-enditem|p1a: Amoonguss|Rocky Helmet|[from] move: Knock Off|[of] p2a: Sableye\n|move|p1a: Amoonguss|Spore|p2a: Sableye\n|-status|p2a: Sableye|slp|[from] move: Spore\n|\n|-heal|p2a: Sableye|211/236 slp|[from] item: Leftovers\n|upkeep\n|turn|2\n|\n|t:|1721947946\n|cant|p2a: Sableye|slp\n|move|p1a: Amoonguss|Giga Drain|p2a: Sableye\n|-damage|p2a: Sableye|132/236 slp\n|-heal|p1a: Amoonguss|235/321|[from] drain|[of] p2a: Sableye\n|\n|-heal|p2a: Sableye|146/236 slp|[from] item: Leftovers\n|upkeep\n|turn|3\n|\n|t:|1721947951\n|cant|p2a: Sableye|slp\n|move|p1a: Amoonguss|Giga Drain|p2a: Sableye\n|-damage|p2a: Sableye|62/236 slp\n|-heal|p1a: Amoonguss|277/321|[from] drain|[of] p2a: Sableye\n|\n|-heal|p2a: Sableye|76/236 slp|[from] item: Leftovers\n|upkeep\n|turn|4\n|\n|t:|1721947954\n|-curestatus|p2a: Sableye|slp|[msg]\n|move|p2a: Sableye|Recover|p2a: Sableye\n|-heal|p2a: Sableye|194/236\n|move|p1a: Amoonguss|Giga Drain|p2a: Sableye\n|-damage|p2a: Sableye|115/236\n|-heal|p1a: Amoonguss|317/321|[from] drain|[of] p2a: Sableye\n|\n|-heal|p2a: Sableye|129/236|[from] item: Leftovers\n|upkeep\n|turn|5\n|\n|t:|1721947957\n|switch|p2a: Farigiraf|Farigiraf, L91, F|366/366\n|move|p1a: Amoonguss|Spore|p2a: Farigiraf\n|-ability|p2a: Farigiraf|Sap Sipper|boost\n|-boost|p2a: Farigiraf|atk|1\n|\n|upkeep\n|turn|6\n|\n|t:|1721947961\n|move|p2a: Farigiraf|Future Sight|p1a: Amoonguss\n|-start|p2a: Farigiraf|move: Future Sight\n|move|p1a: Amoonguss|Sludge Bomb|p2a: Farigiraf\n|-damage|p2a: Farigiraf|275/366\n|\n|-heal|p2a: Farigiraf|297/366|[from] item: Leftovers\n|upkeep\n|turn|7\n|\n|t:|1721947971\n|move|p2a: Farigiraf|Hyper Voice|p1a: Amoonguss\n|-damage|p1a: Amoonguss|172/321\n|move|p1a: Amoonguss|Sludge Bomb|p2a: Farigiraf\n|-damage|p2a: Farigiraf|203/366\n|\n|-heal|p2a: Farigiraf|225/366|[from] item: Leftovers\n|upkeep\n|turn|8\n|\n|t:|1721947980\n|move|p2a: Farigiraf|Hyper Voice|p1a: Amoonguss\n|-damage|p1a: Amoonguss|36/321\n|move|p1a: Amoonguss|Sludge Bomb|p2a: Farigiraf\n|-damage|p2a: Farigiraf|138/366\n|-status|p2a: Farigiraf|psn\n|\n|-end|p1a: Amoonguss|move: Future Sight\n|-supereffective|p1a: Amoonguss\n|-damage|p1a: Amoonguss|0 fnt\n|faint|p1a: Amoonguss\n|-heal|p2a: Farigiraf|160/366 psn|[from] item: Leftovers\n|-damage|p2a: Farigiraf|115/366 psn|[from] psn\n|upkeep\n|j| CutePokesOnly\n|\n|t:|1721947996\n|switch|p1a: Grafaiai|Grafaiai, L86, M|249/249\n|turn|9\n|\n|t:|1721948000\n|move|p1a: Grafaiai|Knock Off|p2a: Farigiraf\n|-supereffective|p2a: Farigiraf\n|-damage|p2a: Farigiraf|0 fnt\n|-enditem|p2a: Farigiraf|Leftovers|[from] move: Knock Off|[of] p1a: Grafaiai\n|faint|p2a: Farigiraf\n|\n|upkeep\n|\n|t:|1721948007\n|switch|p2a: Probopass|Probopass, L92, F|260/260\n|-item|p2a: Probopass|Air Balloon\n|turn|10\n|\n|t:|1721948012\n|move|p1a: Grafaiai|Super Fang|p2a: Probopass\n|-damage|p2a: Probopass|130/260\n|-enditem|p2a: Probopass|Air Balloon\n|move|p2a: Probopass|Thunder Wave|p1a: Grafaiai\n|-status|p1a: Grafaiai|par\n|\n|upkeep\n|turn|11\n|\n|t:|1721948015\n|move|p2a: Probopass|Body Press|p1a: Grafaiai\n|-damage|p1a: Grafaiai|141/249 par\n|cant|p1a: Grafaiai|par\n|\n|upkeep\n|turn|12\n|\n|t:|1721948020\n|move|p2a: Probopass|Body Press|p1a: Grafaiai\n|-damage|p1a: Grafaiai|22/249 par\n|cant|p1a: Grafaiai|par\n|\n|upkeep\n|turn|13\n|\n|t:|1721948026\n|move|p2a: Probopass|Body Press|p1a: Grafaiai\n|-damage|p1a: Grafaiai|0 fnt\n|faint|p1a: Grafaiai\n|\n|upkeep\n|\n|t:|1721948030\n|switch|p1a: Iron Bundle|Iron Bundle, L77|213/213\n|turn|14\n|\n|t:|1721948033\n|move|p1a: Iron Bundle|Hydro Pump|p2a: Probopass\n|-supereffective|p2a: Probopass\n|-damage|p2a: Probopass|0 fnt\n|faint|p2a: Probopass\n|\n|upkeep\n|\n|t:|1721948038\n|switch|p2a: Wigglytuff|Wigglytuff, L96, M|424/424\n|turn|15\n|\n|t:|1721948042\n|-end|p1a: Iron Bundle|Quark Drive|[silent]\n|switch|p1a: Flareon|Flareon, L90, M|263/263\n|move|p2a: Wigglytuff|Thunder Wave|p1a: Flareon\n|-status|p1a: Flareon|par\n|\n|upkeep\n|turn|16\n|\n|t:|1721948046\n|switch|p2a: Iron Boulder|Iron Boulder, L77|265/265\n|cant|p1a: Flareon|par\n|\n|upkeep\n|turn|17\n|\n|t:|1721948058\n|switch|p1a: Koraidon|Koraidon, L64|235/235\n|-weather|SunnyDay|[from] ability: Orichalcum Pulse|[of] p1a: Koraidon\n|-activate|p1a: Koraidon|Orichalcum Pulse|[source]\n|move|p2a: Iron Boulder|Mighty Cleave|p1a: Koraidon\n|-resisted|p1a: Koraidon\n|-damage|p1a: Koraidon|171/235\n|-damage|p2a: Iron Boulder|239/265|[from] item: Life Orb\n|\n|-weather|SunnyDay|[upkeep]\n|upkeep\n|turn|18\n|\n|t:|1721948064\n|-terastallize|p1a: Koraidon|Fire\n|move|p2a: Iron Boulder|Zen Headbutt|p1a: Koraidon\n|-damage|p1a: Koraidon|57/235\n|-damage|p2a: Iron Boulder|213/265|[from] item: Life Orb\n|move|p1a: Koraidon|U-turn|p2a: Iron Boulder\n|-supereffective|p2a: Iron Boulder\n|-damage|p2a: Iron Boulder|37/265\n|\n|t:|1721948073\n|switch|p1a: Iron Bundle|Iron Bundle, L77|213/213|[from] U-turn\n|\n|-weather|SunnyDay|[upkeep]\n|upkeep\n|turn|19\n|\n|t:|1721948078\n|-end|p2a: Iron Boulder|Quark Drive|[silent]\n|switch|p2a: Mimikyu|Mimikyu, L79, M|216/216\n|move|p1a: Iron Bundle|Ice Beam|p2a: Mimikyu\n|-activate|p2a: Mimikyu|ability: Disguise\n|-damage|p2a: Mimikyu|216/216\n|detailschange|p2a: Mimikyu|Mimikyu-Busted, L79, M\n|-damage|p2a: Mimikyu|189/216|[from] pokemon: Mimikyu-Busted\n|\n|-weather|SunnyDay|[upkeep]\n|upkeep\n|turn|20\n|\n|t:|1721948083\n|move|p1a: Iron Bundle|Ice Beam|p2a: Mimikyu\n|-damage|p2a: Mimikyu|105/216\n|move|p2a: Mimikyu|Swords Dance|p2a: Mimikyu\n|-boost|p2a: Mimikyu|atk|2\n|\n|-weather|SunnyDay|[upkeep]\n|upkeep\n|turn|21\n|\n|t:|1721948093\n|move|p1a: Iron Bundle|Encore|p2a: Mimikyu\n|-start|p2a: Mimikyu|Encore\n|move|p2a: Mimikyu|Swords Dance|p2a: Mimikyu\n|-boost|p2a: Mimikyu|atk|2\n|\n|-weather|none\n|upkeep\n|turn|22\n|\n|t:|1721948097\n|switch|p2a: Sableye|Sableye, L90, M|129/236\n|move|p1a: Iron Bundle|Hydro Pump|p2a: Sableye|[miss]\n|-miss|p1a: Iron Bundle|p2a: Sableye\n|\n|-heal|p2a: Sableye|143/236|[from] item: Leftovers\n|upkeep\n|turn|23\n|\n|t:|1721948102\n|move|p1a: Iron Bundle|Hydro Pump|p2a: Sableye|[miss]\n|-miss|p1a: Iron Bundle|p2a: Sableye\n|move|p2a: Sableye|Knock Off|p1a: Iron Bundle\n|-damage|p1a: Iron Bundle|128/213\n|-enditem|p1a: Iron Bundle|Heavy-Duty Boots|[from] move: Knock Off|[of] p2a: Sableye\n|\n|-heal|p2a: Sableye|157/236|[from] item: Leftovers\n|upkeep\n|turn|24\n|\n|t:|1721948105\n|move|p2a: Sableye|Will-O-Wisp|p1a: Iron Bundle\n|-status|p1a: Iron Bundle|brn\n|move|p1a: Iron Bundle|Hydro Pump|p2a: Sableye|[miss]\n|-miss|p1a: Iron Bundle|p2a: Sableye\n|\n|-heal|p2a: Sableye|171/236|[from] item: Leftovers\n|-damage|p1a: Iron Bundle|115/213 brn|[from] brn\n|upkeep\n|turn|25\n|\n|t:|1721948110\n|move|p2a: Sableye|Encore|p1a: Iron Bundle\n|-start|p1a: Iron Bundle|Encore\n|move|p1a: Iron Bundle|Hydro Pump|p2a: Sableye\n|-crit|p2a: Sableye\n|-damage|p2a: Sableye|0 fnt\n|faint|p2a: Sableye\n|\n|-damage|p1a: Iron Bundle|102/213 brn|[from] brn\n|upkeep\n|\n|t:|1721948114\n|switch|p2a: Wigglytuff|Wigglytuff, L96, M|424/424\n|turn|26\n|\n|t:|1721948121\n|move|p1a: Iron Bundle|Hydro Pump|p2a: Wigglytuff|[miss]\n|-miss|p1a: Iron Bundle|p2a: Wigglytuff\n|move|p2a: Wigglytuff|Alluring Voice|p1a: Iron Bundle\n|-crit|p1a: Iron Bundle\n|-damage|p1a: Iron Bundle|0 fnt\n|faint|p1a: Iron Bundle\n|-end|p1a: Iron Bundle|Quark Drive|[silent]\n|\n|upkeep\n|\n|t:|1721948125\n|switch|p1a: Flareon|Flareon, L90, M|263/263 par\n|turn|27\n|\n|t:|1721948128\n|move|p2a: Wigglytuff|Alluring Voice|p1a: Flareon\n|-resisted|p1a: Flareon\n|-damage|p1a: Flareon|225/263 par\n|cant|p1a: Flareon|par\n|\n|upkeep\n|turn|28\n|\n|t:|1721948132\n|switch|p2a: Mimikyu|Mimikyu-Busted, L79, M|105/216\n|move|p1a: Flareon|Flare Blitz|p2a: Mimikyu\n|-damage|p2a: Mimikyu|0 fnt\n|faint|p2a: Mimikyu\n|-damage|p1a: Flareon|190/263 par|[from] Recoil\n|\n|upkeep\n|\n|t:|1721948134\n|switch|p2a: Iron Boulder|Iron Boulder, L77|37/265\n|turn|29\n|\n|t:|1721948147\n|switch|p1a: Koraidon|Koraidon, L64, tera:Fire|57/235\n|-weather|SunnyDay|[from] ability: Orichalcum Pulse|[of] p1a: Koraidon\n|-activate|p1a: Koraidon|Orichalcum Pulse|[source]\n|move|p2a: Iron Boulder|Mighty Cleave|p1a: Koraidon\n|-supereffective|p1a: Koraidon\n|-damage|p1a: Koraidon|0 fnt\n|faint|p1a: Koraidon\n|-damage|p2a: Iron Boulder|11/265|[from] item: Life Orb\n|\n|-weather|SunnyDay|[upkeep]\n|upkeep\n|\n|t:|1721948151\n|switch|p1a: Feraligatr|Feraligatr, L79, M|264/264\n|turn|30\n|\n|t:|1721948168\n|move|p2a: Iron Boulder|Close Combat|p1a: Feraligatr\n|-damage|p1a: Feraligatr|154/264\n|-unboost|p2a: Iron Boulder|def|1\n|-unboost|p2a: Iron Boulder|spd|1\n|-damage|p2a: Iron Boulder|0 fnt|[from] item: Life Orb\n|faint|p2a: Iron Boulder\n|-end|p2a: Iron Boulder|Quark Drive|[silent]\n|move|p1a: Feraligatr|Dragon Dance|p1a: Feraligatr\n|-boost|p1a: Feraligatr|atk|1\n|-boost|p1a: Feraligatr|spe|1\n|\n|-weather|SunnyDay|[upkeep]\n|upkeep\n|\n|t:|1721948170\n|switch|p2a: Wigglytuff|Wigglytuff, L96, M|424/424\n|turn|31\n|\n|t:|1721948176\n|move|p1a: Feraligatr|Liquidation|p2a: Wigglytuff\n|-crit|p2a: Wigglytuff\n|-damage|p2a: Wigglytuff|217/424\n|move|p2a: Wigglytuff|Alluring Voice|p1a: Feraligatr\n|-damage|p1a: Feraligatr|40/264\n|\n|-weather|SunnyDay|[upkeep]\n|-heal|p2a: Wigglytuff|243/424|[from] item: Leftovers\n|upkeep\n|turn|32\n|\n|t:|1721948182\n|move|p1a: Feraligatr|Ice Punch|p2a: Wigglytuff\n|-damage|p2a: Wigglytuff|68/424\n|move|p2a: Wigglytuff|Wish|p2a: Wigglytuff\n|\n|-weather|SunnyDay|[upkeep]\n|-heal|p2a: Wigglytuff|94/424|[from] item: Leftovers\n|upkeep\n|turn|33\n|\n|t:|1721948186\n|move|p1a: Feraligatr|Ice Punch|p2a: Wigglytuff\n|-damage|p2a: Wigglytuff|0 fnt\n|faint|p2a: Wigglytuff\n|\n|win|BMence\n|raw|BMence's rating: 2224 &rarr; <strong>2246</strong><br />(+22 for winning)\n|raw|Reconforce's rating: 2264 &rarr; <strong>2242</strong><br />(-22 for losing)\n|l|\u2606Reconforce\n|player|p2|\n", "inputlog": ">version e8361dfa7636e84b87e7a2c993580ab47c51022d\n>start {\"formatid\":\"gen9randombattle\",\"seed\":[20398,940,28695,45207],\"rated\":\"Rated battle\"}\n>player p1 {\"name\":\"BMence\",\"avatar\":\"101\",\"rating\":2224,\"seed\":[27978,27774,55509,21940]}\n>player p2 {\"name\":\"Reconforce\",\"avatar\":\"101\",\"rating\":2264,\"seed\":[50417,39261,58843,20992]}\n>p1 move spore\n>p2 move knockoff\n>p1 move gigadrain\n>p2 move knockoff\n>p1 move gigadrain\n>p2 move recover\n>p1 move gigadrain\n>p2 move recover\n>p1 move spore\n>p2 switch 5\n>p1 move sludgebomb\n>p2 move futuresight\n>p1 move sludgebomb\n>p2 move hypervoice\n>p1 move sludgebomb\n>p2 move hypervoice\n>p1 switch 6\n>p1 move knockoff\n>p2 move hypervoice\n>p2 switch 2\n>p1 move superfang\n>p2 move thunderwave\n>p1 move uturn\n>p2 move bodypress\n>p1 move uturn\n>p2 move bodypress\n>p1 move uturn\n>p2 move bodypress\n>p1 switch 2\n>p1 move hydropump\n>p2 move bodypress\n>p2 switch 4\n>p1 switch 3\n>p2 move thunderwave\n>p1 move facade\n>p2 switch 3\n>p1 switch 5\n>p2 move mightycleave\n>p1 move uturn terastallize\n>p2 move zenheadbutt\n>p1 switch 3\n>p1 move icebeam\n>p2 switch 6\n>p1 move icebeam\n>p2 move swordsdance\n>p1 move encore\n>p2 move drainpunch\n>p1 move hydropump\n>p2 switch 5\n>p1 move hydropump\n>p2 move knockoff\n>p1 move hydropump\n>p2 move willowisp\n>p1 move hydropump\n>p2 move encore\n>p2 switch 3\n>p1 move hydropump\n>p2 move alluringvoice\n>p1 switch 5\n>p1 move flareblitz\n>p2 move alluringvoice\n>p1 move flareblitz\n>p2 switch 5\n>p2 switch 6\n>p1 switch 3\n>p2 move mightycleave\n>p1 switch 4\n>p1 move dragondance\n>p2 move closecombat\n>p2 switch 5\n>p1 move liquidation\n>p2 move alluringvoice\n>p1 move icepunch\n>p2 move wish\n>p1 move icepunch\n>p2 move alluringvoice", "uploadtime": 1721948196, "views": 152, "formatid": "gen9randombattle", "rating": 2242, "private": 0, "password": null}