{"id": "gen9randombattle-2260286752", "format": "[Gen 9] Random Battle", "players": ["Yugaka", "Lipantof"], "log": "|j|\u2606Yugaka\n|j|\u2606Lipantof\n|t:|1733835325\n|gametype|singles\n|player|p1|Yugaka|petrel|1303\n|player|p2|Lipantof|steven|1265\n|teamsize|p1|6\n|teamsize|p2|6\n|gen|9\n|tier|[Gen 9] Random Battle\n|rated|\n|rule|Species Clause: Limit one of each Pok\u00e9mon\n|rule|HP Percentage Mod: HP is shown in percentages\n|rule|Sleep Clause Mod: Limit one foe put to sleep\n|rule|Illusion Level Mod: Illusion disguises the Pok\u00e9mon's true level\n|\n|t:|1733835325\n|start\n|switch|p1a: Cinderace|Cinderace, L77, F|249/249\n|switch|p2a: Clefable|Clefable, L83, M|293/293\n|turn|1\n|j| Veryvenasaur\n|inactive|Battle timer is ON: inactive players will automatically lose when time's up. (requested by Lipantof)\n|\n|t:|1733835348\n|move|p1a: Cinderace|Gunk Shot|p2a: Clefable\n|-start|p1a: Cinderace|typechange|Poison|[from] ability: Libero\n|-supereffective|p2a: Clefable\n|-damage|p2a: Clefable|0 fnt\n|faint|p2a: Clefable\n|\n|upkeep\n|\n|t:|1733835362\n|switch|p2a: Camerupt|Camerupt, L91, M|275/275\n|turn|2\n|\n|t:|1733835376\n|switch|p1a: Oricorio|Oricorio-Pom-Pom, L82, F|257/257\n|move|p2a: Camerupt|Will-O-Wisp|p1a: Oricorio\n|-status|p1a: Oricorio|brn\n|\n|-damage|p1a: Oricorio|241/257 brn|[from] brn\n|upkeep\n|turn|3\n|inactive|Lipantof has 120 seconds left.\n|inactive|Lipantof has 90 seconds left.\n|inactive|Lipantof has 60 seconds left.\n|\n|t:|1733835473\n|switch|p2a: Spidops|Spidops, L96, F|271/271\n|move|p1a: Oricorio|Hurricane|p2a: Spidops\n|-supereffective|p2a: Spidops\n|-damage|p2a: Spidops|55/271\n|\n|-damage|p1a: Oricorio|225/257 brn|[from] brn\n|upkeep\n|turn|4\n|inactive|Lipantof has 60 seconds left.\n|\n|t:|1733835483\n|switch|p2a: Camerupt|Camerupt, L91, M|275/275\n|move|p1a: Oricorio|Hurricane|p2a: Camerupt\n|-damage|p2a: Camerupt|158/275\n|\n|-heal|p2a: Camerupt|175/275|[from] item: Leftovers\n|-damage|p1a: Oricorio|209/257 brn|[from] brn\n|upkeep\n|turn|5\n|\n|t:|1733835492\n|move|p1a: Oricorio|Hurricane|p2a: Camerupt|[miss]\n|-miss|p1a: Oricorio|p2a: Camerupt\n|move|p2a: Camerupt|Roar|p1a: Oricorio\n|drag|p1a: Greedent|Greedent, L86, M|347/347\n|\n|-heal|p2a: Camerupt|192/275|[from] item: Leftovers\n|upkeep\n|turn|6\n|\n|t:|1733835503\n|move|p2a: Camerupt|Will-O-Wisp|p1a: Greedent\n|-status|p1a: Greedent|brn\n|move|p1a: Greedent|Earthquake|p2a: Camerupt\n|-supereffective|p2a: Camerupt\n|-damage|p2a: Camerupt|136/275\n|\n|-heal|p2a: Camerupt|153/275|[from] item: Leftovers\n|-damage|p1a: Greedent|326/347 brn|[from] brn\n|upkeep\n|turn|7\n|\n|t:|1733835510\n|move|p2a: Camerupt|Earthquake|p1a: Greedent\n|-damage|p1a: Greedent|206/347 brn\n|move|p1a: Greedent|Knock Off|p2a: Camerupt\n|-damage|p2a: Camerupt|111/275\n|-enditem|p2a: Camerupt|Leftovers|[from] move: Knock Off|[of] p1a: Greedent\n|\n|-damage|p1a: Greedent|185/347 brn|[from] brn\n|upkeep\n|turn|8\n|\n|t:|1733835521\n|move|p2a: Camerupt|Earthquake|p1a: Greedent\n|-damage|p1a: Greedent|67/347 brn\n|-enditem|p1a: Greedent|Sitrus Berry|[eat]\n|-heal|p1a: Greedent|153/347 brn|[from] item: Sitrus Berry\n|-heal|p1a: Greedent|268/347 brn|[from] ability: Cheek Pouch\n|move|p1a: Greedent|Swords Dance|p1a: Greedent\n|-boost|p1a: Greedent|atk|2\n|\n|-damage|p1a: Greedent|247/347 brn|[from] brn\n|upkeep\n|turn|9\n|\n|t:|1733835535\n|move|p2a: Camerupt|Earthquake|p1a: Greedent\n|-damage|p1a: Greedent|126/347 brn\n|move|p1a: Greedent|Earthquake|p2a: Camerupt\n|-supereffective|p2a: Camerupt\n|-damage|p2a: Camerupt|0 fnt\n|faint|p2a: Camerupt\n|\n|-damage|p1a: Greedent|105/347 brn|[from] brn\n|upkeep\n|\n|t:|1733835547\n|switch|p2a: Spidops|Spidops, L96, F|55/271\n|turn|10\n|\n|t:|1733835554\n|move|p2a: Spidops|Sticky Web|p1a: Greedent\n|-sidestart|p1: Yugaka|move: Sticky Web\n|move|p1a: Greedent|Earthquake|p2a: Spidops\n|-resisted|p2a: Spidops\n|-damage|p2a: Spidops|26/271\n|\n|-damage|p1a: Greedent|84/347 brn|[from] brn\n|upkeep\n|turn|11\n|\n|t:|1733835560\n|move|p2a: Spidops|Spikes|p1a: Greedent\n|-sidestart|p1: Yugaka|Spikes\n|move|p1a: Greedent|Knock Off|p2a: Spidops\n|-damage|p2a: Spidops|0 fnt\n|-enditem|p2a: Spidops|Heavy-Duty Boots|[from] move: Knock Off|[of] p1a: Greedent\n|faint|p2a: Spidops\n|\n|-damage|p1a: Greedent|63/347 brn|[from] brn\n|upkeep\n|\n|t:|1733835576\n|switch|p2a: Uxie|Uxie, L83|260/260\n|turn|12\n|\n|t:|1733835594\n|move|p2a: Uxie|Stealth Rock|p1a: Greedent\n|-sidestart|p1: Yugaka|move: Stealth Rock\n|move|p1a: Greedent|Knock Off|p2a: Uxie\n|-supereffective|p2a: Uxie\n|-damage|p2a: Uxie|154/260\n|-enditem|p2a: Uxie|Leftovers|[from] move: Knock Off|[of] p1a: Greedent\n|\n|-damage|p1a: Greedent|42/347 brn|[from] brn\n|upkeep\n|turn|13\n|\n|t:|1733835619\n|move|p2a: Uxie|Psychic Noise|p1a: Greedent\n|-damage|p1a: Greedent|0 fnt\n|faint|p1a: Greedent\n|\n|upkeep\n|\n|t:|1733835641\n|switch|p1a: Regirock|Regirock, L83|268/268\n|-activate|p1a: Regirock|move: Sticky Web\n|-fail|p1a: Regirock|unboost|[from] ability: Clear Body|[of] p1a: Regirock\n|-damage|p1a: Regirock|235/268|[from] Spikes\n|-damage|p1a: Regirock|202/268|[from] Stealth Rock\n|turn|14\n|\n|t:|1733835651\n|move|p2a: Uxie|Knock Off|p1a: Regirock\n|-damage|p1a: Regirock|173/268\n|-enditem|p1a: Regirock|Chesto Berry|[from] move: Knock Off|[of] p2a: Uxie\n|move|p1a: Regirock|Iron Defense|p1a: Regirock\n|-boost|p1a: Regirock|def|2\n|\n|upkeep\n|turn|15\n|\n|t:|1733835659\n|move|p2a: Uxie|Encore|p1a: Regirock\n|-start|p1a: Regirock|Encore\n|move|p1a: Regirock|Iron Defense|p1a: Regirock\n|-boost|p1a: Regirock|def|2\n|\n|upkeep\n|turn|16\n|\n|t:|1733835663\n|move|p2a: Uxie|Psychic Noise|p1a: Regirock\n|-damage|p1a: Regirock|110/268\n|-start|p1a: Regirock|move: Heal Block\n|move|p1a: Regirock|Iron Defense|p1a: Regirock\n|-boost|p1a: Regirock|def|2\n|\n|upkeep\n|turn|17\n|\n|t:|1733835669\n|move|p2a: Uxie|Psychic Noise|p1a: Regirock\n|-damage|p1a: Regirock|50/268\n|move|p1a: Regirock|Iron Defense|p1a: Regirock\n|-boost|p1a: Regirock|def|0\n|\n|-end|p1a: Regirock|Encore\n|-end|p1a: Regirock|move: Heal Block\n|upkeep\n|turn|18\n|\n|t:|1733835673\n|move|p2a: Uxie|Psychic Noise|p1a: Regirock\n|-damage|p1a: Regirock|0 fnt\n|faint|p1a: Regirock\n|\n|upkeep\n|\n|t:|1733835676\n|switch|p1a: Cinderace|Cinderace, L77, F|249/249\n|-activate|p1a: Cinderace|move: Sticky Web\n|-unboost|p1a: Cinderace|spe|1\n|-damage|p1a: Cinderace|218/249|[from] Spikes\n|-damage|p1a: Cinderace|156/249|[from] Stealth Rock\n|turn|19\n|inactive|Lipantof has 120 seconds left.\n|\n|t:|1733835688\n|move|p2a: Uxie|Encore||[still]\n|-fail|p2a: Uxie\n|move|p1a: Cinderace|Pyro Ball|p2a: Uxie\n|-crit|p2a: Uxie\n|-damage|p2a: Uxie|0 fnt\n|faint|p2a: Uxie\n|\n|upkeep\n|\n|t:|1733835694\n|switch|p2a: Ursaring|Ursaring, L84, F|288/288\n|turn|20\n|inactive|Lipantof has 120 seconds left.\n|\n|t:|1733835702\n|move|p1a: Cinderace|Pyro Ball|p2a: Ursaring\n|-damage|p2a: Ursaring|92/288\n|-status|p2a: Ursaring|brn\n|move|p2a: Ursaring|Swords Dance|p2a: Ursaring\n|-boost|p2a: Ursaring|atk|2\n|\n|-damage|p2a: Ursaring|74/288 brn|[from] brn\n|upkeep\n|turn|21\n|\n|t:|1733835709\n|move|p2a: Ursaring|Facade|p1a: Cinderace\n|-damage|p1a: Cinderace|0 fnt\n|faint|p1a: Cinderace\n|\n|-damage|p2a: Ursaring|56/288 brn|[from] brn\n|upkeep\n|\n|t:|1733835714\n|switch|p1a: Oricorio|Oricorio-Pom-Pom, L82, F|209/257 brn\n|turn|22\n|\n|t:|1733835723\n|move|p2a: Ursaring|Facade|p1a: Oricorio\n|-damage|p1a: Oricorio|0 fnt\n|faint|p1a: Oricorio\n|\n|-damage|p2a: Ursaring|38/288 brn|[from] brn\n|upkeep\n|\n|t:|1733835733\n|switch|p1a: Hariyama|Hariyama, L87, M|392/392\n|-activate|p1a: Hariyama|move: Sticky Web\n|-unboost|p1a: Hariyama|spe|1\n|-damage|p1a: Hariyama|343/392|[from] Spikes\n|-damage|p1a: Hariyama|319/392|[from] Stealth Rock\n|turn|23\n|\n|t:|1733835742\n|-terastallize|p1a: Hariyama|Steel\n|move|p2a: Ursaring|Facade|p1a: Hariyama\n|-resisted|p1a: Hariyama\n|-damage|p1a: Hariyama|77/392\n|move|p1a: Hariyama|Heavy Slam|p2a: Ursaring\n|-damage|p2a: Ursaring|0 fnt\n|faint|p2a: Ursaring\n|\n|upkeep\n|\n|t:|1733835749\n|switch|p2a: Abomasnow|Abomasnow, L85, M|291/291\n|-weather|Snow|[from] ability: Snow Warning|[of] p2a: Abomasnow\n|turn|24\n|\n|t:|1733835755\n|move|p2a: Abomasnow|Earthquake|p1a: Hariyama\n|-supereffective|p1a: Hariyama\n|-damage|p1a: Hariyama|0 fnt\n|faint|p1a: Hariyama\n|\n|-weather|Snow|[upkeep]\n|upkeep\n|\n|t:|1733835758\n|switch|p1a: Sandaconda|Sandaconda, L84, M|258/258\n|-activate|p1a: Sandaconda|move: Sticky Web\n|-unboost|p1a: Sandaconda|spe|1\n|-damage|p1a: Sandaconda|226/258|[from] Spikes\n|-damage|p1a: Sandaconda|210/258|[from] Stealth Rock\n|turn|25\n|\n|t:|1733835787\n|move|p2a: Abomasnow|Aurora Veil|p2a: Abomasnow\n|-sidestart|p2: Lipantof|move: Aurora Veil\n|move|p1a: Sandaconda|Stone Edge|p2a: Abomasnow\n|-supereffective|p2a: Abomasnow\n|-damage|p2a: Abomasnow|234/291\n|\n|-weather|Snow|[upkeep]\n|-heal|p1a: Sandaconda|226/258|[from] item: Leftovers\n|upkeep\n|turn|26\n|\n|t:|1733835792\n|move|p2a: Abomasnow|Blizzard|p1a: Sandaconda\n|-supereffective|p1a: Sandaconda\n|-damage|p1a: Sandaconda|0 fnt\n|faint|p1a: Sandaconda\n|\n|win|Lipantof\n|raw|Yugaka's rating: 1303 &rarr; <strong>1281</strong><br />(-22 for losing)\n|raw|Lipantof's rating: 1265 &rarr; <strong>1293</strong><br />(+28 for winning)\n|l|\u2606Yugaka\n|player|p1|\n|l|\u2606Lipantof\n|player|p2|\n", "inputlog": ">version bfd83cad13791eb5a5a409923076391caf6fb4d4\n>start {\"formatid\":\"gen9randombattle\",\"seed\":[44708,61626,2380,19067],\"rated\":\"Rated battle\"}\n>player p1 {\"name\":\"Yugaka\",\"avatar\":\"petrel\",\"rating\":1303,\"seed\":[34554,3184,54226,16287]}\n>player p2 {\"name\":\"Lipantof\",\"avatar\":\"steven\",\"rating\":1265,\"seed\":[64972,39916,7917,5360]}\n>p1 move gunkshot\n>p2 move calmmind\n>p2 switch 3\n>p1 switch 2\n>p2 move willowisp\n>p1 move hurricane\n>p2 switch 5\n>p1 move hurricane\n>p2 switch 5\n>p1 move hurricane\n>p2 move roar\n>p1 move earthquake\n>p2 move willowisp\n>p1 move knockoff\n>p2 move earthquake\n>p1 move swordsdance\n>p2 move earthquake\n>p1 move earthquake\n>p2 move earthquake\n>p2 switch 5\n>p1 move earthquake\n>p2 move stickyweb\n>p1 move knockoff\n>p2 move spikes\n>p2 switch 2\n>p1 move knockoff\n>p2 move stealthrock\n>p1 move knockoff\n>p2 move psychicnoise\n>p1 switch 3\n>p1 move irondefense\n>p2 move knockoff\n>p1 move stoneedge\n>p2 move encore\n>p1 move irondefense\n>p2 move psychicnoise\n>p1 move irondefense\n>p2 move psychicnoise\n>p1 move rest\n>p2 move psychicnoise\n>p1 switch 2\n>p1 move pyroball\n>p2 move encore\n>p2 switch 6\n>p1 move pyroball\n>p2 move swordsdance\n>p1 move pyroball\n>p2 move facade\n>p1 switch 6\n>p1 move revelationdance\n>p2 move facade\n>p1 switch 4\n>p1 move heavyslam terastallize\n>p2 move facade\n>p2 switch 4\n>p1 move closecombat\n>p2 move earthquake\n>p1 switch 5\n>p1 move stoneedge\n>p2 move auroraveil\n>p1 move coil\n>p2 move blizzard", "uploadtime": 1733835802, "views": 2, "formatid": "gen9randombattle", "rating": 1281, "private": 0, "password": null}