{"id": "gen9randombattle-2259928163", "format": "[Gen 9] Random Battle", "players": ["ShuckTillYouMuk", "Nickolas31"], "log": "|j|\u2606ShuckTillYouMuk\n|j|\u2606Nickolas31\n|t:|1733780918\n|gametype|singles\n|player|p1|ShuckTillYouMuk|266|1695\n|player|p2|Nickolas31|169|1656\n|teamsize|p1|6\n|teamsize|p2|6\n|gen|9\n|tier|[Gen 9] Random Battle\n|rated|\n|rule|Species Clause: Limit one of each Pok\u00e9mon\n|rule|HP Percentage Mod: HP is shown in percentages\n|rule|Sleep Clause Mod: Limit one foe put to sleep\n|rule|Illusion Level Mod: Illusion disguises the Pok\u00e9mon's true level\n|\n|t:|1733780918\n|start\n|switch|p1a: Rotom|Rotom-Wash, L82|216/216\n|switch|p2a: Overqwil|Overqwil, L82, F|274/274\n|-ability|p2a: Overqwil|Intimidate|boost\n|-unboost|p1a: Rotom|atk|1\n|turn|1\n|\n|t:|1733780937\n|move|p1a: Rotom|Will-O-Wisp|p2a: Overqwil\n|-status|p2a: Overqwil|brn\n|move|p2a: Overqwil|Crunch|p1a: Rotom\n|-damage|p1a: Rotom|165/216\n|-damage|p2a: Overqwil|247/274 brn|[from] item: Life Orb\n|\n|-heal|p1a: Rotom|178/216|[from] item: Leftovers\n|-damage|p2a: Overqwil|230/274 brn|[from] brn\n|upkeep\n|turn|2\n|\n|t:|1733780943\n|move|p1a: Rotom|Volt Switch|p2a: Overqwil\n|-damage|p2a: Overqwil|143/274 brn\n|\n|t:|1733780946\n|switch|p1a: Amoonguss|Amoonguss, L82, M|321/321|[from] Volt Switch\n|move|p2a: Overqwil|Gunk Shot|p1a: Amoonguss|[miss]\n|-miss|p2a: Overqwil|p1a: Amoonguss\n|\n|-damage|p2a: Overqwil|126/274 brn|[from] brn\n|upkeep\n|turn|3\n|\n|t:|1733780964\n|move|p2a: Overqwil|Crunch|p1a: Amoonguss\n|-damage|p1a: Amoonguss|251/321\n|-damage|p2a: Overqwil|81/274 brn|[from] item: Rocky Helmet|[of] p1a: Amoonguss\n|-damage|p2a: Overqwil|54/274 brn|[from] item: Life Orb\n|move|p1a: Amoonguss|Sludge Bomb|p2a: Overqwil\n|-resisted|p2a: Overqwil\n|-damage|p2a: Overqwil|1/274 brn\n|\n|-damage|p2a: Overqwil|0 fnt|[from] brn\n|faint|p2a: Overqwil\n|upkeep\n|inactive|Battle timer is ON: inactive players will automatically lose when time's up. (requested by Nickolas31)\n|\n|t:|1733780984\n|switch|p2a: Armarouge|Armarouge, L80, M|267/267\n|turn|4\n|\n|t:|1733780990\n|-terastallize|p1a: Amoonguss|Water\n|move|p2a: Armarouge|Energy Ball|p1a: Amoonguss\n|-supereffective|p1a: Amoonguss\n|-damage|p1a: Amoonguss|101/321\n|move|p1a: Amoonguss|Spore|p2a: Armarouge\n|-status|p2a: Armarouge|slp|[from] move: Spore\n|\n|upkeep\n|turn|5\n|\n|t:|1733781007\n|switch|p2a: Garchomp|Garchomp, L74, M|282/282\n|move|p1a: Amoonguss|Stomping Tantrum|p2a: Garchomp\n|-damage|p2a: Garchomp|234/282\n|-damage|p1a: Amoonguss|61/321|[from] ability: Rough Skin|[of] p2a: Garchomp\n|-damage|p1a: Amoonguss|8/321|[from] item: Rocky Helmet|[of] p2a: Garchomp\n|\n|upkeep\n|turn|6\n|\n|t:|1733781018\n|switch|p1a: Scizor|Scizor, L79, F|240/240\n|move|p2a: Garchomp|Stealth Rock|p1a: Scizor\n|-sidestart|p1: ShuckTillYouMuk|move: Stealth Rock\n|\n|upkeep\n|turn|7\n|\n|t:|1733781023\n|move|p2a: Garchomp|Spikes|p1a: Scizor\n|-sidestart|p1: ShuckTillYouMuk|Spikes\n|move|p1a: Scizor|Defog|p2a: Garchomp\n|-unboost|p2a: Garchomp|evasion|1\n|-sideend|p1: ShuckTillYouMuk|Spikes|[from] move: Defog|[of] p1a: Scizor\n|-sideend|p1: ShuckTillYouMuk|Stealth Rock|[from] move: Defog|[of] p1a: Scizor\n|\n|upkeep\n|turn|8\n|\n|t:|1733781031\n|switch|p1a: Lapras|Lapras, L87, F|367/367\n|move|p2a: Garchomp|Earthquake|p1a: Lapras\n|-damage|p1a: Lapras|265/367\n|\n|upkeep\n|turn|9\n|\n|t:|1733781045\n|switch|p2a: Alomomola|Alomomola, L87, F|429/429\n|move|p1a: Lapras|Dragon Dance|p1a: Lapras\n|-boost|p1a: Lapras|atk|1\n|-boost|p1a: Lapras|spe|1\n|\n|upkeep\n|turn|10\n|\n|t:|1733781052\n|switch|p1a: Amoonguss|Amoonguss, L82, M, tera:Water|115/321\n|move|p2a: Alomomola|Scald|p1a: Amoonguss\n|-resisted|p1a: Amoonguss\n|-damage|p1a: Amoonguss|89/321\n|\n|upkeep\n|turn|11\n|\n|t:|1733781065\n|switch|p2a: Armarouge|Armarouge, L80, M|267/267 slp\n|move|p1a: Amoonguss|Giga Drain|p2a: Armarouge\n|-resisted|p2a: Armarouge\n|-damage|p2a: Armarouge|228/267 slp\n|-heal|p1a: Amoonguss|109/321|[from] drain|[of] p2a: Armarouge\n|\n|upkeep\n|turn|12\n|\n|t:|1733781083\n|cant|p2a: Armarouge|slp\n|move|p1a: Amoonguss|Sludge Bomb|p2a: Armarouge\n|-damage|p2a: Armarouge|143/267 slp\n|\n|upkeep\n|turn|13\n|\n|t:|1733781088\n|cant|p2a: Armarouge|slp\n|move|p1a: Amoonguss|Stomping Tantrum|p2a: Armarouge\n|-supereffective|p2a: Armarouge\n|-damage|p2a: Armarouge|53/267 slp\n|-ability|p2a: Armarouge|Weak Armor|boost\n|-unboost|p2a: Armarouge|def|1\n|-boost|p2a: Armarouge|spe|2\n|\n|upkeep\n|turn|14\n|\n|t:|1733781100\n|cant|p2a: Armarouge|slp\n|move|p1a: Amoonguss|Stomping Tantrum|p2a: Armarouge\n|-supereffective|p2a: Armarouge\n|-damage|p2a: Armarouge|0 fnt\n|faint|p2a: Armarouge\n|\n|upkeep\n|c|\u2606Nickolas31|haha\n|\n|t:|1733781118\n|switch|p2a: Garchomp|Garchomp, L74, M|234/282\n|turn|15\n|\n|t:|1733781122\n|switch|p1a: Rotom|Rotom-Wash, L82|178/216\n|move|p2a: Garchomp|Stealth Rock|p1a: Rotom\n|-sidestart|p1: ShuckTillYouMuk|move: Stealth Rock\n|\n|-heal|p1a: Rotom|191/216|[from] item: Leftovers\n|upkeep\n|turn|16\n|\n|t:|1733781130\n|switch|p2a: Alomomola|Alomomola, L87, F|429/429\n|move|p1a: Rotom|Will-O-Wisp|p2a: Alomomola\n|-status|p2a: Alomomola|brn\n|\n|-heal|p1a: Rotom|204/216|[from] item: Leftovers\n|-damage|p2a: Alomomola|403/429 brn|[from] brn\n|upkeep\n|turn|17\n|\n|t:|1733781137\n|move|p1a: Rotom|Volt Switch|p2a: Alomomola\n|-supereffective|p2a: Alomomola\n|-damage|p2a: Alomomola|167/429 brn\n|\n|t:|1733781141\n|switch|p1a: Amoonguss|Amoonguss, L82, M, tera:Water|216/321|[from] Volt Switch\n|-damage|p1a: Amoonguss|176/321|[from] Stealth Rock\n|move|p2a: Alomomola|Wish|p2a: Alomomola\n|\n|-damage|p2a: Alomomola|141/429 brn|[from] brn\n|upkeep\n|turn|18\n|\n|t:|1733781152\n|switch|p2a: Garchomp|Garchomp, L74, M|234/282\n|move|p1a: Amoonguss|Giga Drain|p2a: Garchomp\n|-damage|p2a: Garchomp|152/282\n|-heal|p1a: Amoonguss|217/321|[from] drain|[of] p2a: Garchomp\n|\n|-heal|p2a: Garchomp|282/282|[from] move: Wish|[wisher] Alomomola\n|upkeep\n|turn|19\n|\n|t:|1733781165\n|move|p2a: Garchomp|Spikes|p1a: Amoonguss\n|-sidestart|p1: ShuckTillYouMuk|Spikes\n|move|p1a: Amoonguss|Spore|p2a: Garchomp\n|-status|p2a: Garchomp|slp|[from] move: Spore\n|\n|upkeep\n|turn|20\n|\n|t:|1733781171\n|switch|p2a: Lunala|Lunala, L70|308/308\n|switch|p1a: Scizor|Scizor, L79, F|240/240\n|-damage|p1a: Scizor|210/240|[from] Stealth Rock\n|-damage|p1a: Scizor|180/240|[from] Spikes\n|\n|-heal|p1a: Scizor|195/240|[from] item: Leftovers\n|upkeep\n|turn|21\n|\n|t:|1733781182\n|move|p2a: Lunala|Calm Mind|p2a: Lunala\n|-boost|p2a: Lunala|spa|1\n|-boost|p2a: Lunala|spd|1\n|move|p1a: Scizor|Defog|p2a: Lunala\n|-unboost|p2a: Lunala|evasion|1\n|-sideend|p1: ShuckTillYouMuk|Spikes|[from] move: Defog|[of] p1a: Scizor\n|-sideend|p1: ShuckTillYouMuk|Stealth Rock|[from] move: Defog|[of] p1a: Scizor\n|\n|-heal|p1a: Scizor|210/240|[from] item: Leftovers\n|upkeep\n|turn|22\n|\n|t:|1733781198\n|move|p2a: Lunala|Moongeist Beam|p1a: Scizor\n|-damage|p1a: Scizor|44/240\n|move|p1a: Scizor|U-turn|p2a: Lunala\n|-damage|p2a: Lunala|257/308\n|\n|t:|1733781213\n|switch|p1a: Electivire|Electivire, L84, F|263/263|[from] U-turn\n|\n|-heal|p2a: Lunala|276/308|[from] item: Leftovers\n|upkeep\n|turn|23\n|\n|t:|1733781224\n|move|p1a: Electivire|Knock Off|p2a: Lunala\n|-supereffective|p2a: Lunala\n|-damage|p2a: Lunala|0 fnt\n|-enditem|p2a: Lunala|Leftovers|[from] move: Knock Off|[of] p1a: Electivire\n|faint|p2a: Lunala\n|\n|upkeep\n|\n|t:|1733781230\n|switch|p2a: Garchomp|Garchomp, L74, M|282/282 slp\n|turn|24\n|\n|t:|1733781240\n|switch|p1a: Amoonguss|Amoonguss, L82, M, tera:Water|321/321\n|cant|p2a: Garchomp|slp\n|\n|upkeep\n|turn|25\n|\n|t:|1733781245\n|-curestatus|p2a: Garchomp|slp|[msg]\n|move|p2a: Garchomp|Stealth Rock|p1a: Amoonguss\n|-sidestart|p1: ShuckTillYouMuk|move: Stealth Rock\n|move|p1a: Amoonguss|Giga Drain|p2a: Garchomp\n|-damage|p2a: Garchomp|200/282\n|\n|upkeep\n|turn|26\n|\n|t:|1733781251\n|move|p2a: Garchomp|Spikes|p1a: Amoonguss\n|-sidestart|p1: ShuckTillYouMuk|Spikes\n|move|p1a: Amoonguss|Spore|p2a: Garchomp\n|-status|p2a: Garchomp|slp|[from] move: Spore\n|\n|upkeep\n|turn|27\n|\n|t:|1733781264\n|cant|p2a: Garchomp|slp\n|move|p1a: Amoonguss|Giga Drain|p2a: Garchomp\n|-damage|p2a: Garchomp|121/282 slp\n|\n|upkeep\n|turn|28\n|\n|t:|1733781272\n|-curestatus|p2a: Garchomp|slp|[msg]\n|move|p2a: Garchomp|Spikes|p1a: Amoonguss\n|-sidestart|p1: ShuckTillYouMuk|Spikes\n|move|p1a: Amoonguss|Giga Drain|p2a: Garchomp\n|-crit|p2a: Garchomp\n|-damage|p2a: Garchomp|0 fnt\n|faint|p2a: Garchomp\n|\n|upkeep\n|\n|t:|1733781283\n|switch|p2a: Donphan|Donphan, L84, F|288/288\n|turn|29\n|\n|t:|1733781296\n|-terastallize|p2a: Donphan|Dragon\n|move|p2a: Donphan|Rapid Spin|p1a: Amoonguss\n|-damage|p1a: Amoonguss|272/321\n|-boost|p2a: Donphan|spe|1\n|-damage|p2a: Donphan|240/288|[from] item: Rocky Helmet|[of] p1a: Amoonguss\n|move|p1a: Amoonguss|Spore|p2a: Donphan\n|-status|p2a: Donphan|slp|[from] move: Spore\n|\n|upkeep\n|turn|30\n|\n|t:|1733781302\n|cant|p2a: Donphan|slp\n|move|p1a: Amoonguss|Sludge Bomb|p2a: Donphan\n|-damage|p2a: Donphan|164/288 slp\n|\n|upkeep\n|turn|31\n|\n|t:|1733781304\n|-curestatus|p2a: Donphan|slp|[msg]\n|move|p2a: Donphan|Earthquake|p1a: Amoonguss\n|-damage|p1a: Amoonguss|112/321\n|move|p1a: Amoonguss|Sludge Bomb|p2a: Donphan\n|-damage|p2a: Donphan|85/288\n|\n|upkeep\n|turn|32\n|\n|t:|1733781313\n|switch|p1a: Rotom|Rotom-Wash, L82|204/216\n|-damage|p1a: Rotom|177/216|[from] Stealth Rock\n|move|p2a: Donphan|Earthquake|p1a: Rotom\n|-immune|p1a: Rotom|[from] ability: Levitate\n|\n|-heal|p1a: Rotom|190/216|[from] item: Leftovers\n|upkeep\n|turn|33\n|\n|t:|1733781323\n|switch|p2a: Alomomola|Alomomola, L87, F|284/429 brn\n|move|p1a: Rotom|Will-O-Wisp|p2a: Alomomola\n|-fail|p2a: Alomomola|brn\n|\n|-heal|p1a: Rotom|203/216|[from] item: Leftovers\n|-damage|p2a: Alomomola|258/429 brn|[from] brn\n|upkeep\n|turn|34\n|\n|t:|1733781328\n|move|p2a: Alomomola|Protect|p2a: Alomomola\n|-singleturn|p2a: Alomomola|Protect\n|move|p1a: Rotom|Thunderbolt|p2a: Alomomola\n|-activate|p2a: Alomomola|move: Protect\n|\n|-heal|p1a: Rotom|216/216|[from] item: Leftovers\n|-damage|p2a: Alomomola|232/429 brn|[from] brn\n|upkeep\n|turn|35\n|\n|t:|1733781335\n|move|p1a: Rotom|Thunderbolt|p2a: Alomomola\n|-supereffective|p2a: Alomomola\n|-damage|p2a: Alomomola|0 fnt\n|faint|p2a: Alomomola\n|\n|upkeep\n|\n|t:|1733781340\n|switch|p2a: Donphan|Donphan, L84, F, tera:Dragon|85/288\n|turn|36\n|-message|Nickolas31 forfeited.\n|\n|win|ShuckTillYouMuk\n|raw|ShuckTillYouMuk's rating: 1695 &rarr; <strong>1713</strong><br />(+18 for winning)\n|raw|Nickolas31's rating: 1656 &rarr; <strong>1638</strong><br />(-18 for losing)\n|l|\u2606Nickolas31\n|player|p2|\n", "inputlog": ">version bfd83cad13791eb5a5a409923076391caf6fb4d4\n>start {\"formatid\":\"gen9randombattle\",\"seed\":[12954,56854,53121,60821],\"rated\":\"Rated battle\"}\n>player p1 {\"name\":\"ShuckTillYouMuk\",\"avatar\":\"266\",\"rating\":1695,\"seed\":[26777,479,18855,21071]}\n>player p2 {\"name\":\"Nickolas31\",\"avatar\":\"169\",\"rating\":1656,\"seed\":[33383,22813,3774,20010]}\n>p1 move willowisp\n>p2 move crunch\n>p1 move voltswitch\n>p2 move gunkshot\n>p1 switch 5\n>p1 move sludgebomb\n>p2 move crunch\n>p2 switch 5\n>p1 move spore terastallize\n>p2 move energyball\n>p1 move stompingtantrum\n>p2 switch 6\n>p1 switch 6\n>p2 move stealthrock\n>p1 move defog\n>p2 move spikes\n>p1 switch 3\n>p2 move earthquake\n>p1 move dragondance\n>p2 switch 4\n>p1 switch 6\n>p2 move scald\n>p1 move gigadrain\n>p2 switch 6\n>p1 move sludgebomb\n>p2 move meteorbeam\n>p1 move stompingtantrum\n>p2 move meteorbeam\n>p1 move stompingtantrum\n>p2 move meteorbeam\n>chat \u2606Nickolas31|haha\n>p2 switch 4\n>p1 switch 5\n>p2 move stealthrock\n>p1 move willowisp\n>p2 switch 6\n>p1 move voltswitch\n>p2 move wish\n>p1 switch 5\n>p1 move gigadrain\n>p2 switch 6\n>p1 move spore\n>p2 move spikes\n>p1 switch 3\n>p2 switch 2\n>p1 move defog\n>p2 move calmmind\n>p1 move uturn\n>p2 move moongeistbeam\n>p1 switch 2\n>p1 move knockoff\n>p2 move moongeistbeam\n>p2 switch 2\n>p1 switch 3\n>p2 move stealthrock\n>p1 move gigadrain\n>p2 move stealthrock\n>p1 move spore\n>p2 move spikes\n>p1 move gigadrain\n>p2 move earthquake\n>p1 move gigadrain\n>p2 move spikes\n>p2 switch 3\n>p1 move spore\n>p2 move rapidspin terastallize\n>p1 move sludgebomb\n>p2 move earthquake\n>p1 move sludgebomb\n>p2 move earthquake\n>p1 switch 5\n>p2 move earthquake\n>p1 move willowisp\n>p2 switch 6\n>p1 move thunderbolt\n>p2 move protect\n>p1 move thunderbolt\n>p2 move wish\n>p2 switch 6\n>forcelose p2", "uploadtime": 1733781349, "views": 1, "formatid": "gen9randombattle", "rating": 1638, "private": 0, "password": null}