{"id": "gen9randombattle-2260477993", "format": "[Gen 9] Random Battle", "players": ["PoorWookies", "IceNsno"], "log": "|j|\u2606PoorWookies\n|j|\u2606IceNsno\n|t:|1733855470\n|gametype|singles\n|player|p1|PoorWookies|n|1482\n|player|p2|IceNsno|benga|1512\n|teamsize|p1|6\n|teamsize|p2|6\n|gen|9\n|tier|[Gen 9] Random Battle\n|rated|\n|rule|Species Clause: Limit one of each Pok\u00e9mon\n|rule|HP Percentage Mod: HP is shown in percentages\n|rule|Sleep Clause Mod: Limit one foe put to sleep\n|rule|Illusion Level Mod: Illusion disguises the Pok\u00e9mon's true level\n|\n|t:|1733855470\n|start\n|switch|p1a: Necrozma|Necrozma-Dusk-Mane, L69|248/248\n|switch|p2a: Florges|Florges-Orange, L85, F|271/271\n|turn|1\n|\n|t:|1733855478\n|switch|p2a: Urshifu|Urshifu, L74, M|270/270\n|move|p1a: Necrozma|Dragon Dance|p1a: Necrozma\n|-boost|p1a: Necrozma|atk|1\n|-boost|p1a: Necrozma|spe|1\n|\n|upkeep\n|turn|2\n|\n|t:|1733855500\n|move|p1a: Necrozma|Dragon Dance|p1a: Necrozma\n|-boost|p1a: Necrozma|atk|1\n|-boost|p1a: Necrozma|spe|1\n|move|p2a: Urshifu|Wicked Blow|p1a: Necrozma\n|-supereffective|p1a: Necrozma\n|-crit|p1a: Necrozma\n|-damage|p1a: Necrozma|47/248\n|-enditem|p1a: Necrozma|Weakness Policy\n|-boost|p1a: Necrozma|atk|2|[from] item: Weakness Policy\n|-boost|p1a: Necrozma|spa|2|[from] item: Weakness Policy\n|-damage|p2a: Urshifu|243/270|[from] item: Life Orb\n|\n|upkeep\n|turn|3\n|\n|t:|1733855515\n|-terastallize|p1a: Necrozma|Steel\n|move|p1a: Necrozma|Morning Sun|p1a: Necrozma\n|-heal|p1a: Necrozma|171/248\n|move|p2a: Urshifu|Wicked Blow|p1a: Necrozma\n|-crit|p1a: Necrozma\n|-damage|p1a: Necrozma|19/248\n|-damage|p2a: Urshifu|216/270|[from] item: Life Orb\n|\n|upkeep\n|turn|4\n|\n|t:|1733855523\n|move|p1a: Necrozma|Sunsteel Strike|p2a: Urshifu\n|-damage|p2a: Urshifu|0 fnt\n|faint|p2a: Urshifu\n|\n|upkeep\n|\n|t:|1733855542\n|switch|p2a: Cyclizar|Cyclizar, L83, M|252/252\n|turn|5\n|\n|t:|1733855546\n|move|p1a: Necrozma|Sunsteel Strike|p2a: Cyclizar\n|-damage|p2a: Cyclizar|0 fnt\n|faint|p2a: Cyclizar\n|\n|upkeep\n|\n|t:|1733855550\n|switch|p2a: Oranguru|Oranguru, L92, F|315/315\n|turn|6\n|\n|t:|1733855555\n|move|p1a: Necrozma|Sunsteel Strike|p2a: Oranguru\n|-damage|p2a: Oranguru|0 fnt\n|faint|p2a: Oranguru\n|\n|upkeep\n|\n|t:|1733855558\n|switch|p2a: Sandy Shocks|Sandy Shocks, L80|267/267\n|turn|7\n|\n|t:|1733855561\n|move|p1a: Necrozma|Earthquake|p2a: Sandy Shocks\n|-supereffective|p2a: Sandy Shocks\n|-damage|p2a: Sandy Shocks|0 fnt\n|faint|p2a: Sandy Shocks\n|-end|p2a: Sandy Shocks|Protosynthesis|[silent]\n|\n|upkeep\n|\n|t:|1733855563\n|switch|p2a: Alcremie|Alcremie-Lemon-Cream, L90, F|263/263\n|turn|8\n|\n|t:|1733855568\n|move|p1a: Necrozma|Sunsteel Strike|p2a: Alcremie\n|-supereffective|p2a: Alcremie\n|-damage|p2a: Alcremie|0 fnt\n|faint|p2a: Alcremie\n|\n|upkeep\n|\n|t:|1733855569\n|switch|p2a: Florges|Florges-Orange, L85, F|271/271\n|turn|9\n|\n|t:|1733855570\n|-terastallize|p2a: Florges|Ground\n|move|p1a: Necrozma|Sunsteel Strike|p2a: Florges\n|-damage|p2a: Florges|0 fnt\n|faint|p2a: Florges\n|\n|win|PoorWookies\n|raw|PoorWookies's rating: 1482 &rarr; <strong>1504</strong><br />(+22 for winning)\n|raw|IceNsno's rating: 1512 &rarr; <strong>1490</strong><br />(-22 for losing)\n|l|\u2606IceNsno\n|player|p2|\n", "inputlog": ">version bfd83cad13791eb5a5a409923076391caf6fb4d4\n>start {\"formatid\":\"gen9randombattle\",\"seed\":[61709,20710,38992,20563],\"rated\":\"Rated battle\"}\n>player p1 {\"name\":\"PoorWookies\",\"avatar\":\"n\",\"rating\":1482,\"seed\":[57732,24835,9935,23768]}\n>player p2 {\"name\":\"IceNsno\",\"avatar\":\"benga\",\"rating\":1512,\"seed\":[10288,30540,40395,41146]}\n>p1 move dragondance\n>p2 switch 5\n>p1 move dragondance\n>p2 move wickedblow\n>p1 move morningsun terastallize\n>p2 move wickedblow\n>p1 move sunsteelstrike\n>p2 move wickedblow\n>p2 switch 4\n>p1 move sunsteelstrike\n>p2 move shedtail\n>p2 switch 3\n>p1 move sunsteelstrike\n>p2 move thunderbolt\n>p2 switch 6\n>p1 move earthquake\n>p2 move earthpower\n>p2 switch 2\n>p1 move sunsteelstrike\n>p2 move psychic\n>p2 switch 5\n>p1 move sunsteelstrike\n>p2 move terablast terastallize", "uploadtime": 1733855579, "views": 3, "formatid": "gen9randombattle", "rating": 1490, "private": 0, "password": null}