{"id": "gen9randombattle-2139034427", "format": "[Gen 9] Random Battle", "players": ["pokeblade\u2606101", "Norman2!"], "log": "|badge|p1|silver|gen9randombattle|30-1\n|uhtml|medal-msg|<div class=\"broadcast-blue\">Curious what those medals under the avatar are? PS now has Ladder Seasons! For more information, check out the <a href=\"https://www.smogon.com/forums/threads/3740067/\">thread on Smogon.</a></div>\n|badge|p2|silver|gen9randombattle|30-1\n|uhtml|medal-msg|<div class=\"broadcast-blue\">Curious what those medals under the avatar are? PS now has Ladder Seasons! For more information, check out the <a href=\"https://www.smogon.com/forums/threads/3740067/\">thread on Smogon.</a></div>\n|j|\u2606pokeblade\u2606101\n|j|\u203dNorman2!\n|t:|1717801374\n|gametype|singles\n|player|p1|pokeblade\u2606101|#rbtt7teamchiyu|2508\n|player|p2|Norman2!|266|2408\n|teamsize|p1|6\n|teamsize|p2|6\n|gen|9\n|tier|[Gen 9] Random Battle\n|rated|\n|rule|Species Clause: Limit one of each Pok\u00e9mon\n|rule|HP Percentage Mod: HP is shown in percentages\n|rule|Sleep Clause Mod: Limit one foe put to sleep\n|rule|Illusion Level Mod: Illusion disguises the Pok\u00e9mon's true level\n|\n|t:|1717801374\n|start\n|switch|p1a: Mudsdale|Mudsdale, L84, F|305/305\n|switch|p2a: Hypno|Hypno, L95, M|315/315\n|turn|1\n|\n|t:|1717801451\n|switch|p1a: Klefki|Klefki, L84, F|233/233\n|move|p2a: Hypno|Psychic Noise|p1a: Klefki\n|-resisted|p1a: Klefki\n|-damage|p1a: Klefki|194/233\n|-start|p1a: Klefki|move: Heal Block\n|\n|upkeep\n|turn|2\n|\n|t:|1717801473\n|switch|p2a: Entei|Entei, L78|307/307\n|move|p1a: Klefki|Spikes|p2a: Entei\n|-sidestart|p2: Norman2!|Spikes\n|\n|-end|p1a: Klefki|move: Heal Block\n|upkeep\n|turn|3\n|\n|t:|1717801480\n|switch|p1a: Phione|Phione, L90|290/290\n|move|p2a: Entei|Sacred Fire|p1a: Phione\n|-resisted|p1a: Phione\n|-damage|p1a: Phione|215/290\n|-status|p1a: Phione|brn\n|\n|-heal|p1a: Phione|233/290 brn|[from] item: Leftovers\n|-damage|p1a: Phione|215/290 brn|[from] brn\n|upkeep\n|turn|4\n|\n|t:|1717801494\n|switch|p2a: Hypno|Hypno, L95, M|315/315\n|-damage|p2a: Hypno|276/315|[from] Spikes\n|move|p1a: Phione|Scald|p2a: Hypno\n|-damage|p2a: Hypno|219/315\n|\n|-heal|p1a: Phione|233/290 brn|[from] item: Leftovers\n|-heal|p2a: Hypno|238/315|[from] item: Leftovers\n|-damage|p1a: Phione|215/290 brn|[from] brn\n|upkeep\n|turn|5\n|\n|t:|1717801515\n|switch|p1a: Klefki|Klefki, L84, F|194/233\n|move|p2a: Hypno|Psychic Noise|p1a: Klefki\n|-resisted|p1a: Klefki\n|-damage|p1a: Klefki|149/233\n|-start|p1a: Klefki|move: Heal Block\n|\n|-heal|p2a: Hypno|257/315|[from] item: Leftovers\n|upkeep\n|turn|6\n|\n|t:|1717801525\n|move|p1a: Klefki|Spikes|p2a: Hypno\n|-sidestart|p2: Norman2!|Spikes\n|move|p2a: Hypno|Psychic Noise|p1a: Klefki\n|-resisted|p1a: Klefki\n|-damage|p1a: Klefki|104/233\n|\n|-heal|p2a: Hypno|276/315|[from] item: Leftovers\n|-end|p1a: Klefki|move: Heal Block\n|upkeep\n|turn|7\n|\n|t:|1717801531\n|move|p1a: Klefki|Thunder Wave|p2a: Hypno\n|-status|p2a: Hypno|par\n|move|p2a: Hypno|Psychic Noise|p1a: Klefki\n|-resisted|p1a: Klefki\n|-damage|p1a: Klefki|60/233\n|-start|p1a: Klefki|move: Heal Block\n|\n|-heal|p2a: Hypno|295/315 par|[from] item: Leftovers\n|upkeep\n|turn|8\n|\n|t:|1717801534\n|move|p1a: Klefki|Foul Play|p2a: Hypno\n|-supereffective|p2a: Hypno\n|-damage|p2a: Hypno|161/315 par\n|move|p2a: Hypno|Psychic Noise|p1a: Klefki\n|-resisted|p1a: Klefki\n|-damage|p1a: Klefki|16/233\n|\n|-heal|p2a: Hypno|180/315 par|[from] item: Leftovers\n|-end|p1a: Klefki|move: Heal Block\n|upkeep\n|turn|9\n|\n|t:|1717801544\n|move|p1a: Klefki|Foul Play|p2a: Hypno\n|-supereffective|p2a: Hypno\n|-damage|p2a: Hypno|40/315 par\n|move|p2a: Hypno|Psychic Noise|p1a: Klefki\n|-resisted|p1a: Klefki\n|-damage|p1a: Klefki|0 fnt\n|faint|p1a: Klefki\n|\n|-heal|p2a: Hypno|59/315 par|[from] item: Leftovers\n|upkeep\n|\n|t:|1717801550\n|switch|p1a: Mudsdale|Mudsdale, L84, F|305/305\n|turn|10\n|\n|t:|1717801552\n|switch|p2a: Sinistcha|Sinistcha-Masterpiece, L83|254/254\n|-damage|p2a: Sinistcha|212/254|[from] Spikes\n|move|p1a: Mudsdale|Stealth Rock|p2a: Sinistcha\n|-sidestart|p2: Norman2!|move: Stealth Rock\n|\n|-heal|p2a: Sinistcha|227/254|[from] item: Leftovers\n|upkeep\n|turn|11\n|\n|t:|1717801558\n|switch|p1a: Girafarig|Girafarig, L89, M|269/269\n|move|p2a: Sinistcha|Calm Mind|p2a: Sinistcha\n|-boost|p2a: Sinistcha|spa|1\n|-boost|p2a: Sinistcha|spd|1\n|\n|-heal|p2a: Sinistcha|242/254|[from] item: Leftovers\n|upkeep\n|turn|12\n|\n|t:|1717801562\n|switch|p2a: Porygon2|Porygon2, L82|274/274\n|-damage|p2a: Porygon2|229/274|[from] Spikes\n|-damage|p2a: Porygon2|195/274|[from] Stealth Rock\n|-ability|p2a: Porygon2|Download|boost\n|-boost|p2a: Porygon2|spa|1\n|move|p1a: Girafarig|Nasty Plot|p1a: Girafarig\n|-boost|p1a: Girafarig|spa|2\n|\n|upkeep\n|turn|13\n|\n|t:|1717801571\n|move|p1a: Girafarig|Psychic|p2a: Porygon2\n|-damage|p2a: Porygon2|65/274\n|move|p2a: Porygon2|Thunder Wave|p1a: Girafarig\n|-status|p1a: Girafarig|par\n|\n|upkeep\n|turn|14\n|\n|t:|1717801577\n|move|p2a: Porygon2|Recover|p2a: Porygon2\n|-heal|p2a: Porygon2|202/274\n|move|p1a: Girafarig|Nasty Plot|p1a: Girafarig\n|-boost|p1a: Girafarig|spa|2\n|\n|upkeep\n|turn|15\n|\n|t:|1717801583\n|move|p2a: Porygon2|Tera Blast|p1a: Girafarig\n|-damage|p1a: Girafarig|176/269 par\n|move|p1a: Girafarig|Psychic|p2a: Porygon2\n|-damage|p2a: Porygon2|3/274\n|\n|upkeep\n|turn|16\n|\n|t:|1717801592\n|switch|p1a: Phione|Phione, L90|215/290 brn\n|move|p2a: Porygon2|Tera Blast|p1a: Phione\n|-damage|p1a: Phione|83/290 brn\n|\n|-heal|p1a: Phione|101/290 brn|[from] item: Leftovers\n|-damage|p1a: Phione|83/290 brn|[from] brn\n|upkeep\n|turn|17\n|\n|t:|1717801601\n|move|p1a: Phione|Rest|p1a: Phione\n|-status|p1a: Phione|slp|[from] move: Rest\n|-heal|p1a: Phione|290/290 slp|[silent]\n|move|p2a: Porygon2|Tera Blast|p1a: Phione\n|-damage|p1a: Phione|164/290 slp\n|\n|-heal|p1a: Phione|182/290 slp|[from] item: Leftovers\n|upkeep\n|turn|18\n|\n|t:|1717801606\n|cant|p1a: Phione|slp\n|move|p1a: Phione|Sleep Talk|p1a: Phione\n|move|p1a: Phione|Rest||[from]move: Sleep Talk|[still]\n|-fail|p1a: Phione\n|move|p2a: Porygon2|Tera Blast|p1a: Phione\n|-damage|p1a: Phione|64/290 slp\n|\n|-heal|p1a: Phione|82/290 slp|[from] item: Leftovers\n|upkeep\n|turn|19\n|\n|t:|1717801610\n|cant|p1a: Phione|slp\n|move|p1a: Phione|Sleep Talk|p1a: Phione\n|move|p1a: Phione|Rest||[from]move: Sleep Talk|[still]\n|-fail|p1a: Phione\n|move|p2a: Porygon2|Tera Blast|p1a: Phione\n|-damage|p1a: Phione|0 fnt\n|faint|p1a: Phione\n|\n|upkeep\n|c|\u2606pokeblade\u2606101|lol\n|\n|t:|1717801619\n|switch|p1a: Victreebel|Victreebel, L90, M|290/290\n|turn|20\n|\n|t:|1717801624\n|move|p1a: Victreebel|Sludge Wave|p2a: Porygon2\n|-damage|p2a: Porygon2|0 fnt\n|faint|p2a: Porygon2\n|-damage|p1a: Victreebel|261/290|[from] item: Life Orb\n|\n|upkeep\n|\n|t:|1717801632\n|switch|p2a: Magmortar|Magmortar, L88, F|275/275\n|turn|21\n|\n|t:|1717801635\n|switch|p1a: Palkia|Palkia-Origin, L72|249/249\n|-ability|p1a: Palkia|Pressure\n|move|p2a: Magmortar|Fire Blast|p1a: Palkia\n|-resisted|p1a: Palkia\n|-damage|p1a: Palkia|212/249\n|\n|upkeep\n|turn|22\n|\n|t:|1717801641\n|switch|p2a: Hypno|Hypno, L95, M|59/315 par\n|-damage|p2a: Hypno|7/315 par|[from] Spikes\n|-damage|p2a: Hypno|0 fnt|[from] Stealth Rock\n|faint|p2a: Hypno\n|move|p1a: Palkia|Spacial Rend|p2: Hypno|[notarget]\n|-fail|p1a: Palkia\n|\n|upkeep\n|\n|t:|1717801689\n|switch|p2a: Sinistcha|Sinistcha-Masterpiece, L83|242/254\n|-damage|p2a: Sinistcha|200/254|[from] Spikes\n|-damage|p2a: Sinistcha|169/254|[from] Stealth Rock\n|turn|23\n|\n|t:|1717801693\n|switch|p1a: Girafarig|Girafarig, L89, M|176/269 par\n|move|p2a: Sinistcha|Strength Sap|p1a: Girafarig\n|-ability|p1a: Girafarig|Sap Sipper|boost\n|-boost|p1a: Girafarig|atk|1\n|\n|-heal|p2a: Sinistcha|184/254|[from] item: Leftovers\n|upkeep\n|turn|24\n|\n|t:|1717801706\n|switch|p2a: Magmortar|Magmortar, L88, F|275/275\n|move|p1a: Girafarig|Psychic|p2a: Magmortar\n|-damage|p2a: Magmortar|191/275\n|\n|upkeep\n|turn|25\n|\n|t:|1717801711\n|switch|p1a: Mudsdale|Mudsdale, L84, F|305/305\n|move|p2a: Magmortar|Knock Off|p1a: Mudsdale\n|-damage|p1a: Mudsdale|241/305\n|-ability|p1a: Mudsdale|Stamina|boost\n|-boost|p1a: Mudsdale|def|1\n|-enditem|p1a: Mudsdale|Leftovers|[from] move: Knock Off|[of] p2a: Magmortar\n|\n|upkeep\n|turn|26\n|\n|t:|1717801733\n|switch|p2a: Entei|Entei, L78|307/307\n|-damage|p2a: Entei|256/307|[from] Spikes\n|-damage|p2a: Entei|180/307|[from] Stealth Rock\n|move|p1a: Mudsdale|Earthquake|p2a: Entei\n|-supereffective|p2a: Entei\n|-damage|p2a: Entei|0 fnt\n|faint|p2a: Entei\n|\n|upkeep\n|\n|t:|1717801735\n|switch|p2a: Sinistcha|Sinistcha-Masterpiece, L83|184/254\n|-damage|p2a: Sinistcha|142/254|[from] Spikes\n|-damage|p2a: Sinistcha|111/254|[from] Stealth Rock\n|turn|27\n|\n|t:|1717801742\n|switch|p2a: Iron Boulder|Iron Boulder, L77|265/265\n|-damage|p2a: Iron Boulder|221/265|[from] Spikes\n|-damage|p2a: Iron Boulder|188/265|[from] Stealth Rock\n|-enditem|p2a: Iron Boulder|Booster Energy\n|-activate|p2a: Iron Boulder|ability: Quark Drive|[fromitem]\n|-start|p2a: Iron Boulder|quarkdrivespe\n|switch|p1a: Girafarig|Girafarig, L89, M|176/269 par\n|\n|upkeep\n|turn|28\n|\n|t:|1717801750\n|move|p2a: Iron Boulder|Swords Dance|p2a: Iron Boulder\n|-boost|p2a: Iron Boulder|atk|2\n|cant|p1a: Girafarig|par\n|\n|upkeep\n|turn|29\n|\n|t:|1717801762\n|move|p2a: Iron Boulder|Swords Dance|p2a: Iron Boulder\n|-boost|p2a: Iron Boulder|atk|2\n|cant|p1a: Girafarig|par\n|\n|upkeep\n|turn|30\n|\n|t:|1717801771\n|move|p2a: Iron Boulder|Mighty Cleave|p1a: Girafarig\n|-damage|p1a: Girafarig|0 fnt\n|faint|p1a: Girafarig\n|\n|upkeep\n|\n|t:|1717801774\n|switch|p1a: Mudsdale|Mudsdale, L84, F|241/305\n|turn|31\n|-message|pokeblade\u2606101 forfeited.\n|\n|win|Norman2!\n|raw|pokeblade\u2606101's rating: 2508 &rarr; <strong>2482</strong><br />(-26 for losing)\n|raw|Norman2!'s rating: 2408 &rarr; <strong>2434</strong><br />(+26 for winning)\n|l|\u2606pokeblade\u2606101\n|player|p1|\n", "inputlog": ">version e046c5ea766451ca9500a73fe72ec774e92e6f7e\n>start {\"formatid\":\"gen9randombattle\",\"seed\":[50440,1051,21183,33033],\"rated\":\"Rated battle\"}\n>player p1 {\"name\":\"pokeblade\u2606101\",\"avatar\":\"#rbtt7teamchiyu\",\"rating\":2508,\"seed\":[16057,4946,30141,11023]}\n>player p2 {\"name\":\"Norman2!\",\"avatar\":\"266\",\"rating\":2408,\"seed\":[54863,44695,39642,11739]}\n>p1 switch 5\n>p2 move psychicnoise\n>p1 move spikes\n>p2 switch 6\n>p1 switch 6\n>p2 move sacredfire\n>p1 move scald\n>p2 switch 6\n>p1 switch 6\n>p2 move psychicnoise\n>p1 move spikes\n>p2 move psychicnoise\n>p1 move thunderwave\n>p2 move psychicnoise\n>p1 move foulplay\n>p2 move psychicnoise\n>p1 move foulplay\n>p2 move psychicnoise\n>p1 switch 5\n>p1 move stealthrock\n>p2 switch 3\n>p1 switch 2\n>p2 move calmmind\n>p1 move nastyplot\n>p2 switch 5\n>p1 move psychic\n>p2 move thunderwave\n>p1 move nastyplot\n>p2 move recover\n>p1 move psychic\n>p2 move terablast\n>p1 switch 6\n>p2 move terablast\n>p1 move rest\n>p2 move terablast\n>p1 move sleeptalk\n>p2 move terablast\n>p1 move sleeptalk\n>p2 move terablast\n>chat \u2606pokeblade\u2606101|lol\n>p1 switch 4\n>p1 move sludgewave\n>p2 move thunderwave\n>p2 switch 4\n>p1 switch 3\n>p2 move fireblast\n>p1 move spacialrend\n>p2 switch 3\n>p2 switch 5\n>p1 switch 6\n>p2 move strengthsap\n>p1 move psychic\n>p2 switch 3\n>p1 switch 2\n>p2 move knockoff\n>p1 move earthquake\n>p2 switch 6\n>p2 switch 3\n>p1 switch 2\n>p2 switch 2\n>p1 move psychic\n>p2 move swordsdance\n>p1 move thunderbolt\n>p2 move swordsdance\n>p1 move thunderbolt\n>p2 move mightycleave\n>p1 switch 2\n>forcelose p1", "uploadtime": 1717801830, "views": 211, "formatid": "gen9randombattle", "rating": 2434, "private": 0, "password": null}