{"id": "gen9randombattle-2260815304", "format": "[Gen 9] Random Battle", "players": ["RoboWahbit", "eibeinebieib"], "log": "|j|\u2606RoboWahbit\n|j|\u2606eibeinebieib\n|t:|1733897021\n|gametype|singles\n|player|p1|RoboWahbit|101|1162\n|player|p2|eibeinebieib|2|1143\n|teamsize|p1|6\n|teamsize|p2|6\n|gen|9\n|tier|[Gen 9] Random Battle\n|rated|\n|rule|Species Clause: Limit one of each Pok\u00e9mon\n|rule|HP Percentage Mod: HP is shown in percentages\n|rule|Sleep Clause Mod: Limit one foe put to sleep\n|rule|Illusion Level Mod: Illusion disguises the Pok\u00e9mon's true level\n|\n|t:|1733897021\n|start\n|switch|p1a: Gothitelle|Gothitelle, L90, M|272/272\n|switch|p2a: Emboar|Emboar, L84, F|322/322\n|turn|1\n|c|\u2606RoboWahbit|hf\n|inactive|Battle timer is ON: inactive players will automatically lose when time's up. (requested by RoboWahbit)\n|\n|t:|1733897033\n|move|p1a: Gothitelle|Calm Mind|p1a: Gothitelle\n|-boost|p1a: Gothitelle|spa|1\n|-boost|p1a: Gothitelle|spd|1\n|move|p2a: Emboar|Knock Off|p1a: Gothitelle\n|-supereffective|p1a: Gothitelle\n|-damage|p1a: Gothitelle|122/272\n|-enditem|p1a: Gothitelle|Leftovers|[from] move: Knock Off|[of] p2a: Emboar\n|\n|upkeep\n|turn|2\n|\n|t:|1733897036\n|move|p1a: Gothitelle|Psychic Noise|p2a: Emboar\n|-supereffective|p2a: Emboar\n|-damage|p2a: Emboar|106/322\n|-start|p2a: Emboar|move: Heal Block\n|move|p2a: Emboar|Flare Blitz|p1a: Gothitelle\n|-damage|p1a: Gothitelle|0 fnt\n|faint|p1a: Gothitelle\n|-damage|p2a: Emboar|66/322|[from] Recoil\n|\n|upkeep\n|\n|t:|1733897036\n|switch|p1a: Yanmega|Yanmega, L82, M|275/275\n|turn|3\n|\n|t:|1733897040\n|move|p1a: Yanmega|Protect|p1a: Yanmega\n|-singleturn|p1a: Yanmega|Protect\n|move|p2a: Emboar|Flare Blitz|p1a: Yanmega\n|-activate|p1a: Yanmega|move: Protect\n|\n|-end|p2a: Emboar|move: Heal Block\n|-ability|p1a: Yanmega|Speed Boost|boost\n|-boost|p1a: Yanmega|spe|1\n|upkeep\n|turn|4\n|\n|t:|1733897041\n|move|p1a: Yanmega|Tera Blast|p2a: Emboar\n|-damage|p2a: Emboar|13/322\n|move|p2a: Emboar|Flare Blitz|p1a: Yanmega\n|-supereffective|p1a: Yanmega\n|-damage|p1a: Yanmega|0 fnt\n|faint|p1a: Yanmega\n|-damage|p2a: Emboar|0 fnt|[from] Recoil\n|faint|p2a: Emboar\n|\n|upkeep\n|\n|t:|1733897044\n|switch|p1a: Magmortar|Magmortar, L88, F|275/275\n|switch|p2a: Granbull|Granbull, L88, M|302/302\n|-ability|p2a: Granbull|Intimidate|boost\n|-unboost|p1a: Magmortar|atk|1\n|turn|5\n|\n|t:|1733897046\n|move|p1a: Magmortar|Fire Blast|p2a: Granbull\n|-damage|p2a: Granbull|101/302\n|move|p2a: Granbull|Thunder Wave|p1a: Magmortar\n|-status|p1a: Magmortar|par\n|\n|-heal|p2a: Granbull|119/302|[from] item: Leftovers\n|upkeep\n|turn|6\n|inactive|eibeinebieib has 120 seconds left.\n|\n|t:|1733897085\n|switch|p2a: Meloetta|Meloetta, L82|298/298\n|cant|p1a: Magmortar|par\n|\n|upkeep\n|turn|7\n|\n|t:|1733897087\n|move|p2a: Meloetta|Knock Off|p1a: Magmortar\n|-damage|p1a: Magmortar|197/275 par\n|-enditem|p1a: Magmortar|Heavy-Duty Boots|[from] move: Knock Off|[of] p2a: Meloetta\n|-damage|p2a: Meloetta|269/298|[from] item: Life Orb\n|move|p1a: Magmortar|Fire Blast|p2a: Meloetta\n|-damage|p2a: Meloetta|151/298\n|\n|upkeep\n|turn|8\n|\n|t:|1733897099\n|switch|p1a: Duraludon|Duraludon, L82, M|249/249\n|move|p2a: Meloetta|Relic Song|p1a: Duraludon\n|-resisted|p1a: Duraludon\n|-damage|p1a: Duraludon|191/249\n|-formechange|p2a: Meloetta|Meloetta-Pirouette|[msg]\n|-damage|p2a: Meloetta|122/298|[from] item: Life Orb\n|\n|upkeep\n|turn|9\n|\n|t:|1733897102\n|move|p2a: Meloetta|Close Combat|p1a: Duraludon\n|-supereffective|p1a: Duraludon\n|-damage|p1a: Duraludon|0 fnt\n|-unboost|p2a: Meloetta|def|1\n|-unboost|p2a: Meloetta|spd|1\n|faint|p1a: Duraludon\n|-damage|p2a: Meloetta|93/298|[from] item: Life Orb\n|\n|upkeep\n|\n|t:|1733897103\n|switch|p1a: Roaring Moon|Roaring Moon, L72|270/270\n|turn|10\n|\n|t:|1733897108\n|-end|p1a: Roaring Moon|Protosynthesis|[silent]\n|switch|p1a: Magmortar|Magmortar, L88, F|197/275 par\n|move|p2a: Meloetta|Close Combat|p1a: Magmortar\n|-damage|p1a: Magmortar|0 fnt\n|-unboost|p2a: Meloetta|def|1\n|-unboost|p2a: Meloetta|spd|1\n|faint|p1a: Magmortar\n|-damage|p2a: Meloetta|64/298|[from] item: Life Orb\n|\n|upkeep\n|\n|t:|1733897109\n|switch|p1a: Roaring Moon|Roaring Moon, L72|270/270\n|turn|11\n|\n|t:|1733897111\n|move|p2a: Meloetta|Close Combat|p1a: Roaring Moon\n|-supereffective|p1a: Roaring Moon\n|-damage|p1a: Roaring Moon|0 fnt\n|-unboost|p2a: Meloetta|def|1\n|-unboost|p2a: Meloetta|spd|1\n|faint|p1a: Roaring Moon\n|-end|p1a: Roaring Moon|Protosynthesis|[silent]\n|-damage|p2a: Meloetta|35/298|[from] item: Life Orb\n|\n|upkeep\n|\n|t:|1733897111\n|switch|p1a: Porygon2|Porygon2, L82|274/274\n|-ability|p1a: Porygon2|Download|boost\n|-boost|p1a: Porygon2|spa|1\n|turn|12\n|\n|t:|1733897113\n|-terastallize|p1a: Porygon2|Ghost\n|move|p2a: Meloetta|Knock Off|p1a: Porygon2\n|-supereffective|p1a: Porygon2\n|-damage|p1a: Porygon2|123/274\n|-enditem|p1a: Porygon2|Eviolite|[from] move: Knock Off|[of] p2a: Meloetta\n|-damage|p2a: Meloetta|6/298|[from] item: Life Orb\n|move|p1a: Porygon2|Ice Beam|p2a: Meloetta\n|-damage|p2a: Meloetta|0 fnt\n|faint|p2a: Meloetta\n|\n|upkeep\n|\n|t:|1733897118\n|switch|p2a: Moltres|Moltres-Galar, L79|271/271\n|turn|13\n|\n|t:|1733897121\n|move|p2a: Moltres|Fiery Wrath|p1a: Porygon2\n|-supereffective|p1a: Porygon2\n|-damage|p1a: Porygon2|0 fnt\n|faint|p1a: Porygon2\n|\n|win|eibeinebieib\n|raw|RoboWahbit's rating: 1162 &rarr; <strong>1135</strong><br />(-27 for losing)\n|raw|eibeinebieib's rating: 1137 &rarr; <strong>1164</strong><br />(+27 for winning)\n|c|\u2606RoboWahbit|gg\n", "inputlog": ">version bfd83cad13791eb5a5a409923076391caf6fb4d4\n>start {\"formatid\":\"gen9randombattle\",\"seed\":[36272,16141,62313,14698],\"rated\":\"Rated battle\"}\n>player p1 {\"name\":\"RoboWahbit\",\"avatar\":\"101\",\"rating\":1162,\"seed\":[34672,9464,17883,63416]}\n>player p2 {\"name\":\"eibeinebieib\",\"avatar\":\"2\",\"rating\":1143,\"seed\":[5485,13166,1783,64337]}\n>chat \u2606RoboWahbit|hf\n>p1 move calmmind\n>p2 move knockoff\n>p1 move psychicnoise\n>p2 move flareblitz\n>p1 switch 3\n>p1 move protect\n>p2 move flareblitz\n>p1 move terablast\n>p2 move flareblitz\n>p1 switch 2\n>p2 switch 3\n>p1 move fireblast\n>p2 move thunderwave\n>p1 move fireblast\n>p2 switch 6\n>p1 move fireblast\n>p2 move knockoff\n>p1 switch 5\n>p2 move relicsong\n>p1 move irondefense\n>p2 move closecombat\n>p1 switch 4\n>p1 switch 5\n>p2 move closecombat\n>p1 switch 5\n>p1 move dragondance\n>p2 move closecombat\n>p1 switch 6\n>p1 move icebeam terastallize\n>p2 move knockoff\n>p2 switch 5\n>p1 move discharge\n>p2 move fierywrath", "uploadtime": 1733897122, "views": 2, "formatid": "gen9randombattle", "rating": 1135, "private": 0, "password": null}