{"id": "gen9randombattle-2260621089", "format": "[Gen 9] Random Battle", "players": ["bobby carrot", "AnonymousBW"], "log": "|j|\u2606bobby carrot\n|j|\u2606AnonymousBW\n|t:|1733870261\n|gametype|singles\n|player|p1|bobby carrot|colress|1564\n|player|p2|AnonymousBW|lucas|1572\n|teamsize|p1|6\n|teamsize|p2|6\n|gen|9\n|tier|[Gen 9] Random Battle\n|rated|\n|rule|Species Clause: Limit one of each Pok\u00e9mon\n|rule|HP Percentage Mod: HP is shown in percentages\n|rule|Sleep Clause Mod: Limit one foe put to sleep\n|rule|Illusion Level Mod: Illusion disguises the Pok\u00e9mon's true level\n|\n|t:|1733870261\n|start\n|switch|p1a: Tornadus|Tornadus, L82, M|264/264\n|switch|p2a: Appletun|Appletun, L92, M|352/352\n|turn|1\n|\n|t:|1733870270\n|move|p1a: Tornadus|Bleakwind Storm|p2a: Appletun\n|-supereffective|p2a: Appletun\n|-crit|p2a: Appletun\n|-damage|p2a: Appletun|8/352\n|move|p2a: Appletun|Leech Seed|p1a: Tornadus\n|-start|p1a: Tornadus|move: Leech Seed\n|\n|-heal|p2a: Appletun|30/352|[from] item: Leftovers\n|-damage|p1a: Tornadus|231/264|[from] Leech Seed|[of] p2a: Appletun\n|-heal|p2a: Appletun|63/352|[silent]\n|upkeep\n|turn|2\n|\n|t:|1733870278\n|switch|p2a: Dedenne|Dedenne, L88, F|261/261\n|move|p1a: Tornadus|U-turn|p2a: Dedenne\n|-resisted|p2a: Dedenne\n|-damage|p2a: Dedenne|225/261\n|\n|t:|1733870287\n|switch|p1a: Gastrodon|Gastrodon-East, L86, F|331/331|[from] U-turn\n|\n|upkeep\n|turn|3\n|\n|t:|1733870291\n|move|p2a: Dedenne|U-turn|p1a: Gastrodon\n|-damage|p1a: Gastrodon|289/331\n|\n|t:|1733870298\n|switch|p2a: Leafeon|Leafeon, L88, F|258/258|[from] U-turn\n|move|p1a: Gastrodon|Stealth Rock|p2a: Leafeon\n|-sidestart|p2: AnonymousBW|move: Stealth Rock\n|\n|-heal|p1a: Gastrodon|309/331|[from] item: Leftovers\n|upkeep\n|turn|4\n|\n|t:|1733870310\n|switch|p1a: Tornadus|Tornadus, L82, M|231/264\n|move|p2a: Leafeon|Swords Dance|p2a: Leafeon\n|-boost|p2a: Leafeon|atk|2\n|\n|upkeep\n|turn|5\n|\n|t:|1733870316\n|move|p1a: Tornadus|Bleakwind Storm|p2a: Leafeon\n|-supereffective|p2a: Leafeon\n|-damage|p2a: Leafeon|0 fnt\n|faint|p2a: Leafeon\n|\n|upkeep\n|\n|t:|1733870320\n|switch|p2a: Kleavor|Kleavor, L78, M|237/237\n|turn|6\n|\n|t:|1733870327\n|move|p1a: Tornadus|U-turn|p2a: Kleavor\n|-crit|p2a: Kleavor\n|-damage|p2a: Kleavor|150/237\n|\n|t:|1733870329\n|switch|p1a: Archaludon|Archaludon, L78, F|268/268|[from] U-turn\n|move|p2a: Kleavor|Stone Axe|p1a: Archaludon\n|-resisted|p1a: Archaludon\n|-damage|p1a: Archaludon|223/268\n|-ability|p1a: Archaludon|Stamina|boost\n|-boost|p1a: Archaludon|def|1\n|-sidestart|p1: bobby carrot|move: Stealth Rock\n|\n|upkeep\n|turn|7\n|\n|t:|1733870335\n|move|p1a: Archaludon|Swords Dance|p1a: Archaludon\n|-boost|p1a: Archaludon|atk|2\n|move|p2a: Kleavor|U-turn|p1a: Archaludon\n|-resisted|p1a: Archaludon\n|-damage|p1a: Archaludon|200/268\n|-ability|p1a: Archaludon|Stamina|boost\n|-boost|p1a: Archaludon|def|1\n|\n|t:|1733870338\n|switch|p2a: Appletun|Appletun, L92, M|63/352|[from] U-turn\n|-damage|p2a: Appletun|19/352|[from] Stealth Rock\n|\n|-heal|p2a: Appletun|41/352|[from] item: Leftovers\n|upkeep\n|turn|8\n|\n|t:|1733870342\n|move|p1a: Archaludon|Iron Head|p2a: Appletun\n|-damage|p2a: Appletun|0 fnt\n|faint|p2a: Appletun\n|\n|upkeep\n|\n|t:|1733870347\n|switch|p2a: Dedenne|Dedenne, L88, F|225/261\n|-damage|p2a: Dedenne|193/261|[from] Stealth Rock\n|turn|9\n|\n|t:|1733870350\n|move|p2a: Dedenne|Super Fang|p1a: Archaludon\n|-damage|p1a: Archaludon|100/268\n|-ability|p1a: Archaludon|Stamina|boost\n|-boost|p1a: Archaludon|def|1\n|move|p1a: Archaludon|Earthquake|p2a: Dedenne\n|-supereffective|p2a: Dedenne\n|-damage|p2a: Dedenne|0 fnt\n|faint|p2a: Dedenne\n|\n|upkeep\n|\n|t:|1733870361\n|switch|p2a: Eiscue|Eiscue, L88, M|274/274\n|-damage|p2a: Eiscue|206/274|[from] Stealth Rock\n|turn|10\n|\n|t:|1733870373\n|switch|p1a: Tornadus|Tornadus, L82, M|231/264\n|move|p2a: Eiscue|Belly Drum|p2a: Eiscue\n|-damage|p2a: Eiscue|69/274\n|-setboost|p2a: Eiscue|atk|6|[from] move: Belly Drum\n|-enditem|p2a: Eiscue|Sitrus Berry|[eat]\n|-heal|p2a: Eiscue|137/274|[from] item: Sitrus Berry\n|\n|upkeep\n|turn|11\n|\n|t:|1733870379\n|move|p1a: Tornadus|Bleakwind Storm|p2a: Eiscue|[miss]\n|-miss|p1a: Tornadus|p2a: Eiscue\n|move|p2a: Eiscue|Ice Spinner|p1a: Tornadus\n|-supereffective|p1a: Tornadus\n|-crit|p1a: Tornadus\n|-damage|p1a: Tornadus|0 fnt\n|faint|p1a: Tornadus\n|\n|upkeep\n|\n|t:|1733870391\n|switch|p1a: Cacturne|Cacturne, L92, F|278/278\n|-damage|p1a: Cacturne|244/278|[from] Stealth Rock\n|turn|12\n|\n|t:|1733870396\n|move|p1a: Cacturne|Leaf Storm|p2a: Eiscue|[miss]\n|-miss|p1a: Cacturne|p2a: Eiscue\n|move|p2a: Eiscue|Ice Spinner|p1a: Cacturne\n|-supereffective|p1a: Cacturne\n|-damage|p1a: Cacturne|0 fnt\n|faint|p1a: Cacturne\n|\n|upkeep\n|\n|t:|1733870405\n|switch|p1a: Dipplin|Dipplin, L88, F|284/284\n|-damage|p1a: Dipplin|249/284|[from] Stealth Rock\n|turn|13\n|\n|t:|1733870410\n|-terastallize|p1a: Dipplin|Steel\n|move|p2a: Eiscue|Ice Spinner|p1a: Dipplin\n|-resisted|p1a: Dipplin\n|-damage|p1a: Dipplin|158/284\n|move|p1a: Dipplin|Dragon Tail|p2a: Eiscue\n|-activate|p2a: Eiscue|ability: Ice Face\n|-damage|p2a: Eiscue|137/274\n|detailschange|p2a: Eiscue|Eiscue-Noice, L88, M\n|drag|p2a: Phione|Phione, L91|293/293\n|-damage|p2a: Phione|257/293|[from] Stealth Rock\n|\n|-heal|p2a: Phione|275/293|[from] item: Leftovers\n|upkeep\n|turn|14\n|\n|t:|1733870429\n|move|p2a: Phione|Scald|p1a: Dipplin\n|-damage|p1a: Dipplin|104/284\n|move|p1a: Dipplin|Giga Drain|p2a: Phione\n|-supereffective|p2a: Phione\n|-damage|p2a: Phione|113/293\n|-heal|p1a: Dipplin|185/284|[from] drain|[of] p2a: Phione\n|\n|-heal|p2a: Phione|131/293|[from] item: Leftovers\n|upkeep\n|turn|15\n|\n|t:|1733870437\n|move|p2a: Phione|Take Heart|p2a: Phione\n|-boost|p2a: Phione|spa|1\n|-boost|p2a: Phione|spd|1\n|move|p1a: Dipplin|Giga Drain|p2a: Phione\n|-supereffective|p2a: Phione\n|-damage|p2a: Phione|21/293\n|-heal|p1a: Dipplin|240/284|[from] drain|[of] p2a: Phione\n|\n|-heal|p2a: Phione|39/293|[from] item: Leftovers\n|upkeep\n|turn|16\n|\n|t:|1733870442\n|move|p2a: Phione|Rest|p2a: Phione\n|-status|p2a: Phione|slp|[from] move: Rest\n|-heal|p2a: Phione|293/293 slp|[silent]\n|move|p1a: Dipplin|Giga Drain|p2a: Phione\n|-supereffective|p2a: Phione\n|-damage|p2a: Phione|185/293 slp\n|-heal|p1a: Dipplin|284/284|[from] drain|[of] p2a: Phione\n|\n|-heal|p2a: Phione|203/293 slp|[from] item: Leftovers\n|upkeep\n|turn|17\n|\n|t:|1733870448\n|cant|p2a: Phione|slp\n|move|p2a: Phione|Sleep Talk|p2a: Phione\n|move|p2a: Phione|Scald|p1a: Dipplin|[from]move: Sleep Talk\n|-damage|p1a: Dipplin|203/284\n|move|p1a: Dipplin|Dragon Tail|p2a: Phione\n|-damage|p2a: Phione|143/293 slp\n|drag|p2a: Kleavor|Kleavor, L78, M|150/237\n|\n|upkeep\n|turn|18\n|\n|t:|1733870462\n|switch|p1a: Archaludon|Archaludon, L78, F|100/268\n|-damage|p1a: Archaludon|84/268|[from] Stealth Rock\n|move|p2a: Kleavor|X-Scissor|p1a: Archaludon\n|-resisted|p1a: Archaludon\n|-damage|p1a: Archaludon|23/268\n|-ability|p1a: Archaludon|Stamina|boost\n|-boost|p1a: Archaludon|def|1\n|\n|upkeep\n|turn|19\n|\n|t:|1733870470\n|move|p1a: Archaludon|Iron Head|p2a: Kleavor\n|-supereffective|p2a: Kleavor\n|-damage|p2a: Kleavor|0 fnt\n|faint|p2a: Kleavor\n|\n|upkeep\n|\n|t:|1733870475\n|switch|p2a: Eiscue|Eiscue-Noice, L88, M|137/274\n|-damage|p2a: Eiscue|69/274|[from] Stealth Rock\n|turn|20\n|\n|t:|1733870479\n|move|p2a: Eiscue|Ice Spinner|p1a: Archaludon\n|-damage|p1a: Archaludon|0 fnt\n|faint|p1a: Archaludon\n|\n|upkeep\n|\n|t:|1733870486\n|switch|p1a: Gallade|Gallade, L81, M|243/243\n|-damage|p1a: Gallade|228/243|[from] Stealth Rock\n|turn|21\n|\n|t:|1733870492\n|move|p2a: Eiscue|Ice Spinner|p1a: Gallade\n|-damage|p1a: Gallade|119/243\n|move|p1a: Gallade|Leaf Blade|p2a: Eiscue\n|-crit|p2a: Eiscue\n|-damage|p2a: Eiscue|0 fnt\n|faint|p2a: Eiscue\n|-damage|p1a: Gallade|95/243|[from] item: Life Orb\n|\n|upkeep\n|\n|t:|1733870496\n|switch|p2a: Phione|Phione, L91|143/293 slp\n|-damage|p2a: Phione|107/293 slp|[from] Stealth Rock\n|turn|22\n|\n|t:|1733870503\n|-terastallize|p2a: Phione|Dragon\n|cant|p2a: Phione|slp\n|move|p2a: Phione|Sleep Talk|p2a: Phione\n|move|p2a: Phione|Rest||[from]move: Sleep Talk|[still]\n|-fail|p2a: Phione\n|move|p1a: Gallade|Leaf Blade|p2a: Phione\n|-resisted|p2a: Phione\n|-damage|p2a: Phione|41/293 slp\n|-damage|p1a: Gallade|71/243|[from] item: Life Orb\n|\n|-heal|p2a: Phione|59/293 slp|[from] item: Leftovers\n|upkeep\n|turn|23\n|\n|t:|1733870511\n|-curestatus|p2a: Phione|slp|[msg]\n|move|p2a: Phione|Rest|p2a: Phione\n|-status|p2a: Phione|slp|[from] move: Rest\n|-heal|p2a: Phione|293/293 slp|[silent]\n|move|p1a: Gallade|Psycho Cut|p2a: Phione\n|-damage|p2a: Phione|132/293 slp\n|-damage|p1a: Gallade|47/243|[from] item: Life Orb\n|\n|-heal|p2a: Phione|150/293 slp|[from] item: Leftovers\n|upkeep\n|turn|24\n|\n|t:|1733870521\n|cant|p2a: Phione|slp\n|move|p2a: Phione|Sleep Talk|p2a: Phione\n|move|p2a: Phione|Rest||[from]move: Sleep Talk|[still]\n|-fail|p2a: Phione\n|move|p1a: Gallade|Sacred Sword|p2a: Phione\n|-damage|p2a: Phione|0 fnt\n|faint|p2a: Phione\n|-damage|p1a: Gallade|23/243|[from] item: Life Orb\n|\n|win|bobby carrot\n|raw|bobby carrot's rating: 1564 &rarr; <strong>1584</strong><br />(+20 for winning)\n|raw|AnonymousBW's rating: 1572 &rarr; <strong>1552</strong><br />(-20 for losing)\n|c|\u2606AnonymousBW|gg\n", "inputlog": ">version bfd83cad13791eb5a5a409923076391caf6fb4d4\n>start {\"formatid\":\"gen9randombattle\",\"seed\":[56964,28556,26121,1933],\"rated\":\"Rated battle\"}\n>player p1 {\"name\":\"bobby carrot\",\"avatar\":\"colress\",\"rating\":1564,\"seed\":[56719,31461,6435,60419]}\n>player p2 {\"name\":\"AnonymousBW\",\"avatar\":\"lucas\",\"rating\":1572,\"seed\":[21386,55702,14838,1390]}\n>p1 move bleakwindstorm\n>p2 move leechseed\n>p1 move uturn\n>p2 switch 6\n>p1 switch 4\n>p1 move stealthrock\n>p2 move uturn\n>p2 switch 2\n>p1 switch 4\n>p2 move swordsdance\n>p1 move bleakwindstorm\n>p2 move knockoff\n>p2 switch 4\n>p1 move uturn\n>p2 move stoneaxe\n>p1 switch 6\n>p1 move swordsdance\n>p2 move uturn\n>p2 switch 6\n>p1 move ironhead\n>p2 move leechseed\n>p2 switch 2\n>p1 move earthquake\n>p2 move superfang\n>p2 switch 5\n>p1 switch 6\n>p2 move bellydrum\n>p1 move bleakwindstorm\n>p2 move icespinner\n>p1 switch 5\n>p1 move leafstorm\n>p2 move icespinner\n>p1 switch 2\n>p1 move dragontail terastallize\n>p2 move icespinner\n>p1 move gigadrain\n>p2 move scald\n>p1 move gigadrain\n>p2 move takeheart\n>p1 move gigadrain\n>p2 move rest\n>p1 move dragontail\n>p2 move sleeptalk\n>p1 switch 6\n>p2 move xscissor\n>p1 move ironhead\n>p2 move xscissor\n>p2 switch 3\n>p1 move ironhead\n>p2 move icespinner\n>p1 switch 3\n>p1 move leafblade\n>p2 move icespinner\n>p2 switch 6\n>p1 move leafblade\n>p2 move sleeptalk terastallize\n>p1 move psychocut\n>p2 move rest\n>p1 move sacredsword\n>p2 move sleeptalk", "uploadtime": 1733870529, "views": 1, "formatid": "gen9randombattle", "rating": 1552, "private": 0, "password": null}