{"id": "gen9randombattle-2260810890", "format": "[Gen 9] Random Battle", "players": ["xinyazhili", "Zara home 001"], "log": "|j|\u2606xinyazhili\n|j|\u2606Zara home 001\n|t:|1733896192\n|gametype|singles\n|player|p1|xinyazhili|170|\n|player|p2|Zara home 001|266|\n|teamsize|p1|6\n|teamsize|p2|6\n|gen|9\n|tier|[Gen 9] Random Battle\n|rule|Species Clause: Limit one of each Pok\u00e9mon\n|rule|HP Percentage Mod: HP is shown in percentages\n|rule|Sleep Clause Mod: Limit one foe put to sleep\n|rule|Illusion Level Mod: Illusion disguises the Pok\u00e9mon's true level\n|\n|t:|1733896192\n|start\n|switch|p1a: Espathra|Espathra, L80, F|283/283\n|switch|p2a: Venusaur|Venusaur, L84, F|272/272\n|turn|1\n|inactive|Battle timer is ON: inactive players will automatically lose when time's up. (requested by xinyazhili)\n|\n|t:|1733896200\n|move|p1a: Espathra|Calm Mind|p1a: Espathra\n|-boost|p1a: Espathra|spa|1\n|-boost|p1a: Espathra|spd|1\n|move|p2a: Venusaur|Leech Seed|p1a: Espathra\n|-start|p1a: Espathra|move: Leech Seed\n|\n|-damage|p1a: Espathra|248/283|[from] Leech Seed|[of] p2a: Venusaur\n|-ability|p1a: Espathra|Speed Boost|boost\n|-boost|p1a: Espathra|spe|1\n|upkeep\n|turn|2\n|\n|t:|1733896206\n|switch|p2a: Gholdengo|Gholdengo, L77|238/238\n|move|p1a: Espathra|Calm Mind|p1a: Espathra\n|-boost|p1a: Espathra|spa|1\n|-boost|p1a: Espathra|spd|1\n|\n|-heal|p1a: Espathra|265/283|[from] item: Leftovers\n|-damage|p1a: Espathra|230/283|[from] Leech Seed|[of] p2a: Gholdengo\n|-ability|p1a: Espathra|Speed Boost|boost\n|-boost|p1a: Espathra|spe|1\n|upkeep\n|turn|3\n|\n|t:|1733896212\n|move|p1a: Espathra|Protect|p1a: Espathra\n|-singleturn|p1a: Espathra|Protect\n|move|p2a: Gholdengo|Dark Pulse|p1a: Espathra\n|-activate|p1a: Espathra|move: Protect\n|\n|-heal|p1a: Espathra|247/283|[from] item: Leftovers\n|-damage|p1a: Espathra|212/283|[from] Leech Seed|[of] p2a: Gholdengo\n|-ability|p1a: Espathra|Speed Boost|boost\n|-boost|p1a: Espathra|spe|1\n|upkeep\n|turn|4\n|\n|t:|1733896219\n|-terastallize|p1a: Espathra|Fairy\n|move|p1a: Espathra|Stored Power|p2a: Gholdengo\n|-immune|p2a: Gholdengo\n|move|p2a: Gholdengo|Dark Pulse|p1a: Espathra\n|-resisted|p1a: Espathra\n|-damage|p1a: Espathra|168/283\n|-damage|p2a: Gholdengo|215/238|[from] item: Life Orb\n|\n|-heal|p1a: Espathra|185/283|[from] item: Leftovers\n|-damage|p1a: Espathra|150/283|[from] Leech Seed|[of] p2a: Gholdengo\n|-heal|p2a: Gholdengo|238/238|[silent]\n|-ability|p1a: Espathra|Speed Boost|boost\n|-boost|p1a: Espathra|spe|1\n|upkeep\n|turn|5\n|\n|t:|1733896231\n|move|p1a: Espathra|Dazzling Gleam|p2a: Gholdengo\n|-supereffective|p2a: Gholdengo\n|-damage|p2a: Gholdengo|0 fnt\n|replace|p2a: Zoroark|Zoroark, L84, M\n|-end|p2a: Zoroark|Illusion\n|-hint|Illusion Level Mod is active, so this Pok\u00e9mon's true level was hidden.\n|faint|p2a: Zoroark\n|\n|-heal|p1a: Espathra|167/283|[from] item: Leftovers\n|-ability|p1a: Espathra|Speed Boost|boost\n|-boost|p1a: Espathra|spe|1\n|upkeep\n|\n|t:|1733896243\n|switch|p2a: Gholdengo|Gholdengo, L77|261/261\n|turn|6\n|\n|t:|1733896249\n|move|p1a: Espathra|Stored Power|p2a: Gholdengo\n|-resisted|p2a: Gholdengo\n|-damage|p2a: Gholdengo|31/261\n|move|p2a: Gholdengo|Make It Rain|p1a: Espathra\n|-supereffective|p1a: Espathra\n|-damage|p1a: Espathra|0 fnt\n|-unboost|p2a: Gholdengo|spa|1\n|faint|p1a: Espathra\n|\n|upkeep\n|\n|t:|1733896260\n|switch|p1a: Urshifu|Urshifu-Rapid-Strike, L75, M|274/274\n|turn|7\n|\n|t:|1733896263\n|switch|p2a: Trevenant|Trevenant, L88, M|293/293\n|move|p1a: Urshifu|Surging Strikes|p2a: Trevenant\n|-resisted|p2a: Trevenant\n|-crit|p2a: Trevenant\n|-damage|p2a: Trevenant|266/293\n|-resisted|p2a: Trevenant\n|-crit|p2a: Trevenant\n|-damage|p2a: Trevenant|236/293\n|-resisted|p2a: Trevenant\n|-crit|p2a: Trevenant\n|-damage|p2a: Trevenant|205/293\n|-hitcount|p2a: Trevenant|3\n|-damage|p1a: Urshifu|247/274|[from] item: Life Orb\n|\n|upkeep\n|turn|8\n|\n|t:|1733896269\n|switch|p1a: Dunsparce|Dunsparce, L86, M|312/312\n|move|p2a: Trevenant|Poltergeist|p1a: Dunsparce\n|-immune|p1a: Dunsparce\n|\n|upkeep\n|turn|9\n|\n|t:|1733896271\n|move|p2a: Trevenant|Toxic|p1a: Dunsparce\n|-status|p1a: Dunsparce|tox\n|move|p1a: Dunsparce|Roost||[still]\n|-fail|p1a: Dunsparce|heal\n|\n|-damage|p1a: Dunsparce|293/312 tox|[from] psn\n|upkeep\n|turn|10\n|\n|t:|1733896273\n|move|p2a: Trevenant|Drain Punch|p1a: Dunsparce\n|-supereffective|p1a: Dunsparce\n|-damage|p1a: Dunsparce|191/312 tox\n|-heal|p2a: Trevenant|256/293|[from] drain|[of] p1a: Dunsparce\n|move|p1a: Dunsparce|Coil|p1a: Dunsparce\n|-boost|p1a: Dunsparce|atk|1\n|-boost|p1a: Dunsparce|def|1\n|-boost|p1a: Dunsparce|accuracy|1\n|\n|-damage|p1a: Dunsparce|153/312 tox|[from] psn\n|upkeep\n|turn|11\n|\n|t:|1733896278\n|move|p2a: Trevenant|Drain Punch|p1a: Dunsparce\n|-supereffective|p1a: Dunsparce\n|-damage|p1a: Dunsparce|91/312 tox\n|-heal|p2a: Trevenant|287/293|[from] drain|[of] p1a: Dunsparce\n|move|p1a: Dunsparce|Body Slam|p2a: Trevenant\n|-immune|p2a: Trevenant\n|\n|-damage|p1a: Dunsparce|34/312 tox|[from] psn\n|upkeep\n|turn|12\n|\n|t:|1733896281\n|move|p2a: Trevenant|Drain Punch|p1a: Dunsparce\n|-supereffective|p1a: Dunsparce\n|-damage|p1a: Dunsparce|0 fnt\n|-heal|p2a: Trevenant|293/293|[from] drain|[of] p1a: Dunsparce\n|faint|p1a: Dunsparce\n|\n|upkeep\n|\n|t:|1733896283\n|switch|p1a: Gallade|Gallade, L81, M|243/243\n|turn|13\n|\n|t:|1733896288\n|move|p1a: Gallade|Night Slash|p2a: Trevenant\n|-supereffective|p2a: Trevenant\n|-damage|p2a: Trevenant|77/293\n|-enditem|p2a: Trevenant|Sitrus Berry|[eat]\n|-heal|p2a: Trevenant|150/293|[from] item: Sitrus Berry\n|-damage|p1a: Gallade|219/243|[from] item: Life Orb\n|move|p2a: Trevenant|Poltergeist|p1a: Gallade|[miss]\n|-miss|p2a: Trevenant|p1a: Gallade\n|\n|-item|p2a: Trevenant|Sitrus Berry|[from] ability: Harvest\n|upkeep\n|turn|14\n|\n|t:|1733896294\n|switch|p2a: Gholdengo|Gholdengo, L77|31/261\n|move|p1a: Gallade|Night Slash|p2a: Gholdengo\n|-supereffective|p2a: Gholdengo\n|-damage|p2a: Gholdengo|0 fnt\n|faint|p2a: Gholdengo\n|-damage|p1a: Gallade|195/243|[from] item: Life Orb\n|\n|upkeep\n|\n|t:|1733896300\n|switch|p2a: Gouging Fire|Gouging Fire, L74|277/277\n|turn|15\n|\n|t:|1733896307\n|move|p2a: Gouging Fire|Dragon Dance|p2a: Gouging Fire\n|-boost|p2a: Gouging Fire|atk|1\n|-boost|p2a: Gouging Fire|spe|1\n|move|p1a: Gallade|Sacred Sword|p2a: Gouging Fire\n|-damage|p2a: Gouging Fire|96/277\n|-damage|p1a: Gallade|171/243|[from] item: Life Orb\n|\n|upkeep\n|turn|16\n|\n|t:|1733896312\n|switch|p1a: Misdreavus|Misdreavus, L90, F|254/254\n|move|p2a: Gouging Fire|Heat Crash|p1a: Misdreavus\n|-damage|p1a: Misdreavus|113/254\n|\n|upkeep\n|turn|17\n|\n|t:|1733896314\n|move|p2a: Gouging Fire|Heat Crash|p1a: Misdreavus\n|-damage|p1a: Misdreavus|0 fnt\n|faint|p1a: Misdreavus\n|\n|upkeep\n|\n|t:|1733896318\n|switch|p1a: Skuntank|Skuntank, L84, M|310/310\n|turn|18\n|\n|t:|1733896322\n|-terastallize|p2a: Gouging Fire|Ground\n|move|p1a: Skuntank|Sucker Punch|p2a: Gouging Fire\n|-damage|p2a: Gouging Fire|9/277\n|-damage|p1a: Skuntank|279/310|[from] item: Life Orb\n|move|p2a: Gouging Fire|Earthquake|p1a: Skuntank\n|-supereffective|p1a: Skuntank\n|-damage|p1a: Skuntank|0 fnt\n|faint|p1a: Skuntank\n|\n|upkeep\n|\n|t:|1733896326\n|switch|p1a: Urshifu|Urshifu-Rapid-Strike, L75, M|247/274\n|turn|19\n|\n|t:|1733896330\n|move|p1a: Urshifu|Aqua Jet|p2a: Gouging Fire\n|-supereffective|p2a: Gouging Fire\n|-damage|p2a: Gouging Fire|0 fnt\n|faint|p2a: Gouging Fire\n|-end|p2a: Gouging Fire|Protosynthesis|[silent]\n|-damage|p1a: Urshifu|220/274|[from] item: Life Orb\n|\n|upkeep\n|\n|t:|1733896332\n|switch|p2a: Trevenant|Trevenant, L88, M|150/293\n|turn|20\n|\n|t:|1733896338\n|move|p1a: Urshifu|Swords Dance|p1a: Urshifu\n|-boost|p1a: Urshifu|atk|2\n|move|p2a: Trevenant|Poltergeist|p1a: Urshifu\n|-activate|p1a: Urshifu|move: Poltergeist|Life Orb\n|-damage|p1a: Urshifu|84/274\n|\n|upkeep\n|turn|21\n|\n|t:|1733896342\n|move|p1a: Urshifu|Surging Strikes|p2a: Trevenant\n|-resisted|p2a: Trevenant\n|-crit|p2a: Trevenant\n|-damage|p2a: Trevenant|92/293\n|-enditem|p2a: Trevenant|Sitrus Berry|[eat]\n|-heal|p2a: Trevenant|165/293|[from] item: Sitrus Berry\n|-resisted|p2a: Trevenant\n|-crit|p2a: Trevenant\n|-damage|p2a: Trevenant|109/293\n|-resisted|p2a: Trevenant\n|-crit|p2a: Trevenant\n|-damage|p2a: Trevenant|49/293\n|-hitcount|p2a: Trevenant|3\n|-damage|p1a: Urshifu|57/274|[from] item: Life Orb\n|move|p2a: Trevenant|Poltergeist|p1a: Urshifu\n|-activate|p1a: Urshifu|move: Poltergeist|Life Orb\n|-damage|p1a: Urshifu|0 fnt\n|faint|p1a: Urshifu\n|\n|-item|p2a: Trevenant|Sitrus Berry|[from] ability: Harvest\n|upkeep\n|-enditem|p2a: Trevenant|Sitrus Berry|[eat]\n|-heal|p2a: Trevenant|122/293|[from] item: Sitrus Berry\n|\n|t:|1733896348\n|switch|p1a: Gallade|Gallade, L81, M|171/243\n|turn|22\n|\n|t:|1733896353\n|move|p2a: Trevenant|Protect|p2a: Trevenant\n|-singleturn|p2a: Trevenant|Protect\n|move|p1a: Gallade|Agility|p1a: Gallade\n|-boost|p1a: Gallade|spe|2\n|\n|upkeep\n|turn|23\n|\n|t:|1733896357\n|move|p1a: Gallade|Night Slash|p2a: Trevenant\n|-supereffective|p2a: Trevenant\n|-damage|p2a: Trevenant|0 fnt\n|faint|p2a: Trevenant\n|-damage|p1a: Gallade|147/243|[from] item: Life Orb\n|\n|upkeep\n|\n|t:|1733896359\n|switch|p2a: Eelektross|Eelektross, L87, F|290/290\n|turn|24\n|\n|t:|1733896362\n|move|p1a: Gallade|Sacred Sword|p2a: Eelektross\n|-damage|p2a: Eelektross|56/290\n|-damage|p1a: Gallade|123/243|[from] item: Life Orb\n|move|p2a: Eelektross|Coil|p2a: Eelektross\n|-boost|p2a: Eelektross|atk|1\n|-boost|p2a: Eelektross|def|1\n|-boost|p2a: Eelektross|accuracy|1\n|\n|-heal|p2a: Eelektross|74/290|[from] item: Leftovers\n|upkeep\n|turn|25\n|\n|t:|1733896371\n|move|p1a: Gallade|Sacred Sword|p2a: Eelektross\n|-damage|p2a: Eelektross|0 fnt\n|faint|p2a: Eelektross\n|-damage|p1a: Gallade|99/243|[from] item: Life Orb\n|\n|upkeep\n|l|\u2606Zara home 001\n|inactive|Zara home 001 disconnected and has 300 seconds to reconnect!\n|player|p2|\n|inactive|Zara home 001 has 270 seconds to reconnect!\n|inactive|Zara home 001 has 240 seconds to reconnect!\n|inactive|Zara home 001 has 210 seconds to reconnect!\n|inactive|Zara home 001 has 180 seconds to reconnect!\n|inactive|Zara home 001 has 150 seconds to reconnect!\n|inactive|Zara home 001 has 120 seconds to reconnect!\n|inactive|Zara home 001 has 90 seconds to reconnect!\n|j|\u2606Zara home 001\n|inactive|Zara home 001 reconnected and has 275 seconds left.\n|player|p2|Zara home 001|266|\n|\n|t:|1733896621\n|switch|p2a: Venusaur|Venusaur, L84, F|272/272\n|turn|26\n|\n|t:|1733896624\n|move|p1a: Gallade|Psycho Cut|p2a: Venusaur\n|-supereffective|p2a: Venusaur\n|-damage|p2a: Venusaur|0 fnt\n|faint|p2a: Venusaur\n|-damage|p1a: Gallade|75/243|[from] item: Life Orb\n|\n|win|xinyazhili\n|l|\u2606Zara home 001\n|player|p2|\n", "inputlog": ">version bfd83cad13791eb5a5a409923076391caf6fb4d4\n>start {\"formatid\":\"gen9randombattle\",\"seed\":[17372,3161,5852,1798]}\n>player p1 {\"name\":\"xinyazhili\",\"avatar\":\"170\",\"rating\":0,\"seed\":[61560,42334,50111,16796]}\n>player p2 {\"name\":\"Zara home 001\",\"avatar\":\"266\",\"rating\":0,\"seed\":[1356,46515,64425,11234]}\n>p1 move calmmind\n>p2 move leechseed\n>p1 move calmmind\n>p2 switch 2\n>p1 move protect\n>p2 move darkpulse\n>p1 move storedpower terastallize\n>p2 move darkpulse\n>p1 move dazzlinggleam\n>p2 move sludgebomb\n>p2 switch 6\n>p1 move storedpower\n>p2 move makeitrain\n>p1 switch 4\n>p1 move surgingstrikes\n>p2 switch 4\n>p1 switch 5\n>p2 move poltergeist\n>p1 move roost\n>p2 move toxic\n>p1 move coil\n>p2 move drainpunch\n>p1 move bodyslam\n>p2 move drainpunch\n>p1 move earthquake\n>p2 move drainpunch\n>p1 switch 2\n>p1 move nightslash\n>p2 move poltergeist\n>p1 move nightslash\n>p2 switch 4\n>p2 switch 3\n>p1 move sacredsword\n>p2 move dragondance\n>p1 switch 3\n>p2 move heatcrash\n>p1 move drainingkiss\n>p2 move heatcrash\n>p1 switch 6\n>p1 move suckerpunch\n>p2 move earthquake terastallize\n>p1 switch 5\n>p1 move aquajet\n>p2 move outrage\n>p2 switch 4\n>p1 move swordsdance\n>p2 move poltergeist\n>p1 move surgingstrikes\n>p2 move poltergeist\n>p1 switch 3\n>p1 move agility\n>p2 move protect\n>p1 move nightslash\n>p2 move poltergeist\n>p2 switch 5\n>p1 move sacredsword\n>p2 move coil\n>p1 move sacredsword\n>p2 move supercellslam\n>p2 switch 2\n>p1 move psychocut\n>p2 move sludgebomb", "uploadtime": 1733896628, "views": 2, "formatid": "gen9randombattle", "rating": null, "private": 0, "password": null}