{"id": "gen9randombattle-2198761380", "format": "[Gen 9] Random Battle", "players": ["Tinkatwink", "Slim Workshop"], "log": "|j|\u2606Tinkatwink\n|j|\u2606Slim Workshop\n|t:|1725994586\n|gametype|singles\n|player|p1|Tinkatwink|tulip|2206\n|player|p2|Slim Workshop|169|2239\n|teamsize|p1|6\n|teamsize|p2|6\n|gen|9\n|tier|[Gen 9] Random Battle\n|rated|\n|rule|Species Clause: Limit one of each Pok\u00e9mon\n|rule|HP Percentage Mod: HP is shown in percentages\n|rule|Sleep Clause Mod: Limit one foe put to sleep\n|rule|Illusion Level Mod: Illusion disguises the Pok\u00e9mon's true level\n|\n|t:|1725994586\n|start\n|switch|p1a: Hitmontop|Hitmontop, L88, M|231/231\n|switch|p2a: Miraidon|Miraidon, L65|238/238\n|-fieldstart|move: Electric Terrain|[from] ability: Hadron Engine|[of] p2a: Miraidon\n|-ability|p1a: Hitmontop|Intimidate|boost\n|-unboost|p2a: Miraidon|atk|1\n|turn|1\n|\n|t:|1725994611\n|switch|p2a: Reuniclus|Reuniclus, L88, M|337/337\n|move|p1a: Hitmontop|Earthquake|p2a: Reuniclus\n|-damage|p2a: Reuniclus|251/337\n|\n|upkeep\n|turn|2\n|\n|t:|1725994623\n|switch|p1a: Girafarig|Girafarig, L89, F|269/269\n|move|p2a: Reuniclus|Focus Blast|p1a: Girafarig\n|-damage|p1a: Girafarig|146/269\n|\n|upkeep\n|turn|3\n|\n|t:|1725994634\n|move|p1a: Girafarig|Shadow Ball|p2a: Reuniclus\n|-supereffective|p2a: Reuniclus\n|-damage|p2a: Reuniclus|139/337\n|move|p2a: Reuniclus|Focus Blast|p1a: Girafarig|[miss]\n|-miss|p2a: Reuniclus|p1a: Girafarig\n|\n|upkeep\n|turn|4\n|\n|t:|1725994638\n|move|p1a: Girafarig|Psychic|p2a: Reuniclus\n|-resisted|p2a: Reuniclus\n|-damage|p2a: Reuniclus|94/337\n|move|p2a: Reuniclus|Recover|p2a: Reuniclus\n|-heal|p2a: Reuniclus|263/337\n|\n|upkeep\n|turn|5\n|\n|t:|1725994645\n|switch|p1a: Brambleghast|Brambleghast, L88, M|240/240\n|switch|p2a: Gumshoos|Gumshoos, L95, M|321/321\n|\n|-fieldend|move: Electric Terrain\n|upkeep\n|turn|6\n|\n|t:|1725994648\n|move|p1a: Brambleghast|Strength Sap|p2a: Gumshoos\n|-unboost|p2a: Gumshoos|atk|1\n|move|p2a: Gumshoos|Knock Off|p1a: Brambleghast\n|-supereffective|p1a: Brambleghast\n|-damage|p1a: Brambleghast|32/240\n|-enditem|p1a: Brambleghast|Leftovers|[from] move: Knock Off|[of] p2a: Gumshoos\n|\n|upkeep\n|turn|7\n|\n|t:|1725994654\n|switch|p2a: Toxtricity|Toxtricity, L82, M|257/257\n|move|p1a: Brambleghast|Strength Sap|p2a: Toxtricity\n|-unboost|p2a: Toxtricity|atk|1\n|-heal|p1a: Brambleghast|197/240\n|\n|upkeep\n|turn|8\n|\n|t:|1725994657\n|move|p2a: Toxtricity|Sludge Wave|p1a: Brambleghast\n|-damage|p1a: Brambleghast|80/240\n|move|p1a: Brambleghast|Spikes|p2a: Toxtricity\n|-sidestart|p2: Slim Workshop|Spikes\n|\n|upkeep\n|turn|9\n|\n|t:|1725994661\n|switch|p1a: Hitmontop|Hitmontop, L88, M|231/231\n|-ability|p1a: Hitmontop|Intimidate|boost\n|-unboost|p2a: Toxtricity|atk|1\n|move|p2a: Toxtricity|Sludge Wave|p1a: Hitmontop\n|-damage|p1a: Hitmontop|174/231\n|-status|p1a: Hitmontop|psn\n|\n|-damage|p1a: Hitmontop|146/231 psn|[from] psn\n|upkeep\n|turn|10\n|\n|t:|1725994737\n|switch|p2a: Hitmontop|Hitmontop, L88, M|231/231\n|-damage|p2a: Hitmontop|203/231|[from] Spikes\n|-ability|p2a: Hitmontop|Intimidate|boost\n|-unboost|p1a: Hitmontop|atk|1\n|move|p1a: Hitmontop|Earthquake|p2a: Hitmontop\n|-damage|p2a: Hitmontop|153/231\n|\n|-damage|p1a: Hitmontop|118/231 psn|[from] psn\n|upkeep\n|turn|11\n|\n|t:|1725994741\n|move|p1a: Hitmontop|Close Combat|p2a: Hitmontop\n|-damage|p2a: Hitmontop|72/231\n|-unboost|p1a: Hitmontop|def|1\n|-unboost|p1a: Hitmontop|spd|1\n|move|p2a: Hitmontop|Stone Edge|p1a: Hitmontop\n|-resisted|p1a: Hitmontop\n|-damage|p1a: Hitmontop|65/231 psn\n|\n|-damage|p1a: Hitmontop|37/231 psn|[from] psn\n|upkeep\n|turn|12\n|\n|t:|1725994745\n|switch|p1a: Brambleghast|Brambleghast, L88, M|80/240\n|move|p2a: Hitmontop|Rapid Spin|p1a: Brambleghast\n|-immune|p1a: Brambleghast\n|\n|upkeep\n|turn|13\n|\n|t:|1725994749\n|switch|p2a: Toxtricity|Toxtricity, L82, M|257/257\n|-damage|p2a: Toxtricity|225/257|[from] Spikes\n|move|p1a: Brambleghast|Strength Sap|p2a: Toxtricity\n|-unboost|p2a: Toxtricity|atk|1\n|-heal|p1a: Brambleghast|240/240\n|\n|upkeep\n|turn|14\n|\n|t:|1725994754\n|move|p2a: Toxtricity|Sludge Wave|p1a: Brambleghast\n|-damage|p1a: Brambleghast|111/240\n|move|p1a: Brambleghast|Poltergeist|p2a: Toxtricity\n|-activate|p2a: Toxtricity|move: Poltergeist|Choice Scarf\n|-damage|p2a: Toxtricity|36/257\n|\n|upkeep\n|turn|15\n|\n|t:|1725994758\n|switch|p1a: Iron Treads|Iron Treads, L77|265/265\n|move|p2a: Toxtricity|Sludge Wave|p1a: Iron Treads\n|-immune|p1a: Iron Treads\n|\n|upkeep\n|turn|16\n|\n|t:|1725994763\n|switch|p2a: Hitmontop|Hitmontop, L88, M|72/231\n|-damage|p2a: Hitmontop|44/231|[from] Spikes\n|-ability|p2a: Hitmontop|Intimidate|boost\n|-unboost|p1a: Iron Treads|atk|1\n|move|p1a: Iron Treads|Stealth Rock|p2a: Hitmontop\n|-sidestart|p2: Slim Workshop|move: Stealth Rock\n|\n|upkeep\n|turn|17\n|\n|t:|1725994769\n|move|p2a: Hitmontop|Sucker Punch|p1a: Iron Treads\n|-damage|p1a: Iron Treads|216/265\n|move|p1a: Iron Treads|Earthquake|p2a: Hitmontop\n|-damage|p2a: Hitmontop|0 fnt\n|faint|p2a: Hitmontop\n|\n|-heal|p1a: Iron Treads|232/265|[from] item: Leftovers\n|upkeep\n|\n|t:|1725994773\n|switch|p2a: Gumshoos|Gumshoos, L95, M|321/321\n|-damage|p2a: Gumshoos|281/321|[from] Spikes\n|-damage|p2a: Gumshoos|241/321|[from] Stealth Rock\n|turn|18\n|\n|t:|1725994776\n|-end|p1a: Iron Treads|Quark Drive|[silent]\n|switch|p1a: Hitmontop|Hitmontop, L88, M|37/231 psn\n|-ability|p1a: Hitmontop|Intimidate|boost\n|-unboost|p2a: Gumshoos|atk|1\n|move|p2a: Gumshoos|Earthquake|p1a: Hitmontop\n|-damage|p1a: Hitmontop|0 fnt\n|faint|p1a: Hitmontop\n|\n|upkeep\n|\n|t:|1725994778\n|switch|p1a: Brambleghast|Brambleghast, L88, M|111/240\n|turn|19\n|\n|t:|1725994784\n|switch|p2a: Toxtricity|Toxtricity, L82, M|36/257\n|-damage|p2a: Toxtricity|4/257|[from] Spikes\n|-damage|p2a: Toxtricity|0 fnt|[from] Stealth Rock\n|faint|p2a: Toxtricity\n|move|p1a: Brambleghast|Power Whip|p2: Toxtricity|[notarget]\n|-fail|p1a: Brambleghast\n|\n|upkeep\n|\n|t:|1725994787\n|switch|p2a: Miraidon|Miraidon, L65|238/238\n|-damage|p2a: Miraidon|209/238|[from] Spikes\n|-damage|p2a: Miraidon|180/238|[from] Stealth Rock\n|-fieldstart|move: Electric Terrain|[from] ability: Hadron Engine|[of] p2a: Miraidon\n|turn|20\n|\n|t:|1725994796\n|switch|p1a: Girafarig|Girafarig, L89, F|146/269\n|move|p2a: Miraidon|Draco Meteor|p1a: Girafarig\n|-damage|p1a: Girafarig|25/269\n|-unboost|p2a: Miraidon|spa|2\n|\n|-heal|p2a: Miraidon|194/238|[from] item: Leftovers\n|upkeep\n|turn|21\n|\n|t:|1725994849\n|switch|p1a: Iron Treads|Iron Treads, L77|232/265\n|-activate|p1a: Iron Treads|ability: Quark Drive\n|-start|p1a: Iron Treads|quarkdrivedef\n|move|p2a: Miraidon|Calm Mind|p2a: Miraidon\n|-boost|p2a: Miraidon|spa|1\n|-boost|p2a: Miraidon|spd|1\n|\n|-heal|p2a: Miraidon|208/238|[from] item: Leftovers\n|-heal|p1a: Iron Treads|248/265|[from] item: Leftovers\n|upkeep\n|turn|22\n|\n|t:|1725994854\n|move|p2a: Miraidon|Draco Meteor|p1a: Iron Treads\n|-resisted|p1a: Iron Treads\n|-damage|p1a: Iron Treads|185/265\n|-unboost|p2a: Miraidon|spa|2\n|move|p1a: Iron Treads|Earthquake|p2a: Miraidon\n|-supereffective|p2a: Miraidon\n|-damage|p2a: Miraidon|0 fnt\n|faint|p2a: Miraidon\n|\n|-heal|p1a: Iron Treads|201/265|[from] item: Leftovers\n|upkeep\n|l|\u2606Slim Workshop\n|player|p2|\n|inactive|Battle timer is ON: inactive players will automatically lose when time's up. (requested by Tinkatwink)\n|inactive|Slim Workshop has 30 seconds to reconnect!\n|inactive|Slim Workshop has 20 seconds to reconnect!\n|inactive|Slim Workshop has 15 seconds to reconnect!\n|inactive|Slim Workshop has 10 seconds to reconnect!\n|inactive|Slim Workshop has 5 seconds to reconnect!\n|-message|Slim Workshop lost due to inactivity.\n|\n|win|Tinkatwink\n|raw|Tinkatwink's rating: 2206 &rarr; <strong>2228</strong><br />(+22 for winning)\n|raw|Slim Workshop's rating: 2239 &rarr; <strong>2217</strong><br />(-22 for losing)\n|l|\u2606Tinkatwink\n|player|p1|\n", "inputlog": ">version 4aaeaf600b1c44f5d740f3e60432e126c6a1bdf3\n>start {\"formatid\":\"gen9randombattle\",\"seed\":[3754,8053,9613,7820],\"rated\":\"Rated battle\"}\n>player p1 {\"name\":\"Tinkatwink\",\"avatar\":\"tulip\",\"rating\":2206,\"seed\":[42744,8252,16969,12435]}\n>player p2 {\"name\":\"Slim Workshop\",\"avatar\":\"169\",\"rating\":2239,\"seed\":[26494,14635,65139,44056]}\n>p1 move earthquake\n>p2 switch 4\n>p1 switch 2\n>p2 move focusblast\n>p1 move shadowball\n>p2 move focusblast\n>p1 move psychic\n>p2 move recover\n>p1 switch 6\n>p2 switch 3\n>p1 move strengthsap\n>p2 move knockoff\n>p1 move strengthsap\n>p2 switch 6\n>p1 move spikes\n>p2 move sludgewave\n>p1 switch 2\n>p2 move sludgewave\n>p1 move earthquake\n>p2 switch 5\n>p1 move closecombat\n>p2 move stoneedge\n>p1 switch 2\n>p2 move rapidspin\n>p1 move strengthsap\n>p2 switch 5\n>p1 move poltergeist\n>p2 move sludgewave\n>p1 switch 5\n>p2 move sludgewave\n>p1 move stealthrock\n>p2 switch 5\n>p1 move earthquake\n>p2 move suckerpunch\n>p2 switch 6\n>p1 switch 2\n>p2 move earthquake\n>p1 switch 5\n>p1 move powerwhip\n>p2 switch 5\n>p2 switch 4\n>p1 switch 6\n>p2 move dracometeor\n>p1 switch 2\n>p2 move calmmind\n>p1 move earthquake\n>p2 move dracometeor\n>forcelose p2", "uploadtime": 1725995689, "views": 94, "formatid": "gen9randombattle", "rating": 2217, "private": 0, "password": null}