{"id": "gen9randombattle-2260693503", "format": "[Gen 9] Random Battle", "players": ["nakalas", "chicfilgay"], "log": "|j|\u2606nakalas\n|j|\u2606chicfilgay\n|t:|1733879281\n|gametype|singles\n|player|p1|nakalas|265|1479\n|player|p2|chicfilgay|169|1476\n|teamsize|p1|6\n|teamsize|p2|6\n|gen|9\n|tier|[Gen 9] Random Battle\n|rated|\n|rule|Species Clause: Limit one of each Pok\u00e9mon\n|rule|HP Percentage Mod: HP is shown in percentages\n|rule|Sleep Clause Mod: Limit one foe put to sleep\n|rule|Illusion Level Mod: Illusion disguises the Pok\u00e9mon's true level\n|\n|t:|1733879281\n|start\n|switch|p1a: Venomoth|Venomoth, L84, M|255/255\n|switch|p2a: Sunflora|Sunflora, M|312/312\n|turn|1\n|inactive|Battle timer is ON: inactive players will automatically lose when time's up. (requested by nakalas)\n|\n|t:|1733879296\n|switch|p2a: Meloetta|Meloetta, L82|298/298\n|move|p1a: Venomoth|Sludge Wave|p2a: Meloetta\n|-damage|p2a: Meloetta|229/298\n|\n|upkeep\n|turn|2\n|\n|t:|1733879308\n|move|p1a: Venomoth|Bug Buzz|p2a: Meloetta\n|-supereffective|p2a: Meloetta\n|-damage|p2a: Meloetta|89/298\n|move|p2a: Meloetta|Relic Song|p1a: Venomoth\n|-damage|p1a: Venomoth|113/255\n|-formechange|p2a: Meloetta|Meloetta-Pirouette|[msg]\n|-damage|p2a: Meloetta|60/298|[from] item: Life Orb\n|\n|upkeep\n|turn|3\n|\n|t:|1733879317\n|move|p2a: Meloetta|Triple Axel|p1a: Venomoth\n|-damage|p1a: Venomoth|82/255\n|-damage|p1a: Venomoth|21/255\n|-damage|p1a: Venomoth|0 fnt\n|faint|p1a: Venomoth\n|-hitcount|p1: Venomoth|3\n|-damage|p2a: Meloetta|31/298|[from] item: Life Orb\n|\n|upkeep\n|\n|t:|1733879338\n|switch|p1a: Klefki|Klefki, L84, M|233/233\n|turn|4\n|\n|t:|1733879352\n|move|p2a: Meloetta|Close Combat|p1a: Klefki\n|-damage|p1a: Klefki|26/233\n|-unboost|p2a: Meloetta|def|1\n|-unboost|p2a: Meloetta|spd|1\n|-damage|p2a: Meloetta|2/298|[from] item: Life Orb\n|move|p1a: Klefki|Foul Play|p2a: Meloetta\n|-resisted|p2a: Meloetta\n|-damage|p2a: Meloetta|0 fnt\n|faint|p2a: Meloetta\n|\n|-heal|p1a: Klefki|40/233|[from] item: Leftovers\n|upkeep\n|\n|t:|1733879364\n|switch|p2a: Incineroar|Incineroar, L82, M|290/290\n|-ability|p2a: Incineroar|Intimidate|boost\n|-unboost|p1a: Klefki|atk|1\n|turn|5\n|\n|t:|1733879373\n|switch|p1a: Ting-Lu|Ting-Lu, L78|370/370\n|-ability|p1a: Ting-Lu|Vessel of Ruin\n|move|p2a: Incineroar|Flare Blitz|p1a: Ting-Lu\n|-damage|p1a: Ting-Lu|267/370\n|-damage|p2a: Incineroar|256/290|[from] Recoil\n|\n|-heal|p1a: Ting-Lu|290/370|[from] item: Leftovers\n|upkeep\n|turn|6\n|\n|t:|1733879391\n|move|p2a: Incineroar|Parting Shot|p1a: Ting-Lu\n|-unboost|p1a: Ting-Lu|atk|1\n|-unboost|p1a: Ting-Lu|spa|1\n|\n|t:|1733879395\n|switch|p2a: Glastrier|Glastrier, L86|312/312|[from] Parting Shot\n|move|p1a: Ting-Lu|Stealth Rock|p2a: Glastrier\n|-sidestart|p2: chicfilgay|move: Stealth Rock\n|\n|-heal|p1a: Ting-Lu|313/370|[from] item: Leftovers\n|upkeep\n|turn|7\n|\n|t:|1733879410\n|move|p2a: Glastrier|Swords Dance|p2a: Glastrier\n|-boost|p2a: Glastrier|atk|2\n|move|p1a: Ting-Lu|Whirlwind|p2a: Glastrier\n|drag|p2a: Baxcalibur|Baxcalibur, L75, F|295/295\n|-damage|p2a: Baxcalibur|222/295|[from] Stealth Rock\n|\n|-heal|p1a: Ting-Lu|336/370|[from] item: Leftovers\n|upkeep\n|turn|8\n|\n|t:|1733879427\n|move|p2a: Baxcalibur|Icicle Spear|p1a: Ting-Lu\n|-supereffective|p1a: Ting-Lu\n|-damage|p1a: Ting-Lu|286/370\n|-supereffective|p1a: Ting-Lu\n|-damage|p1a: Ting-Lu|238/370\n|-supereffective|p1a: Ting-Lu\n|-damage|p1a: Ting-Lu|190/370\n|-supereffective|p1a: Ting-Lu\n|-damage|p1a: Ting-Lu|134/370\n|-hitcount|p1a: Ting-Lu|4\n|move|p1a: Ting-Lu|Earthquake|p2a: Baxcalibur\n|-damage|p2a: Baxcalibur|147/295\n|\n|-heal|p1a: Ting-Lu|157/370|[from] item: Leftovers\n|upkeep\n|turn|9\n|\n|t:|1733879450\n|switch|p1a: Klefki|Klefki, L84, M|40/233\n|move|p2a: Baxcalibur|Icicle Spear|p1a: Klefki\n|-resisted|p1a: Klefki\n|-damage|p1a: Klefki|25/233\n|-resisted|p1a: Klefki\n|-damage|p1a: Klefki|9/233\n|-resisted|p1a: Klefki\n|-damage|p1a: Klefki|0 fnt\n|faint|p1a: Klefki\n|-hitcount|p1: Klefki|3\n|\n|upkeep\n|inactive|nakalas has 120 seconds left.\n|\n|t:|1733879483\n|switch|p1a: Weavile|Weavile, L79, M|239/239\n|turn|10\n|\n|t:|1733879499\n|switch|p2a: Incineroar|Incineroar, L82, M|256/290\n|-ability|p2a: Incineroar|Intimidate|boost\n|-unboost|p1a: Weavile|atk|1\n|move|p1a: Weavile|Low Kick|p2a: Incineroar\n|-supereffective|p2a: Incineroar\n|-damage|p2a: Incineroar|134/290\n|\n|upkeep\n|turn|11\n|\n|t:|1733879511\n|switch|p1a: Ting-Lu|Ting-Lu, L78|157/370\n|-ability|p1a: Ting-Lu|Vessel of Ruin\n|move|p2a: Incineroar|Parting Shot|p1a: Ting-Lu\n|-unboost|p1a: Ting-Lu|atk|1\n|-unboost|p1a: Ting-Lu|spa|1\n|\n|t:|1733879520\n|switch|p2a: Koraidon|Koraidon, L64|235/235|[from] Parting Shot\n|-damage|p2a: Koraidon|221/235|[from] Stealth Rock\n|-weather|SunnyDay|[from] ability: Orichalcum Pulse|[of] p2a: Koraidon\n|-activate|p2a: Koraidon|Orichalcum Pulse|[source]\n|\n|-weather|SunnyDay|[upkeep]\n|-heal|p1a: Ting-Lu|180/370|[from] item: Leftovers\n|upkeep\n|turn|12\n|\n|t:|1733879530\n|move|p2a: Koraidon|Collision Course|p1a: Ting-Lu\n|-supereffective|p1a: Ting-Lu\n|-damage|p1a: Ting-Lu|0 fnt\n|faint|p1a: Ting-Lu\n|\n|-weather|SunnyDay|[upkeep]\n|upkeep\n|inactive|nakalas has 90 seconds left.\n|inactive|nakalas has 60 seconds left.\n|\n|t:|1733879576\n|switch|p1a: Luxray|Luxray, L88, M|284/284\n|-ability|p1a: Luxray|Intimidate|boost\n|-unboost|p2a: Koraidon|atk|1\n|turn|13\n|inactive|chicfilgay has 120 seconds left.\n|\n|t:|1733879610\n|switch|p2a: Incineroar|Incineroar, L82, M|134/290\n|-ability|p2a: Incineroar|Intimidate|boost\n|-unboost|p1a: Luxray|atk|1\n|move|p1a: Luxray|Play Rough|p2a: Incineroar\n|-damage|p2a: Incineroar|78/290\n|\n|-weather|SunnyDay|[upkeep]\n|upkeep\n|turn|14\n|inactive|nakalas has 60 seconds left.\n|\n|t:|1733879627\n|move|p1a: Luxray|Wild Charge|p2a: Incineroar\n|-damage|p2a: Incineroar|0 fnt\n|faint|p2a: Incineroar\n|-damage|p1a: Luxray|264/284|[from] Recoil\n|\n|-weather|SunnyDay|[upkeep]\n|upkeep\n|inactive|chicfilgay has 120 seconds left.\n|\n|t:|1733879654\n|switch|p2a: Glastrier|Glastrier, L86|312/312\n|turn|15\n|inactive|nakalas has 60 seconds left.\n|\n|t:|1733879681\n|move|p1a: Luxray|Volt Switch|p2a: Glastrier\n|-damage|p2a: Glastrier|249/312\n|\n|t:|1733879684\n|switch|p1a: Dragonite|Dragonite, L74, M|257/257|[from] Volt Switch\n|move|p2a: Glastrier|Swords Dance|p2a: Glastrier\n|-boost|p2a: Glastrier|atk|2\n|\n|-weather|none\n|upkeep\n|turn|16\n|inactive|nakalas has 60 seconds left.\n|inactive|chicfilgay has 120 seconds left.\n|\n|t:|1733879717\n|move|p1a: Dragonite|Outrage|p2a: Glastrier\n|-damage|p2a: Glastrier|152/312\n|move|p2a: Glastrier|Icicle Crash|p1a: Dragonite\n|-supereffective|p1a: Dragonite\n|-damage|p1a: Dragonite|0 fnt\n|faint|p1a: Dragonite\n|-ability|p2a: Glastrier|Chilling Neigh|boost\n|-boost|p2a: Glastrier|atk|1\n|\n|upkeep\n|\n|t:|1733879729\n|switch|p1a: Weavile|Weavile, L79, M|239/239\n|turn|17\n|\n|t:|1733879748\n|-terastallize|p1a: Weavile|Fighting\n|move|p1a: Weavile|Low Kick|p2a: Glastrier\n|-supereffective|p2a: Glastrier\n|-damage|p2a: Glastrier|0 fnt\n|faint|p2a: Glastrier\n|\n|upkeep\n|inactive|chicfilgay has 90 seconds left.\n|c|\u2606nakalas|oh i think itll be close\n|\n|t:|1733879767\n|switch|p2a: Koraidon|Koraidon, L64|221/235\n|-damage|p2a: Koraidon|207/235|[from] Stealth Rock\n|-weather|SunnyDay|[from] ability: Orichalcum Pulse|[of] p2a: Koraidon\n|-activate|p2a: Koraidon|Orichalcum Pulse|[source]\n|turn|18\n|inactive|nakalas has 60 seconds left.\n|\n|t:|1733879796\n|-terastallize|p2a: Koraidon|Fire\n|move|p1a: Weavile|Low Kick|p2a: Koraidon\n|-damage|p2a: Koraidon|0 fnt\n|faint|p2a: Koraidon\n|\n|-weather|SunnyDay|[upkeep]\n|upkeep\n|\n|t:|1733879802\n|switch|p2a: Sunflora|Sunflora, M|312/312\n|-damage|p2a: Sunflora|273/312|[from] Stealth Rock\n|turn|19\n|c|\u2606nakalas|OH ITS GOT CHLOROPHYLL\n|c|\u2606nakalas|smart\n|inactive|nakalas has 30 seconds left.\n|\n|t:|1733879836\n|switch|p1a: Luxray|Luxray, L88, M|264/284\n|-ability|p1a: Luxray|Intimidate|boost\n|-unboost|p2a: Sunflora|atk|1\n|move|p2a: Sunflora|Dazzling Gleam|p1a: Luxray\n|-damage|p1a: Luxray|170/284\n|\n|-weather|SunnyDay|[upkeep]\n|upkeep\n|turn|20\n|inactive|nakalas has 30 seconds left.\n|inactive|chicfilgay has 90 seconds left.\n|inactive|chicfilgay has 60 seconds left.\n|\n|t:|1733879901\n|move|p2a: Sunflora|Dazzling Gleam|p1a: Luxray\n|-damage|p1a: Luxray|82/284\n|move|p1a: Luxray|Play Rough|p2a: Sunflora\n|-damage|p2a: Sunflora|173/312\n|\n|-weather|SunnyDay|[upkeep]\n|upkeep\n|turn|21\n|inactive|nakalas has 30 seconds left.\n|inactive|chicfilgay has 60 seconds left.\n|\n|t:|1733879914\n|move|p2a: Sunflora|Dazzling Gleam|p1a: Luxray\n|-damage|p1a: Luxray|0 fnt\n|faint|p1a: Luxray\n|\n|-weather|SunnyDay|[upkeep]\n|upkeep\n|inactive|nakalas has 30 seconds left this turn.\n|inactive|nakalas has 20 seconds left.\n|\n|t:|1733879928\n|switch|p1a: Weavile|Weavile, L79, M, tera:Fighting|239/239\n|turn|22\n|inactive|nakalas has 30 seconds left this turn.\n|inactive|nakalas has 20 seconds left.\n|inactive|chicfilgay has 60 seconds left.\n|\n|t:|1733879973\n|switch|p2a: Baxcalibur|Baxcalibur, L75, F|147/295\n|-damage|p2a: Baxcalibur|74/295|[from] Stealth Rock\n|move|p1a: Weavile|Triple Axel|p2a: Baxcalibur\n|-damage|p2a: Baxcalibur|37/295\n|-damage|p2a: Baxcalibur|0 fnt\n|faint|p2a: Baxcalibur\n|-hitcount|p2: Baxcalibur|2\n|\n|-weather|none\n|upkeep\n|inactive|nakalas has 25 seconds left this turn.\n|\n|t:|1733879979\n|switch|p2a: Sunflora|Sunflora, M|173/312\n|-damage|p2a: Sunflora|134/312|[from] Stealth Rock\n|turn|23\n|inactive|nakalas has 30 seconds left.\n|\n|t:|1733879986\n|move|p1a: Weavile|Triple Axel|p2a: Sunflora\n|-supereffective|p2a: Sunflora\n|-damage|p2a: Sunflora|62/312\n|-supereffective|p2a: Sunflora\n|-damage|p2a: Sunflora|0 fnt\n|faint|p2a: Sunflora\n|-hitcount|p2: Sunflora|2\n|\n|win|nakalas\n|raw|nakalas's rating: 1479 &rarr; <strong>1499</strong><br />(+20 for winning)\n|raw|chicfilgay's rating: 1476 &rarr; <strong>1456</strong><br />(-20 for losing)\n|c|\u2606nakalas|gg\n", "inputlog": ">version bfd83cad13791eb5a5a409923076391caf6fb4d4\n>start {\"formatid\":\"gen9randombattle\",\"seed\":[2767,7986,5726,16502],\"rated\":\"Rated battle\"}\n>player p1 {\"name\":\"nakalas\",\"avatar\":\"265\",\"rating\":1479,\"seed\":[32049,17389,60211,60755]}\n>player p2 {\"name\":\"chicfilgay\",\"avatar\":\"169\",\"rating\":1476,\"seed\":[48587,53143,60348,48271]}\n>p1 move sludgewave\n>p2 switch 6\n>p1 move bugbuzz\n>p2 move relicsong\n>p1 move sludgewave\n>p2 move tripleaxel\n>p1 switch 5\n>p1 move foulplay\n>p2 move closecombat\n>p2 switch 4\n>p1 switch 4\n>p2 move flareblitz\n>p1 move stealthrock\n>p2 move partingshot\n>p2 switch 5\n>p1 move whirlwind\n>p2 move swordsdance\n>p1 move earthquake\n>p2 move iciclespear\n>p1 switch 4\n>p2 move iciclespear\n>p1 switch 3\n>p1 move lowkick\n>p2 switch 5\n>p1 switch 4\n>p2 move partingshot\n>p2 switch 3\n>p1 move earthquake\n>p2 move collisioncourse\n>p1 switch 2\n>p1 move playrough\n>p2 switch 3\n>p1 move wildcharge\n>p2 move flareblitz\n>p2 switch 2\n>p1 move voltswitch\n>p2 move swordsdance\n>p1 switch 6\n>p1 move outrage\n>p2 move iciclecrash\n>p1 switch 4\n>p1 move lowkick terastallize\n>p2 move closecombat\n>chat \u2606nakalas|oh i think itll be close\n>p2 switch 3\n>p1 move lowkick\n>p2 move flareblitz terastallize\n>p2 switch 6\n>chat \u2606nakalas|OH ITS GOT CHLOROPHYLL\n>chat \u2606nakalas|smart\n>p1 switch 6\n>p2 move dazzlinggleam\n>p1 move playrough\n>p2 move dazzlinggleam\n>p1 move playrough\n>p2 move dazzlinggleam\n>p1 switch 6\n>p1 move tripleaxel\n>p2 switch 5\n>p2 switch 5\n>p1 move tripleaxel\n>p2 move dazzlinggleam", "uploadtime": 1733879994, "views": 9, "formatid": "gen9randombattle", "rating": 1456, "private": 0, "password": null}