{"id": "gen9randombattle-2225995940", "format": "[Gen 9] Random Battle", "players": ["velvestrade", "randbatman"], "log": "|badge|p2|bronze|gen9randombattle|100-3\n|uhtml|medal-msg|<div class=\"broadcast-blue\">Curious what those medals under the avatar are? PS now has Ladder Seasons! For more information, check out the <a href=\"https://www.smogon.com/forums/threads/3740067/\">thread on Smogon.</a></div>\n|j|\u2606velvestrade\n|j|\u2606randbatman\n|t:|1729291244\n|gametype|singles\n|player|p1|velvestrade|miku-ground|2274\n|player|p2|randbatman|102|2257\n|teamsize|p1|6\n|teamsize|p2|6\n|gen|9\n|tier|[Gen 9] Random Battle\n|rated|\n|rule|Species Clause: Limit one of each Pok\u00e9mon\n|rule|HP Percentage Mod: HP is shown in percentages\n|rule|Sleep Clause Mod: Limit one foe put to sleep\n|rule|Illusion Level Mod: Illusion disguises the Pok\u00e9mon's true level\n|\n|t:|1729291244\n|start\n|switch|p1a: Necrozma|Necrozma-Dusk-Mane, L69|248/248\n|switch|p2a: Dragapult|Dragapult, L77, M|262/262\n|turn|1\n|inactive|Battle timer is ON: inactive players will automatically lose when time's up. (requested by velvestrade)\n|inactive|randbatman has 120 seconds left.\n|\n|t:|1729291298\n|switch|p2a: Kilowattrel|Kilowattrel, L83, F|252/252\n|move|p1a: Necrozma|Dragon Dance|p1a: Necrozma\n|-boost|p1a: Necrozma|atk|1\n|-boost|p1a: Necrozma|spe|1\n|\n|upkeep\n|turn|2\n|j| joylar\n|\n|t:|1729291320\n|switch|p1a: Terapagos|Terapagos, L76, F|262/262\n|-activate|p1a: Terapagos|ability: Tera Shift\n|detailschange|p1a: Terapagos|Terapagos-Terastal, L76, F\n|-heal|p1a: Terapagos|269/269|[silent]\n|move|p2a: Kilowattrel|Thunder Wave|p1a: Terapagos\n|-status|p1a: Terapagos|par\n|\n|upkeep\n|turn|3\n|\n|t:|1729291346\n|switch|p2a: Luvdisc|Luvdisc, F|247/247\n|cant|p1a: Terapagos|par\n|\n|upkeep\n|turn|4\n|\n|t:|1729291363\n|switch|p1a: Bellossom|Bellossom, L84, F|263/263\n|move|p2a: Luvdisc|Whirlpool|p1a: Bellossom\n|-resisted|p1a: Bellossom\n|-damage|p1a: Bellossom|250/263\n|-activate|p1a: Bellossom|move: Whirlpool|[of] p2a: Luvdisc\n|\n|-heal|p1a: Bellossom|263/263|[from] item: Leftovers\n|-damage|p1a: Bellossom|231/263|[from] move: Whirlpool|[partiallytrapped]\n|upkeep\n|turn|5\n|inactive|randbatman has 120 seconds left.\n|\n|t:|1729291399\n|switch|p2a: Minior|Minior-Violet, L79|224/224\n|-formechange|p2a: Minior|Minior-Meteor||[from] ability: Shields Down\n|move|p1a: Bellossom|Quiver Dance|p1a: Bellossom\n|-boost|p1a: Bellossom|spa|1\n|-boost|p1a: Bellossom|spd|1\n|-boost|p1a: Bellossom|spe|1\n|\n|-heal|p1a: Bellossom|247/263|[from] item: Leftovers\n|-end|p1a: Bellossom|Whirlpool|[partiallytrapped]|[silent]\n|upkeep\n|turn|6\n|\n|t:|1729291420\n|switch|p1a: Necrozma|Necrozma-Dusk-Mane, L69|248/248\n|move|p2a: Minior|Shell Smash|p2a: Minior\n|-unboost|p2a: Minior|def|1\n|-unboost|p2a: Minior|spd|1\n|-boost|p2a: Minior|atk|2\n|-boost|p2a: Minior|spa|2\n|-boost|p2a: Minior|spe|2\n|-enditem|p2a: Minior|White Herb\n|-clearnegativeboost|p2a: Minior|[silent]\n|\n|upkeep\n|turn|7\n|inactive|randbatman has 120 seconds left.\n|inactive|velvestrade has 120 seconds left.\n|\n|t:|1729291454\n|move|p2a: Minior|Earthquake|p1a: Necrozma\n|-supereffective|p1a: Necrozma\n|-damage|p1a: Necrozma|133/248\n|-enditem|p1a: Necrozma|Weakness Policy\n|-boost|p1a: Necrozma|atk|2|[from] item: Weakness Policy\n|-boost|p1a: Necrozma|spa|2|[from] item: Weakness Policy\n|move|p1a: Necrozma|Dragon Dance|p1a: Necrozma\n|-boost|p1a: Necrozma|atk|1\n|-boost|p1a: Necrozma|spe|1\n|\n|upkeep\n|turn|8\n|inactive|velvestrade has 120 seconds left.\n|inactive|randbatman has 90 seconds left.\n|\n|t:|1729291494\n|move|p2a: Minior|Shell Smash|p2a: Minior\n|-unboost|p2a: Minior|def|1\n|-unboost|p2a: Minior|spd|1\n|-boost|p2a: Minior|atk|2\n|-boost|p2a: Minior|spa|2\n|-boost|p2a: Minior|spe|2\n|move|p1a: Necrozma|Photon Geyser|p2a: Minior\n|-damage|p2a: Minior|0 fnt\n|faint|p2a: Minior\n|\n|upkeep\n|\n|t:|1729291502\n|switch|p2a: Dragapult|Dragapult, L77, M|262/262\n|turn|9\n|inactive|velvestrade has 120 seconds left.\n|\n|t:|1729291520\n|switch|p1a: Houndoom|Houndoom, L87, M|272/272\n|move|p2a: Dragapult|Shadow Ball|p1a: Houndoom\n|-resisted|p1a: Houndoom\n|-damage|p1a: Houndoom|215/272\n|\n|upkeep\n|turn|10\n|inactive|velvestrade has 120 seconds left.\n|\n|t:|1729291531\n|switch|p2a: Luvdisc|Luvdisc, F|247/247\n|move|p1a: Houndoom|Dark Pulse|p2a: Luvdisc\n|-damage|p2a: Luvdisc|151/247\n|\n|upkeep\n|turn|11\n|\n|t:|1729291541\n|switch|p2a: Falinks|Falinks, L85|249/249\n|switch|p1a: Bellossom|Bellossom, L84, F|247/263\n|\n|-heal|p1a: Bellossom|263/263|[from] item: Leftovers\n|upkeep\n|turn|12\n|\n|t:|1729291550\n|move|p2a: Falinks|No Retreat|p2a: Falinks\n|-boost|p2a: Falinks|atk|1\n|-boost|p2a: Falinks|def|1\n|-boost|p2a: Falinks|spa|1\n|-boost|p2a: Falinks|spd|1\n|-boost|p2a: Falinks|spe|1\n|-start|p2a: Falinks|move: No Retreat\n|move|p1a: Bellossom|Moonblast|p2a: Falinks\n|-supereffective|p2a: Falinks\n|-damage|p2a: Falinks|133/249\n|\n|upkeep\n|turn|13\n|\n|t:|1729291558\n|switch|p1a: Toxapex|Toxapex, L82, F|216/216\n|move|p2a: Falinks|Close Combat|p1a: Toxapex\n|-resisted|p1a: Toxapex\n|-damage|p1a: Toxapex|125/216\n|-unboost|p2a: Falinks|def|1\n|-unboost|p2a: Falinks|spd|1\n|-damage|p2a: Falinks|92/249|[from] item: Rocky Helmet|[of] p1a: Toxapex\n|-damage|p2a: Falinks|68/249|[from] item: Life Orb\n|\n|upkeep\n|turn|14\n|\n|t:|1729291568\n|move|p2a: Falinks|Knock Off|p1a: Toxapex\n|-damage|p1a: Toxapex|38/216\n|-damage|p2a: Falinks|27/249|[from] item: Rocky Helmet|[of] p1a: Toxapex\n|-enditem|p1a: Toxapex|Rocky Helmet|[from] move: Knock Off|[of] p2a: Falinks\n|-damage|p2a: Falinks|3/249|[from] item: Life Orb\n|move|p1a: Toxapex|Recover|p1a: Toxapex\n|-heal|p1a: Toxapex|146/216\n|\n|upkeep\n|turn|15\n|inactive|randbatman has 120 seconds left.\n|\n|t:|1729291577\n|move|p2a: Falinks|Close Combat|p1a: Toxapex\n|-resisted|p1a: Toxapex\n|-damage|p1a: Toxapex|65/216\n|-unboost|p2a: Falinks|def|1\n|-unboost|p2a: Falinks|spd|1\n|-damage|p2a: Falinks|0 fnt|[from] item: Life Orb\n|faint|p2a: Falinks\n|move|p1a: Toxapex|Recover|p1a: Toxapex\n|-heal|p1a: Toxapex|173/216\n|\n|upkeep\n|\n|t:|1729291581\n|switch|p2a: Kilowattrel|Kilowattrel, L83, F|252/252\n|turn|16\n|\n|t:|1729291601\n|switch|p1a: Necrozma|Necrozma-Dusk-Mane, L69|133/248\n|move|p2a: Kilowattrel|Thunderbolt|p1a: Necrozma\n|-damage|p1a: Necrozma|37/248\n|-status|p1a: Necrozma|par\n|\n|upkeep\n|turn|17\n|\n|t:|1729291607\n|move|p2a: Kilowattrel|Thunderbolt|p1a: Necrozma\n|-damage|p1a: Necrozma|0 fnt\n|faint|p1a: Necrozma\n|\n|upkeep\n|\n|t:|1729291612\n|switch|p1a: Terapagos|Terapagos-Terastal, L76, F|269/269 par\n|turn|18\n|\n|t:|1729291635\n|switch|p2a: Probopass|Probopass, L92, M|260/260\n|move|p1a: Terapagos|Calm Mind|p1a: Terapagos\n|-boost|p1a: Terapagos|spa|1\n|-boost|p1a: Terapagos|spd|1\n|\n|upkeep\n|turn|19\n|\n|t:|1729291649\n|switch|p2a: Kilowattrel|Kilowattrel, L83, F|252/252\n|move|p1a: Terapagos|Earth Power|p2a: Kilowattrel\n|-immune|p2a: Kilowattrel\n|\n|upkeep\n|turn|20\n|\n|t:|1729291665\n|switch|p2a: Luvdisc|Luvdisc, F|151/247\n|move|p1a: Terapagos|Tera Starstorm|p2a: Luvdisc\n|-damage|p2a: Luvdisc|0 fnt\n|faint|p2a: Luvdisc\n|\n|upkeep\n|\n|t:|1729291670\n|switch|p2a: Probopass|Probopass, L92, M|260/260\n|turn|21\n|\n|t:|1729291676\n|-terastallize|p2a: Probopass|Fighting\n|move|p2a: Probopass|Body Press|p1a: Terapagos\n|-activate|p1a: Terapagos|ability: Tera Shell\n|-resisted|p1a: Terapagos\n|-damage|p1a: Terapagos|208/269 par\n|move|p1a: Terapagos|Earth Power|p2a: Probopass\n|-damage|p2a: Probopass|212/260\n|\n|upkeep\n|turn|22\n|\n|t:|1729291687\n|switch|p1a: Toxapex|Toxapex, L82, F|216/216\n|move|p2a: Probopass|Body Press|p1a: Toxapex\n|-resisted|p1a: Toxapex\n|-crit|p1a: Toxapex\n|-damage|p1a: Toxapex|148/216\n|\n|upkeep\n|turn|23\n|\n|t:|1729291693\n|switch|p2a: Kilowattrel|Kilowattrel, L83, F|252/252\n|move|p1a: Toxapex|Toxic|p2a: Kilowattrel\n|-status|p2a: Kilowattrel|tox\n|\n|-damage|p2a: Kilowattrel|237/252 tox|[from] psn\n|upkeep\n|turn|24\n|\n|t:|1729291705\n|switch|p1a: Terapagos|Terapagos-Terastal, L76, F|208/269 par\n|move|p2a: Kilowattrel|Thunderbolt|p1a: Terapagos\n|-damage|p1a: Terapagos|111/269 par\n|\n|-damage|p2a: Kilowattrel|207/252 tox|[from] psn\n|upkeep\n|turn|25\n|\n|t:|1729291712\n|move|p2a: Kilowattrel|Hurricane|p1a: Terapagos\n|-damage|p1a: Terapagos|5/269 par\n|move|p1a: Terapagos|Rest|p1a: Terapagos\n|-status|p1a: Terapagos|slp|[from] move: Rest\n|-heal|p1a: Terapagos|269/269 slp|[silent]\n|-enditem|p1a: Terapagos|Chesto Berry|[eat]\n|-curestatus|p1a: Terapagos|slp|[msg]\n|\n|-damage|p2a: Kilowattrel|162/252 tox|[from] psn\n|upkeep\n|turn|26\n|-message|randbatman forfeited.\n|\n|win|velvestrade\n|raw|velvestrade's rating: 2274 &rarr; <strong>2293</strong><br />(+19 for winning)\n|raw|randbatman's rating: 2257 &rarr; <strong>2238</strong><br />(-19 for losing)\n|l|\u2606randbatman\n|player|p2|\n|c|\u2606velvestrade|ah\n|c|\u2606velvestrade|had masquerain in the back lmao\n", "inputlog": ">version 24b5ea12b3dbe77b1f0aa07975a48e3bd4b94ca5\n>start {\"formatid\":\"gen9randombattle\",\"seed\":[9636,4099,2428,6994],\"rated\":\"Rated battle\"}\n>player p1 {\"name\":\"velvestrade\",\"avatar\":\"miku-ground\",\"rating\":2274,\"seed\":[11446,29967,35309,48524]}\n>player p2 {\"name\":\"randbatman\",\"avatar\":\"102\",\"rating\":2257,\"seed\":[33541,20352,50902,18993]}\n>p1 move dragondance\n>p2 switch 5\n>p1 switch 2\n>p2 move thunderwave\n>p1 move terastarstorm\n>p2 switch 6\n>p1 switch 6\n>p2 move whirlpool\n>p1 move quiverdance\n>p2 switch 3\n>p1 switch 2\n>p2 move shellsmash\n>p1 move dragondance\n>p2 move earthquake\n>p1 move photongeyser\n>p2 move shellsmash\n>p2 switch 5\n>p1 switch 3\n>p2 move shadowball\n>p1 move darkpulse\n>p2 switch 3\n>p1 switch 2\n>p2 switch 2\n>p1 move moonblast\n>p2 move noretreat\n>p1 switch 5\n>p2 move closecombat\n>p1 move recover\n>p2 move knockoff\n>p1 move recover\n>p2 move closecombat\n>p2 switch 6\n>p1 switch 3\n>p2 move thunderbolt\n>p1 move photongeyser\n>p2 move thunderbolt\n>p1 switch 6\n>p1 move calmmind\n>p2 switch 4\n>p1 move earthpower\n>p2 switch 4\n>p1 move terastarstorm\n>p2 switch 2\n>p2 switch 4\n>p1 move earthpower\n>p2 move bodypress terastallize\n>p1 switch 3\n>p2 move bodypress\n>p1 move toxic\n>p2 switch 2\n>p1 switch 3\n>p2 move thunderbolt\n>p1 move rest\n>p2 move hurricane\n>forcelose p2", "uploadtime": 1729291739, "views": 54, "formatid": "gen9randombattle", "rating": 2238, "private": 0, "password": null}