{"id": "gen9randombattle-2260714585", "format": "[Gen 9] Random Battle", "players": ["bellenguer2", "Phalaropus"], "log": "|j|\u2606bellenguer2\n|j|\u2606Phalaropus\n|t:|1733881959\n|gametype|singles\n|player|p1|bellenguer2|dawn|1584\n|player|p2|Phalaropus|170|1582\n|teamsize|p1|6\n|teamsize|p2|6\n|gen|9\n|tier|[Gen 9] Random Battle\n|rated|\n|rule|Species Clause: Limit one of each Pok\u00e9mon\n|rule|HP Percentage Mod: HP is shown in percentages\n|rule|Sleep Clause Mod: Limit one foe put to sleep\n|rule|Illusion Level Mod: Illusion disguises the Pok\u00e9mon's true level\n|\n|t:|1733881959\n|start\n|switch|p1a: Yanmega|Yanmega, L82, F|275/275\n|switch|p2a: Regidrago|Regidrago, L77|435/435\n|turn|1\n|\n|t:|1733881973\n|move|p1a: Yanmega|Protect|p1a: Yanmega\n|-singleturn|p1a: Yanmega|Protect\n|move|p2a: Regidrago|Dragon Dance|p2a: Regidrago\n|-boost|p2a: Regidrago|atk|1\n|-boost|p2a: Regidrago|spe|1\n|\n|-ability|p1a: Yanmega|Speed Boost|boost\n|-boost|p1a: Yanmega|spe|1\n|upkeep\n|turn|2\n|\n|t:|1733881980\n|move|p1a: Yanmega|Air Slash|p2a: Regidrago\n|-damage|p2a: Regidrago|297/435\n|move|p2a: Regidrago|Dragon Claw|p1a: Yanmega\n|-damage|p1a: Yanmega|72/275\n|-damage|p2a: Regidrago|254/435|[from] item: Life Orb\n|\n|-ability|p1a: Yanmega|Speed Boost|boost\n|-boost|p1a: Yanmega|spe|1\n|upkeep\n|turn|3\n|\n|t:|1733881989\n|move|p1a: Yanmega|Air Slash|p2a: Regidrago|[miss]\n|-miss|p1a: Yanmega|p2a: Regidrago\n|move|p2a: Regidrago|Dragon Claw|p1a: Yanmega\n|-damage|p1a: Yanmega|0 fnt\n|faint|p1a: Yanmega\n|-damage|p2a: Regidrago|211/435|[from] item: Life Orb\n|\n|upkeep\n|\n|t:|1733882012\n|switch|p1a: Rampardos|Rampardos, L90, F|321/321\n|turn|4\n|\n|t:|1733882019\n|move|p2a: Regidrago|Earthquake|p1a: Rampardos\n|-supereffective|p1a: Rampardos\n|-damage|p1a: Rampardos|17/321\n|-damage|p2a: Regidrago|168/435|[from] item: Life Orb\n|move|p1a: Rampardos|Head Smash|p2a: Regidrago\n|-damage|p2a: Regidrago|0 fnt\n|faint|p2a: Regidrago\n|-damage|p1a: Rampardos|0 fnt|[from] Recoil\n|faint|p1a: Rampardos\n|\n|upkeep\n|\n|t:|1733882048\n|switch|p2a: Raikou|Raikou, L81|278/278\n|switch|p1a: Komala|Komala, L89, F|260/260\n|-ability|p2a: Raikou|Pressure\n|-ability|p1a: Komala|Comatose\n|turn|5\n|\n|t:|1733882057\n|move|p2a: Raikou|Calm Mind|p2a: Raikou\n|-boost|p2a: Raikou|spa|1\n|-boost|p2a: Raikou|spd|1\n|move|p1a: Komala|Double-Edge|p2a: Raikou\n|-damage|p2a: Raikou|20/278\n|-damage|p1a: Komala|175/260|[from] Recoil\n|\n|-heal|p2a: Raikou|37/278|[from] item: Leftovers\n|upkeep\n|turn|6\n|\n|t:|1733882061\n|move|p2a: Raikou|Thunderbolt|p1a: Komala\n|-damage|p1a: Komala|42/260\n|move|p1a: Komala|Double-Edge|p2a: Raikou\n|-damage|p2a: Raikou|0 fnt\n|faint|p2a: Raikou\n|-damage|p1a: Komala|30/260|[from] Recoil\n|\n|upkeep\n|\n|t:|1733882069\n|switch|p2a: Samurott|Samurott, L88, F|310/310\n|turn|7\n|\n|t:|1733882077\n|move|p2a: Samurott|Grass Knot|p1a: Komala\n|-damage|p1a: Komala|1/260\n|move|p1a: Komala|Double-Edge|p2a: Samurott\n|-damage|p2a: Samurott|54/310\n|-damage|p1a: Komala|0 fnt|[from] Recoil\n|faint|p1a: Komala\n|\n|upkeep\n|\n|t:|1733882092\n|switch|p1a: Sneasler|Sneasler, L74, F|240/240\n|turn|8\n|\n|t:|1733882095\n|move|p2a: Samurott|Aqua Jet|p1a: Sneasler\n|-damage|p1a: Sneasler|140/240\n|move|p1a: Sneasler|U-turn|p2a: Samurott\n|-damage|p2a: Samurott|0 fnt\n|faint|p2a: Samurott\n|\n|t:|1733882104\n|switch|p1a: Wugtrio|Wugtrio, L91, M|212/212|[from] U-turn\n|\n|upkeep\n|\n|t:|1733882108\n|switch|p2a: Thundurus|Thundurus-Therian, L80, M|258/258\n|turn|9\n|\n|t:|1733882118\n|-terastallize|p1a: Wugtrio|Dark\n|move|p1a: Wugtrio|Liquidation|p2a: Thundurus\n|-damage|p2a: Thundurus|57/258\n|move|p2a: Thundurus|Thunderbolt|p1a: Wugtrio\n|-damage|p1a: Wugtrio|8/212\n|\n|upkeep\n|turn|10\n|\n|t:|1733882128\n|move|p1a: Wugtrio|Liquidation|p2a: Thundurus\n|-damage|p2a: Thundurus|0 fnt\n|faint|p2a: Thundurus\n|\n|upkeep\n|\n|t:|1733882133\n|switch|p2a: Torkoal|Torkoal, L88, M|266/266\n|-weather|SunnyDay|[from] ability: Drought|[of] p2a: Torkoal\n|turn|11\n|\n|t:|1733882137\n|move|p1a: Wugtrio|Liquidation|p2a: Torkoal\n|-supereffective|p2a: Torkoal\n|-damage|p2a: Torkoal|156/266\n|move|p2a: Torkoal|Rapid Spin|p1a: Wugtrio\n|-damage|p1a: Wugtrio|0 fnt\n|-boost|p2a: Torkoal|spe|1\n|-ability|p1a: Wugtrio|Gooey\n|-unboost|p2a: Torkoal|spe|1\n|faint|p1a: Wugtrio\n|\n|-weather|SunnyDay|[upkeep]\n|upkeep\n|\n|t:|1733882153\n|switch|p1a: Sneasler|Sneasler, L74, F|140/240\n|turn|12\n|\n|t:|1733882160\n|move|p1a: Sneasler|Close Combat|p2a: Torkoal\n|-damage|p2a: Torkoal|24/266\n|-unboost|p1a: Sneasler|def|1\n|-unboost|p1a: Sneasler|spd|1\n|move|p2a: Torkoal|Yawn|p1a: Sneasler\n|-start|p1a: Sneasler|move: Yawn|[of] p2a: Torkoal\n|\n|-weather|SunnyDay|[upkeep]\n|upkeep\n|turn|13\n|\n|t:|1733882167\n|move|p1a: Sneasler|Close Combat|p2a: Torkoal\n|-damage|p2a: Torkoal|0 fnt\n|-unboost|p1a: Sneasler|def|1\n|-unboost|p1a: Sneasler|spd|1\n|faint|p2a: Torkoal\n|\n|-weather|SunnyDay|[upkeep]\n|-end|p1a: Sneasler|move: Yawn|[silent]\n|-status|p1a: Sneasler|slp\n|upkeep\n|\n|t:|1733882170\n|switch|p2a: Darkrai|Darkrai, L77|234/234\n|turn|14\n|\n|t:|1733882173\n|move|p2a: Darkrai|Nasty Plot|p2a: Darkrai\n|-boost|p2a: Darkrai|spa|2\n|cant|p1a: Sneasler|slp\n|\n|-weather|SunnyDay|[upkeep]\n|-damage|p1a: Sneasler|110/240 slp|[from] ability: Bad Dreams|[of] p2a: Darkrai\n|upkeep\n|turn|15\n|\n|t:|1733882188\n|-terastallize|p2a: Darkrai|Poison\n|move|p2a: Darkrai|Dark Pulse|p1a: Sneasler\n|-resisted|p1a: Sneasler\n|-damage|p1a: Sneasler|0 fnt\n|faint|p1a: Sneasler\n|-damage|p2a: Darkrai|211/234|[from] item: Life Orb\n|\n|-weather|none\n|upkeep\n|\n|t:|1733882192\n|switch|p1a: Rabsca|Rabsca, L91, M|284/284\n|turn|16\n|\n|t:|1733882197\n|move|p2a: Darkrai|Dark Pulse|p1a: Rabsca\n|-supereffective|p1a: Rabsca\n|-damage|p1a: Rabsca|0 fnt\n|faint|p1a: Rabsca\n|-damage|p2a: Darkrai|188/234|[from] item: Life Orb\n|\n|win|Phalaropus\n|raw|bellenguer2's rating: 1584 &rarr; <strong>1564</strong><br />(-20 for losing)\n|raw|Phalaropus's rating: 1582 &rarr; <strong>1602</strong><br />(+20 for winning)\n|l|\u2606Phalaropus\n|player|p2|\n", "inputlog": ">version bfd83cad13791eb5a5a409923076391caf6fb4d4\n>start {\"formatid\":\"gen9randombattle\",\"seed\":[36802,50115,43805,35863],\"rated\":\"Rated battle\"}\n>player p1 {\"name\":\"bellenguer2\",\"avatar\":\"dawn\",\"rating\":1584,\"seed\":[26284,24609,39252,3254]}\n>player p2 {\"name\":\"Phalaropus\",\"avatar\":\"170\",\"rating\":1582,\"seed\":[59512,5567,41182,44781]}\n>p1 move protect\n>p2 move dragondance\n>p1 move airslash\n>p2 move dragonclaw\n>p1 move airslash\n>p2 move dragonclaw\n>p1 switch 4\n>p1 move headsmash\n>p2 move earthquake\n>p1 switch 3\n>p2 switch 6\n>p1 move doubleedge\n>p2 move calmmind\n>p1 move doubleedge\n>p2 move thunderbolt\n>p2 switch 5\n>p1 move doubleedge\n>p2 move grassknot\n>p1 switch 2\n>p1 move uturn\n>p2 move aquajet\n>p1 switch 5\n>p2 switch 3\n>p1 move liquidation terastallize\n>p2 move thunderbolt\n>p1 move liquidation\n>p2 move thunderbolt\n>p2 switch 4\n>p1 move liquidation\n>p2 move rapidspin\n>p1 switch 5\n>p1 move closecombat\n>p2 move yawn\n>p1 move closecombat\n>p2 move lavaplume\n>p2 switch 2\n>p1 move closecombat\n>p2 move nastyplot\n>p1 move closecombat\n>p2 move darkpulse terastallize\n>p1 switch 6\n>p1 move revivalblessing\n>p2 move darkpulse", "uploadtime": 1733882206, "views": 2, "formatid": "gen9randombattle", "rating": 1564, "private": 0, "password": null}