{"id": "gen9randombattle-2260726154", "format": "[Gen 9] Random Battle", "players": ["BrutalBjoern", "pokemonboy3000"], "log": "|j|\u2606BrutalBjoern\n|j|\u2606pokemonboy3000\n|t:|1733883479\n|gametype|singles\n|player|p1|BrutalBjoern|winona|2203\n|player|p2|pokemonboy3000|harlequin|2239\n|teamsize|p1|6\n|teamsize|p2|6\n|gen|9\n|tier|[Gen 9] Random Battle\n|rated|\n|rule|Species Clause: Limit one of each Pok\u00e9mon\n|rule|HP Percentage Mod: HP is shown in percentages\n|rule|Sleep Clause Mod: Limit one foe put to sleep\n|rule|Illusion Level Mod: Illusion disguises the Pok\u00e9mon's true level\n|\n|t:|1733883479\n|start\n|switch|p1a: Klawf|Klawf, L90, F|272/272\n|switch|p2a: Raichu|Raichu, L88, M|249/249\n|turn|1\n|\n|t:|1733883504\n|move|p2a: Raichu|Thunderbolt|p1a: Klawf\n|-damage|p1a: Klawf|111/272\n|-damage|p2a: Raichu|225/249|[from] item: Life Orb\n|move|p1a: Klawf|Stealth Rock|p2a: Raichu\n|-sidestart|p2: pokemonboy3000|move: Stealth Rock\n|\n|upkeep\n|turn|2\n|c|\u2606pokemonboy3000|good luck have fu !\n|c|\u2606pokemonboy3000|fun!\n|c|\u2606BrutalBjoern|u2\n|\n|t:|1733883520\n|switch|p1a: Pachirisu|Pachirisu, L96, F|271/271\n|move|p2a: Raichu|Thunderbolt|p1a: Pachirisu\n|-immune|p1a: Pachirisu|[from] ability: Volt Absorb\n|\n|upkeep\n|turn|3\n|\n|t:|1733883533\n|switch|p2a: Chansey|Chansey, L85, F|564/564\n|-damage|p2a: Chansey|494/564|[from] Stealth Rock\n|move|p1a: Pachirisu|Nuzzle|p2a: Chansey\n|-damage|p2a: Chansey|455/564\n|-status|p2a: Chansey|par\n|\n|upkeep\n|turn|4\n|\n|t:|1733883545\n|move|p1a: Pachirisu|U-turn|p2a: Chansey\n|-damage|p2a: Chansey|375/564 par\n|\n|t:|1733883558\n|switch|p1a: Wugtrio|Wugtrio, L91, F|212/212|[from] U-turn\n|move|p2a: Chansey|Thunder Wave|p1a: Wugtrio\n|-status|p1a: Wugtrio|par\n|\n|upkeep\n|turn|5\n|\n|t:|1733883568\n|-curestatus|p2a: Chansey|par|[from] ability: Natural Cure\n|switch|p2a: Inteleon|Inteleon, L81, F|246/246\n|-damage|p2a: Inteleon|216/246|[from] Stealth Rock\n|cant|p1a: Wugtrio|par\n|\n|upkeep\n|turn|6\n|c|\u2606BrutalBjoern|okok I see you\n|\n|t:|1733883580\n|move|p2a: Inteleon|Dark Pulse|p1a: Wugtrio\n|-damage|p1a: Wugtrio|103/212 par\n|cant|p1a: Wugtrio|par\n|\n|upkeep\n|turn|7\n|\n|t:|1733883592\n|switch|p1a: Pachirisu|Pachirisu, L96, F|271/271\n|move|p2a: Inteleon|Dark Pulse|p1a: Pachirisu\n|-damage|p1a: Pachirisu|213/271\n|\n|upkeep\n|turn|8\n|c|\u2606pokemonboy3000|sorry bou the double para\n|c|\u2606BrutalBjoern|no worries\n|\n|t:|1733883602\n|switch|p2a: Chansey|Chansey, L85, F|375/564\n|-damage|p2a: Chansey|305/564|[from] Stealth Rock\n|move|p1a: Pachirisu|U-turn|p2a: Chansey\n|-crit|p2a: Chansey\n|-damage|p2a: Chansey|184/564\n|\n|t:|1733883618\n|switch|p1a: Klawf|Klawf, L90, F|201/272|[from] U-turn\n|\n|upkeep\n|turn|9\n|\n|t:|1733883626\n|switch|p2a: Raichu|Raichu, L88, M|225/249\n|-damage|p2a: Raichu|194/249|[from] Stealth Rock\n|move|p1a: Klawf|Knock Off|p2a: Raichu\n|-damage|p2a: Raichu|50/249\n|-enditem|p2a: Raichu|Life Orb|[from] move: Knock Off|[of] p1a: Klawf\n|-damage|p1a: Klawf|174/272|[from] item: Life Orb\n|\n|upkeep\n|turn|10\n|\n|t:|1733883637\n|switch|p1a: Shiftry|Shiftry, L89, M|305/305\n|move|p2a: Raichu|Nasty Plot|p2a: Raichu\n|-boost|p2a: Raichu|spa|2\n|\n|upkeep\n|turn|11\n|\n|t:|1733883644\n|move|p1a: Shiftry|Sucker Punch|p2a: Raichu\n|-damage|p2a: Raichu|0 fnt\n|faint|p2a: Raichu\n|-damage|p1a: Shiftry|275/305|[from] item: Life Orb\n|\n|upkeep\n|\n|t:|1733883651\n|switch|p2a: Iron Valiant|Iron Valiant, L78|244/244\n|-damage|p2a: Iron Valiant|229/244|[from] Stealth Rock\n|turn|12\n|\n|t:|1733883666\n|-terastallize|p1a: Shiftry|Poison\n|move|p2a: Iron Valiant|Moonblast|p1a: Shiftry\n|-resisted|p1a: Shiftry\n|-damage|p1a: Shiftry|184/305\n|-damage|p2a: Iron Valiant|205/244|[from] item: Life Orb\n|move|p1a: Shiftry|Leaf Storm|p2a: Iron Valiant\n|-damage|p2a: Iron Valiant|0 fnt\n|-unboost|p1a: Shiftry|spa|2\n|faint|p2a: Iron Valiant\n|-end|p2a: Iron Valiant|Quark Drive|[silent]\n|-damage|p1a: Shiftry|154/305|[from] item: Life Orb\n|\n|upkeep\n|\n|t:|1733883684\n|switch|p2a: Salazzle|Salazzle, L83, F|249/249\n|-damage|p2a: Salazzle|187/249|[from] Stealth Rock\n|turn|13\n|\n|t:|1733883693\n|switch|p1a: Klawf|Klawf, L90, F|264/272\n|move|p2a: Salazzle|Substitute|p2a: Salazzle\n|-start|p2a: Salazzle|Substitute\n|-damage|p2a: Salazzle|125/249\n|\n|-heal|p2a: Salazzle|140/249|[from] item: Leftovers\n|upkeep\n|turn|14\n|\n|t:|1733883706\n|switch|p1a: Wugtrio|Wugtrio, L91, F|103/212 par\n|move|p2a: Salazzle|Toxic||[still]\n|-fail|p2a: Salazzle\n|\n|-heal|p2a: Salazzle|155/249|[from] item: Leftovers\n|upkeep\n|turn|15\n|\n|t:|1733883711\n|move|p1a: Wugtrio|Aqua Jet|p2a: Salazzle\n|-supereffective|p2a: Salazzle\n|-end|p2a: Salazzle|Substitute\n|move|p2a: Salazzle|Flamethrower|p1a: Wugtrio\n|-resisted|p1a: Wugtrio\n|-damage|p1a: Wugtrio|41/212 par\n|\n|-heal|p2a: Salazzle|170/249|[from] item: Leftovers\n|upkeep\n|turn|16\n|\n|t:|1733883716\n|move|p2a: Salazzle|Protect|p2a: Salazzle\n|-singleturn|p2a: Salazzle|Protect\n|cant|p1a: Wugtrio|par\n|\n|-heal|p2a: Salazzle|185/249|[from] item: Leftovers\n|upkeep\n|turn|17\n|\n|t:|1733883722\n|switch|p2a: Inteleon|Inteleon, L81, F|216/246\n|-damage|p2a: Inteleon|186/246|[from] Stealth Rock\n|cant|p1a: Wugtrio|par\n|\n|upkeep\n|turn|18\n|\n|t:|1733883727\n|switch|p1a: Pachirisu|Pachirisu, L96, F|213/271\n|move|p2a: Inteleon|Hydro Pump|p1a: Pachirisu\n|-damage|p1a: Pachirisu|104/271\n|\n|upkeep\n|turn|19\n|\n|t:|1733883751\n|move|p2a: Inteleon|Hydro Pump|p1a: Pachirisu|[miss]\n|-miss|p2a: Inteleon|p1a: Pachirisu\n|move|p1a: Pachirisu|Thunderbolt|p2a: Inteleon\n|-supereffective|p2a: Inteleon\n|-damage|p2a: Inteleon|6/246\n|-status|p2a: Inteleon|par\n|\n|upkeep\n|turn|20\n|c|\u2606BrutalBjoern|oof\n|c|\u2606BrutalBjoern|mb\n|\n|t:|1733883767\n|move|p1a: Pachirisu|Thunderbolt|p2a: Inteleon\n|-supereffective|p2a: Inteleon\n|-damage|p2a: Inteleon|0 fnt\n|faint|p2a: Inteleon\n|\n|upkeep\n|c|\u2606pokemonboy3000|hapoens\n|\n|t:|1733883771\n|switch|p2a: Chansey|Chansey, L85, F|184/564\n|-damage|p2a: Chansey|114/564|[from] Stealth Rock\n|turn|21\n|\n|t:|1733883776\n|move|p1a: Pachirisu|Nuzzle|p2a: Chansey\n|-crit|p2a: Chansey\n|-damage|p2a: Chansey|51/564\n|-status|p2a: Chansey|par\n|move|p2a: Chansey|Soft-Boiled|p2a: Chansey\n|-heal|p2a: Chansey|333/564 par\n|\n|upkeep\n|turn|22\n|\n|t:|1733883782\n|move|p1a: Pachirisu|U-turn|p2a: Chansey\n|-damage|p2a: Chansey|239/564 par\n|\n|t:|1733883790\n|switch|p1a: Klawf|Klawf, L90, F|272/272|[from] U-turn\n|move|p2a: Chansey|Soft-Boiled|p2a: Chansey\n|-heal|p2a: Chansey|521/564 par\n|\n|upkeep\n|turn|23\n|\n|t:|1733883794\n|move|p1a: Klawf|Knock Off|p2a: Chansey\n|-damage|p2a: Chansey|262/564 par\n|-enditem|p2a: Chansey|Eviolite|[from] move: Knock Off|[of] p1a: Klawf\n|-damage|p1a: Klawf|245/272|[from] item: Life Orb\n|move|p2a: Chansey|Thunder Wave|p1a: Klawf\n|-status|p1a: Klawf|par\n|\n|upkeep\n|turn|24\n|\n|t:|1733883800\n|cant|p1a: Klawf|par\n|cant|p2a: Chansey|par\n|\n|upkeep\n|turn|25\n|\n|t:|1733883804\n|move|p1a: Klawf|Knock Off|p2a: Chansey\n|-damage|p2a: Chansey|19/564 par\n|-damage|p1a: Klawf|218/272 par|[from] item: Life Orb\n|move|p2a: Chansey|Soft-Boiled|p2a: Chansey\n|-heal|p2a: Chansey|301/564 par\n|\n|upkeep\n|turn|26\n|\n|t:|1733883812\n|move|p1a: Klawf|Stone Edge|p2a: Chansey\n|-damage|p2a: Chansey|0 fnt\n|faint|p2a: Chansey\n|-damage|p1a: Klawf|191/272 par|[from] item: Life Orb\n|\n|upkeep\n|\n|t:|1733883822\n|switch|p2a: Salazzle|Salazzle, L83, F|185/249\n|-damage|p2a: Salazzle|123/249|[from] Stealth Rock\n|turn|27\n|\n|t:|1733883829\n|move|p2a: Salazzle|Protect|p2a: Salazzle\n|-singleturn|p2a: Salazzle|Protect\n|cant|p1a: Klawf|par\n|\n|-heal|p2a: Salazzle|138/249|[from] item: Leftovers\n|upkeep\n|turn|28\n|\n|t:|1733883831\n|move|p2a: Salazzle|Substitute|p2a: Salazzle\n|-start|p2a: Salazzle|Substitute\n|-damage|p2a: Salazzle|76/249\n|cant|p1a: Klawf|par\n|\n|-heal|p2a: Salazzle|91/249|[from] item: Leftovers\n|upkeep\n|turn|29\n|\n|t:|1733883837\n|move|p2a: Salazzle|Flamethrower|p1a: Klawf\n|-resisted|p1a: Klawf\n|-damage|p1a: Klawf|120/272 par\n|cant|p1a: Klawf|par\n|\n|-heal|p2a: Salazzle|106/249|[from] item: Leftovers\n|upkeep\n|turn|30\n|\n|t:|1733883842\n|move|p2a: Salazzle|Flamethrower|p1a: Klawf\n|-resisted|p1a: Klawf\n|-damage|p1a: Klawf|50/272 par\n|cant|p1a: Klawf|par\n|\n|-heal|p2a: Salazzle|121/249|[from] item: Leftovers\n|upkeep\n|turn|31\n|\n|t:|1733883847\n|switch|p1a: Pachirisu|Pachirisu, L96, F|104/271\n|move|p2a: Salazzle|Flamethrower|p1a: Pachirisu\n|-damage|p1a: Pachirisu|44/271\n|\n|-heal|p2a: Salazzle|136/249|[from] item: Leftovers\n|upkeep\n|turn|32\n|\n|t:|1733883850\n|move|p2a: Salazzle|Flamethrower|p1a: Pachirisu\n|-damage|p1a: Pachirisu|0 fnt\n|faint|p1a: Pachirisu\n|\n|-heal|p2a: Salazzle|151/249|[from] item: Leftovers\n|upkeep\n|\n|t:|1733883853\n|switch|p1a: Klawf|Klawf, L90, F|140/272 par\n|turn|33\n|\n|t:|1733883862\n|move|p2a: Salazzle|Flamethrower|p1a: Klawf\n|-resisted|p1a: Klawf\n|-damage|p1a: Klawf|68/272 par\n|move|p1a: Klawf|Knock Off|p2a: Salazzle\n|-end|p2a: Salazzle|Substitute\n|-damage|p1a: Klawf|41/272 par|[from] item: Life Orb\n|\n|-heal|p2a: Salazzle|166/249|[from] item: Leftovers\n|upkeep\n|turn|34\n|\n|t:|1733883869\n|move|p2a: Salazzle|Substitute|p2a: Salazzle\n|-start|p2a: Salazzle|Substitute\n|-damage|p2a: Salazzle|104/249\n|cant|p1a: Klawf|par\n|\n|-heal|p2a: Salazzle|119/249|[from] item: Leftovers\n|upkeep\n|turn|35\n|\n|t:|1733883877\n|switch|p1a: Shiftry|Shiftry, L89, M, tera:Poison|154/305\n|move|p2a: Salazzle|Flamethrower|p1a: Shiftry\n|-damage|p1a: Shiftry|21/305\n|\n|-heal|p2a: Salazzle|134/249|[from] item: Leftovers\n|upkeep\n|turn|36\n|\n|t:|1733883882\n|move|p2a: Salazzle|Protect|p2a: Salazzle\n|-singleturn|p2a: Salazzle|Protect\n|move|p1a: Shiftry|Sucker Punch||[still]\n|-fail|p1a: Shiftry\n|\n|-heal|p2a: Salazzle|149/249|[from] item: Leftovers\n|upkeep\n|turn|37\n|\n|t:|1733883885\n|move|p2a: Salazzle|Toxic|p1a: Shiftry\n|-status|p1a: Shiftry|tox\n|move|p1a: Shiftry|Knock Off|p2a: Salazzle\n|-end|p2a: Salazzle|Substitute\n|-damage|p1a: Shiftry|0 fnt|[from] item: Life Orb\n|faint|p1a: Shiftry\n|\n|-heal|p2a: Salazzle|164/249|[from] item: Leftovers\n|upkeep\n|\n|t:|1733883891\n|switch|p1a: Wugtrio|Wugtrio, L91, F|41/212 par\n|turn|38\n|\n|t:|1733883895\n|move|p2a: Salazzle|Protect|p2a: Salazzle\n|-singleturn|p2a: Salazzle|Protect\n|move|p1a: Wugtrio|Aqua Jet|p2a: Salazzle\n|-activate|p2a: Salazzle|move: Protect\n|\n|-heal|p2a: Salazzle|179/249|[from] item: Leftovers\n|upkeep\n|turn|39\n|\n|t:|1733883906\n|switch|p2a: Politoed|Politoed, L88, M|302/302\n|-damage|p2a: Politoed|265/302|[from] Stealth Rock\n|-weather|RainDance|[from] ability: Drizzle|[of] p2a: Politoed\n|cant|p1a: Wugtrio|par\n|\n|-weather|RainDance|[upkeep]\n|upkeep\n|turn|40\n|\n|t:|1733883920\n|switch|p1a: Ribombee|Ribombee, L82, F|233/233\n|move|p2a: Politoed|Ice Beam|p1a: Ribombee\n|-damage|p1a: Ribombee|159/233\n|\n|-weather|RainDance|[upkeep]\n|upkeep\n|turn|41\n|\n|t:|1733883929\n|move|p1a: Ribombee|Stun Spore|p2a: Politoed\n|-status|p2a: Politoed|par\n|move|p2a: Politoed|Hydro Pump|p1a: Ribombee\n|-damage|p1a: Ribombee|0 fnt\n|faint|p1a: Ribombee\n|\n|-weather|RainDance|[upkeep]\n|upkeep\n|\n|t:|1733883938\n|switch|p1a: Klawf|Klawf, L90, F|131/272 par\n|turn|42\n|\n|t:|1733883940\n|move|p1a: Klawf|Stone Edge|p2a: Politoed\n|-damage|p2a: Politoed|100/302 par\n|-damage|p1a: Klawf|104/272 par|[from] item: Life Orb\n|move|p2a: Politoed|Rest|p2a: Politoed\n|-status|p2a: Politoed|slp|[from] move: Rest\n|-heal|p2a: Politoed|302/302 slp|[silent]\n|-enditem|p2a: Politoed|Chesto Berry|[eat]\n|-curestatus|p2a: Politoed|slp|[msg]\n|\n|-weather|RainDance|[upkeep]\n|upkeep\n|turn|43\n|\n|t:|1733883948\n|move|p2a: Politoed|Hydro Pump|p1a: Klawf\n|-supereffective|p1a: Klawf\n|-damage|p1a: Klawf|0 fnt\n|faint|p1a: Klawf\n|\n|-weather|none\n|upkeep\n|\n|t:|1733883964\n|switch|p1a: Regidrago|Regidrago, L77|435/435\n|turn|44\n|\n|t:|1733883969\n|move|p2a: Politoed|Ice Beam|p1a: Regidrago\n|-supereffective|p1a: Regidrago\n|-damage|p1a: Regidrago|207/435\n|move|p1a: Regidrago|Dragon Dance|p1a: Regidrago\n|-boost|p1a: Regidrago|atk|1\n|-boost|p1a: Regidrago|spe|1\n|\n|upkeep\n|turn|45\n|\n|t:|1733883975\n|move|p1a: Regidrago|Dragon Claw|p2a: Politoed\n|-damage|p2a: Politoed|76/302\n|-damage|p1a: Regidrago|164/435|[from] item: Life Orb\n|move|p2a: Politoed|Haze|p2a: Politoed\n|-clearallboost\n|\n|upkeep\n|turn|46\n|\n|t:|1733883984\n|move|p2a: Politoed|Ice Beam|p1a: Regidrago\n|-supereffective|p1a: Regidrago\n|-damage|p1a: Regidrago|0 fnt\n|faint|p1a: Regidrago\n|\n|upkeep\n|\n|t:|1733883989\n|switch|p1a: Wugtrio|Wugtrio, L91, F|41/212 par\n|turn|47\n|\n|t:|1733883993\n|move|p1a: Wugtrio|Aqua Jet|p2a: Politoed\n|-resisted|p2a: Politoed\n|-damage|p2a: Politoed|37/302\n|move|p2a: Politoed|Ice Beam|p1a: Wugtrio\n|-resisted|p1a: Wugtrio\n|-damage|p1a: Wugtrio|7/212 par\n|\n|upkeep\n|turn|48\n|c|\u2606BrutalBjoern|crit\n|c|\u2606BrutalBjoern|gg\n|\n|t:|1733883999\n|move|p1a: Wugtrio|Aqua Jet|p2a: Politoed\n|-resisted|p2a: Politoed\n|-damage|p2a: Politoed|0 fnt\n|faint|p2a: Politoed\n|\n|upkeep\n|\n|t:|1733884001\n|switch|p2a: Salazzle|Salazzle, L83, F|179/249\n|-damage|p2a: Salazzle|117/249|[from] Stealth Rock\n|turn|49\n|c|\u2606BrutalBjoern|wait\n|\n|t:|1733884005\n|-terastallize|p2a: Salazzle|Flying\n|move|p2a: Salazzle|Protect|p2a: Salazzle\n|-singleturn|p2a: Salazzle|Protect\n|move|p1a: Wugtrio|Aqua Jet|p2a: Salazzle\n|-activate|p2a: Salazzle|move: Protect\n|\n|-heal|p2a: Salazzle|132/249|[from] item: Leftovers\n|upkeep\n|turn|50\n|c|\u2606BrutalBjoern|nvm\n|c|\u2606BrutalBjoern|xd\n|c|\u2606BrutalBjoern|gg\n|\n|t:|1733884013\n|move|p1a: Wugtrio|Aqua Jet|p2a: Salazzle\n|-damage|p2a: Salazzle|26/249\n|move|p2a: Salazzle|Flamethrower|p1a: Wugtrio\n|-resisted|p1a: Wugtrio\n|-damage|p1a: Wugtrio|0 fnt\n|faint|p1a: Wugtrio\n|\n|win|pokemonboy3000\n|raw|BrutalBjoern's rating: 2203 &rarr; <strong>2185</strong><br />(-18 for losing)\n|raw|pokemonboy3000's rating: 2239 &rarr; <strong>2257</strong><br />(+18 for winning)\n|c|\u2606pokemonboy3000|gg\n|c|\u2606pokemonboy3000|sprry about all the para\n|c|\u2606BrutalBjoern|happens\n|l|\u2606BrutalBjoern\n|player|p1|\n", "inputlog": ">version bfd83cad13791eb5a5a409923076391caf6fb4d4\n>start {\"formatid\":\"gen9randombattle\",\"seed\":[13765,41260,59259,23496],\"rated\":\"Rated battle\"}\n>player p1 {\"name\":\"BrutalBjoern\",\"avatar\":\"winona\",\"rating\":2203,\"seed\":[42808,20518,22726,53976]}\n>player p2 {\"name\":\"pokemonboy3000\",\"avatar\":\"harlequin\",\"rating\":2239,\"seed\":[60615,55176,56738,31138]}\n>p1 move stealthrock\n>p2 move thunderbolt\n>chat \u2606pokemonboy3000|good luck have fu !\n>chat \u2606pokemonboy3000|fun!\n>chat \u2606BrutalBjoern|u2\n>p1 switch 3\n>p2 move thunderbolt\n>p1 move nuzzle\n>p2 switch 3\n>p1 move uturn\n>p2 move thunderwave\n>p1 switch 4\n>p1 move liquidation\n>p2 switch 6\n>chat \u2606BrutalBjoern|okok I see you\n>p1 move liquidation\n>p2 move darkpulse\n>p1 switch 4\n>p2 move darkpulse\n>chat \u2606pokemonboy3000|sorry bou the double para\n>chat \u2606BrutalBjoern|no worries\n>p1 move uturn\n>p2 switch 6\n>p1 switch 3\n>p1 move knockoff\n>p2 switch 3\n>p1 switch 6\n>p2 move nastyplot\n>p1 move suckerpunch\n>p2 move terablast\n>p2 switch 4\n>p1 move leafstorm terastallize\n>p2 move moonblast\n>p2 switch 2\n>p1 switch 6\n>p2 move substitute\n>p1 switch 4\n>p2 move toxic\n>p1 move aquajet\n>p2 move flamethrower\n>p1 move aquajet\n>p2 move protect\n>p1 move aquajet\n>p2 switch 6\n>p1 switch 3\n>p2 move hydropump\n>p1 move thunderbolt\n>p2 move hydropump\n>chat \u2606BrutalBjoern|oof\n>chat \u2606BrutalBjoern|mb\n>p1 move thunderbolt\n>p2 move hydropump\n>chat \u2606pokemonboy3000|hapoens \n>p2 switch 3\n>p1 move nuzzle\n>p2 move softboiled\n>p1 move uturn\n>p2 move softboiled\n>p1 switch 4\n>p1 move knockoff\n>p2 move thunderwave\n>p1 move knockoff\n>p2 move healbell\n>p1 move knockoff\n>p2 move softboiled\n>p1 move stoneedge\n>p2 move softboiled\n>p2 switch 6\n>p1 move knockoff\n>p2 move protect\n>p1 move highhorsepower\n>p2 move substitute\n>p1 move knockoff\n>p2 move flamethrower\n>p1 move knockoff\n>p2 move flamethrower\n>p1 switch 4\n>p2 move flamethrower\n>p1 move thunderbolt\n>p2 move flamethrower\n>p1 switch 4\n>p1 move knockoff\n>p2 move flamethrower\n>p1 move highhorsepower\n>p2 move substitute\n>p1 switch 6\n>p2 move flamethrower\n>p1 move suckerpunch\n>p2 move protect\n>p1 move knockoff\n>p2 move toxic\n>p1 switch 3\n>p1 move aquajet\n>p2 move protect\n>p1 move aquajet\n>p2 switch 5\n>p1 switch 5\n>p2 move icebeam\n>p1 move stunspore\n>p2 move hydropump\n>p1 switch 6\n>p1 move stoneedge\n>p2 move rest\n>p1 move stoneedge\n>p2 move hydropump\n>p1 switch 2\n>p1 move dragondance\n>p2 move icebeam\n>p1 move dragonclaw\n>p2 move haze\n>p1 move dragonclaw\n>p2 move icebeam\n>p1 switch 5\n>p1 move aquajet\n>p2 move icebeam\n>chat \u2606BrutalBjoern|crit\n>chat \u2606BrutalBjoern|gg\n>p1 move aquajet\n>p2 move rest\n>p2 switch 5\n>chat \u2606BrutalBjoern|wait\n>p1 move aquajet\n>p2 move protect terastallize\n>chat \u2606BrutalBjoern|nvm\n>chat \u2606BrutalBjoern|xd\n>chat \u2606BrutalBjoern|gg\n>p1 move aquajet\n>p2 move flamethrower", "uploadtime": 1733884264, "views": 3, "formatid": "gen9randombattle", "rating": 2185, "private": 0, "password": null}