{"id": "gen9randombattle-2202001412", "format": "[Gen 9] Random Battle", "players": ["RBLT Lechen", "RBLT tnoob12345"], "log": "|j|\u2606RBLT Lechen\n|j|\u2606RBLT tnoob12345\n|t:|1726387002\n|gametype|singles\n|player|p1|RBLT Lechen|lance-gen3|2268\n|player|p2|RBLT tnoob12345|pokemaniac|2274\n|teamsize|p1|6\n|teamsize|p2|6\n|gen|9\n|tier|[Gen 9] Random Battle\n|rated|\n|rule|Species Clause: Limit one of each Pok\u00e9mon\n|rule|HP Percentage Mod: HP is shown in percentages\n|rule|Sleep Clause Mod: Limit one foe put to sleep\n|rule|Illusion Level Mod: Illusion disguises the Pok\u00e9mon's true level\n|\n|t:|1726387002\n|start\n|switch|p1a: Morpeko|Morpeko, L88, F|245/245\n|switch|p2a: Feraligatr|Feraligatr, L79, M|264/264\n|turn|1\n|\n|t:|1726387048\n|-terastallize|p2a: Feraligatr|Grass\n|move|p1a: Morpeko|Aura Wheel|p2a: Feraligatr\n|-resisted|p2a: Feraligatr\n|-damage|p2a: Feraligatr|209/264\n|-boost|p1a: Morpeko|spe|1\n|move|p2a: Feraligatr|Liquidation|p1a: Morpeko\n|-damage|p1a: Morpeko|57/245\n|\n|-formechange|p1a: Morpeko|Morpeko-Hangry||[from] ability: Hunger Switch\n|upkeep\n|turn|2\n|\n|t:|1726387058\n|move|p1a: Morpeko|Parting Shot|p2a: Feraligatr\n|-unboost|p2a: Feraligatr|atk|1\n|-unboost|p2a: Feraligatr|spa|1\n|\n|t:|1726387068\n|switch|p1a: Meganium|Meganium, L90, F|290/290|[from] Parting Shot\n|move|p2a: Feraligatr|Liquidation|p1a: Meganium\n|-resisted|p1a: Meganium\n|-damage|p1a: Meganium|247/290\n|\n|upkeep\n|turn|3\n|\n|t:|1726387093\n|switch|p2a: Sneasler|Sneasler, L74, M|240/240\n|move|p1a: Meganium|Swords Dance|p1a: Meganium\n|-boost|p1a: Meganium|atk|2\n|\n|upkeep\n|turn|4\n|\n|t:|1726387117\n|move|p2a: Sneasler|Gunk Shot|p1a: Meganium\n|-supereffective|p1a: Meganium\n|-damage|p1a: Meganium|0 fnt\n|faint|p1a: Meganium\n|\n|upkeep\n|\n|t:|1726387121\n|switch|p1a: Mewtwo|Mewtwo, L72|272/272\n|-ability|p1a: Mewtwo|Unnerve\n|turn|5\n|\n|t:|1726387128\n|switch|p2a: Grumpig|Grumpig, L92, F|297/297\n|move|p1a: Mewtwo|Psystrike|p2a: Grumpig\n|-resisted|p2a: Grumpig\n|-damage|p2a: Grumpig|216/297\n|-damage|p1a: Mewtwo|245/272|[from] item: Life Orb\n|\n|-heal|p2a: Grumpig|234/297|[from] item: Leftovers\n|upkeep\n|turn|6\n|\n|t:|1726387141\n|switch|p1a: Morpeko|Morpeko, L88, F|57/245\n|move|p2a: Grumpig|Shadow Ball|p1a: Morpeko\n|-resisted|p1a: Morpeko\n|-damage|p1a: Morpeko|17/245\n|-unboost|p1a: Morpeko|spd|1\n|\n|-heal|p2a: Grumpig|252/297|[from] item: Leftovers\n|-formechange|p1a: Morpeko|Morpeko-Hangry||[from] ability: Hunger Switch\n|upkeep\n|turn|7\n|j| hamster tamer\n|\n|t:|1726387151\n|switch|p2a: Azumarill|Azumarill, L82, M|298/298\n|move|p1a: Morpeko|Aura Wheel|p2a: Azumarill\n|-resisted|p2a: Azumarill\n|-damage|p2a: Azumarill|229/298\n|-boost|p1a: Morpeko|spe|1\n|\n|-formechange|p1a: Morpeko|Morpeko||[from] ability: Hunger Switch\n|upkeep\n|turn|8\n|\n|t:|1726387157\n|switch|p1a: Ampharos|Ampharos, L88, M|302/302\n|move|p2a: Azumarill|Aqua Jet|p1a: Ampharos\n|-damage|p1a: Ampharos|250/302\n|\n|upkeep\n|turn|9\n|l| hamster tamer\n|\n|t:|1726387170\n|switch|p2a: Feraligatr|Feraligatr, L79, M, tera:Grass|209/264\n|move|p1a: Ampharos|Thunderbolt|p2a: Feraligatr\n|-resisted|p2a: Feraligatr\n|-damage|p2a: Feraligatr|127/264\n|-status|p2a: Feraligatr|par\n|-damage|p1a: Ampharos|220/302|[from] item: Life Orb\n|\n|upkeep\n|turn|10\n|\n|t:|1726387178\n|move|p1a: Ampharos|Focus Blast|p2a: Feraligatr\n|-damage|p2a: Feraligatr|0 fnt\n|faint|p2a: Feraligatr\n|-damage|p1a: Ampharos|190/302|[from] item: Life Orb\n|\n|upkeep\n|\n|t:|1726387203\n|switch|p2a: Flareon|Flareon, L90, F|263/263\n|turn|11\n|\n|t:|1726387216\n|move|p2a: Flareon|Flare Blitz|p1a: Ampharos\n|-damage|p1a: Ampharos|0 fnt\n|faint|p1a: Ampharos\n|-damage|p2a: Flareon|200/263|[from] Recoil\n|\n|-status|p2a: Flareon|tox|[from] item: Toxic Orb\n|upkeep\n|\n|t:|1726387226\n|switch|p1a: Urshifu|Urshifu, L74, M|270/270\n|turn|12\n|\n|t:|1726387237\n|switch|p2a: Azumarill|Azumarill, L82, M|229/298\n|move|p1a: Urshifu|Wicked Blow|p2a: Azumarill\n|-resisted|p2a: Azumarill\n|-crit|p2a: Azumarill\n|-damage|p2a: Azumarill|129/298\n|-enditem|p2a: Azumarill|Sitrus Berry|[eat]\n|-heal|p2a: Azumarill|203/298|[from] item: Sitrus Berry\n|\n|upkeep\n|turn|13\n|\n|t:|1726387251\n|switch|p1a: Gardevoir|Gardevoir, L83, F|249/249\n|-ability|p1a: Gardevoir|Huge Power|[from] ability: Trace|[of] p2a: Azumarill\n|move|p2a: Azumarill|Play Rough|p1a: Gardevoir\n|-damage|p1a: Gardevoir|119/249\n|\n|upkeep\n|turn|14\n|\n|t:|1726387261\n|switch|p2a: Grumpig|Grumpig, L92, F|252/297\n|move|p1a: Gardevoir|Moonblast|p2a: Grumpig\n|-damage|p2a: Grumpig|119/297\n|-damage|p1a: Gardevoir|95/249|[from] item: Life Orb\n|\n|-heal|p2a: Grumpig|137/297|[from] item: Leftovers\n|upkeep\n|turn|15\n|\n|t:|1726387268\n|move|p2a: Grumpig|Shadow Ball|p1a: Gardevoir\n|-supereffective|p1a: Gardevoir\n|-damage|p1a: Gardevoir|0 fnt\n|faint|p1a: Gardevoir\n|\n|-heal|p2a: Grumpig|155/297|[from] item: Leftovers\n|upkeep\n|\n|t:|1726387272\n|switch|p1a: Mewtwo|Mewtwo, L72|245/272\n|-ability|p1a: Mewtwo|Unnerve\n|turn|16\n|\n|t:|1726387275\n|move|p1a: Mewtwo|Dark Pulse|p2a: Grumpig\n|-supereffective|p2a: Grumpig\n|-damage|p2a: Grumpig|28/297\n|-damage|p1a: Mewtwo|218/272|[from] item: Life Orb\n|move|p2a: Grumpig|Shadow Ball|p1a: Mewtwo\n|-supereffective|p1a: Mewtwo\n|-damage|p1a: Mewtwo|66/272\n|\n|-heal|p2a: Grumpig|46/297|[from] item: Leftovers\n|upkeep\n|turn|17\n|\n|t:|1726387283\n|move|p1a: Mewtwo|Dark Pulse|p2a: Grumpig\n|-supereffective|p2a: Grumpig\n|-damage|p2a: Grumpig|0 fnt\n|faint|p2a: Grumpig\n|-damage|p1a: Mewtwo|39/272|[from] item: Life Orb\n|\n|upkeep\n|\n|t:|1726387290\n|switch|p2a: Azumarill|Azumarill, L82, M|203/298\n|turn|18\n|\n|t:|1726387295\n|move|p2a: Azumarill|Aqua Jet|p1a: Mewtwo\n|-damage|p1a: Mewtwo|0 fnt\n|faint|p1a: Mewtwo\n|\n|upkeep\n|\n|t:|1726387298\n|switch|p1a: Urshifu|Urshifu, L74, M|270/270\n|turn|19\n|\n|t:|1726387305\n|switch|p2a: Sneasler|Sneasler, L74, M|240/240\n|-terastallize|p1a: Urshifu|Poison\n|move|p1a: Urshifu|Poison Jab|p2a: Sneasler\n|-resisted|p2a: Sneasler\n|-damage|p2a: Sneasler|153/240\n|\n|upkeep\n|turn|20\n|\n|t:|1726387317\n|move|p2a: Sneasler|Throat Chop|p1a: Urshifu\n|-damage|p1a: Urshifu|180/270\n|-start|p1a: Urshifu|Throat Chop|[silent]\n|move|p1a: Urshifu|Poison Jab|p2a: Sneasler\n|-resisted|p2a: Sneasler\n|-damage|p2a: Sneasler|66/240\n|\n|upkeep\n|turn|21\n|\n|t:|1726387321\n|move|p2a: Sneasler|Throat Chop|p1a: Urshifu\n|-damage|p1a: Urshifu|98/270\n|move|p1a: Urshifu|Poison Jab|p2a: Sneasler\n|-resisted|p2a: Sneasler\n|-damage|p2a: Sneasler|0 fnt\n|faint|p2a: Sneasler\n|\n|-end|p1a: Urshifu|Throat Chop|[silent]\n|upkeep\n|\n|t:|1726387328\n|switch|p2a: Indeedee|Indeedee, L84, M|238/238\n|-fieldstart|move: Psychic Terrain|[from] ability: Psychic Surge|[of] p2a: Indeedee\n|turn|22\n|\n|t:|1726387332\n|move|p2a: Indeedee|Hyper Voice|p1a: Urshifu\n|-damage|p1a: Urshifu|0 fnt\n|faint|p1a: Urshifu\n|\n|upkeep\n|\n|t:|1726387336\n|switch|p1a: Morpeko|Morpeko, L88, F|17/245\n|turn|23\n|\n|t:|1726387338\n|move|p1a: Morpeko|Protect|p1a: Morpeko\n|-singleturn|p1a: Morpeko|Protect\n|move|p2a: Indeedee|Hyper Voice|p1a: Morpeko\n|-activate|p1a: Morpeko|move: Protect\n|\n|-formechange|p1a: Morpeko|Morpeko-Hangry||[from] ability: Hunger Switch\n|upkeep\n|turn|24\n|\n|t:|1726387341\n|move|p1a: Morpeko|Aura Wheel|p2a: Indeedee\n|-supereffective|p2a: Indeedee\n|-crit|p2a: Indeedee\n|-damage|p2a: Indeedee|0 fnt\n|-boost|p1a: Morpeko|spe|1\n|faint|p2a: Indeedee\n|\n|-formechange|p1a: Morpeko|Morpeko||[from] ability: Hunger Switch\n|upkeep\n|\n|t:|1726387343\n|switch|p2a: Azumarill|Azumarill, L82, M|203/298\n|turn|25\n|\n|t:|1726387345\n|move|p1a: Morpeko|Protect|p1a: Morpeko\n|-singleturn|p1a: Morpeko|Protect\n|move|p2a: Azumarill|Aqua Jet|p1a: Morpeko\n|-activate|p1a: Morpeko|move: Psychic Terrain\n|\n|-formechange|p1a: Morpeko|Morpeko-Hangry||[from] ability: Hunger Switch\n|upkeep\n|turn|26\n|\n|t:|1726387351\n|move|p2a: Azumarill|Aqua Jet|p1a: Morpeko\n|-activate|p1a: Morpeko|move: Psychic Terrain\n|move|p1a: Morpeko|Aura Wheel|p2a: Azumarill\n|-resisted|p2a: Azumarill\n|-damage|p2a: Azumarill|138/298\n|-boost|p1a: Morpeko|spe|1\n|\n|-fieldend|move: Psychic Terrain\n|-formechange|p1a: Morpeko|Morpeko||[from] ability: Hunger Switch\n|upkeep\n|turn|27\n|-message|RBLT Lechen forfeited.\n|\n|win|RBLT tnoob12345\n|raw|RBLT Lechen's rating: 2268 &rarr; <strong>2248</strong><br />(-20 for losing)\n|raw|RBLT tnoob12345's rating: 2274 &rarr; <strong>2294</strong><br />(+20 for winning)\n|l|\u2606RBLT Lechen\n|player|p1|\n|l|\u2606RBLT tnoob12345\n|player|p2|\n", "inputlog": ">version abcf08933808d3fb39dbc2b54a8665d830b47482\n>start {\"formatid\":\"gen9randombattle\",\"seed\":[10664,15949,39549,19140],\"rated\":\"Rated battle\"}\n>player p1 {\"name\":\"RBLT Lechen\",\"avatar\":\"lance-gen3\",\"rating\":2268,\"seed\":[40423,40428,47566,58103]}\n>player p2 {\"name\":\"RBLT tnoob12345\",\"avatar\":\"pokemaniac\",\"rating\":2274,\"seed\":[35811,32118,16493,14648]}\n>p1 move aurawheel\n>p2 move liquidation terastallize\n>p1 move partingshot\n>p2 move liquidation\n>p1 switch 6\n>p1 move swordsdance\n>p2 switch 2\n>p1 move earthquake\n>p2 move gunkshot\n>p1 switch 5\n>p1 move psystrike\n>p2 switch 5\n>p1 switch 6\n>p2 move shadowball\n>p1 move aurawheel\n>p2 switch 4\n>p1 switch 3\n>p2 move aquajet\n>p1 move thunderbolt\n>p2 switch 2\n>p1 move focusblast\n>p2 move liquidation\n>p2 switch 3\n>p1 move thunderbolt\n>p2 move flareblitz\n>p1 switch 2\n>p1 move wickedblow\n>p2 switch 2\n>p1 switch 4\n>p2 move playrough\n>p1 move moonblast\n>p2 switch 4\n>p1 move moonblast\n>p2 move shadowball\n>p1 switch 6\n>p1 move darkpulse\n>p2 move shadowball\n>p1 move darkpulse\n>p2 move dazzlinggleam\n>p2 switch 4\n>p1 move psystrike\n>p2 move aquajet\n>p1 switch 4\n>p1 move poisonjab terastallize\n>p2 switch 5\n>p1 move poisonjab\n>p2 move throatchop\n>p1 move poisonjab\n>p2 move throatchop\n>p2 switch 6\n>p1 move poisonjab\n>p2 move hypervoice\n>p1 switch 3\n>p1 move protect\n>p2 move hypervoice\n>p1 move aurawheel\n>p2 move hypervoice\n>p2 switch 5\n>p1 move protect\n>p2 move aquajet\n>p1 move aurawheel\n>p2 move aquajet\n>forcelose p1", "uploadtime": 1726387563, "views": 88, "formatid": "gen9randombattle", "rating": 2248, "private": 0, "password": null}