{"id": "gen9randombattle-2259809037", "format": "[Gen 9] Random Battle", "players": ["devmeister", "mowillz"], "log": "|j|\u2606devmeister\n|j|\u2606mowillz\n|t:|1733768826\n|gametype|singles\n|player|p1|devmeister|265|1550\n|player|p2|mowillz|265|1515\n|teamsize|p1|6\n|teamsize|p2|6\n|gen|9\n|tier|[Gen 9] Random Battle\n|rated|\n|rule|Species Clause: Limit one of each Pok\u00e9mon\n|rule|HP Percentage Mod: HP is shown in percentages\n|rule|Sleep Clause Mod: Limit one foe put to sleep\n|rule|Illusion Level Mod: Illusion disguises the Pok\u00e9mon's true level\n|\n|t:|1733768826\n|start\n|switch|p1a: Amoonguss|Amoonguss, L82, M|321/321\n|switch|p2a: Sneasler|Sneasler, L74, F|240/240\n|turn|1\n|\n|t:|1733768834\n|switch|p2a: Registeel|Registeel, L81|262/262\n|move|p1a: Amoonguss|Spore|p2a: Registeel\n|-status|p2a: Registeel|slp|[from] move: Spore\n|-enditem|p2a: Registeel|Chesto Berry|[eat]\n|-curestatus|p2a: Registeel|slp|[msg]\n|\n|upkeep\n|turn|2\n|\n|t:|1733768844\n|move|p2a: Registeel|Iron Defense|p2a: Registeel\n|-boost|p2a: Registeel|def|2\n|move|p1a: Amoonguss|Spore|p2a: Registeel\n|-status|p2a: Registeel|slp|[from] move: Spore\n|\n|upkeep\n|turn|3\n|inactive|Battle timer is ON: inactive players will automatically lose when time's up. (requested by mowillz)\n|\n|t:|1733768854\n|switch|p1a: Mismagius|Mismagius, L86, F|243/243\n|cant|p2a: Registeel|slp\n|\n|upkeep\n|turn|4\n|\n|t:|1733768861\n|move|p1a: Mismagius|Mystical Fire|p2a: Registeel\n|-supereffective|p2a: Registeel\n|-damage|p2a: Registeel|140/262 slp\n|-curestatus|p2a: Registeel|slp|[msg]\n|move|p2a: Registeel|Iron Head|p1a: Mismagius\n|-damage|p1a: Mismagius|150/243\n|\n|upkeep\n|turn|5\n|\n|t:|1733768875\n|switch|p2a: Passimian|Passimian, L83, M|302/302\n|move|p1a: Mismagius|Mystical Fire|p2a: Passimian\n|-damage|p2a: Passimian|191/302\n|-unboost|p2a: Passimian|spa|1\n|-ability|p2a: Passimian|Defiant|boost\n|-boost|p2a: Passimian|atk|2\n|\n|-heal|p2a: Passimian|209/302|[from] item: Leftovers\n|upkeep\n|turn|6\n|\n|t:|1733768882\n|switch|p1a: Amoonguss|Amoonguss, L82, M|321/321\n|move|p2a: Passimian|Knock Off|p1a: Amoonguss\n|-damage|p1a: Amoonguss|129/321\n|-enditem|p1a: Amoonguss|Leftovers|[from] move: Knock Off|[of] p2a: Passimian\n|\n|-heal|p2a: Passimian|227/302|[from] item: Leftovers\n|upkeep\n|turn|7\n|\n|t:|1733768903\n|switch|p1a: Rhydon|Rhydon, L85, M|317/317\n|move|p2a: Passimian|Gunk Shot|p1a: Rhydon\n|-resisted|p1a: Rhydon\n|-damage|p1a: Rhydon|293/317\n|\n|-heal|p2a: Passimian|245/302|[from] item: Leftovers\n|upkeep\n|turn|8\n|\n|t:|1733768915\n|move|p2a: Passimian|Bulk Up|p2a: Passimian\n|-boost|p2a: Passimian|atk|1\n|-boost|p2a: Passimian|def|1\n|move|p1a: Rhydon|Earthquake|p2a: Passimian\n|-damage|p2a: Passimian|155/302\n|\n|-heal|p2a: Passimian|173/302|[from] item: Leftovers\n|upkeep\n|turn|9\n|\n|t:|1733768923\n|move|p2a: Passimian|Drain Punch|p1a: Rhydon\n|-supereffective|p1a: Rhydon\n|-damage|p1a: Rhydon|71/317\n|-heal|p2a: Passimian|284/302|[from] drain|[of] p1a: Rhydon\n|move|p1a: Rhydon|Earthquake|p2a: Passimian\n|-damage|p2a: Passimian|185/302\n|\n|-heal|p2a: Passimian|203/302|[from] item: Leftovers\n|upkeep\n|turn|10\n|\n|t:|1733768929\n|move|p2a: Passimian|Drain Punch|p1a: Rhydon\n|-supereffective|p1a: Rhydon\n|-damage|p1a: Rhydon|0 fnt\n|-heal|p2a: Passimian|239/302|[from] drain|[of] p1a: Rhydon\n|faint|p1a: Rhydon\n|\n|-heal|p2a: Passimian|257/302|[from] item: Leftovers\n|upkeep\n|\n|t:|1733768941\n|switch|p1a: Amoonguss|Amoonguss, L82, M|236/321\n|turn|11\n|\n|t:|1733768949\n|move|p2a: Passimian|Gunk Shot|p1a: Amoonguss|[miss]\n|-miss|p2a: Passimian|p1a: Amoonguss\n|move|p1a: Amoonguss|Spore|p2a: Passimian\n|-status|p2a: Passimian|slp|[from] move: Spore\n|\n|-heal|p2a: Passimian|275/302 slp|[from] item: Leftovers\n|upkeep\n|turn|12\n|\n|t:|1733768958\n|cant|p2a: Passimian|slp\n|move|p1a: Amoonguss|Giga Drain|p2a: Passimian\n|-damage|p2a: Passimian|176/302 slp\n|-heal|p1a: Amoonguss|286/321|[from] drain|[of] p2a: Passimian\n|\n|-heal|p2a: Passimian|194/302 slp|[from] item: Leftovers\n|upkeep\n|turn|13\n|\n|t:|1733768964\n|cant|p2a: Passimian|slp\n|move|p1a: Amoonguss|Sludge Bomb|p2a: Passimian\n|-damage|p2a: Passimian|85/302 slp\n|\n|-heal|p2a: Passimian|103/302 slp|[from] item: Leftovers\n|upkeep\n|turn|14\n|\n|t:|1733768967\n|-curestatus|p2a: Passimian|slp|[msg]\n|move|p2a: Passimian|Gunk Shot|p1a: Amoonguss\n|-damage|p1a: Amoonguss|0 fnt\n|faint|p1a: Amoonguss\n|\n|-heal|p2a: Passimian|121/302|[from] item: Leftovers\n|upkeep\n|\n|t:|1733768973\n|switch|p1a: Regieleki|Regieleki, L79|256/256\n|turn|15\n|\n|t:|1733768987\n|switch|p2a: Registeel|Registeel, L81|140/262\n|move|p1a: Regieleki|Thunderbolt|p2a: Registeel\n|-damage|p2a: Registeel|44/262\n|\n|upkeep\n|turn|16\n|\n|t:|1733768995\n|move|p1a: Regieleki|Thunderbolt|p2a: Registeel\n|-damage|p2a: Registeel|0 fnt\n|faint|p2a: Registeel\n|\n|upkeep\n|\n|t:|1733769014\n|switch|p2a: Gyarados|Gyarados, L79, F|280/280\n|turn|17\n|\n|t:|1733769021\n|switch|p1a: Orthworm|Orthworm, L88, M|266/266\n|-terastallize|p2a: Gyarados|Ground\n|move|p2a: Gyarados|Dragon Dance|p2a: Gyarados\n|-boost|p2a: Gyarados|atk|1\n|-boost|p2a: Gyarados|spe|1\n|\n|upkeep\n|turn|18\n|\n|t:|1733769037\n|move|p2a: Gyarados|Temper Flare|p1a: Orthworm\n|-supereffective|p1a: Orthworm\n|-damage|p1a: Orthworm|158/266\n|move|p1a: Orthworm|Shed Tail|p1a: Orthworm\n|-start|p1a: Orthworm|Substitute|[from] move: Shed Tail\n|-damage|p1a: Orthworm|25/266\n|\n|t:|1733769040\n|switch|p1a: Floatzel|Floatzel, L85, M|283/283|[from] Shed Tail\n|\n|upkeep\n|turn|19\n|\n|t:|1733769045\n|move|p2a: Gyarados|Earthquake|p1a: Floatzel\n|-end|p1a: Floatzel|Substitute\n|move|p1a: Floatzel|Wave Crash|p2a: Gyarados\n|-supereffective|p2a: Gyarados\n|-damage|p2a: Gyarados|0 fnt\n|faint|p2a: Gyarados\n|-damage|p1a: Floatzel|191/283|[from] Recoil\n|\n|upkeep\n|\n|t:|1733769063\n|switch|p2a: Cetitan|Cetitan, L82, M|413/413\n|turn|20\n|\n|t:|1733769074\n|move|p1a: Floatzel|Wave Crash|p2a: Cetitan\n|-damage|p2a: Cetitan|152/413\n|-damage|p1a: Floatzel|105/283|[from] Recoil\n|move|p2a: Cetitan|Icicle Crash|p1a: Floatzel|[miss]\n|-miss|p2a: Cetitan|p1a: Floatzel\n|\n|upkeep\n|turn|21\n|\n|t:|1733769080\n|move|p2a: Cetitan|Ice Shard|p1a: Floatzel\n|-resisted|p1a: Floatzel\n|-damage|p1a: Floatzel|63/283\n|-damage|p2a: Cetitan|111/413|[from] item: Life Orb\n|move|p1a: Floatzel|Wave Crash|p2a: Cetitan\n|-damage|p2a: Cetitan|0 fnt\n|faint|p2a: Cetitan\n|-damage|p1a: Floatzel|26/283|[from] Recoil\n|\n|upkeep\n|\n|t:|1733769096\n|switch|p2a: Kingambit|Kingambit, L74, M|270/270\n|-activate|p2a: Kingambit|ability: Supreme Overlord\n|-start|p2a: Kingambit|fallen3|[silent]\n|turn|22\n|\n|t:|1733769103\n|switch|p1a: Orthworm|Orthworm, L88, M|25/266\n|move|p2a: Kingambit|Sucker Punch||[still]\n|-fail|p2a: Kingambit\n|\n|upkeep\n|turn|23\n|\n|t:|1733769115\n|-end|p2a: Kingambit|fallen3|[silent]\n|switch|p2a: Passimian|Passimian, L83, M|121/302\n|move|p1a: Orthworm|Rest|p1a: Orthworm\n|-status|p1a: Orthworm|slp|[from] move: Rest\n|-heal|p1a: Orthworm|266/266 slp|[silent]\n|-enditem|p1a: Orthworm|Chesto Berry|[eat]\n|-curestatus|p1a: Orthworm|slp|[msg]\n|\n|-heal|p2a: Passimian|139/302|[from] item: Leftovers\n|upkeep\n|turn|24\n|\n|t:|1733769122\n|move|p2a: Passimian|Knock Off|p1a: Orthworm\n|-damage|p1a: Orthworm|233/266\n|move|p1a: Orthworm|Body Press|p2a: Passimian\n|-damage|p2a: Passimian|58/302\n|\n|-heal|p2a: Passimian|76/302|[from] item: Leftovers\n|upkeep\n|turn|25\n|\n|t:|1733769128\n|switch|p1a: Mismagius|Mismagius, L86, F|150/243\n|move|p2a: Passimian|Drain Punch|p1a: Mismagius\n|-immune|p1a: Mismagius\n|\n|-heal|p2a: Passimian|94/302|[from] item: Leftovers\n|upkeep\n|turn|26\n|\n|t:|1733769142\n|move|p1a: Mismagius|Dazzling Gleam|p2a: Passimian\n|-supereffective|p2a: Passimian\n|-damage|p2a: Passimian|0 fnt\n|faint|p2a: Passimian\n|\n|upkeep\n|\n|t:|1733769145\n|switch|p2a: Kingambit|Kingambit, L74, M|270/270\n|-activate|p2a: Kingambit|ability: Supreme Overlord\n|-start|p2a: Kingambit|fallen4|[silent]\n|turn|27\n|\n|t:|1733769158\n|switch|p1a: Floatzel|Floatzel, L85, M|26/283\n|move|p2a: Kingambit|Sucker Punch||[still]\n|-fail|p2a: Kingambit\n|\n|upkeep\n|turn|28\n|\n|t:|1733769162\n|move|p2a: Kingambit|Sucker Punch|p1a: Floatzel\n|-damage|p1a: Floatzel|0 fnt\n|faint|p1a: Floatzel\n|\n|upkeep\n|\n|t:|1733769167\n|switch|p1a: Orthworm|Orthworm, L88, M|233/266\n|turn|29\n|\n|t:|1733769172\n|-end|p2a: Kingambit|fallen4|[silent]\n|switch|p2a: Sneasler|Sneasler, L74, F|240/240\n|move|p1a: Orthworm|Body Press|p2a: Sneasler\n|-resisted|p2a: Sneasler\n|-damage|p2a: Sneasler|176/240\n|\n|upkeep\n|turn|30\n|\n|t:|1733769187\n|switch|p1a: Mismagius|Mismagius, L86, F|150/243\n|move|p2a: Sneasler|Swords Dance|p2a: Sneasler\n|-boost|p2a: Sneasler|atk|2\n|\n|upkeep\n|turn|31\n|\n|t:|1733769204\n|move|p1a: Mismagius|Mystical Fire|p2a: Sneasler\n|-damage|p2a: Sneasler|77/240\n|-unboost|p2a: Sneasler|spa|1\n|-enditem|p2a: Sneasler|White Herb\n|-clearnegativeboost|p2a: Sneasler|[silent]\n|move|p2a: Sneasler|Acrobatics|p1a: Mismagius\n|-damage|p1a: Mismagius|0 fnt\n|faint|p1a: Mismagius\n|\n|upkeep\n|\n|t:|1733769207\n|switch|p1a: Regieleki|Regieleki, L79|256/256\n|turn|32\n|\n|t:|1733769221\n|switch|p2a: Kingambit|Kingambit, L74, M|270/270\n|-activate|p2a: Kingambit|ability: Supreme Overlord\n|-start|p2a: Kingambit|fallen4|[silent]\n|move|p1a: Regieleki|Thunderbolt|p2a: Kingambit\n|-damage|p2a: Kingambit|113/270\n|\n|-heal|p2a: Kingambit|129/270|[from] item: Leftovers\n|upkeep\n|turn|33\n|\n|t:|1733769238\n|-end|p2a: Kingambit|fallen4|[silent]\n|switch|p2a: Sneasler|Sneasler, L74, F|77/240\n|move|p1a: Regieleki|Thunderbolt|p2a: Sneasler\n|-damage|p2a: Sneasler|0 fnt\n|faint|p2a: Sneasler\n|\n|upkeep\n|\n|t:|1733769242\n|switch|p2a: Kingambit|Kingambit, L74, M|129/270\n|-activate|p2a: Kingambit|ability: Supreme Overlord\n|-start|p2a: Kingambit|fallen5|[silent]\n|turn|34\n|\n|t:|1733769247\n|move|p2a: Kingambit|Sucker Punch|p1a: Regieleki\n|-damage|p1a: Regieleki|70/256\n|move|p1a: Regieleki|Thunderbolt|p2a: Kingambit\n|-damage|p2a: Kingambit|0 fnt\n|faint|p2a: Kingambit\n|-end|p2a: Kingambit|fallen5|[silent]\n|\n|win|devmeister\n|raw|devmeister's rating: 1550 &rarr; <strong>1568</strong><br />(+18 for winning)\n|raw|mowillz's rating: 1515 &rarr; <strong>1497</strong><br />(-18 for losing)\n", "inputlog": ">version bfd83cad13791eb5a5a409923076391caf6fb4d4\n>start {\"formatid\":\"gen9randombattle\",\"seed\":[36870,30103,24785,19374],\"rated\":\"Rated battle\"}\n>player p1 {\"name\":\"devmeister\",\"avatar\":\"265\",\"rating\":1550,\"seed\":[31869,22972,11144,61633]}\n>player p2 {\"name\":\"mowillz\",\"avatar\":\"265\",\"rating\":1515,\"seed\":[20921,16631,47372,17501]}\n>p1 move spore\n>p2 switch 3\n>p1 move spore\n>p2 move irondefense\n>p1 switch 3\n>p2 move bodypress\n>p1 move mysticalfire\n>p2 move ironhead\n>p1 move mysticalfire\n>p2 switch 4\n>p1 switch 3\n>p2 move knockoff\n>p1 switch 6\n>p2 move gunkshot\n>p1 move earthquake\n>p2 move bulkup\n>p1 move earthquake\n>p2 move drainpunch\n>p1 move earthquake\n>p2 move drainpunch\n>p1 switch 6\n>p1 move spore\n>p2 move gunkshot\n>p1 move gigadrain\n>p2 move gunkshot\n>p1 move sludgebomb\n>p2 move gunkshot\n>p1 move spore\n>p2 move gunkshot\n>p1 switch 5\n>p1 move thunderbolt\n>p2 switch 4\n>p1 move thunderbolt\n>p2 move bodypress\n>p2 switch 6\n>p1 switch 4\n>p2 move dragondance terastallize\n>p1 move shedtail\n>p2 move temperflare\n>p1 switch 2\n>p1 move wavecrash\n>p2 move earthquake\n>p2 switch 2\n>p1 move wavecrash\n>p2 move iciclecrash\n>p1 move wavecrash\n>p2 move iceshard\n>p2 switch 5\n>p1 switch 2\n>p2 move suckerpunch\n>p1 move rest\n>p2 switch 4\n>p1 move bodypress\n>p2 move knockoff\n>p1 switch 3\n>p2 move drainpunch\n>p1 move dazzlinggleam\n>p2 move knockoff\n>p2 switch 4\n>p1 switch 2\n>p2 move suckerpunch\n>p1 move flipturn\n>p2 move suckerpunch\n>p1 switch 3\n>p1 move bodypress\n>p2 switch 3\n>p1 switch 2\n>p2 move swordsdance\n>p1 move mysticalfire\n>p2 move acrobatics\n>p1 switch 4\n>p1 move thunderbolt\n>p2 switch 3\n>p1 move thunderbolt\n>p2 switch 3\n>p2 switch 3\n>p1 move thunderbolt\n>p2 move suckerpunch", "uploadtime": 1733769251, "views": 1, "formatid": "gen9randombattle", "rating": 1497, "private": 0, "password": null}