{"id": "gen9randombattle-2260818591", "format": "[Gen 9] Random Battle", "players": ["catboybarbs", "Sukai03"], "log": "|j|\u2606catboybarbs\n|j|\u2606Sukai03\n|t:|1733897659\n|gametype|singles\n|player|p1|catboybarbs|picnicker|\n|player|p2|Sukai03|blackbelt-gen4dp|\n|teamsize|p1|6\n|teamsize|p2|6\n|gen|9\n|tier|[Gen 9] Random Battle\n|rule|Species Clause: Limit one of each Pok\u00e9mon\n|rule|HP Percentage Mod: HP is shown in percentages\n|rule|Sleep Clause Mod: Limit one foe put to sleep\n|rule|Illusion Level Mod: Illusion disguises the Pok\u00e9mon's true level\n|\n|t:|1733897659\n|start\n|switch|p1a: Volbeat|Volbeat, L90, M|263/263\n|switch|p2a: Bronzong|Bronzong, L88|261/261\n|turn|1\n|\n|t:|1733897685\n|move|p1a: Volbeat|Encore||[still]\n|-fail|p1a: Volbeat\n|move|p2a: Bronzong|Body Press|p1a: Volbeat\n|-resisted|p1a: Volbeat\n|-damage|p1a: Volbeat|226/263\n|\n|upkeep\n|turn|2\n|\n|t:|1733897696\n|move|p1a: Volbeat|Lunge|p2a: Bronzong\n|-damage|p2a: Bronzong|203/261\n|-unboost|p2a: Bronzong|atk|1\n|move|p2a: Bronzong|Psychic Noise|p1a: Volbeat\n|-damage|p1a: Volbeat|153/263\n|-start|p1a: Volbeat|move: Heal Block\n|\n|upkeep\n|turn|3\n|\n|t:|1733897711\n|switch|p1a: Veluza|Veluza, L85, M|292/292\n|move|p2a: Bronzong|Body Press|p1a: Veluza\n|-resisted|p1a: Veluza\n|-damage|p1a: Veluza|255/292\n|\n|upkeep\n|turn|4\n|\n|t:|1733897727\n|switch|p2a: Dipplin|Dipplin, L88, M|284/284\n|move|p1a: Veluza|Flip Turn|p2a: Dipplin\n|-resisted|p2a: Dipplin\n|-damage|p2a: Dipplin|269/284\n|\n|t:|1733897741\n|switch|p1a: Pecharunt|Pecharunt, L77|262/262|[from] Flip Turn\n|\n|upkeep\n|turn|5\n|\n|t:|1733897756\n|move|p1a: Pecharunt|Malignant Chain|p2a: Dipplin\n|-supereffective|p2a: Dipplin\n|-damage|p2a: Dipplin|155/284\n|-status|p2a: Dipplin|tox\n|-start|p2a: Dipplin|confusion|[from] ability: Poison Puppeteer|[of] p1a: Pecharunt\n|-activate|p2a: Dipplin|confusion\n|move|p2a: Dipplin|Dragon Pulse|p1a: Pecharunt\n|-damage|p1a: Pecharunt|160/262\n|\n|-heal|p1a: Pecharunt|176/262|[from] item: Leftovers\n|-damage|p2a: Dipplin|138/284 tox|[from] psn\n|upkeep\n|turn|6\n|\n|t:|1733897770\n|move|p1a: Pecharunt|Recover|p1a: Pecharunt\n|-heal|p1a: Pecharunt|262/262\n|-end|p2a: Dipplin|confusion\n|move|p2a: Dipplin|Giga Drain|p1a: Pecharunt\n|-resisted|p1a: Pecharunt\n|-damage|p1a: Pecharunt|215/262\n|-heal|p2a: Dipplin|162/284 tox|[from] drain|[of] p1a: Pecharunt\n|\n|-heal|p1a: Pecharunt|231/262|[from] item: Leftovers\n|-damage|p2a: Dipplin|128/284 tox|[from] psn\n|upkeep\n|turn|7\n|\n|t:|1733897781\n|move|p1a: Pecharunt|Malignant Chain|p2a: Dipplin\n|-supereffective|p2a: Dipplin\n|-damage|p2a: Dipplin|20/284 tox\n|move|p2a: Dipplin|Dragon Tail|p1a: Pecharunt|[miss]\n|-miss|p2a: Dipplin|p1a: Pecharunt\n|\n|-heal|p1a: Pecharunt|247/262|[from] item: Leftovers\n|-damage|p2a: Dipplin|0 fnt|[from] psn\n|faint|p2a: Dipplin\n|upkeep\n|\n|t:|1733897800\n|switch|p2a: Barraskewda|Barraskewda, L81, M|231/231\n|turn|8\n|\n|t:|1733897812\n|move|p2a: Barraskewda|Close Combat|p1a: Pecharunt\n|-immune|p1a: Pecharunt\n|move|p1a: Pecharunt|Nasty Plot|p1a: Pecharunt\n|-boost|p1a: Pecharunt|spa|2\n|\n|-heal|p1a: Pecharunt|262/262|[from] item: Leftovers\n|upkeep\n|turn|9\n|\n|t:|1733897823\n|move|p2a: Barraskewda|Close Combat|p1a: Pecharunt\n|-immune|p1a: Pecharunt\n|move|p1a: Pecharunt|Nasty Plot|p1a: Pecharunt\n|-boost|p1a: Pecharunt|spa|2\n|\n|upkeep\n|turn|10\n|\n|t:|1733897863\n|move|p2a: Barraskewda|Close Combat|p1a: Pecharunt\n|-immune|p1a: Pecharunt\n|move|p1a: Pecharunt|Shadow Ball|p2a: Barraskewda\n|-damage|p2a: Barraskewda|0 fnt\n|faint|p2a: Barraskewda\n|\n|upkeep\n|\n|t:|1733897872\n|switch|p2a: Zacian|Zacian-Crowned, L64|225/225\n|-ability|p2a: Zacian|Intrepid Sword|boost\n|-boost|p2a: Zacian|atk|1\n|turn|11\n|\n|t:|1733897880\n|move|p2a: Zacian|Behemoth Blade|p1a: Pecharunt\n|-damage|p1a: Pecharunt|171/262\n|move|p1a: Pecharunt|Shadow Ball|p2a: Zacian\n|-damage|p2a: Zacian|6/225\n|-unboost|p2a: Zacian|spd|1\n|\n|-heal|p1a: Pecharunt|187/262|[from] item: Leftovers\n|upkeep\n|turn|12\n|\n|t:|1733897889\n|move|p2a: Zacian|Behemoth Blade|p1a: Pecharunt\n|-damage|p1a: Pecharunt|100/262\n|move|p1a: Pecharunt|Shadow Ball|p2a: Zacian\n|-damage|p2a: Zacian|0 fnt\n|faint|p2a: Zacian\n|\n|-heal|p1a: Pecharunt|116/262|[from] item: Leftovers\n|upkeep\n|\n|t:|1733897899\n|switch|p2a: Carbink|Carbink, L90|236/236\n|turn|13\n|\n|t:|1733897905\n|move|p1a: Pecharunt|Recover|p1a: Pecharunt\n|-heal|p1a: Pecharunt|247/262\n|move|p2a: Carbink|Moonblast|p1a: Pecharunt\n|-resisted|p1a: Pecharunt\n|-damage|p1a: Pecharunt|208/262\n|\n|-heal|p1a: Pecharunt|224/262|[from] item: Leftovers\n|upkeep\n|turn|14\n|\n|t:|1733897913\n|move|p1a: Pecharunt|Malignant Chain|p2a: Carbink\n|-damage|p2a: Carbink|82/236\n|move|p2a: Carbink|Moonblast|p1a: Pecharunt\n|-resisted|p1a: Pecharunt\n|-damage|p1a: Pecharunt|186/262\n|\n|-heal|p1a: Pecharunt|202/262|[from] item: Leftovers\n|-heal|p2a: Carbink|96/236|[from] item: Leftovers\n|upkeep\n|turn|15\n|\n|t:|1733897921\n|move|p1a: Pecharunt|Recover|p1a: Pecharunt\n|-heal|p1a: Pecharunt|262/262\n|move|p2a: Carbink|Moonblast|p1a: Pecharunt\n|-resisted|p1a: Pecharunt\n|-damage|p1a: Pecharunt|221/262\n|\n|-heal|p1a: Pecharunt|237/262|[from] item: Leftovers\n|-heal|p2a: Carbink|110/236|[from] item: Leftovers\n|upkeep\n|turn|16\n|\n|t:|1733897936\n|switch|p2a: Hitmonchan|Hitmonchan, L87, M|229/229\n|move|p1a: Pecharunt|Malignant Chain|p2a: Hitmonchan\n|-damage|p2a: Hitmonchan|40/229\n|\n|-heal|p2a: Hitmonchan|54/229|[from] item: Leftovers\n|-heal|p1a: Pecharunt|253/262|[from] item: Leftovers\n|upkeep\n|turn|17\n|\n|t:|1733897947\n|move|p2a: Hitmonchan|Poison Jab|p1a: Pecharunt\n|-resisted|p1a: Pecharunt\n|-damage|p1a: Pecharunt|243/262\n|move|p1a: Pecharunt|Nasty Plot|p1a: Pecharunt\n|-boost|p1a: Pecharunt|spa|2\n|\n|-heal|p2a: Hitmonchan|68/229|[from] item: Leftovers\n|-heal|p1a: Pecharunt|259/262|[from] item: Leftovers\n|upkeep\n|turn|18\n|\n|t:|1733897958\n|move|p2a: Hitmonchan|Drain Punch|p1a: Pecharunt\n|-immune|p1a: Pecharunt\n|move|p1a: Pecharunt|Nasty Plot|p1a: Pecharunt\n|-boost|p1a: Pecharunt|spa|0\n|\n|-heal|p2a: Hitmonchan|82/229|[from] item: Leftovers\n|-heal|p1a: Pecharunt|262/262|[from] item: Leftovers\n|upkeep\n|turn|19\n|\n|t:|1733897971\n|-terastallize|p2a: Hitmonchan|Steel\n|move|p2a: Hitmonchan|Knock Off|p1a: Pecharunt\n|-supereffective|p1a: Pecharunt\n|-damage|p1a: Pecharunt|160/262\n|-enditem|p1a: Pecharunt|Leftovers|[from] move: Knock Off|[of] p2a: Hitmonchan\n|move|p1a: Pecharunt|Shadow Ball|p2a: Hitmonchan\n|-damage|p2a: Hitmonchan|0 fnt\n|faint|p2a: Hitmonchan\n|\n|upkeep\n|\n|t:|1733897980\n|switch|p2a: Bronzong|Bronzong, L88|203/261\n|turn|20\n|\n|t:|1733897984\n|move|p1a: Pecharunt|Shadow Ball|p2a: Bronzong\n|-supereffective|p2a: Bronzong\n|-damage|p2a: Bronzong|0 fnt\n|faint|p2a: Bronzong\n|\n|upkeep\n|\n|t:|1733897990\n|switch|p2a: Carbink|Carbink, L90|110/236\n|turn|21\n|\n|t:|1733897993\n|move|p1a: Pecharunt|Malignant Chain|p2a: Carbink\n|-damage|p2a: Carbink|0 fnt\n|faint|p2a: Carbink\n|\n|win|catboybarbs\n|l|\u2606Sukai03\n|player|p2|\n", "inputlog": ">version bfd83cad13791eb5a5a409923076391caf6fb4d4\n>start {\"formatid\":\"gen9randombattle\",\"seed\":[25917,57105,492,14178]}\n>player p1 {\"name\":\"catboybarbs\",\"avatar\":\"picnicker\",\"rating\":0,\"seed\":[60843,5270,31368,13801]}\n>player p2 {\"name\":\"Sukai03\",\"avatar\":\"blackbelt-gen4dp\",\"rating\":0,\"seed\":[18547,34848,13682,31633]}\n>p1 move encore\n>p2 move bodypress\n>p1 move lunge\n>p2 move psychicnoise\n>p1 switch 6\n>p2 move bodypress\n>p1 move flipturn\n>p2 switch 3\n>p1 switch 3\n>p1 move malignantchain\n>p2 move dragonpulse\n>p1 move recover\n>p2 move gigadrain\n>p1 move malignantchain\n>p2 move dragontail\n>p2 switch 5\n>p1 move nastyplot\n>p2 move closecombat\n>p1 move nastyplot\n>p2 move closecombat\n>p1 move shadowball\n>p2 move closecombat\n>p2 switch 2\n>p1 move shadowball\n>p2 move behemothblade\n>p1 move shadowball\n>p2 move behemothblade\n>p2 switch 4\n>p1 move recover\n>p2 move moonblast\n>p1 move malignantchain\n>p2 move moonblast\n>p1 move recover\n>p2 move moonblast\n>p1 move malignantchain\n>p2 switch 6\n>p1 move nastyplot\n>p2 move poisonjab\n>p1 move nastyplot\n>p2 move drainpunch\n>p1 move shadowball\n>p2 move knockoff terastallize\n>p2 switch 3\n>p1 move shadowball\n>p2 move bodypress\n>p2 switch 6\n>p1 move malignantchain\n>p2 move bodypress", "uploadtime": 1733898540, "views": 6, "formatid": "gen9randombattle", "rating": null, "private": 0, "password": null}