{"id": "gen9randombattle-2260787047", "format": "[Gen 9] Random Battle", "players": ["kbabz", "badlex727"], "log": "|j|\u2606kbabz\n|j|\u2606badlex727\n|t:|1733892009\n|gametype|singles\n|player|p1|kbabz|red|1479\n|player|p2|badlex727|2|1437\n|teamsize|p1|6\n|teamsize|p2|6\n|gen|9\n|tier|[Gen 9] Random Battle\n|rated|\n|rule|Species Clause: Limit one of each Pok\u00e9mon\n|rule|HP Percentage Mod: HP is shown in percentages\n|rule|Sleep Clause Mod: Limit one foe put to sleep\n|rule|Illusion Level Mod: Illusion disguises the Pok\u00e9mon's true level\n|\n|t:|1733892009\n|start\n|switch|p1a: Seviper|Seviper, L93, M|287/287\n|switch|p2a: Cacturne|Cacturne, L92, M|278/278\n|turn|1\n|\n|t:|1733892023\n|move|p1a: Seviper|Gunk Shot|p2a: Cacturne|[miss]\n|-miss|p1a: Seviper|p2a: Cacturne\n|move|p2a: Cacturne|Spikes|p1a: Seviper\n|-sidestart|p1: kbabz|Spikes\n|\n|upkeep\n|turn|2\n|c|\u2606badlex727|glhf\n|\n|t:|1733892041\n|move|p1a: Seviper|Gunk Shot|p2a: Cacturne|[miss]\n|-miss|p1a: Seviper|p2a: Cacturne\n|move|p2a: Cacturne|Spikes|p1a: Seviper\n|-sidestart|p1: kbabz|Spikes\n|\n|upkeep\n|turn|3\n|\n|t:|1733892049\n|move|p1a: Seviper|Gunk Shot|p2a: Cacturne|[miss]\n|-miss|p1a: Seviper|p2a: Cacturne\n|move|p2a: Cacturne|Spikes|p1a: Seviper\n|-sidestart|p1: kbabz|Spikes\n|\n|upkeep\n|turn|4\n|c|\u2606badlex727|...\n|c|\u2606kbabz|your gl didnt work\n|c|\u2606badlex727|LOL\n|c|\u2606badlex727|I'm so sorry homie\n|c|\u2606kbabz|LMAO all g\n|\n|t:|1733892065\n|move|p1a: Seviper|Gunk Shot|p2a: Cacturne\n|-supereffective|p2a: Cacturne\n|-damage|p2a: Cacturne|0 fnt\n|faint|p2a: Cacturne\n|\n|upkeep\n|c|\u2606badlex727|Game just wanted me to set up spikes\n|\n|t:|1733892092\n|switch|p2a: Wugtrio|Wugtrio, L91, M|212/212\n|turn|5\n|c|\u2606kbabz|fr\n|\n|t:|1733892097\n|move|p2a: Wugtrio|Stomping Tantrum|p1a: Seviper\n|-supereffective|p1a: Seviper\n|-damage|p1a: Seviper|61/287\n|move|p1a: Seviper|Trailblaze|p2a: Wugtrio\n|-supereffective|p2a: Wugtrio\n|-damage|p2a: Wugtrio|82/212\n|-boost|p1a: Seviper|spe|1\n|-ability|p2a: Wugtrio|Gooey\n|-unboost|p1a: Seviper|spe|1\n|\n|-heal|p1a: Seviper|78/287|[from] item: Leftovers\n|upkeep\n|turn|6\n|\n|t:|1733892109\n|move|p2a: Wugtrio|Stomping Tantrum|p1a: Seviper\n|-supereffective|p1a: Seviper\n|-damage|p1a: Seviper|0 fnt\n|faint|p1a: Seviper\n|\n|upkeep\n|\n|t:|1733892116\n|switch|p1a: Sceptile|Sceptile, L87, F|264/264\n|-damage|p1a: Sceptile|198/264|[from] Spikes\n|turn|7\n|\n|t:|1733892144\n|switch|p2a: Snorlax|Snorlax, L82, M|397/397\n|move|p1a: Sceptile|Swords Dance|p1a: Sceptile\n|-boost|p1a: Sceptile|atk|2\n|\n|upkeep\n|turn|8\n|\n|t:|1733892158\n|switch|p2a: Altaria|Altaria, L88, F|275/275\n|move|p1a: Sceptile|Leaf Blade|p2a: Altaria\n|-resisted|p2a: Altaria\n|-damage|p2a: Altaria|215/275\n|-damage|p1a: Sceptile|172/264|[from] item: Life Orb\n|\n|upkeep\n|turn|9\n|\n|t:|1733892172\n|move|p1a: Sceptile|Rock Slide|p2a: Altaria|[miss]\n|-miss|p1a: Sceptile|p2a: Altaria\n|move|p2a: Altaria|Brave Bird|p1a: Sceptile\n|-supereffective|p1a: Sceptile\n|-damage|p1a: Sceptile|0 fnt\n|faint|p1a: Sceptile\n|-damage|p2a: Altaria|158/275|[from] Recoil\n|\n|upkeep\n|c|\u2606badlex727|BROTHERRRRRRRRRRRRRRRRRRRRRRRRRRRRRRRRRRRRRRRRRRRRRRRR\n|c|\u2606kbabz|LOL\n|c|\u2606badlex727|That shouldn't have killed\n|\n|t:|1733892190\n|switch|p1a: Salamence|Salamence, L77, M|273/273\n|-ability|p1a: Salamence|Intimidate|boost\n|-unboost|p2a: Altaria|atk|1\n|turn|10\n|\n|t:|1733892212\n|move|p1a: Salamence|Dragon Dance|p1a: Salamence\n|-boost|p1a: Salamence|atk|1\n|-boost|p1a: Salamence|spe|1\n|move|p2a: Altaria|Roost|p2a: Altaria\n|-heal|p2a: Altaria|275/275\n|-singleturn|p2a: Altaria|move: Roost\n|\n|upkeep\n|turn|11\n|\n|t:|1733892243\n|move|p1a: Salamence|Dragon Dance|p1a: Salamence\n|-boost|p1a: Salamence|atk|1\n|-boost|p1a: Salamence|spe|1\n|move|p2a: Altaria|Haze|p2a: Altaria\n|-clearallboost\n|\n|upkeep\n|turn|12\n|\n|t:|1733892261\n|move|p1a: Salamence|Dragon Dance|p1a: Salamence\n|-boost|p1a: Salamence|atk|1\n|-boost|p1a: Salamence|spe|1\n|move|p2a: Altaria|Brave Bird|p1a: Salamence\n|-damage|p1a: Salamence|149/273\n|-damage|p2a: Altaria|234/275|[from] Recoil\n|\n|upkeep\n|turn|13\n|\n|t:|1733892279\n|move|p1a: Salamence|Outrage|p2a: Altaria\n|-supereffective|p2a: Altaria\n|-damage|p2a: Altaria|0 fnt\n|faint|p2a: Altaria\n|\n|upkeep\n|\n|t:|1733892286\n|switch|p2a: Snorlax|Snorlax, L82, M|397/397\n|turn|14\n|\n|t:|1733892290\n|move|p1a: Salamence|Outrage|p2a: Snorlax|[from]lockedmove\n|-damage|p2a: Snorlax|115/397\n|-start|p1a: Salamence|confusion|[fatigue]\n|move|p2a: Snorlax|Body Slam|p1a: Salamence\n|-damage|p1a: Salamence|31/273\n|\n|-heal|p2a: Snorlax|139/397|[from] item: Leftovers\n|upkeep\n|turn|15\n|\n|t:|1733892299\n|-activate|p1a: Salamence|confusion\n|move|p1a: Salamence|Dual Wingbeat|p2a: Snorlax\n|-damage|p2a: Snorlax|55/397\n|-damage|p2a: Snorlax|0 fnt\n|faint|p2a: Snorlax\n|-hitcount|p2: Snorlax|2\n|\n|upkeep\n|\n|t:|1733892307\n|switch|p2a: Wugtrio|Wugtrio, L91, M|82/212\n|turn|16\n|\n|t:|1733892313\n|move|p2a: Wugtrio|Aqua Jet|p1a: Salamence\n|-resisted|p1a: Salamence\n|-damage|p1a: Salamence|0 fnt\n|faint|p1a: Salamence\n|\n|upkeep\n|\n|t:|1733892326\n|switch|p1a: Palossand|Palossand, L89, M|296/296\n|-damage|p1a: Palossand|222/296|[from] Spikes\n|turn|17\n|\n|t:|1733892341\n|switch|p2a: Gastrodon|Gastrodon, L86, F|331/331\n|-terastallize|p1a: Palossand|Water\n|move|p1a: Palossand|Earth Power|p2a: Gastrodon\n|-damage|p2a: Gastrodon|213/331\n|\n|-heal|p2a: Gastrodon|233/331|[from] item: Leftovers\n|-heal|p1a: Palossand|240/296|[from] item: Leftovers\n|upkeep\n|turn|18\n|\n|t:|1733892352\n|move|p2a: Gastrodon|Stealth Rock|p1a: Palossand\n|-sidestart|p1: kbabz|move: Stealth Rock\n|move|p1a: Palossand|Earth Power|p2a: Gastrodon\n|-damage|p2a: Gastrodon|115/331\n|\n|-heal|p2a: Gastrodon|135/331|[from] item: Leftovers\n|-heal|p1a: Palossand|258/296|[from] item: Leftovers\n|upkeep\n|turn|19\n|\n|t:|1733892369\n|move|p2a: Gastrodon|Recover|p2a: Gastrodon\n|-heal|p2a: Gastrodon|301/331\n|move|p1a: Palossand|Earth Power|p2a: Gastrodon\n|-damage|p2a: Gastrodon|198/331\n|\n|-heal|p2a: Gastrodon|218/331|[from] item: Leftovers\n|-heal|p1a: Palossand|276/296|[from] item: Leftovers\n|upkeep\n|turn|20\n|\n|t:|1733892377\n|move|p2a: Gastrodon|Sludge Bomb|p1a: Palossand\n|-damage|p1a: Palossand|207/296\n|move|p1a: Palossand|Shadow Ball|p2a: Gastrodon\n|-crit|p2a: Gastrodon\n|-damage|p2a: Gastrodon|55/331\n|\n|-heal|p2a: Gastrodon|75/331|[from] item: Leftovers\n|-heal|p1a: Palossand|225/296|[from] item: Leftovers\n|upkeep\n|turn|21\n|\n|t:|1733892405\n|move|p2a: Gastrodon|Recover|p2a: Gastrodon\n|-heal|p2a: Gastrodon|241/331\n|move|p1a: Palossand|Shadow Ball|p2a: Gastrodon\n|-damage|p2a: Gastrodon|147/331\n|\n|-heal|p2a: Gastrodon|167/331|[from] item: Leftovers\n|-heal|p1a: Palossand|243/296|[from] item: Leftovers\n|upkeep\n|turn|22\n|\n|t:|1733892413\n|move|p2a: Gastrodon|Sludge Bomb|p1a: Palossand\n|-damage|p1a: Palossand|173/296\n|move|p1a: Palossand|Shadow Ball|p2a: Gastrodon\n|-damage|p2a: Gastrodon|74/331\n|-unboost|p2a: Gastrodon|spd|1\n|\n|-heal|p2a: Gastrodon|94/331|[from] item: Leftovers\n|-heal|p1a: Palossand|191/296|[from] item: Leftovers\n|upkeep\n|turn|23\n|\n|t:|1733892434\n|switch|p2a: Terrakion|Terrakion, L79|273/273\n|move|p1a: Palossand|Shadow Ball|p2a: Terrakion\n|-damage|p2a: Terrakion|165/273\n|-unboost|p2a: Terrakion|spd|1\n|\n|-heal|p1a: Palossand|209/296|[from] item: Leftovers\n|upkeep\n|turn|24\n|\n|t:|1733892447\n|move|p2a: Terrakion|Close Combat|p1a: Palossand\n|-damage|p1a: Palossand|38/296\n|-unboost|p2a: Terrakion|def|1\n|-unboost|p2a: Terrakion|spd|1\n|move|p1a: Palossand|Earth Power|p2a: Terrakion\n|-supereffective|p2a: Terrakion\n|-damage|p2a: Terrakion|0 fnt\n|faint|p2a: Terrakion\n|\n|-heal|p1a: Palossand|56/296|[from] item: Leftovers\n|upkeep\n|\n|t:|1733892457\n|switch|p2a: Gastrodon|Gastrodon, L86, F|94/331\n|turn|25\n|\n|t:|1733892462\n|move|p2a: Gastrodon|Sludge Bomb|p1a: Palossand\n|-damage|p1a: Palossand|0 fnt\n|faint|p1a: Palossand\n|\n|-heal|p2a: Gastrodon|114/331|[from] item: Leftovers\n|upkeep\n|\n|t:|1733892471\n|switch|p1a: Infernape|Infernape, L82, M|259/259\n|-damage|p1a: Infernape|195/259|[from] Spikes\n|-damage|p1a: Infernape|163/259|[from] Stealth Rock\n|turn|26\n|c|\u2606badlex727|Genuinely don't knoe whos gonna win\n|\n|t:|1733892485\n|move|p1a: Infernape|Close Combat|p2a: Gastrodon\n|-damage|p2a: Gastrodon|0 fnt\n|-unboost|p1a: Infernape|def|1\n|-unboost|p1a: Infernape|spd|1\n|faint|p2a: Gastrodon\n|-damage|p1a: Infernape|138/259|[from] item: Life Orb\n|\n|upkeep\n|\n|t:|1733892495\n|switch|p2a: Wugtrio|Wugtrio, L91, M|82/212\n|turn|27\n|\n|t:|1733892512\n|move|p2a: Wugtrio|Liquidation|p1a: Infernape\n|-supereffective|p1a: Infernape\n|-damage|p1a: Infernape|0 fnt\n|faint|p1a: Infernape\n|\n|upkeep\n|\n|t:|1733892515\n|switch|p1a: Ceruledge|Ceruledge, L78, F|245/245\n|turn|28\n|\n|t:|1733892522\n|move|p1a: Ceruledge|Shadow Sneak|p2a: Wugtrio\n|-damage|p2a: Wugtrio|13/212\n|-ability|p2a: Wugtrio|Gooey\n|-unboost|p1a: Ceruledge|spe|1\n|move|p2a: Wugtrio|Liquidation|p1a: Ceruledge\n|-supereffective|p1a: Ceruledge\n|-damage|p1a: Ceruledge|0 fnt\n|faint|p1a: Ceruledge\n|\n|win|badlex727\n|raw|kbabz's rating: 1479 &rarr; <strong>1457</strong><br />(-22 for losing)\n|raw|badlex727's rating: 1437 &rarr; <strong>1459</strong><br />(+22 for winning)\n|c|\u2606badlex727|GGs homie\n|c|\u2606kbabz|gg\n|c|\u2606badlex727|That was CRAZY close\n|c|\u2606badlex727|And thanks for talking\n|c|\u2606kbabz|it was!\n|c|\u2606kbabz|was fun :)\n|c|\u2606kbabz|have a gn\n|c|\u2606badlex727|Have a wonderful day/night!\n", "inputlog": ">version bfd83cad13791eb5a5a409923076391caf6fb4d4\n>start {\"formatid\":\"gen9randombattle\",\"seed\":[44556,59476,9300,56925],\"rated\":\"Rated battle\"}\n>player p1 {\"name\":\"kbabz\",\"avatar\":\"red\",\"rating\":1479,\"seed\":[26629,13656,48443,50399]}\n>player p2 {\"name\":\"badlex727\",\"avatar\":\"2\",\"rating\":1437,\"seed\":[21570,17059,54167,61460]}\n>p1 move gunkshot\n>p2 move spikes\n>chat \u2606badlex727|glhf\n>p1 move gunkshot\n>p2 move spikes\n>p1 move gunkshot\n>p2 move spikes\n>chat \u2606badlex727|...\n>chat \u2606kbabz|your gl didnt work\n>chat \u2606badlex727|LOL\n>chat \u2606badlex727|I'm so sorry homie\n>chat \u2606kbabz|LMAO all g\n>p1 move gunkshot\n>p2 move knockoff\n>chat \u2606badlex727|Game just wanted me to set up spikes\n>p2 switch 6\n>chat \u2606kbabz|fr\n>p1 move trailblaze\n>p2 move stompingtantrum\n>p1 move trailblaze\n>p2 move stompingtantrum\n>p1 switch 4\n>p1 move swordsdance\n>p2 switch 2\n>p1 move leafblade\n>p2 switch 3\n>p1 move rockslide\n>p2 move bravebird\n>chat \u2606badlex727|BROTHERRRRRRRRRRRRRRRRRRRRRRRRRRRRRRRRRRRRRRRRRRRRRRRR\n>chat \u2606kbabz|LOL\n>chat \u2606badlex727|That shouldn't have killed\n>p1 switch 5\n>p1 move dragondance\n>p2 move roost\n>p1 move dragondance\n>p2 move haze\n>p1 move dragondance\n>p2 move bravebird\n>p1 move outrage\n>p2 move haze\n>p2 switch 3\n>p1 move outrage\n>p2 move bodyslam\n>p1 move dualwingbeat\n>p2 move bodyslam\n>p2 switch 2\n>p1 move earthquake\n>p2 move aquajet\n>p1 switch 6\n>p1 move earthpower terastallize\n>p2 switch 5\n>p1 move earthpower\n>p2 move stealthrock\n>p1 move earthpower\n>p2 move recover\n>p1 move shadowball\n>p2 move sludgebomb\n>p1 move shadowball\n>p2 move recover\n>p1 move shadowball\n>p2 move sludgebomb\n>p1 move shadowball\n>p2 switch 4\n>p1 move earthpower\n>p2 move closecombat\n>p2 switch 4\n>p1 move shoreup\n>p2 move sludgebomb\n>p1 switch 2\n>chat \u2606badlex727|Genuinely don't knoe whos gonna win\n>p1 move closecombat\n>p2 move earthquake\n>p2 switch 5\n>p1 move closecombat\n>p2 move liquidation\n>p1 switch 3\n>p1 move shadowsneak\n>p2 move liquidation", "uploadtime": 1733892549, "views": 15, "formatid": "gen9randombattle", "rating": 1457, "private": 0, "password": null}