{"id": "gen9randombattle-2260777323", "format": "[Gen 9] Random Battle", "players": ["SageKaiju", "Ben the Android"], "log": "|j|\u2606SageKaiju\n|j|\u2606Ben the Android\n|t:|1733890498\n|gametype|singles\n|player|p1|SageKaiju|ghetsis-gen5bw|1576\n|player|p2|Ben the Android|colress|1594\n|teamsize|p1|6\n|teamsize|p2|6\n|gen|9\n|tier|[Gen 9] Random Battle\n|rated|\n|rule|Species Clause: Limit one of each Pok\u00e9mon\n|rule|HP Percentage Mod: HP is shown in percentages\n|rule|Sleep Clause Mod: Limit one foe put to sleep\n|rule|Illusion Level Mod: Illusion disguises the Pok\u00e9mon's true level\n|\n|t:|1733890498\n|start\n|switch|p1a: Virizion|Virizion, L82|283/283\n|switch|p2a: Vespiquen|Vespiquen, L98, F|296/296\n|-ability|p2a: Vespiquen|Pressure\n|turn|1\n|inactive|Battle timer is ON: inactive players will automatically lose when time's up. (requested by Ben the Android)\n|\n|t:|1733890508\n|switch|p1a: Stonjourner|Stonjourner, L91, F|330/330\n|move|p2a: Vespiquen|Hurricane|p1a: Stonjourner|[miss]\n|-miss|p2a: Vespiquen|p1a: Stonjourner\n|\n|upkeep\n|turn|2\n|\n|t:|1733890515\n|switch|p2a: Golduck|Golduck, L90, F|290/290\n|-ability|p2a: Golduck|Cloud Nine\n|move|p1a: Stonjourner|Stealth Rock|p2a: Golduck\n|-sidestart|p2: Ben the Android|move: Stealth Rock\n|\n|upkeep\n|turn|3\n|\n|t:|1733890525\n|switch|p1a: Dusknoir|Dusknoir, L89, M|225/225\n|-item|p2a: Golduck|Life Orb|[from] ability: Frisk|[of] p1a: Dusknoir\n|move|p2a: Golduck|Ice Beam|p1a: Dusknoir\n|-damage|p1a: Dusknoir|161/225\n|-damage|p2a: Golduck|261/290|[from] item: Life Orb\n|\n|-heal|p1a: Dusknoir|175/225|[from] item: Leftovers\n|upkeep\n|turn|4\n|\n|t:|1733890531\n|move|p2a: Golduck|Nasty Plot|p2a: Golduck\n|-boost|p2a: Golduck|spa|2\n|move|p1a: Dusknoir|Poltergeist|p2a: Golduck\n|-activate|p2a: Golduck|move: Poltergeist|Life Orb\n|-damage|p2a: Golduck|114/290\n|\n|-heal|p1a: Dusknoir|189/225|[from] item: Leftovers\n|upkeep\n|turn|5\n|\n|t:|1733890546\n|move|p1a: Dusknoir|Shadow Sneak|p2a: Golduck\n|-damage|p2a: Golduck|63/290\n|move|p2a: Golduck|Hydro Pump|p1a: Dusknoir\n|-damage|p1a: Dusknoir|0 fnt\n|faint|p1a: Dusknoir\n|-damage|p2a: Golduck|34/290|[from] item: Life Orb\n|\n|upkeep\n|\n|t:|1733890550\n|switch|p1a: Virizion|Virizion, L82|283/283\n|turn|6\n|\n|t:|1733890555\n|move|p1a: Virizion|Leaf Blade|p2a: Golduck\n|-supereffective|p2a: Golduck\n|-damage|p2a: Golduck|0 fnt\n|faint|p2a: Golduck\n|-damage|p1a: Virizion|255/283|[from] item: Life Orb\n|\n|upkeep\n|\n|t:|1733890564\n|switch|p2a: Venomoth|Venomoth, L84, F|255/255\n|turn|7\n|\n|t:|1733890575\n|switch|p1a: Stonjourner|Stonjourner, L91, F|330/330\n|move|p2a: Venomoth|Quiver Dance|p2a: Venomoth\n|-boost|p2a: Venomoth|spa|1\n|-boost|p2a: Venomoth|spd|1\n|-boost|p2a: Venomoth|spe|1\n|\n|upkeep\n|turn|8\n|\n|t:|1733890580\n|move|p2a: Venomoth|Sleep Powder|p1a: Stonjourner\n|-status|p1a: Stonjourner|slp|[from] move: Sleep Powder\n|cant|p1a: Stonjourner|slp\n|\n|upkeep\n|turn|9\n|\n|t:|1733890593\n|switch|p1a: Beartic|Beartic, L91, M|321/321\n|move|p2a: Venomoth|Quiver Dance|p2a: Venomoth\n|-boost|p2a: Venomoth|spa|1\n|-boost|p2a: Venomoth|spd|1\n|-boost|p2a: Venomoth|spe|1\n|\n|upkeep\n|turn|10\n|\n|t:|1733890600\n|move|p2a: Venomoth|Sludge Wave|p1a: Beartic\n|-damage|p1a: Beartic|138/321\n|move|p1a: Beartic|Icicle Crash|p2a: Venomoth\n|-damage|p2a: Venomoth|69/255\n|\n|upkeep\n|turn|11\n|\n|t:|1733890607\n|move|p2a: Venomoth|Sludge Wave|p1a: Beartic\n|-damage|p1a: Beartic|0 fnt\n|faint|p1a: Beartic\n|\n|upkeep\n|\n|t:|1733890613\n|switch|p1a: Venomoth|Venomoth, L84, M|255/255\n|turn|12\n|\n|t:|1733890623\n|move|p2a: Venomoth|Bug Buzz|p1a: Venomoth\n|-resisted|p1a: Venomoth\n|-damage|p1a: Venomoth|63/255\n|move|p1a: Venomoth|Sleep Powder|p2a: Venomoth\n|-status|p2a: Venomoth|slp|[from] move: Sleep Powder\n|\n|upkeep\n|turn|13\n|\n|t:|1733890632\n|cant|p2a: Venomoth|slp\n|move|p1a: Venomoth|Quiver Dance|p1a: Venomoth\n|-boost|p1a: Venomoth|spa|1\n|-boost|p1a: Venomoth|spd|1\n|-boost|p1a: Venomoth|spe|1\n|\n|upkeep\n|turn|14\n|\n|t:|1733890635\n|cant|p2a: Venomoth|slp\n|move|p1a: Venomoth|Bug Buzz|p2a: Venomoth\n|-resisted|p2a: Venomoth\n|-crit|p2a: Venomoth\n|-damage|p2a: Venomoth|0 fnt\n|faint|p2a: Venomoth\n|\n|upkeep\n|\n|t:|1733890640\n|switch|p2a: Chansey|Chansey, L85, F|564/564\n|-damage|p2a: Chansey|494/564|[from] Stealth Rock\n|turn|15\n|\n|t:|1733890649\n|move|p1a: Venomoth|Sleep Powder|p2a: Chansey\n|-status|p2a: Chansey|slp|[from] move: Sleep Powder\n|cant|p2a: Chansey|slp\n|\n|upkeep\n|turn|16\n|\n|t:|1733890652\n|move|p1a: Venomoth|Quiver Dance|p1a: Venomoth\n|-boost|p1a: Venomoth|spa|1\n|-boost|p1a: Venomoth|spd|1\n|-boost|p1a: Venomoth|spe|1\n|cant|p2a: Chansey|slp\n|\n|upkeep\n|turn|17\n|\n|t:|1733890655\n|move|p1a: Venomoth|Sludge Wave|p2a: Chansey\n|-damage|p2a: Chansey|394/564 slp\n|-curestatus|p2a: Chansey|slp|[msg]\n|move|p2a: Chansey|Seismic Toss|p1a: Venomoth\n|-damage|p1a: Venomoth|0 fnt\n|faint|p1a: Venomoth\n|\n|upkeep\n|\n|t:|1733890660\n|switch|p1a: Virizion|Virizion, L82|255/283\n|turn|18\n|\n|t:|1733890666\n|-terastallize|p2a: Chansey|Fairy\n|move|p1a: Virizion|Close Combat|p2a: Chansey\n|-resisted|p2a: Chansey\n|-damage|p2a: Chansey|222/564\n|-unboost|p1a: Virizion|def|1\n|-unboost|p1a: Virizion|spd|1\n|-damage|p1a: Virizion|227/283|[from] item: Life Orb\n|move|p2a: Chansey|Thunder Wave|p1a: Virizion\n|-status|p1a: Virizion|par\n|\n|upkeep\n|turn|19\n|\n|t:|1733890675\n|move|p2a: Chansey|Soft-Boiled|p2a: Chansey\n|-heal|p2a: Chansey|504/564\n|move|p1a: Virizion|Leaf Blade|p2a: Chansey\n|-damage|p2a: Chansey|239/564\n|-damage|p1a: Virizion|199/283 par|[from] item: Life Orb\n|\n|upkeep\n|turn|20\n|\n|t:|1733890682\n|move|p2a: Chansey|Soft-Boiled|p2a: Chansey\n|-heal|p2a: Chansey|521/564\n|move|p1a: Virizion|Leaf Blade|p2a: Chansey\n|-damage|p2a: Chansey|244/564\n|-damage|p1a: Virizion|171/283 par|[from] item: Life Orb\n|\n|upkeep\n|turn|21\n|\n|t:|1733890695\n|move|p2a: Chansey|Soft-Boiled|p2a: Chansey\n|-heal|p2a: Chansey|526/564\n|move|p1a: Virizion|Leaf Blade|p2a: Chansey\n|-damage|p2a: Chansey|275/564\n|-damage|p1a: Virizion|143/283 par|[from] item: Life Orb\n|\n|upkeep\n|turn|22\n|\n|t:|1733890712\n|switch|p1a: Stonjourner|Stonjourner, L91, F|330/330 slp\n|move|p2a: Chansey|Soft-Boiled|p2a: Chansey\n|-heal|p2a: Chansey|557/564\n|\n|upkeep\n|turn|23\n|\n|t:|1733890720\n|-curestatus|p1a: Stonjourner|slp|[msg]\n|move|p1a: Stonjourner|Heat Crash|p2a: Chansey\n|-damage|p2a: Chansey|190/564\n|-damage|p1a: Stonjourner|297/330|[from] item: Life Orb\n|move|p2a: Chansey|Seismic Toss|p1a: Stonjourner\n|-damage|p1a: Stonjourner|212/330\n|\n|upkeep\n|turn|24\n|\n|t:|1733890726\n|move|p1a: Stonjourner|Heat Crash|p2a: Chansey\n|-damage|p2a: Chansey|0 fnt\n|faint|p2a: Chansey\n|-damage|p1a: Stonjourner|179/330|[from] item: Life Orb\n|\n|upkeep\n|\n|t:|1733890731\n|switch|p2a: Scream Tail|Scream Tail, L84|330/330\n|-damage|p2a: Scream Tail|289/330|[from] Stealth Rock\n|turn|25\n|\n|t:|1733890735\n|move|p2a: Scream Tail|Play Rough|p1a: Stonjourner\n|-damage|p1a: Stonjourner|131/330\n|-unboost|p1a: Stonjourner|atk|1\n|move|p1a: Stonjourner|Stone Edge|p2a: Scream Tail\n|-damage|p2a: Scream Tail|176/330\n|-damage|p1a: Stonjourner|98/330|[from] item: Life Orb\n|\n|-heal|p2a: Scream Tail|196/330|[from] item: Leftovers\n|upkeep\n|turn|26\n|\n|t:|1733890744\n|switch|p1a: Virizion|Virizion, L82|143/283 par\n|move|p2a: Scream Tail|Wish|p2a: Scream Tail\n|\n|-heal|p2a: Scream Tail|216/330|[from] item: Leftovers\n|upkeep\n|turn|27\n|\n|t:|1733890752\n|move|p2a: Scream Tail|Play Rough|p1a: Virizion\n|-supereffective|p1a: Virizion\n|-damage|p1a: Virizion|0 fnt\n|faint|p1a: Virizion\n|\n|-heal|p2a: Scream Tail|330/330|[from] move: Wish|[wisher] Scream Tail\n|upkeep\n|\n|t:|1733890753\n|switch|p1a: Arceus|Arceus-Fairy, L69|280/280\n|turn|28\n|\n|t:|1733890765\n|move|p2a: Scream Tail|Play Rough|p1a: Arceus\n|-damage|p1a: Arceus|213/280\n|move|p1a: Arceus|Judgment|p2a: Scream Tail\n|-damage|p2a: Scream Tail|243/330\n|\n|-heal|p2a: Scream Tail|263/330|[from] item: Leftovers\n|upkeep\n|turn|29\n|inactive|SageKaiju has 120 seconds left.\n|inactive|SageKaiju has 90 seconds left.\n|inactive|SageKaiju has 60 seconds left.\n|inactive|SageKaiju has 30 seconds left.\n|inactive|SageKaiju has 20 seconds left.\n|inactive|SageKaiju has 15 seconds left.\n|inactive|SageKaiju has 10 seconds left.\n|inactive|SageKaiju has 5 seconds left.\n|-message|SageKaiju lost due to inactivity.\n|\n|win|Ben the Android\n|raw|SageKaiju's rating: 1556 &rarr; <strong>1538</strong><br />(-18 for losing)\n|raw|Ben the Android's rating: 1594 &rarr; <strong>1612</strong><br />(+18 for winning)\n", "inputlog": ">version bfd83cad13791eb5a5a409923076391caf6fb4d4\n>start {\"formatid\":\"gen9randombattle\",\"seed\":[45406,9187,42079,61881],\"rated\":\"Rated battle\"}\n>player p1 {\"name\":\"SageKaiju\",\"avatar\":\"ghetsis-gen5bw\",\"rating\":1576,\"seed\":[6022,4281,1433,55996]}\n>player p2 {\"name\":\"Ben the Android\",\"avatar\":\"colress\",\"rating\":1594,\"seed\":[21725,35641,61351,13036]}\n>p1 switch 2\n>p2 move hurricane\n>p1 move stealthrock\n>p2 switch 6\n>p1 switch 5\n>p2 move icebeam\n>p1 move poltergeist\n>p2 move nastyplot\n>p1 move shadowsneak\n>p2 move hydropump\n>p1 switch 2\n>p1 move leafblade\n>p2 move icebeam\n>p2 switch 2\n>p1 switch 5\n>p2 move quiverdance\n>p1 move heatcrash\n>p2 move sleeppowder\n>p1 switch 4\n>p2 move quiverdance\n>p1 move iciclecrash\n>p2 move sludgewave\n>p1 move iciclecrash\n>p2 move sludgewave\n>p1 switch 6\n>p1 move sleeppowder\n>p2 move bugbuzz\n>p1 move quiverdance\n>p2 move bugbuzz\n>p1 move bugbuzz\n>p2 move bugbuzz\n>p2 switch 5\n>p1 move sleeppowder\n>p2 move seismictoss\n>p1 move quiverdance\n>p2 move seismictoss\n>p1 move sludgewave\n>p2 move seismictoss\n>p1 switch 5\n>p1 move closecombat\n>p2 move thunderwave terastallize\n>p1 move leafblade\n>p2 move softboiled\n>p1 move leafblade\n>p2 move softboiled\n>p1 move leafblade\n>p2 move softboiled\n>p1 switch 4\n>p2 move softboiled\n>p1 move heatcrash\n>p2 move seismictoss\n>p1 move heatcrash\n>p2 move thunderwave\n>p2 switch 4\n>p1 move stoneedge\n>p2 move playrough\n>p1 switch 4\n>p2 move wish\n>p1 move leafblade\n>p2 move playrough\n>p1 switch 3\n>p1 move judgment\n>p2 move playrough\n>forcelose p1", "uploadtime": 1733890930, "views": 11, "formatid": "gen9randombattle", "rating": 1538, "private": 0, "password": null}