{"id": "gen9randombattle-2260572616", "format": "[Gen 9] Random Battle", "players": ["Tonai", "ifdodo4"], "log": "|j|\u2606Tonai\n|j|\u2606ifdodo4\n|t:|1733864890\n|gametype|singles\n|player|p1|Tonai|blackbelt-gen4dp|1528\n|player|p2|ifdodo4|policeman-gen4|1554\n|teamsize|p1|6\n|teamsize|p2|6\n|gen|9\n|tier|[Gen 9] Random Battle\n|rated|\n|rule|Species Clause: Limit one of each Pok\u00e9mon\n|rule|HP Percentage Mod: HP is shown in percentages\n|rule|Sleep Clause Mod: Limit one foe put to sleep\n|rule|Illusion Level Mod: Illusion disguises the Pok\u00e9mon's true level\n|\n|t:|1733864890\n|start\n|switch|p1a: Mandibuzz|Mandibuzz, L85, F|326/326\n|switch|p2a: Slaking|Slaking, L84, F|389/389\n|turn|1\n|inactive|Battle timer is ON: inactive players will automatically lose when time's up. (requested by ifdodo4)\n|inactive|Tonai also wants the timer to be on.\n|\n|t:|1733864905\n|move|p2a: Slaking|Double-Edge|p1a: Mandibuzz\n|-damage|p1a: Mandibuzz|152/326\n|-damage|p2a: Slaking|332/389|[from] Recoil\n|move|p1a: Mandibuzz|U-turn|p2a: Slaking\n|-damage|p2a: Slaking|295/389\n|\n|t:|1733864919\n|switch|p1a: Abomasnow|Abomasnow, L85, M|291/291|[from] U-turn\n|-weather|Snow|[from] ability: Snow Warning|[of] p1a: Abomasnow\n|\n|-weather|Snow|[upkeep]\n|upkeep\n|turn|2\n|\n|t:|1733864944\n|switch|p2a: Gholdengo|Gholdengo, L77|261/261\n|move|p1a: Abomasnow|Aurora Veil|p1a: Abomasnow\n|-sidestart|p1: Tonai|move: Aurora Veil\n|\n|-weather|Snow|[upkeep]\n|upkeep\n|turn|3\n|\n|t:|1733864956\n|move|p2a: Gholdengo|Nasty Plot|p2a: Gholdengo\n|-boost|p2a: Gholdengo|spa|2\n|move|p1a: Abomasnow|Blizzard|p2a: Gholdengo\n|-resisted|p2a: Gholdengo\n|-damage|p2a: Gholdengo|201/261\n|\n|-weather|Snow|[upkeep]\n|-heal|p2a: Gholdengo|217/261|[from] item: Leftovers\n|upkeep\n|turn|4\n|\n|t:|1733864967\n|move|p2a: Gholdengo|Make It Rain|p1a: Abomasnow\n|-supereffective|p1a: Abomasnow\n|-damage|p1a: Abomasnow|18/291\n|-unboost|p2a: Gholdengo|spa|1\n|move|p1a: Abomasnow|Wood Hammer|p2a: Gholdengo\n|-resisted|p2a: Gholdengo\n|-damage|p2a: Gholdengo|158/261\n|-damage|p1a: Abomasnow|0 fnt|[from] Recoil\n|faint|p1a: Abomasnow\n|\n|-weather|Snow|[upkeep]\n|-heal|p2a: Gholdengo|174/261|[from] item: Leftovers\n|upkeep\n|inactive|Tonai has 120 seconds left.\n|\n|t:|1733865016\n|switch|p1a: Miraidon|Miraidon, L65|238/238\n|-fieldstart|move: Electric Terrain|[from] ability: Hadron Engine|[of] p1a: Miraidon\n|turn|5\n|\n|t:|1733865024\n|switch|p2a: Excadrill|Excadrill, L79, M|303/303\n|-ability|p2a: Excadrill|Mold Breaker\n|move|p1a: Miraidon|Electro Drift|p2a: Excadrill\n|-immune|p2a: Excadrill\n|\n|-weather|none\n|upkeep\n|turn|6\n|\n|t:|1733865030\n|switch|p1a: Mandibuzz|Mandibuzz, L85, F|152/326\n|move|p2a: Excadrill|Rapid Spin|p1a: Mandibuzz\n|-damage|p1a: Mandibuzz|134/326\n|-boost|p2a: Excadrill|spe|1\n|\n|upkeep\n|turn|7\n|inactive|Tonai has 120 seconds left.\n|\n|t:|1733865045\n|move|p2a: Excadrill|Rock Slide|p1a: Mandibuzz\n|-supereffective|p1a: Mandibuzz\n|-damage|p1a: Mandibuzz|81/326\n|move|p1a: Mandibuzz|Roost|p1a: Mandibuzz\n|-heal|p1a: Mandibuzz|244/326\n|-singleturn|p1a: Mandibuzz|move: Roost\n|\n|upkeep\n|turn|8\n|inactive|Tonai has 120 seconds left.\n|\n|t:|1733865071\n|switch|p2a: Manaphy|Manaphy, L78|284/284\n|move|p1a: Mandibuzz|U-turn|p2a: Manaphy\n|-damage|p2a: Manaphy|247/284\n|inactive|Tonai has 120 seconds left.\n|\n|t:|1733865078\n|switch|p1a: Miraidon|Miraidon, L65|238/238|[from] U-turn\n|-activate|p1a: Miraidon|ability: Hadron Engine\n|\n|-heal|p2a: Manaphy|264/284|[from] item: Leftovers\n|upkeep\n|turn|9\n|inactive|Tonai has 120 seconds left.\n|\n|t:|1733865088\n|switch|p2a: Excadrill|Excadrill, L79, M|303/303\n|-ability|p2a: Excadrill|Mold Breaker\n|move|p1a: Miraidon|Overheat|p2a: Excadrill\n|-supereffective|p2a: Excadrill\n|-damage|p2a: Excadrill|63/303\n|-unboost|p1a: Miraidon|spa|2\n|\n|-sideend|p1: Tonai|move: Aurora Veil\n|-fieldend|move: Electric Terrain\n|upkeep\n|turn|10\n|inactive|Tonai has 120 seconds left.\n|\n|t:|1733865099\n|switch|p2a: Manaphy|Manaphy, L78|264/284\n|move|p1a: Miraidon|Overheat|p2a: Manaphy\n|-resisted|p2a: Manaphy\n|-damage|p2a: Manaphy|238/284\n|-unboost|p1a: Miraidon|spa|2\n|\n|-heal|p2a: Manaphy|255/284|[from] item: Leftovers\n|upkeep\n|turn|11\n|\n|t:|1733865107\n|switch|p1a: Golduck|Golduck, L90, M|290/290\n|-ability|p1a: Golduck|Cloud Nine\n|move|p2a: Manaphy|Tail Glow|p2a: Manaphy\n|-boost|p2a: Manaphy|spa|3\n|\n|-heal|p2a: Manaphy|272/284|[from] item: Leftovers\n|upkeep\n|turn|12\n|\n|t:|1733865117\n|move|p1a: Golduck|Flip Turn|p2a: Manaphy\n|-resisted|p2a: Manaphy\n|-damage|p2a: Manaphy|242/284\n|inactive|Tonai has 120 seconds left.\n|\n|t:|1733865138\n|switch|p1a: Mandibuzz|Mandibuzz, L85, F|244/326|[from] Flip Turn\n|move|p2a: Manaphy|Energy Ball|p1a: Mandibuzz\n|-resisted|p1a: Mandibuzz\n|-damage|p1a: Mandibuzz|183/326\n|\n|-heal|p2a: Manaphy|259/284|[from] item: Leftovers\n|upkeep\n|turn|13\n|inactive|Tonai has 120 seconds left.\n|\n|t:|1733865150\n|move|p2a: Manaphy|Ice Beam|p1a: Mandibuzz\n|-supereffective|p1a: Mandibuzz\n|-damage|p1a: Mandibuzz|0 fnt\n|faint|p1a: Mandibuzz\n|\n|-heal|p2a: Manaphy|276/284|[from] item: Leftovers\n|upkeep\n|\n|t:|1733865164\n|switch|p1a: Dudunsparce|Dudunsparce-Three-Segment, L83, M|343/343\n|turn|14\n|\n|t:|1733865190\n|switch|p2a: Grumpig|Grumpig, L92, M|297/297\n|move|p1a: Dudunsparce|Boomburst|p2a: Grumpig\n|-damage|p2a: Grumpig|200/297\n|\n|upkeep\n|turn|15\n|\n|t:|1733865198\n|move|p2a: Grumpig|Trick|p1a: Dudunsparce\n|-activate|p2a: Grumpig|move: Trick|[of] p1a: Dudunsparce\n|-item|p1a: Dudunsparce|Choice Scarf|[from] move: Trick\n|-item|p2a: Grumpig|Leftovers|[from] move: Trick\n|move|p1a: Dudunsparce|Boomburst|p2a: Grumpig\n|-damage|p2a: Grumpig|104/297\n|\n|-heal|p2a: Grumpig|122/297|[from] item: Leftovers\n|upkeep\n|turn|16\n|\n|t:|1733865207\n|switch|p2a: Gholdengo|Gholdengo, L77|174/261\n|move|p1a: Dudunsparce|Boomburst|p2a: Gholdengo\n|-immune|p2a: Gholdengo\n|\n|-heal|p2a: Gholdengo|190/261|[from] item: Leftovers\n|upkeep\n|turn|17\n|\n|t:|1733865227\n|switch|p1a: Golduck|Golduck, L90, M|290/290\n|-ability|p1a: Golduck|Cloud Nine\n|move|p2a: Gholdengo|Shadow Ball|p1a: Golduck\n|-damage|p1a: Golduck|200/290\n|\n|-heal|p2a: Gholdengo|206/261|[from] item: Leftovers\n|upkeep\n|turn|18\n|inactive|Tonai has 90 seconds left.\n|\n|t:|1733865250\n|move|p1a: Golduck|Flip Turn|p2a: Gholdengo\n|-damage|p2a: Gholdengo|133/261\n|\n|t:|1733865253\n|switch|p1a: Victreebel|Victreebel, L90, F|290/290|[from] Flip Turn\n|move|p2a: Gholdengo|Shadow Ball|p1a: Victreebel\n|-damage|p1a: Victreebel|182/290\n|\n|-heal|p2a: Gholdengo|149/261|[from] item: Leftovers\n|upkeep\n|turn|19\n|\n|t:|1733865266\n|move|p1a: Victreebel|Strength Sap|p2a: Gholdengo\n|-immune|p2a: Gholdengo|[from] ability: Good as Gold\n|move|p2a: Gholdengo|Nasty Plot|p2a: Gholdengo\n|-boost|p2a: Gholdengo|spa|2\n|\n|-heal|p2a: Gholdengo|165/261|[from] item: Leftovers\n|upkeep\n|turn|20\n|\n|t:|1733865286\n|move|p1a: Victreebel|Sucker Punch||[still]\n|-fail|p1a: Victreebel\n|move|p2a: Gholdengo|Recover|p2a: Gholdengo\n|-heal|p2a: Gholdengo|261/261\n|\n|upkeep\n|turn|21\n|\n|t:|1733865290\n|move|p1a: Victreebel|Sucker Punch||[still]\n|-fail|p1a: Victreebel\n|move|p2a: Gholdengo|Nasty Plot|p2a: Gholdengo\n|-boost|p2a: Gholdengo|spa|2\n|\n|upkeep\n|turn|22\n|\n|t:|1733865296\n|move|p1a: Victreebel|Sucker Punch|p2a: Gholdengo\n|-supereffective|p2a: Gholdengo\n|-damage|p2a: Gholdengo|89/261\n|-damage|p1a: Victreebel|153/290|[from] item: Life Orb\n|move|p2a: Gholdengo|Shadow Ball|p1a: Victreebel\n|-damage|p1a: Victreebel|0 fnt\n|faint|p1a: Victreebel\n|\n|-heal|p2a: Gholdengo|105/261|[from] item: Leftovers\n|upkeep\n|\n|t:|1733865305\n|switch|p1a: Miraidon|Miraidon, L65|238/238\n|-fieldstart|move: Electric Terrain|[from] ability: Hadron Engine|[of] p1a: Miraidon\n|turn|23\n|\n|t:|1733865324\n|switch|p2a: Excadrill|Excadrill, L79, M|63/303\n|-ability|p2a: Excadrill|Mold Breaker\n|move|p1a: Miraidon|Overheat|p2a: Excadrill\n|-supereffective|p2a: Excadrill\n|-damage|p2a: Excadrill|0 fnt\n|-unboost|p1a: Miraidon|spa|2\n|faint|p2a: Excadrill\n|\n|upkeep\n|\n|t:|1733865332\n|switch|p2a: Leafeon|Leafeon, L88, F|258/258\n|turn|24\n|\n|t:|1733865340\n|switch|p1a: Dudunsparce|Dudunsparce-Three-Segment, L83, M|343/343\n|move|p2a: Leafeon|Substitute|p2a: Leafeon\n|-start|p2a: Leafeon|Substitute\n|-damage|p2a: Leafeon|194/258\n|\n|-heal|p2a: Leafeon|210/258|[from] item: Leftovers\n|upkeep\n|turn|25\n|\n|t:|1733865349\n|move|p2a: Leafeon|Swords Dance|p2a: Leafeon\n|-boost|p2a: Leafeon|atk|2\n|move|p1a: Dudunsparce|Shadow Ball|p2a: Leafeon\n|-activate|p2a: Leafeon|move: Substitute|[damage]\n|\n|-heal|p2a: Leafeon|226/258|[from] item: Leftovers\n|upkeep\n|turn|26\n|\n|t:|1733865357\n|switch|p1a: Golduck|Golduck, L90, M|200/290\n|-ability|p1a: Golduck|Cloud Nine\n|move|p2a: Leafeon|Swords Dance|p2a: Leafeon\n|-boost|p2a: Leafeon|atk|2\n|\n|-heal|p2a: Leafeon|242/258|[from] item: Leftovers\n|upkeep\n|turn|27\n|\n|t:|1733865366\n|move|p2a: Leafeon|Knock Off|p1a: Golduck\n|-damage|p1a: Golduck|0 fnt\n|-enditem|p1a: Golduck|Choice Specs|[from] move: Knock Off|[of] p2a: Leafeon\n|faint|p1a: Golduck\n|\n|-heal|p2a: Leafeon|258/258|[from] item: Leftovers\n|-fieldend|move: Electric Terrain\n|upkeep\n|\n|t:|1733865369\n|switch|p1a: Dudunsparce|Dudunsparce-Three-Segment, L83, M|343/343\n|turn|28\n|\n|t:|1733865378\n|-terastallize|p2a: Leafeon|Dark\n|move|p2a: Leafeon|Knock Off|p1a: Dudunsparce\n|-damage|p1a: Dudunsparce|0 fnt\n|-enditem|p1a: Dudunsparce|Choice Scarf|[from] move: Knock Off|[of] p2a: Leafeon\n|faint|p1a: Dudunsparce\n|\n|upkeep\n|\n|t:|1733865383\n|switch|p1a: Miraidon|Miraidon, L65|238/238\n|-fieldstart|move: Electric Terrain|[from] ability: Hadron Engine|[of] p1a: Miraidon\n|turn|29\n|\n|t:|1733865388\n|-terastallize|p1a: Miraidon|Electric\n|move|p2a: Leafeon|Knock Off|p1a: Miraidon\n|-damage|p1a: Miraidon|0 fnt\n|-enditem|p1a: Miraidon|Choice Specs|[from] move: Knock Off|[of] p2a: Leafeon\n|faint|p1a: Miraidon\n|\n|win|ifdodo4\n|raw|Tonai's rating: 1528 &rarr; <strong>1509</strong><br />(-19 for losing)\n|raw|ifdodo4's rating: 1554 &rarr; <strong>1573</strong><br />(+19 for winning)\n|l|\u2606Tonai\n|player|p1|\n", "inputlog": ">version bfd83cad13791eb5a5a409923076391caf6fb4d4\n>start {\"formatid\":\"gen9randombattle\",\"seed\":[15147,28865,36640,42574],\"rated\":\"Rated battle\"}\n>player p1 {\"name\":\"Tonai\",\"avatar\":\"blackbelt-gen4dp\",\"rating\":1528,\"seed\":[13719,38917,31216,20365]}\n>player p2 {\"name\":\"ifdodo4\",\"avatar\":\"policeman-gen4\",\"rating\":1554,\"seed\":[23632,49467,21906,21329]}\n>p1 move uturn\n>p2 move doubleedge\n>p1 switch 5\n>p1 move auroraveil\n>p2 switch 2\n>p1 move blizzard\n>p2 move nastyplot\n>p1 move woodhammer\n>p2 move makeitrain\n>p1 switch 6\n>p1 move electrodrift\n>p2 switch 3\n>p1 switch 5\n>p2 move rapidspin\n>p1 move roost\n>p2 move rockslide\n>p1 move uturn\n>p2 switch 6\n>p1 switch 5\n>p1 move overheat\n>p2 switch 6\n>p1 move overheat\n>p2 switch 6\n>p1 switch 4\n>p2 move tailglow\n>p1 move flipturn\n>p2 move energyball\n>p1 switch 5\n>p1 move roost\n>p2 move icebeam\n>p1 switch 2\n>p1 move boomburst\n>p2 switch 4\n>p1 move boomburst\n>p2 move trick\n>p1 move boomburst\n>p2 switch 3\n>p1 switch 5\n>p2 move shadowball\n>p1 move flipturn\n>p2 move shadowball\n>p1 switch 3\n>p1 move strengthsap\n>p2 move nastyplot\n>p1 move suckerpunch\n>p2 move recover\n>p1 move suckerpunch\n>p2 move nastyplot\n>p1 move suckerpunch\n>p2 move shadowball\n>p1 switch 4\n>p1 move overheat\n>p2 switch 6\n>p2 switch 5\n>p1 switch 5\n>p2 move substitute\n>p1 move shadowball\n>p2 move swordsdance\n>p1 switch 3\n>p2 move swordsdance\n>p1 move icebeam\n>p2 move knockoff\n>p1 switch 3\n>p1 move boomburst\n>p2 move knockoff terastallize\n>p1 switch 5\n>p1 move electrodrift terastallize\n>p2 move knockoff", "uploadtime": 1733865401, "views": 2, "formatid": "gen9randombattle", "rating": 1509, "private": 0, "password": null}