{"id": "gen9randombattle-2260803875", "format": "[Gen 9] Random Battle", "players": ["nekurotic", "wassup008"], "log": "|j|\u2606nekurotic\n|j|\u2606wassup008\n|t:|1733894895\n|gametype|singles\n|player|p1|nekurotic|clair-masters|\n|player|p2|wassup008|265|\n|teamsize|p1|6\n|teamsize|p2|6\n|gen|9\n|tier|[Gen 9] Random Battle\n|rule|Species Clause: Limit one of each Pok\u00e9mon\n|rule|HP Percentage Mod: HP is shown in percentages\n|rule|Sleep Clause Mod: Limit one foe put to sleep\n|rule|Illusion Level Mod: Illusion disguises the Pok\u00e9mon's true level\n|\n|t:|1733894895\n|start\n|switch|p1a: Dipplin|Dipplin, L88, F|284/284\n|switch|p2a: Shaymin|Shaymin, L82|298/298\n|turn|1\n|\n|t:|1733894930\n|switch|p2a: Qwilfish|Qwilfish-Hisui, L83, F|244/244\n|-ability|p2a: Qwilfish|Intimidate|boost\n|-unboost|p1a: Dipplin|atk|1\n|switch|p1a: Dragalge|Dragalge, L88, M|258/258\n|\n|upkeep\n|turn|2\n|\n|t:|1733894955\n|switch|p1a: Arceus|Arceus-Steel, L70|284/284\n|move|p2a: Qwilfish|Toxic Spikes|p1a: Arceus\n|-sidestart|p1: nekurotic|move: Toxic Spikes\n|\n|upkeep\n|turn|3\n|\n|t:|1733894974\n|switch|p2a: Hippowdon|Hippowdon, L82, F|311/311\n|-weather|Sandstorm|[from] ability: Sand Stream|[of] p2a: Hippowdon\n|move|p1a: Arceus|Calm Mind|p1a: Arceus\n|-boost|p1a: Arceus|spa|1\n|-boost|p1a: Arceus|spd|1\n|\n|-weather|Sandstorm|[upkeep]\n|upkeep\n|turn|4\n|\n|t:|1733895001\n|-terastallize|p1a: Arceus|Ghost\n|move|p1a: Arceus|Calm Mind|p1a: Arceus\n|-boost|p1a: Arceus|spa|1\n|-boost|p1a: Arceus|spd|1\n|move|p2a: Hippowdon|Whirlwind|p1a: Arceus\n|drag|p1a: Grafaiai|Grafaiai, L86, M|249/249\n|-sideend|p1: nekurotic|move: Toxic Spikes|[of] p1a: Grafaiai\n|\n|-weather|Sandstorm|[upkeep]\n|-damage|p1a: Grafaiai|234/249|[from] Sandstorm\n|upkeep\n|turn|5\n|\n|t:|1733895011\n|switch|p1a: Dipplin|Dipplin, L88, F|284/284\n|move|p2a: Hippowdon|Whirlwind|p1a: Dipplin\n|drag|p1a: Hariyama|Hariyama, L87, F|392/392\n|\n|-weather|Sandstorm|[upkeep]\n|-damage|p1a: Hariyama|368/392|[from] Sandstorm\n|upkeep\n|turn|6\n|\n|t:|1733895020\n|move|p1a: Hariyama|Knock Off|p2a: Hippowdon\n|-damage|p2a: Hippowdon|238/311\n|-damage|p1a: Hariyama|303/392|[from] item: Rocky Helmet|[of] p2a: Hippowdon\n|-enditem|p2a: Hippowdon|Rocky Helmet|[from] move: Knock Off|[of] p1a: Hariyama\n|move|p2a: Hippowdon|Whirlwind|p1a: Hariyama\n|drag|p1a: Arceus|Arceus-Steel, L70, tera:Ghost|284/284\n|\n|-weather|Sandstorm|[upkeep]\n|-damage|p1a: Arceus|267/284|[from] Sandstorm\n|upkeep\n|turn|7\n|\n|t:|1733895029\n|move|p1a: Arceus|Judgment|p2a: Hippowdon\n|-damage|p2a: Hippowdon|120/311\n|move|p2a: Hippowdon|Whirlwind|p1a: Arceus\n|drag|p1a: Dipplin|Dipplin, L88, F|284/284\n|\n|-weather|none\n|upkeep\n|turn|8\n|\n|t:|1733895041\n|switch|p2a: Kommo-o|Kommo-o, L78, F|245/245\n|move|p1a: Dipplin|Giga Drain|p2a: Kommo-o\n|-resisted|p2a: Kommo-o\n|-damage|p2a: Kommo-o|207/245\n|\n|upkeep\n|turn|9\n|\n|t:|1733895048\n|move|p2a: Kommo-o|Iron Head|p1a: Dipplin\n|-damage|p1a: Dipplin|256/284\n|cant|p1a: Dipplin|flinch\n|\n|upkeep\n|turn|10\n|\n|t:|1733895056\n|move|p2a: Kommo-o|Scale Shot|p1a: Dipplin\n|-supereffective|p1a: Dipplin\n|-damage|p1a: Dipplin|226/284\n|-supereffective|p1a: Dipplin\n|-damage|p1a: Dipplin|200/284\n|-supereffective|p1a: Dipplin\n|-damage|p1a: Dipplin|168/284\n|-supereffective|p1a: Dipplin\n|-crit|p1a: Dipplin\n|-damage|p1a: Dipplin|120/284\n|-hitcount|p1a: Dipplin|4\n|-unboost|p2a: Kommo-o|def|1\n|-boost|p2a: Kommo-o|spe|1\n|move|p1a: Dipplin|Dragon Pulse|p2a: Kommo-o\n|-supereffective|p2a: Kommo-o\n|-damage|p2a: Kommo-o|21/245\n|\n|upkeep\n|turn|11\n|\n|t:|1733895076\n|move|p1a: Dipplin|Sucker Punch|p2a: Kommo-o\n|-resisted|p2a: Kommo-o\n|-damage|p2a: Kommo-o|0 fnt\n|faint|p2a: Kommo-o\n|\n|upkeep\n|\n|t:|1733895082\n|switch|p2a: Qwilfish|Qwilfish-Hisui, L83, F|244/244\n|-ability|p2a: Qwilfish|Intimidate|boost\n|-unboost|p1a: Dipplin|atk|1\n|turn|12\n|\n|t:|1733895093\n|switch|p1a: Ursaluna|Ursaluna, L79, M|335/335\n|move|p2a: Qwilfish|Taunt|p1a: Ursaluna\n|-start|p1a: Ursaluna|move: Taunt\n|\n|-status|p1a: Ursaluna|brn|[from] item: Flame Orb\n|upkeep\n|turn|13\n|c|\u2606nekurotic|Lvl 79 85 Atk Guts Ursaluna Headlong Rush (120 BP) vs. Lvl 83 85 HP / 85 Def Eviolite Qwilfish-Hisui: 288-338 (118 - 138.5%) -- guaranteed OHKO (288, 290, 294, 296, 300, 302, 306, 308, 314, 318, 320, 324, 326, 330, 332, 338)\n|\n|t:|1733895112\n|switch|p2a: Mabosstiff|Mabosstiff, L86, F|278/278\n|move|p1a: Ursaluna|Facade|p2a: Mabosstiff\n|-damage|p2a: Mabosstiff|43/278\n|\n|-damage|p1a: Ursaluna|315/335 brn|[from] brn\n|upkeep\n|turn|14\n|\n|t:|1733895121\n|move|p2a: Mabosstiff|Psychic Fangs|p1a: Ursaluna\n|-damage|p1a: Ursaluna|239/335 brn\n|move|p1a: Ursaluna|Throat Chop|p2a: Mabosstiff\n|-resisted|p2a: Mabosstiff\n|-crit|p2a: Mabosstiff\n|-damage|p2a: Mabosstiff|0 fnt\n|faint|p2a: Mabosstiff\n|\n|-damage|p1a: Ursaluna|219/335 brn|[from] brn\n|-end|p1a: Ursaluna|move: Taunt\n|upkeep\n|\n|t:|1733895133\n|switch|p2a: Quaquaval|Quaquaval, L79, M|264/264\n|turn|15\n|\n|t:|1733895144\n|switch|p1a: Dragalge|Dragalge, L88, M|258/258\n|move|p2a: Quaquaval|Aqua Step|p1a: Dragalge\n|-resisted|p1a: Dragalge\n|-damage|p1a: Dragalge|216/258\n|-boost|p2a: Quaquaval|spe|1\n|\n|-heal|p1a: Dragalge|232/258|[from] item: Leftovers\n|upkeep\n|turn|16\n|\n|t:|1733895156\n|move|p2a: Quaquaval|Knock Off|p1a: Dragalge\n|-damage|p1a: Dragalge|169/258\n|-enditem|p1a: Dragalge|Leftovers|[from] move: Knock Off|[of] p2a: Quaquaval\n|move|p1a: Dragalge|Toxic|p2a: Quaquaval\n|-status|p2a: Quaquaval|tox\n|\n|-damage|p2a: Quaquaval|248/264 tox|[from] psn\n|upkeep\n|turn|17\n|\n|t:|1733895165\n|switch|p2a: Qwilfish|Qwilfish-Hisui, L83, F|244/244\n|-ability|p2a: Qwilfish|Intimidate|boost\n|-unboost|p1a: Dragalge|atk|1\n|move|p1a: Dragalge|Draco Meteor|p2a: Qwilfish\n|-damage|p2a: Qwilfish|62/244\n|-unboost|p1a: Dragalge|spa|2\n|\n|upkeep\n|turn|18\n|\n|t:|1733895177\n|switch|p2a: Hippowdon|Hippowdon, L82, F|120/311\n|-weather|Sandstorm|[from] ability: Sand Stream|[of] p2a: Hippowdon\n|switch|p1a: Arceus|Arceus-Steel, L70, tera:Ghost|267/284\n|\n|-weather|Sandstorm|[upkeep]\n|-damage|p1a: Arceus|250/284|[from] Sandstorm\n|upkeep\n|turn|19\n|\n|t:|1733895190\n|move|p1a: Arceus|Judgment|p2a: Hippowdon\n|-damage|p2a: Hippowdon|0 fnt\n|faint|p2a: Hippowdon\n|\n|-weather|Sandstorm|[upkeep]\n|-damage|p1a: Arceus|233/284|[from] Sandstorm\n|upkeep\n|\n|t:|1733895197\n|switch|p2a: Shaymin|Shaymin, L82|298/298\n|turn|20\n|\n|t:|1733895206\n|move|p2a: Shaymin|Seed Flare|p1a: Arceus\n|-damage|p1a: Arceus|116/284\n|move|p1a: Arceus|Calm Mind|p1a: Arceus\n|-boost|p1a: Arceus|spa|1\n|-boost|p1a: Arceus|spd|1\n|\n|-weather|Sandstorm|[upkeep]\n|-damage|p2a: Shaymin|280/298|[from] Sandstorm\n|-damage|p1a: Arceus|99/284|[from] Sandstorm\n|-heal|p2a: Shaymin|298/298|[from] item: Leftovers\n|upkeep\n|turn|21\n|\n|t:|1733895216\n|move|p2a: Shaymin|Seed Flare|p1a: Arceus|[miss]\n|-miss|p2a: Shaymin|p1a: Arceus\n|move|p1a: Arceus|Recover|p1a: Arceus\n|-heal|p1a: Arceus|241/284\n|\n|-weather|Sandstorm|[upkeep]\n|-damage|p2a: Shaymin|280/298|[from] Sandstorm\n|-damage|p1a: Arceus|224/284|[from] Sandstorm\n|-heal|p2a: Shaymin|298/298|[from] item: Leftovers\n|upkeep\n|turn|22\n|\n|t:|1733895227\n|move|p2a: Shaymin|Leech Seed|p1a: Arceus\n|-start|p1a: Arceus|move: Leech Seed\n|move|p1a: Arceus|Calm Mind|p1a: Arceus\n|-boost|p1a: Arceus|spa|1\n|-boost|p1a: Arceus|spd|1\n|\n|-weather|none\n|-damage|p1a: Arceus|189/284|[from] Leech Seed|[of] p2a: Shaymin\n|upkeep\n|turn|23\n|\n|t:|1733895239\n|move|p2a: Shaymin|Seed Flare|p1a: Arceus\n|-damage|p1a: Arceus|135/284\n|move|p1a: Arceus|Recover|p1a: Arceus\n|-heal|p1a: Arceus|277/284\n|\n|-damage|p1a: Arceus|242/284|[from] Leech Seed|[of] p2a: Shaymin\n|upkeep\n|turn|24\n|\n|t:|1733895246\n|move|p2a: Shaymin|Substitute|p2a: Shaymin\n|-start|p2a: Shaymin|Substitute\n|-damage|p2a: Shaymin|224/298\n|move|p1a: Arceus|Calm Mind|p1a: Arceus\n|-boost|p1a: Arceus|spa|1\n|-boost|p1a: Arceus|spd|1\n|\n|-heal|p2a: Shaymin|242/298|[from] item: Leftovers\n|-damage|p1a: Arceus|207/284|[from] Leech Seed|[of] p2a: Shaymin\n|-heal|p2a: Shaymin|277/298|[silent]\n|upkeep\n|turn|25\n|\n|t:|1733895258\n|move|p2a: Shaymin|Seed Flare|p1a: Arceus\n|-damage|p1a: Arceus|161/284\n|move|p1a: Arceus|Recover|p1a: Arceus\n|-heal|p1a: Arceus|284/284\n|\n|-heal|p2a: Shaymin|295/298|[from] item: Leftovers\n|-damage|p1a: Arceus|249/284|[from] Leech Seed|[of] p2a: Shaymin\n|-heal|p2a: Shaymin|298/298|[silent]\n|upkeep\n|turn|26\n|\n|t:|1733895267\n|move|p2a: Shaymin|Seed Flare|p1a: Arceus\n|-damage|p1a: Arceus|206/284\n|move|p1a: Arceus|Judgment|p2a: Shaymin\n|-end|p2a: Shaymin|Substitute\n|\n|-damage|p1a: Arceus|171/284|[from] Leech Seed|[of] p2a: Shaymin\n|upkeep\n|turn|27\n|\n|t:|1733895275\n|move|p2a: Shaymin|Substitute|p2a: Shaymin\n|-start|p2a: Shaymin|Substitute\n|-damage|p2a: Shaymin|224/298\n|move|p1a: Arceus|Recover|p1a: Arceus\n|-heal|p1a: Arceus|284/284\n|\n|-heal|p2a: Shaymin|242/298|[from] item: Leftovers\n|-damage|p1a: Arceus|249/284|[from] Leech Seed|[of] p2a: Shaymin\n|-heal|p2a: Shaymin|277/298|[silent]\n|upkeep\n|turn|28\n|\n|t:|1733895285\n|switch|p1a: Dragalge|Dragalge, L88, M|169/258\n|move|p2a: Shaymin|Seed Flare|p1a: Dragalge\n|-resisted|p1a: Dragalge\n|-damage|p1a: Dragalge|148/258\n|-unboost|p1a: Dragalge|spd|2\n|\n|-heal|p2a: Shaymin|295/298|[from] item: Leftovers\n|upkeep\n|turn|29\n|\n|t:|1733895296\n|-terastallize|p2a: Shaymin|Steel\n|move|p2a: Shaymin|Air Slash|p1a: Dragalge\n|-damage|p1a: Dragalge|69/258\n|cant|p1a: Dragalge|flinch\n|\n|-heal|p2a: Shaymin|298/298|[from] item: Leftovers\n|upkeep\n|turn|30\n|\n|t:|1733895310\n|switch|p1a: Grafaiai|Grafaiai, L86, M|234/249\n|move|p2a: Shaymin|Air Slash|p1a: Grafaiai|[miss]\n|-miss|p2a: Shaymin|p1a: Grafaiai\n|\n|upkeep\n|turn|31\n|\n|t:|1733895319\n|move|p1a: Grafaiai|Knock Off|p2a: Shaymin\n|-end|p2a: Shaymin|Substitute\n|-damage|p1a: Grafaiai|210/249|[from] item: Life Orb\n|move|p2a: Shaymin|Leech Seed|p1a: Grafaiai\n|-start|p1a: Grafaiai|move: Leech Seed\n|\n|-damage|p1a: Grafaiai|179/249|[from] Leech Seed|[of] p2a: Shaymin\n|upkeep\n|turn|32\n|\n|t:|1733895326\n|move|p1a: Grafaiai|Swords Dance|p1a: Grafaiai\n|-boost|p1a: Grafaiai|atk|2\n|move|p2a: Shaymin|Substitute|p2a: Shaymin\n|-start|p2a: Shaymin|Substitute\n|-damage|p2a: Shaymin|224/298\n|\n|-heal|p2a: Shaymin|242/298|[from] item: Leftovers\n|-damage|p1a: Grafaiai|148/249|[from] Leech Seed|[of] p2a: Shaymin\n|-heal|p2a: Shaymin|273/298|[silent]\n|upkeep\n|turn|33\n|\n|t:|1733895335\n|move|p1a: Grafaiai|Knock Off|p2a: Shaymin\n|-end|p2a: Shaymin|Substitute\n|-damage|p1a: Grafaiai|124/249|[from] item: Life Orb\n|move|p2a: Shaymin|Seed Flare|p1a: Grafaiai\n|-resisted|p1a: Grafaiai\n|-damage|p1a: Grafaiai|60/249\n|\n|-heal|p2a: Shaymin|291/298|[from] item: Leftovers\n|-damage|p1a: Grafaiai|29/249|[from] Leech Seed|[of] p2a: Shaymin\n|-heal|p2a: Shaymin|298/298|[silent]\n|upkeep\n|turn|34\n|\n|t:|1733895346\n|move|p1a: Grafaiai|Knock Off|p2a: Shaymin\n|-damage|p2a: Shaymin|120/298\n|-enditem|p2a: Shaymin|Leftovers|[from] move: Knock Off|[of] p1a: Grafaiai\n|-damage|p1a: Grafaiai|5/249|[from] item: Life Orb\n|move|p2a: Shaymin|Substitute|p2a: Shaymin\n|-start|p2a: Shaymin|Substitute\n|-damage|p2a: Shaymin|46/298\n|\n|-damage|p1a: Grafaiai|0 fnt|[from] Leech Seed|[of] p2a: Shaymin\n|-heal|p2a: Shaymin|51/298|[silent]\n|faint|p1a: Grafaiai\n|upkeep\n|\n|t:|1733895367\n|switch|p1a: Arceus|Arceus-Steel, L70, tera:Ghost|249/284\n|turn|35\n|-message|wassup008 forfeited.\n|\n|win|nekurotic\n|l|\u2606wassup008\n|player|p2|\n|l|\u2606nekurotic\n|player|p1|\n|j|\u2606nekurotic\n|player|p1|nekurotic|clair-masters|\n", "inputlog": ">version bfd83cad13791eb5a5a409923076391caf6fb4d4\n>start {\"formatid\":\"gen9randombattle\",\"seed\":[49187,5182,47492,28460]}\n>player p1 {\"name\":\"nekurotic\",\"avatar\":\"clair-masters\",\"rating\":0,\"seed\":[20126,32084,58021,19361]}\n>player p2 {\"name\":\"wassup008\",\"avatar\":\"265\",\"rating\":0,\"seed\":[40750,27643,50792,50232]}\n>p1 switch 5\n>p2 switch 4\n>p1 switch 6\n>p2 move toxicspikes\n>p1 move calmmind\n>p2 switch 5\n>p1 move calmmind terastallize\n>p2 move whirlwind\n>p1 switch 5\n>p2 move whirlwind\n>p1 move knockoff\n>p2 move whirlwind\n>p1 move judgment\n>p2 move whirlwind\n>p1 move gigadrain\n>p2 switch 3\n>p1 move dragonpulse\n>p2 move ironhead\n>p1 move dragonpulse\n>p2 move scaleshot\n>p1 move suckerpunch\n>p2 move scaleshot\n>p2 switch 5\n>p1 switch 2\n>p2 move taunt\n>chat \u2606nekurotic|Lvl 79 85 Atk Guts Ursaluna Headlong Rush (120 BP) vs. Lvl 83 85 HP / 85 Def Eviolite Qwilfish-Hisui: 288-338 (118 - 138.5%) -- guaranteed OHKO (288, 290, 294, 296, 300, 302, 306, 308, 314, 318, 320, 324, 326, 330, 332, 338)\n>p1 move facade\n>p2 switch 6\n>p1 move throatchop\n>p2 move psychicfangs\n>p2 switch 2\n>p1 switch 6\n>p2 move aquastep\n>p1 move toxic\n>p2 move knockoff\n>p1 move dracometeor\n>p2 switch 6\n>p1 switch 4\n>p2 switch 3\n>p1 move judgment\n>p2 move stealthrock\n>p2 switch 4\n>p1 move calmmind\n>p2 move seedflare\n>p1 move recover\n>p2 move seedflare\n>p1 move calmmind\n>p2 move leechseed\n>p1 move recover\n>p2 move seedflare\n>p1 move calmmind\n>p2 move substitute\n>p1 move recover\n>p2 move seedflare\n>p1 move judgment\n>p2 move seedflare\n>p1 move recover\n>p2 move substitute\n>p1 switch 4\n>p2 move seedflare\n>p1 move sludgewave\n>p2 move airslash terastallize\n>p1 switch 5\n>p2 move airslash\n>p1 move knockoff\n>p2 move leechseed\n>p1 move swordsdance\n>p2 move substitute\n>p1 move knockoff\n>p2 move seedflare\n>p1 move knockoff\n>p2 move substitute\n>p1 switch 4\n>forcelose p2", "uploadtime": 1733895396, "views": 4, "formatid": "gen9randombattle", "rating": null, "private": 0, "password": null}