{"id": "gen9randombattle-2157331976", "format": "[Gen 9] Random Battle", "players": ["think neuro", "Yes Indubitably"], "log": "|j|\u2606think neuro\n|j|\u2606Yes Indubitably\n|t:|1720456387\n|gametype|singles\n|player|p1|think neuro|preschoolerf|2194\n|player|p2|Yes Indubitably|gentleman-gen4|2252\n|teamsize|p1|6\n|teamsize|p2|6\n|gen|9\n|tier|[Gen 9] Random Battle\n|rated|\n|rule|Species Clause: Limit one of each Pok\u00e9mon\n|rule|HP Percentage Mod: HP is shown in percentages\n|rule|Sleep Clause Mod: Limit one foe put to sleep\n|rule|Illusion Level Mod: Illusion disguises the Pok\u00e9mon's true level\n|\n|t:|1720456387\n|start\n|switch|p1a: Falinks|Falinks, L85|249/249\n|switch|p2a: Smeargle|Smeargle, L94, F|256/256\n|turn|1\n|inactive|Battle timer is ON: inactive players will automatically lose when time's up. (requested by Yes Indubitably)\n|\n|t:|1720456401\n|switch|p1a: Goodra|Goodra, L85, F|292/292\n|move|p2a: Smeargle|Spore|p1a: Goodra\n|-ability|p1a: Goodra|Sap Sipper|boost\n|-boost|p1a: Goodra|atk|1\n|\n|upkeep\n|turn|2\n|\n|t:|1720456422\n|switch|p2a: Hatterene|Hatterene, L85, F|236/236\n|move|p1a: Goodra|Thunderbolt|p2a: Hatterene\n|-damage|p2a: Hatterene|196/236\n|\n|upkeep\n|turn|3\n|\n|t:|1720456434\n|switch|p1a: Chansey|Chansey, L85, F|564/564\n|move|p2a: Hatterene|Nuzzle|p1a: Chansey\n|-damage|p1a: Chansey|532/564\n|-status|p1a: Chansey|par\n|\n|upkeep\n|turn|4\n|inactive|Yes Indubitably has 120 seconds left.\n|\n|t:|1720456475\n|switch|p2a: Infernape|Infernape, L82, M|259/259\n|move|p1a: Chansey|Seismic Toss|p2a: Infernape\n|-damage|p2a: Infernape|174/259\n|\n|upkeep\n|turn|5\n|\n|t:|1720456485\n|-curestatus|p1a: Chansey|par|[from] ability: Natural Cure\n|switch|p1a: Houndstone|Houndstone, L86, F|264/264\n|move|p2a: Infernape|Close Combat|p1a: Houndstone\n|-immune|p1a: Houndstone\n|\n|upkeep\n|turn|6\n|\n|t:|1720456504\n|switch|p2a: Minun|Minun, L95, F|268/268\n|move|p1a: Houndstone|Body Press|p2a: Minun\n|-damage|p2a: Minun|191/268\n|\n|upkeep\n|turn|7\n|\n|t:|1720456524\n|move|p2a: Minun|Thunderbolt|p1a: Houndstone\n|-damage|p1a: Houndstone|189/264\n|-damage|p2a: Minun|165/268|[from] item: Life Orb\n|move|p1a: Houndstone|Poltergeist|p2a: Minun\n|-activate|p2a: Minun|move: Poltergeist|Life Orb\n|-damage|p2a: Minun|8/268\n|\n|upkeep\n|turn|8\n|\n|t:|1720456533\n|move|p1a: Houndstone|Shadow Sneak|p2a: Minun\n|-damage|p2a: Minun|0 fnt\n|faint|p2a: Minun\n|\n|upkeep\n|inactive|Yes Indubitably has 90 seconds left.\n|\n|t:|1720456548\n|switch|p2a: Infernape|Infernape, L82, M|174/259\n|turn|9\n|\n|t:|1720456556\n|move|p2a: Infernape|Flare Blitz|p1a: Houndstone\n|-damage|p1a: Houndstone|17/264\n|-damage|p2a: Infernape|117/259|[from] Recoil\n|move|p1a: Houndstone|Poltergeist|p2a: Infernape\n|-activate|p2a: Infernape|move: Poltergeist|Choice Band\n|-damage|p2a: Infernape|0 fnt\n|faint|p2a: Infernape\n|\n|upkeep\n|inactive|Yes Indubitably has 90 seconds left.\n|\n|t:|1720456574\n|switch|p2a: Smeargle|Smeargle, L94, F|256/256\n|turn|10\n|\n|t:|1720456577\n|move|p2a: Smeargle|Ceaseless Edge|p1a: Houndstone|[miss]\n|-miss|p2a: Smeargle|p1a: Houndstone\n|move|p1a: Houndstone|Body Press|p2a: Smeargle\n|-supereffective|p2a: Smeargle\n|-damage|p2a: Smeargle|52/256\n|\n|upkeep\n|turn|11\n|\n|t:|1720456587\n|move|p2a: Smeargle|Ceaseless Edge|p1a: Houndstone\n|-supereffective|p1a: Houndstone\n|-damage|p1a: Houndstone|0 fnt\n|-sidestart|p1: think neuro|Spikes\n|faint|p1a: Houndstone\n|\n|upkeep\n|\n|t:|1720456593\n|switch|p1a: Ambipom|Ambipom, L84, F|263/263\n|-damage|p1a: Ambipom|231/263|[from] Spikes\n|turn|12\n|\n|t:|1720456599\n|switch|p2a: Palossand|Palossand, L89, M|296/296\n|move|p1a: Ambipom|U-turn|p2a: Palossand\n|-resisted|p2a: Palossand\n|-damage|p2a: Palossand|268/296\n|\n|t:|1720456608\n|switch|p1a: Goodra|Goodra, L85, F|292/292|[from] U-turn\n|-damage|p1a: Goodra|256/292|[from] Spikes\n|\n|-heal|p2a: Palossand|286/296|[from] item: Leftovers\n|upkeep\n|turn|13\n|\n|t:|1720456613\n|switch|p2a: Hatterene|Hatterene, L85, F|196/236\n|move|p1a: Goodra|Scald|p2a: Hatterene\n|-damage|p2a: Hatterene|158/236\n|-status|p2a: Hatterene|brn\n|\n|-damage|p2a: Hatterene|144/236 brn|[from] brn\n|upkeep\n|turn|14\n|\n|t:|1720456622\n|switch|p1a: Chansey|Chansey, L85, F|532/564\n|-damage|p1a: Chansey|462/564|[from] Spikes\n|move|p2a: Hatterene|Draining Kiss|p1a: Chansey\n|-damage|p1a: Chansey|420/564\n|-heal|p2a: Hatterene|176/236 brn|[from] drain|[of] p1a: Chansey\n|\n|-damage|p2a: Hatterene|162/236 brn|[from] brn\n|upkeep\n|turn|15\n|\n|t:|1720456637\n|move|p1a: Chansey|Stealth Rock|p2a: Hatterene\n|move|p2a: Hatterene|Stealth Rock|p1a: Chansey|[from]ability: Magic Bounce\n|-sidestart|p1: think neuro|move: Stealth Rock\n|move|p2a: Hatterene|Nuzzle|p1a: Chansey\n|-damage|p1a: Chansey|404/564\n|-status|p1a: Chansey|par\n|\n|-damage|p2a: Hatterene|148/236 brn|[from] brn\n|upkeep\n|turn|16\n|\n|t:|1720456649\n|move|p2a: Hatterene|Draining Kiss|p1a: Chansey\n|-damage|p1a: Chansey|365/564 par\n|-heal|p2a: Hatterene|177/236 brn|[from] drain|[of] p1a: Chansey\n|move|p1a: Chansey|Stealth Rock|p2a: Hatterene\n|move|p2a: Hatterene|Stealth Rock||[from]ability: Magic Bounce|[still]\n|-fail|p2a: Hatterene\n|\n|-damage|p2a: Hatterene|163/236 brn|[from] brn\n|upkeep\n|turn|17\n|\n|t:|1720456669\n|move|p2a: Hatterene|Draining Kiss|p1a: Chansey\n|-damage|p1a: Chansey|319/564 par\n|-heal|p2a: Hatterene|198/236 brn|[from] drain|[of] p1a: Chansey\n|cant|p1a: Chansey|par\n|\n|-damage|p2a: Hatterene|184/236 brn|[from] brn\n|upkeep\n|turn|18\n|\n|t:|1720456677\n|move|p2a: Hatterene|Psychic Noise|p1a: Chansey\n|-damage|p1a: Chansey|255/564 par\n|-start|p1a: Chansey|move: Heal Block\n|cant|p1a: Chansey|move: Heal Block|Soft-Boiled\n|\n|-damage|p2a: Hatterene|170/236 brn|[from] brn\n|upkeep\n|turn|19\n|\n|t:|1720456684\n|move|p2a: Hatterene|Draining Kiss|p1a: Chansey\n|-damage|p1a: Chansey|212/564 par\n|-heal|p2a: Hatterene|202/236 brn|[from] drain|[of] p1a: Chansey\n|move|p1a: Chansey|Seismic Toss|p2a: Hatterene\n|-damage|p2a: Hatterene|117/236 brn\n|\n|-damage|p2a: Hatterene|103/236 brn|[from] brn\n|-end|p1a: Chansey|move: Heal Block\n|upkeep\n|turn|20\n|\n|t:|1720456691\n|move|p2a: Hatterene|Psychic Noise|p1a: Chansey\n|-damage|p1a: Chansey|151/564 par\n|-start|p1a: Chansey|move: Heal Block\n|cant|p1a: Chansey|par\n|\n|-damage|p2a: Hatterene|89/236 brn|[from] brn\n|upkeep\n|turn|21\n|\n|t:|1720456699\n|move|p2a: Hatterene|Draining Kiss|p1a: Chansey\n|-damage|p1a: Chansey|106/564 par\n|-heal|p2a: Hatterene|123/236 brn|[from] drain|[of] p1a: Chansey\n|move|p1a: Chansey|Seismic Toss|p2a: Hatterene\n|-damage|p2a: Hatterene|38/236 brn\n|\n|-damage|p2a: Hatterene|24/236 brn|[from] brn\n|-end|p1a: Chansey|move: Heal Block\n|upkeep\n|turn|22\n|\n|t:|1720456710\n|move|p2a: Hatterene|Psychic Noise|p1a: Chansey\n|-damage|p1a: Chansey|42/564 par\n|-start|p1a: Chansey|move: Heal Block\n|move|p1a: Chansey|Seismic Toss|p2a: Hatterene\n|-damage|p2a: Hatterene|0 fnt\n|faint|p2a: Hatterene\n|\n|upkeep\n|inactive|Yes Indubitably has 120 seconds left.\n|\n|t:|1720456744\n|switch|p2a: Smeargle|Smeargle, L94, F|52/256\n|turn|23\n|\n|t:|1720456751\n|move|p2a: Smeargle|Ceaseless Edge|p1a: Chansey\n|-damage|p1a: Chansey|0 fnt\n|-sidestart|p1: think neuro|Spikes\n|faint|p1a: Chansey\n|\n|upkeep\n|\n|t:|1720456754\n|switch|p1a: Ambipom|Ambipom, L84, F|231/263\n|-damage|p1a: Ambipom|188/263|[from] Spikes\n|-damage|p1a: Ambipom|156/263|[from] Stealth Rock\n|turn|24\n|\n|t:|1720456767\n|move|p1a: Ambipom|Knock Off|p2a: Smeargle\n|-damage|p2a: Smeargle|0 fnt\n|-enditem|p2a: Smeargle|Focus Sash|[from] move: Knock Off|[of] p1a: Ambipom\n|faint|p2a: Smeargle\n|\n|upkeep\n|\n|t:|1720456782\n|switch|p2a: Sneasler|Sneasler, L74, M|240/240\n|turn|25\n|\n|t:|1720456790\n|switch|p1a: Sandaconda|Sandaconda, L84, M|258/258\n|-damage|p1a: Sandaconda|215/258|[from] Spikes\n|-damage|p1a: Sandaconda|199/258|[from] Stealth Rock\n|move|p2a: Sneasler|Swords Dance|p2a: Sneasler\n|-boost|p2a: Sneasler|atk|2\n|\n|-heal|p1a: Sandaconda|215/258|[from] item: Leftovers\n|upkeep\n|turn|26\n|\n|t:|1720456804\n|-terastallize|p2a: Sneasler|Flying\n|move|p2a: Sneasler|Close Combat|p1a: Sandaconda\n|-damage|p1a: Sandaconda|37/258\n|-unboost|p2a: Sneasler|def|1\n|-unboost|p2a: Sneasler|spd|1\n|-enditem|p2a: Sneasler|White Herb\n|-clearnegativeboost|p2a: Sneasler|[silent]\n|move|p1a: Sandaconda|Glare|p2a: Sneasler\n|-status|p2a: Sneasler|par\n|\n|-heal|p1a: Sandaconda|53/258|[from] item: Leftovers\n|upkeep\n|turn|27\n|\n|t:|1720456818\n|move|p2a: Sneasler|Acrobatics|p1a: Sandaconda\n|-damage|p1a: Sandaconda|0 fnt\n|faint|p1a: Sandaconda\n|\n|upkeep\n|inactive|think neuro has 120 seconds left.\n|\n|t:|1720456846\n|switch|p1a: Ambipom|Ambipom, L84, F|156/263\n|-damage|p1a: Ambipom|113/263|[from] Spikes\n|-damage|p1a: Ambipom|81/263|[from] Stealth Rock\n|turn|28\n|inactive|think neuro has 120 seconds left.\n|\n|t:|1720456860\n|move|p1a: Ambipom|Double-Edge|p2a: Sneasler\n|-damage|p2a: Sneasler|0 fnt\n|faint|p2a: Sneasler\n|-damage|p1a: Ambipom|2/263|[from] Recoil\n|\n|upkeep\n|c|\u2606think neuro|gg\n|\n|t:|1720456864\n|switch|p2a: Palossand|Palossand, L89, M|286/296\n|turn|29\n|\n|t:|1720456873\n|move|p1a: Ambipom|Double-Edge|p2a: Palossand\n|-immune|p2a: Palossand\n|move|p2a: Palossand|Sludge Bomb|p1a: Ambipom\n|-damage|p1a: Ambipom|0 fnt\n|faint|p1a: Ambipom\n|\n|-heal|p2a: Palossand|296/296|[from] item: Leftovers\n|upkeep\n|\n|t:|1720456876\n|switch|p1a: Falinks|Falinks, L85|249/249\n|-damage|p1a: Falinks|208/249|[from] Spikes\n|-damage|p1a: Falinks|193/249|[from] Stealth Rock\n|turn|30\n|\n|t:|1720456884\n|-terastallize|p1a: Falinks|Dark\n|move|p1a: Falinks|No Retreat|p1a: Falinks\n|-boost|p1a: Falinks|atk|1\n|-boost|p1a: Falinks|def|1\n|-boost|p1a: Falinks|spa|1\n|-boost|p1a: Falinks|spd|1\n|-boost|p1a: Falinks|spe|1\n|-start|p1a: Falinks|move: No Retreat\n|move|p2a: Palossand|Sludge Bomb|p1a: Falinks\n|-damage|p1a: Falinks|129/249\n|-status|p1a: Falinks|psn\n|\n|-damage|p1a: Falinks|98/249 psn|[from] psn\n|upkeep\n|turn|31\n|\n|t:|1720456894\n|move|p1a: Falinks|Knock Off|p2a: Palossand\n|-supereffective|p2a: Palossand\n|-damage|p2a: Palossand|0 fnt\n|-enditem|p2a: Palossand|Leftovers|[from] move: Knock Off|[of] p1a: Falinks\n|faint|p2a: Palossand\n|-damage|p1a: Falinks|74/249 psn|[from] item: Life Orb\n|\n|win|think neuro\n|raw|think neuro's rating: 2194 &rarr; <strong>2217</strong><br />(+23 for winning)\n|raw|Yes Indubitably's rating: 2252 &rarr; <strong>2229</strong><br />(-23 for losing)\n|l|\u2606Yes Indubitably\n|player|p2|\n|c|\u2606think neuro|/log think neuro made this room public.\n", "inputlog": ">version 708131a49d80c5074b5d7130220aa0cc60fe6fba\n>start {\"formatid\":\"gen9randombattle\",\"seed\":[16857,65077,2203,53506],\"rated\":\"Rated battle\"}\n>player p1 {\"name\":\"think neuro\",\"avatar\":\"preschoolerf\",\"rating\":2194,\"seed\":[39460,9524,44305,29707]}\n>player p2 {\"name\":\"Yes Indubitably\",\"avatar\":\"gentleman-gen4\",\"rating\":2252,\"seed\":[10774,650,16373,24429]}\n>p1 switch 2\n>p2 move spore\n>p1 move thunderbolt\n>p2 switch 2\n>p1 switch 5\n>p2 move nuzzle\n>p1 move seismictoss\n>p2 switch 5\n>p1 switch 4\n>p2 move closecombat\n>p1 move bodypress\n>p2 switch 4\n>p1 move poltergeist\n>p2 move thunderbolt\n>p1 move shadowsneak\n>p2 move thunderbolt\n>p2 switch 4\n>p1 move poltergeist\n>p2 move flareblitz\n>p2 switch 2\n>p1 move bodypress\n>p2 move ceaselessedge\n>p1 move bodypress\n>p2 move ceaselessedge\n>p1 switch 6\n>p1 move uturn\n>p2 switch 6\n>p1 switch 5\n>p1 move scald\n>p2 switch 5\n>p1 switch 4\n>p2 move drainingkiss\n>p1 move stealthrock\n>p2 move nuzzle\n>p1 move stealthrock\n>p2 move drainingkiss\n>p1 move seismictoss\n>p2 move drainingkiss\n>p1 move softboiled\n>p2 move psychicnoise\n>p1 move seismictoss\n>p2 move drainingkiss\n>p1 move seismictoss\n>p2 move psychicnoise\n>p1 move seismictoss\n>p2 move drainingkiss\n>p1 move seismictoss\n>p2 move psychicnoise\n>p2 switch 6\n>p1 move seismictoss\n>p2 move ceaselessedge\n>p1 switch 5\n>p1 move knockoff\n>p2 move spore\n>p2 switch 3\n>p1 switch 3\n>p2 move swordsdance\n>p1 move glare\n>p2 move closecombat terastallize\n>p1 move stoneedge\n>p2 move acrobatics\n>p1 switch 3\n>p1 move doubleedge\n>p2 move acrobatics\n>chat \u2606think neuro|gg\n>p2 switch 5\n>p1 move doubleedge\n>p2 move sludgebomb\n>p1 switch 2\n>p1 move noretreat terastallize\n>p2 move sludgebomb\n>p1 move knockoff\n>p2 move shoreup", "uploadtime": 1720456901, "views": 160, "formatid": "gen9randombattle", "rating": 2217, "private": 0, "password": null}