{"id": "gen9randombattle-2202466296", "format": "[Gen 9] Random Battle", "players": ["RBLT Pokevin", "rblt elodin"], "log": "|badge|p1|bronze|gen9randombattle|100-2\n|uhtml|medal-msg|<div class=\"broadcast-blue\">Curious what those medals under the avatar are? PS now has Ladder Seasons! For more information, check out the <a href=\"https://www.smogon.com/forums/threads/3740067/\">thread on Smogon.</a></div>\n|badge|p2|silver|gen9randombattle|30-2\n|uhtml|medal-msg|<div class=\"broadcast-blue\">Curious what those medals under the avatar are? PS now has Ladder Seasons! For more information, check out the <a href=\"https://www.smogon.com/forums/threads/3740067/\">thread on Smogon.</a></div>\n|raw|<div class=\"broadcast-blue\"><strong>This battle is required to be public due to a player having a name starting with 'rblt'.</div>\n|j|\u2606RBLT Pokevin\n|j|\u2606rblt elodin\n|t:|1726445285\n|gametype|singles\n|player|p1|RBLT Pokevin|n-masters|2366\n|player|p2|rblt elodin|#wcop2024brazil|2383\n|teamsize|p1|6\n|teamsize|p2|6\n|gen|9\n|tier|[Gen 9] Random Battle\n|rated|\n|rule|Species Clause: Limit one of each Pok\u00e9mon\n|rule|HP Percentage Mod: HP is shown in percentages\n|rule|Sleep Clause Mod: Limit one foe put to sleep\n|rule|Illusion Level Mod: Illusion disguises the Pok\u00e9mon's true level\n|\n|t:|1726445285\n|start\n|switch|p1a: Dewgong|Dewgong, L94, M|322/322\n|switch|p2a: Palafin|Palafin, L77, M|281/281\n|turn|1\n|inactive|Battle timer is ON: inactive players will automatically lose when time's up. (requested by rblt elodin)\n|\n|t:|1726445303\n|move|p2a: Palafin|Flip Turn|p1a: Dewgong\n|-resisted|p1a: Dewgong\n|-damage|p1a: Dewgong|292/322\n|\n|t:|1726445306\n|detailschange|p2a: Palafin|Palafin-Hero, L77, M\n|switch|p2a: Muk|Muk-Alola, L82, M|306/306|[from] Flip Turn\n|move|p1a: Dewgong|Knock Off|p2a: Muk\n|-resisted|p2a: Muk\n|-damage|p2a: Muk|270/306\n|-enditem|p2a: Muk|Assault Vest|[from] move: Knock Off|[of] p1a: Dewgong\n|\n|upkeep\n|turn|2\n|\n|t:|1726445310\n|move|p1a: Dewgong|Flip Turn|p2a: Muk\n|-damage|p2a: Muk|195/306\n|\n|t:|1726445316\n|switch|p1a: Copperajah|Copperajah, L86, M|350/350|[from] Flip Turn\n|move|p2a: Muk|Knock Off|p1a: Copperajah\n|-damage|p1a: Copperajah|221/350\n|-enditem|p1a: Copperajah|Life Orb|[from] move: Knock Off|[of] p2a: Muk\n|\n|upkeep\n|turn|3\n|\n|t:|1726445345\n|switch|p2a: Palafin|Palafin-Hero, L77, M|281/281\n|-activate|p2a: Palafin|ability: Zero to Hero\n|move|p1a: Copperajah|Earthquake|p2a: Palafin\n|-damage|p2a: Palafin|181/281\n|\n|upkeep\n|turn|4\n|\n|t:|1726445351\n|switch|p1a: Spiritomb|Spiritomb, L89, F|234/234\n|move|p2a: Palafin|Flip Turn|p1a: Spiritomb\n|-damage|p1a: Spiritomb|132/234\n|inactive|rblt elodin has 120 seconds left.\n|\n|t:|1726445389\n|switch|p2a: Cyclizar|Cyclizar, L83, F|252/252|[from] Flip Turn\n|\n|upkeep\n|turn|5\n|\n|t:|1726445398\n|move|p2a: Cyclizar|Shed Tail|p2a: Cyclizar\n|-start|p2a: Cyclizar|Substitute|[from] move: Shed Tail\n|-damage|p2a: Cyclizar|126/252\n|\n|t:|1726445419\n|switch|p2a: Palafin|Palafin-Hero, L77, M|181/281|[from] Shed Tail\n|move|p1a: Spiritomb|Foul Play|p2a: Palafin\n|-damage|p2a: Palafin|0 fnt\n|faint|p2a: Palafin\n|\n|upkeep\n|\n|t:|1726445428\n|switch|p2a: Muk|Muk-Alola, L82, M|195/306\n|turn|6\n|\n|t:|1726445443\n|switch|p2a: Cyclizar|Cyclizar, L83, F|210/252\n|move|p1a: Spiritomb|Foul Play|p2a: Cyclizar\n|-damage|p2a: Cyclizar|5/252\n|\n|upkeep\n|turn|7\n|j| rb LTG99\n|j| RBLT raulcan\n|j| IcyPenguin604\n|inactive|rblt elodin has 90 seconds left.\n|\n|t:|1726445474\n|switch|p1a: Copperajah|Copperajah, L86, M|221/350\n|move|p2a: Cyclizar|Draco Meteor|p1a: Copperajah\n|-resisted|p1a: Copperajah\n|-damage|p1a: Copperajah|149/350\n|-unboost|p2a: Cyclizar|spa|2\n|\n|upkeep\n|turn|8\n|inactive|rblt elodin has 90 seconds left.\n|\n|t:|1726445481\n|switch|p2a: Barraskewda|Barraskewda, L81, M|231/231\n|move|p1a: Copperajah|Iron Head|p2a: Barraskewda\n|-resisted|p2a: Barraskewda\n|-damage|p2a: Barraskewda|126/231\n|\n|upkeep\n|turn|9\n|\n|t:|1726445489\n|move|p2a: Barraskewda|Waterfall|p1a: Copperajah\n|-damage|p1a: Copperajah|0 fnt\n|faint|p1a: Copperajah\n|\n|upkeep\n|\n|t:|1726445495\n|switch|p1a: Dewgong|Dewgong, L94, M|292/322\n|turn|10\n|\n|t:|1726445509\n|switch|p2a: Froslass|Froslass, L87, F|263/263\n|move|p1a: Dewgong|Hydro Pump|p2a: Froslass\n|-damage|p2a: Froslass|127/263\n|\n|upkeep\n|turn|11\n|\n|t:|1726445514\n|move|p2a: Froslass|Will-O-Wisp|p1a: Dewgong\n|-status|p1a: Dewgong|brn\n|move|p1a: Dewgong|Knock Off|p2a: Froslass\n|-supereffective|p2a: Froslass\n|-damage|p2a: Froslass|48/263\n|-enditem|p2a: Froslass|Wide Lens|[from] move: Knock Off|[of] p1a: Dewgong\n|\n|-damage|p1a: Dewgong|272/322 brn|[from] brn\n|upkeep\n|turn|12\n|\n|t:|1726445518\n|move|p2a: Froslass|Poltergeist|p1a: Dewgong|[miss]\n|-miss|p2a: Froslass|p1a: Dewgong\n|move|p1a: Dewgong|Ice Beam|p2a: Froslass\n|-resisted|p2a: Froslass\n|-damage|p2a: Froslass|0 fnt\n|faint|p2a: Froslass\n|\n|-damage|p1a: Dewgong|252/322 brn|[from] brn\n|upkeep\n|\n|t:|1726445523\n|switch|p2a: Dusknoir|Dusknoir, L89, M|225/225\n|-item|p1a: Dewgong|Assault Vest|[from] ability: Frisk|[of] p2a: Dusknoir\n|turn|13\n|\n|t:|1726445531\n|move|p1a: Dewgong|Hydro Pump|p2a: Dusknoir\n|-damage|p2a: Dusknoir|149/225\n|move|p2a: Dusknoir|Substitute|p2a: Dusknoir\n|-start|p2a: Dusknoir|Substitute\n|-damage|p2a: Dusknoir|93/225\n|\n|-heal|p2a: Dusknoir|107/225|[from] item: Leftovers\n|-damage|p1a: Dewgong|232/322 brn|[from] brn\n|upkeep\n|turn|14\n|\n|t:|1726445544\n|-singleturn|p2a: Dusknoir|move: Focus Punch\n|move|p1a: Dewgong|Ice Beam|p2a: Dusknoir\n|-end|p2a: Dusknoir|Substitute\n|move|p2a: Dusknoir|Focus Punch|p1a: Dewgong\n|-supereffective|p1a: Dewgong\n|-damage|p1a: Dewgong|0 fnt\n|faint|p1a: Dewgong\n|\n|-heal|p2a: Dusknoir|121/225|[from] item: Leftovers\n|upkeep\n|c| IcyPenguin604|focus punch putting in that work\n|\n|t:|1726445565\n|switch|p1a: Tauros|Tauros-Paldea-Blaze, L81, M|254/254\n|-ability|p1a: Tauros|Intimidate|boost\n|-unboost|p2a: Dusknoir|atk|1\n|turn|15\n|c| IcyPenguin604|whoever suggested that set must be super cool\n|c|\u2606RBLT Pokevin|I hate that set\n|\n|t:|1726445587\n|move|p1a: Tauros|Flare Blitz|p2a: Dusknoir\n|-damage|p2a: Dusknoir|0 fnt\n|faint|p2a: Dusknoir\n|-damage|p1a: Tauros|214/254|[from] Recoil\n|\n|upkeep\n|\n|t:|1726445591\n|switch|p2a: Barraskewda|Barraskewda, L81, M|126/231\n|turn|16\n|c| IcyPenguin604|hate playing against it bc its super cool\n|\n|t:|1726445607\n|-terastallize|p1a: Tauros|Fighting\n|move|p2a: Barraskewda|Flip Turn|p1a: Tauros\n|-damage|p1a: Tauros|114/254\n|\n|t:|1726445613\n|switch|p2a: Muk|Muk-Alola, L82, M|195/306|[from] Flip Turn\n|move|p1a: Tauros|Flare Blitz|p2a: Muk\n|-damage|p2a: Muk|0 fnt\n|faint|p2a: Muk\n|-damage|p1a: Tauros|50/254|[from] Recoil\n|\n|upkeep\n|\n|t:|1726445617\n|switch|p2a: Cyclizar|Cyclizar, L83, F|89/252\n|turn|17\n|\n|t:|1726445624\n|move|p2a: Cyclizar|Draco Meteor|p1a: Tauros\n|-damage|p1a: Tauros|0 fnt\n|-unboost|p2a: Cyclizar|spa|2\n|faint|p1a: Tauros\n|\n|upkeep\n|\n|t:|1726445633\n|switch|p1a: Talonflame|Talonflame, L84, M|268/268\n|turn|18\n|inactive|rblt elodin has 120 seconds left.\n|\n|t:|1726445668\n|move|p1a: Talonflame|Brave Bird|p2a: Cyclizar\n|-damage|p2a: Cyclizar|0 fnt\n|faint|p2a: Cyclizar\n|-damage|p1a: Talonflame|239/268|[from] Recoil\n|\n|upkeep\n|\n|t:|1726445671\n|switch|p2a: Barraskewda|Barraskewda, L81, M|126/231\n|turn|19\n|\n|t:|1726445680\n|move|p2a: Barraskewda|Waterfall|p1a: Talonflame\n|-supereffective|p1a: Talonflame\n|-damage|p1a: Talonflame|0 fnt\n|faint|p1a: Talonflame\n|\n|upkeep\n|\n|t:|1726445691\n|switch|p1a: Spiritomb|Spiritomb, L89, F|132/234\n|turn|20\n|\n|t:|1726445712\n|switch|p1a: Deoxys|Deoxys-Attack, L72|191/191\n|-ability|p1a: Deoxys|Pressure\n|-terastallize|p2a: Barraskewda|Water\n|move|p2a: Barraskewda|Waterfall|p1a: Deoxys\n|-damage|p1a: Deoxys|0 fnt\n|faint|p1a: Deoxys\n|\n|upkeep\n|\n|t:|1726445718\n|switch|p1a: Spiritomb|Spiritomb, L89, F|132/234\n|turn|21\n|\n|t:|1726445722\n|move|p1a: Spiritomb|Sucker Punch|p2a: Barraskewda\n|-damage|p2a: Barraskewda|0 fnt\n|faint|p2a: Barraskewda\n|\n|win|RBLT Pokevin\n|raw|RBLT Pokevin's rating: 2366 &rarr; <strong>2388</strong><br />(+22 for winning)\n|raw|rblt elodin's rating: 2399 &rarr; <strong>2377</strong><br />(-22 for losing)\n|l|\u2606rblt elodin\n|player|p2|\n|l| IcyPenguin604\n|l| rb LTG99\n", "inputlog": ">version abcf08933808d3fb39dbc2b54a8665d830b47482\n>start {\"formatid\":\"gen9randombattle\",\"seed\":[25546,53750,21057,51907],\"rated\":\"Rated battle\"}\n>player p1 {\"name\":\"RBLT Pokevin\",\"avatar\":\"n-masters\",\"rating\":2366,\"seed\":[57146,41533,12918,20288]}\n>player p2 {\"name\":\"rblt elodin\",\"avatar\":\"#wcop2024brazil\",\"rating\":2383,\"seed\":[27405,2069,64810,6557]}\n>p1 move knockoff\n>p2 move flipturn\n>p2 switch 2\n>p1 move flipturn\n>p2 move knockoff\n>p1 switch 3\n>p1 move earthquake\n>p2 switch 2\n>p1 switch 2\n>p2 move flipturn\n>p2 switch 5\n>p1 move foulplay\n>p2 move shedtail\n>p2 switch 5\n>p2 switch 2\n>p1 move foulplay\n>p2 switch 5\n>p1 switch 2\n>p2 move dracometeor\n>p1 move ironhead\n>p2 switch 6\n>p1 move playrough\n>p2 move waterfall\n>p1 switch 3\n>p1 move hydropump\n>p2 switch 4\n>p1 move knockoff\n>p2 move willowisp\n>p1 move icebeam\n>p2 move poltergeist\n>p2 switch 3\n>p1 move hydropump\n>p2 move substitute\n>p1 move icebeam\n>p2 move focuspunch\n>chat  IcyPenguin604|focus punch putting in that work\n>p1 switch 4\n>chat  IcyPenguin604|whoever suggested that set must be super cool\n>chat \u2606RBLT Pokevin|I hate that set\n>p1 move flareblitz\n>p2 move painsplit\n>p2 switch 4\n>chat  IcyPenguin604|hate playing against it bc its super cool\n>p1 move flareblitz terastallize\n>p2 move flipturn\n>p2 switch 5\n>p2 switch 6\n>p1 move flareblitz\n>p2 move dracometeor\n>p1 switch 5\n>p1 move bravebird\n>p2 move dracometeor\n>p2 switch 5\n>p1 move bravebird\n>p2 move waterfall\n>p1 switch 2\n>p1 switch 6\n>p2 move waterfall terastallize\n>p1 switch 6\n>p1 move suckerpunch\n>p2 move waterfall", "uploadtime": 1726445727, "views": 101, "formatid": "gen9randombattle", "rating": 2377, "private": 0, "password": null}