{"id": "gen9randombattle-2209721365", "format": "[Gen 9] Random Battle", "players": ["R3LT Theologos", "NDUbers brainrot"], "log": "|badge|p1|silver|gen9randombattle|30-2\n|uhtml|medal-msg|<div class=\"broadcast-blue\">Curious what those medals under the avatar are? PS now has Ladder Seasons! For more information, check out the <a href=\"https://www.smogon.com/forums/threads/3740067/\">thread on Smogon.</a></div>\n|raw|<div class=\"broadcast-blue\"><strong>This battle is required to be public due to a player having a name starting with 'r3lt'.</div>\n|j|\u2606R3LT Theologos\n|j|\u2606NDUbers brainrot\n|t:|1727304249\n|gametype|singles\n|player|p1|R3LT Theologos|artist|2364\n|player|p2|NDUbers brainrot|170|2277\n|teamsize|p1|6\n|teamsize|p2|6\n|gen|9\n|tier|[Gen 9] Random Battle\n|rated|\n|rule|Species Clause: Limit one of each Pok\u00e9mon\n|rule|HP Percentage Mod: HP is shown in percentages\n|rule|Sleep Clause Mod: Limit one foe put to sleep\n|rule|Illusion Level Mod: Illusion disguises the Pok\u00e9mon's true level\n|\n|t:|1727304249\n|start\n|switch|p1a: Iron Bundle|Iron Bundle, L77|213/213\n|switch|p2a: Mudsdale|Mudsdale, L84, F|305/305\n|turn|1\n|inactive|Battle timer is ON: inactive players will automatically lose when time's up. (requested by R3LT Theologos)\n|inactive|NDUbers brainrot has 120 seconds left.\n|\n|t:|1727304309\n|-terastallize|p2a: Mudsdale|Fighting\n|move|p1a: Iron Bundle|Substitute|p1a: Iron Bundle\n|-start|p1a: Iron Bundle|Substitute\n|-damage|p1a: Iron Bundle|160/213\n|move|p2a: Mudsdale|Body Press|p1a: Iron Bundle\n|-supereffective|p1a: Iron Bundle\n|-end|p1a: Iron Bundle|Substitute\n|\n|-heal|p1a: Iron Bundle|173/213|[from] item: Leftovers\n|upkeep\n|turn|2\n|\n|t:|1727304319\n|-end|p1a: Iron Bundle|Quark Drive|[silent]\n|switch|p1a: Grumpig|Grumpig, L92, M|297/297\n|switch|p2a: Urshifu|Urshifu, L74, M|270/270\n|\n|upkeep\n|turn|3\n|\n|t:|1727304336\n|switch|p1a: Houndoom|Houndoom, L87, M|272/272\n|switch|p2a: Ting-Lu|Ting-Lu, L78|370/370\n|-ability|p2a: Ting-Lu|Vessel of Ruin\n|\n|upkeep\n|turn|4\n|\n|t:|1727304343\n|switch|p1a: Heracross|Heracross, L80, M|259/259\n|move|p2a: Ting-Lu|Earthquake|p1a: Heracross\n|-resisted|p1a: Heracross\n|-damage|p1a: Heracross|196/259\n|\n|-status|p1a: Heracross|brn|[from] item: Flame Orb\n|upkeep\n|turn|5\n|\n|t:|1727304348\n|switch|p2a: Skarmory|Skarmory, L80, F|235/235\n|move|p1a: Heracross|Close Combat|p2a: Skarmory\n|-damage|p2a: Skarmory|78/235\n|-unboost|p1a: Heracross|def|1\n|-unboost|p1a: Heracross|spd|1\n|-damage|p1a: Heracross|153/259 brn|[from] item: Rocky Helmet|[of] p2a: Skarmory\n|\n|-damage|p1a: Heracross|137/259 brn|[from] brn\n|upkeep\n|turn|6\n|\n|t:|1727304361\n|move|p1a: Heracross|Close Combat|p2a: Skarmory\n|-damage|p2a: Skarmory|0 fnt\n|-unboost|p1a: Heracross|def|1\n|-unboost|p1a: Heracross|spd|1\n|-damage|p1a: Heracross|94/259 brn|[from] item: Rocky Helmet|[of] p2a: Skarmory\n|faint|p2a: Skarmory\n|\n|-damage|p1a: Heracross|78/259 brn|[from] brn\n|upkeep\n|\n|t:|1727304366\n|switch|p2a: Urshifu|Urshifu, L74, M|270/270\n|turn|7\n|\n|t:|1727304380\n|switch|p1a: Grumpig|Grumpig, L92, M|297/297\n|move|p2a: Urshifu|Close Combat|p1a: Grumpig\n|-resisted|p1a: Grumpig\n|-crit|p1a: Grumpig\n|-damage|p1a: Grumpig|168/297\n|-unboost|p2a: Urshifu|def|1\n|-unboost|p2a: Urshifu|spd|1\n|-damage|p2a: Urshifu|243/270|[from] item: Life Orb\n|\n|-heal|p1a: Grumpig|186/297|[from] item: Leftovers\n|upkeep\n|turn|8\n|\n|t:|1727304401\n|switch|p1a: Iron Bundle|Iron Bundle, L77|173/213\n|move|p2a: Urshifu|Wicked Blow|p1a: Iron Bundle\n|-crit|p1a: Iron Bundle\n|-damage|p1a: Iron Bundle|33/213\n|-damage|p2a: Urshifu|216/270|[from] item: Life Orb\n|\n|-heal|p1a: Iron Bundle|46/213|[from] item: Leftovers\n|upkeep\n|turn|9\n|inactive|NDUbers brainrot has 120 seconds left.\n|\n|t:|1727304449\n|switch|p2a: Ting-Lu|Ting-Lu, L78|370/370\n|-ability|p2a: Ting-Lu|Vessel of Ruin\n|move|p1a: Iron Bundle|Hydro Pump|p2a: Ting-Lu\n|-supereffective|p2a: Ting-Lu\n|-damage|p2a: Ting-Lu|230/370\n|\n|-heal|p1a: Iron Bundle|59/213|[from] item: Leftovers\n|upkeep\n|turn|10\n|c|\u2606R3LT Theologos|av as fuck\n|\n|t:|1727304464\n|move|p1a: Iron Bundle|Hydro Pump|p2a: Ting-Lu|[miss]\n|-miss|p1a: Iron Bundle|p2a: Ting-Lu\n|move|p2a: Ting-Lu|Heavy Slam|p1a: Iron Bundle\n|-damage|p1a: Iron Bundle|0 fnt\n|faint|p1a: Iron Bundle\n|-end|p1a: Iron Bundle|Quark Drive|[silent]\n|\n|upkeep\n|c|\u2606NDUbers brainrot|mb\n|\n|t:|1727304467\n|switch|p1a: Heracross|Heracross, L80, M|78/259 brn\n|turn|11\n|inactive|NDUbers brainrot has 120 seconds left.\n|\n|t:|1727304476\n|switch|p2a: Oricorio|Oricorio-Sensu, L85, F|266/266\n|move|p1a: Heracross|Close Combat|p2a: Oricorio\n|-immune|p2a: Oricorio\n|\n|-damage|p1a: Heracross|62/259 brn|[from] brn\n|upkeep\n|turn|12\n|inactive|NDUbers brainrot has 120 seconds left.\n|\n|t:|1727304490\n|switch|p1a: Pincurchin|Pincurchin, F|258/258\n|-fieldstart|move: Electric Terrain|[from] ability: Electric Surge|[of] p1a: Pincurchin\n|move|p2a: Oricorio|Revelation Dance|p1a: Pincurchin\n|-damage|p1a: Pincurchin|164/258\n|\n|-heal|p1a: Pincurchin|180/258|[from] item: Leftovers\n|upkeep\n|turn|13\n|\n|t:|1727304500\n|switch|p2a: Mudsdale|Mudsdale, L84, F, tera:Fighting|305/305\n|move|p1a: Pincurchin|Curse|p1a: Pincurchin\n|-unboost|p1a: Pincurchin|spe|1\n|-boost|p1a: Pincurchin|atk|1\n|-boost|p1a: Pincurchin|def|1\n|\n|-heal|p1a: Pincurchin|196/258|[from] item: Leftovers\n|upkeep\n|turn|14\n|\n|t:|1727304504\n|move|p2a: Mudsdale|Earthquake|p1a: Pincurchin\n|-supereffective|p1a: Pincurchin\n|-damage|p1a: Pincurchin|8/258\n|move|p1a: Pincurchin|Recover|p1a: Pincurchin\n|-heal|p1a: Pincurchin|137/258\n|\n|-heal|p1a: Pincurchin|153/258|[from] item: Leftovers\n|upkeep\n|turn|15\n|\n|t:|1727304514\n|-terastallize|p1a: Pincurchin|Grass\n|move|p2a: Mudsdale|Earthquake|p1a: Pincurchin\n|-resisted|p1a: Pincurchin\n|-damage|p1a: Pincurchin|97/258\n|move|p1a: Pincurchin|Zing Zap|p2a: Mudsdale\n|-damage|p2a: Mudsdale|76/305\n|-ability|p2a: Mudsdale|Stamina|boost\n|-boost|p2a: Mudsdale|def|1\n|\n|-heal|p1a: Pincurchin|113/258|[from] item: Leftovers\n|upkeep\n|turn|16\n|\n|t:|1727304543\n|switch|p2a: Ting-Lu|Ting-Lu, L78|230/370\n|-ability|p2a: Ting-Lu|Vessel of Ruin\n|move|p1a: Pincurchin|Recover|p1a: Pincurchin\n|-heal|p1a: Pincurchin|242/258\n|\n|-heal|p1a: Pincurchin|258/258|[from] item: Leftovers\n|-fieldend|move: Electric Terrain\n|upkeep\n|turn|17\n|\n|t:|1727304550\n|move|p2a: Ting-Lu|Ruination|p1a: Pincurchin\n|-damage|p1a: Pincurchin|129/258\n|move|p1a: Pincurchin|Liquidation|p2a: Ting-Lu\n|-supereffective|p2a: Ting-Lu\n|-damage|p2a: Ting-Lu|6/370\n|\n|-heal|p1a: Pincurchin|145/258|[from] item: Leftovers\n|upkeep\n|turn|18\n|\n|t:|1727304559\n|move|p2a: Ting-Lu|Ruination|p1a: Pincurchin\n|-damage|p1a: Pincurchin|73/258\n|move|p1a: Pincurchin|Recover|p1a: Pincurchin\n|-heal|p1a: Pincurchin|202/258\n|\n|-heal|p1a: Pincurchin|218/258|[from] item: Leftovers\n|upkeep\n|turn|19\n|\n|t:|1727304564\n|switch|p1a: Houndoom|Houndoom, L87, M|272/272\n|move|p2a: Ting-Lu|Ruination|p1a: Houndoom\n|-damage|p1a: Houndoom|136/272\n|\n|upkeep\n|turn|20\n|\n|t:|1727304571\n|move|p1a: Houndoom|Dark Pulse|p2a: Ting-Lu\n|-resisted|p2a: Ting-Lu\n|-damage|p2a: Ting-Lu|0 fnt\n|faint|p2a: Ting-Lu\n|\n|upkeep\n|\n|t:|1727304574\n|switch|p2a: Hariyama|Hariyama, L87, F|392/392\n|turn|21\n|\n|t:|1727304586\n|move|p1a: Houndoom|Fire Blast|p2a: Hariyama\n|-damage|p2a: Hariyama|217/392\n|move|p2a: Hariyama|Close Combat|p1a: Houndoom\n|-supereffective|p1a: Houndoom\n|-damage|p1a: Houndoom|0 fnt\n|-unboost|p2a: Hariyama|def|1\n|-unboost|p2a: Hariyama|spd|1\n|faint|p1a: Houndoom\n|\n|-status|p2a: Hariyama|brn|[from] item: Flame Orb\n|upkeep\n|\n|t:|1727304594\n|switch|p1a: Grumpig|Grumpig, L92, M|186/297\n|turn|22\n|\n|t:|1727304614\n|switch|p2a: Mudsdale|Mudsdale, L84, F, tera:Fighting|76/305\n|move|p1a: Grumpig|Psychic|p2a: Mudsdale\n|-supereffective|p2a: Mudsdale\n|-damage|p2a: Mudsdale|0 fnt\n|faint|p2a: Mudsdale\n|\n|-heal|p1a: Grumpig|204/297|[from] item: Leftovers\n|upkeep\n|\n|t:|1727304616\n|switch|p2a: Oricorio|Oricorio-Sensu, L85, F|266/266\n|turn|23\n|\n|t:|1727304619\n|switch|p1a: Snorlax|Snorlax, L82, F|397/397\n|move|p2a: Oricorio|Quiver Dance|p2a: Oricorio\n|-boost|p2a: Oricorio|spa|1\n|-boost|p2a: Oricorio|spd|1\n|-boost|p2a: Oricorio|spe|1\n|\n|upkeep\n|turn|24\n|c|\u2606R3LT Theologos|siggggggggggggh\n|c|\u2606R3LT Theologos|why is this bullshit\n|c|\u2606R3LT Theologos|fucking mono man\n|\n|t:|1727304636\n|switch|p2a: Urshifu|Urshifu, L74, M|216/270\n|switch|p1a: Pincurchin|Pincurchin, F, tera:Grass|218/258\n|-fieldstart|move: Electric Terrain|[from] ability: Electric Surge|[of] p1a: Pincurchin\n|\n|-heal|p1a: Pincurchin|234/258|[from] item: Leftovers\n|upkeep\n|turn|25\n|\n|t:|1727304651\n|move|p2a: Urshifu|Poison Jab|p1a: Pincurchin\n|-supereffective|p1a: Pincurchin\n|-crit|p1a: Pincurchin\n|-damage|p1a: Pincurchin|52/258\n|-damage|p2a: Urshifu|189/270|[from] item: Life Orb\n|move|p1a: Pincurchin|Zing Zap|p2a: Urshifu\n|-damage|p2a: Urshifu|32/270\n|\n|-heal|p1a: Pincurchin|68/258|[from] item: Leftovers\n|upkeep\n|turn|26\n|\n|t:|1727304662\n|move|p2a: Urshifu|Wicked Blow|p1a: Pincurchin\n|-crit|p1a: Pincurchin\n|-damage|p1a: Pincurchin|0 fnt\n|faint|p1a: Pincurchin\n|-damage|p2a: Urshifu|5/270|[from] item: Life Orb\n|\n|upkeep\n|\n|t:|1727304667\n|switch|p1a: Grumpig|Grumpig, L92, M|204/297\n|turn|27\n|\n|t:|1727304698\n|move|p1a: Grumpig|Shadow Ball|p2a: Urshifu\n|-resisted|p2a: Urshifu\n|-damage|p2a: Urshifu|0 fnt\n|faint|p2a: Urshifu\n|\n|-heal|p1a: Grumpig|222/297|[from] item: Leftovers\n|upkeep\n|\n|t:|1727304701\n|switch|p2a: Oricorio|Oricorio-Sensu, L85, F|266/266\n|turn|28\n|\n|t:|1727304703\n|move|p2a: Oricorio|Quiver Dance|p2a: Oricorio\n|-boost|p2a: Oricorio|spa|1\n|-boost|p2a: Oricorio|spd|1\n|-boost|p2a: Oricorio|spe|1\n|move|p1a: Grumpig|Shadow Ball|p2a: Oricorio\n|-supereffective|p2a: Oricorio\n|-damage|p2a: Oricorio|172/266\n|\n|-heal|p1a: Grumpig|240/297|[from] item: Leftovers\n|-fieldend|move: Electric Terrain\n|upkeep\n|turn|29\n|\n|t:|1727304707\n|move|p2a: Oricorio|Quiver Dance|p2a: Oricorio\n|-boost|p2a: Oricorio|spa|1\n|-boost|p2a: Oricorio|spd|1\n|-boost|p2a: Oricorio|spe|1\n|move|p1a: Grumpig|Shadow Ball|p2a: Oricorio\n|-supereffective|p2a: Oricorio\n|-damage|p2a: Oricorio|96/266\n|\n|-heal|p1a: Grumpig|258/297|[from] item: Leftovers\n|upkeep\n|turn|30\n|\n|t:|1727304715\n|switch|p1a: Snorlax|Snorlax, L82, F|397/397\n|move|p2a: Oricorio|Roost|p2a: Oricorio\n|-heal|p2a: Oricorio|229/266\n|-singleturn|p2a: Oricorio|move: Roost\n|\n|upkeep\n|turn|31\n|\n|t:|1727304720\n|move|p2a: Oricorio|Hurricane|p1a: Snorlax\n|-damage|p1a: Snorlax|171/397\n|-start|p1a: Snorlax|confusion\n|-activate|p1a: Snorlax|confusion\n|-damage|p1a: Snorlax|132/397|[from] confusion\n|\n|upkeep\n|turn|32\n|\n|t:|1727304725\n|move|p2a: Oricorio|Hurricane|p1a: Snorlax\n|-damage|p1a: Snorlax|0 fnt\n|faint|p1a: Snorlax\n|\n|upkeep\n|\n|t:|1727304727\n|switch|p1a: Heracross|Heracross, L80, M|62/259 brn\n|turn|33\n|-message|R3LT Theologos forfeited.\n|\n|win|NDUbers brainrot\n|raw|R3LT Theologos's rating: 2364 &rarr; <strong>2339</strong><br />(-25 for losing)\n|raw|NDUbers brainrot's rating: 2277 &rarr; <strong>2302</strong><br />(+25 for winning)\n|l|\u2606R3LT Theologos\n|player|p1|\n|c|\u2606NDUbers brainrot|ggwp\n", "inputlog": ">version d155b4937d18dfffda2dee3f1f762535b4a408ed\n>start {\"formatid\":\"gen9randombattle\",\"seed\":[48165,27121,47083,36492],\"rated\":\"Rated battle\"}\n>player p1 {\"name\":\"R3LT Theologos\",\"avatar\":\"artist\",\"rating\":2364,\"seed\":[19710,25111,64094,53046]}\n>player p2 {\"name\":\"NDUbers brainrot\",\"avatar\":\"170\",\"rating\":2277,\"seed\":[52232,4521,33106,18907]}\n>p1 move substitute\n>p2 move bodypress terastallize\n>p1 switch 5\n>p2 switch 4\n>p1 switch 6\n>p2 switch 2\n>p1 switch 2\n>p2 move earthquake\n>p1 move closecombat\n>p2 switch 5\n>p1 move closecombat\n>p2 move roost\n>p2 switch 2\n>p1 switch 6\n>p2 move closecombat\n>p1 switch 5\n>p2 move wickedblow\n>p1 move hydropump\n>p2 switch 5\n>chat \u2606R3LT Theologos|av as fuck\n>p1 move hydropump\n>p2 move heavyslam\n>chat \u2606NDUbers brainrot|mb\n>p1 switch 6\n>p1 move closecombat\n>p2 switch 3\n>p1 switch 3\n>p2 move revelationdance\n>p1 move curse\n>p2 switch 4\n>p1 move recover\n>p2 move earthquake\n>p1 move zingzap terastallize\n>p2 move earthquake\n>p1 move recover\n>p2 switch 3\n>p1 move liquidation\n>p2 move ruination\n>p1 move recover\n>p2 move ruination\n>p1 switch 2\n>p2 move ruination\n>p1 move darkpulse\n>p2 move earthquake\n>p2 switch 6\n>p1 move fireblast\n>p2 move closecombat\n>p1 switch 5\n>p1 move psychic\n>p2 switch 3\n>p2 switch 4\n>p1 switch 4\n>p2 move quiverdance\n>chat \u2606R3LT Theologos|siggggggggggggh\n>chat \u2606R3LT Theologos|why is this bullshit\n>chat \u2606R3LT Theologos|fucking mono man\n>p1 switch 2\n>p2 switch 5\n>p1 move zingzap\n>p2 move poisonjab\n>p1 move zingzap\n>p2 move wickedblow\n>p1 switch 4\n>p1 move shadowball\n>p2 move wickedblow\n>p2 switch 5\n>p1 move shadowball\n>p2 move quiverdance\n>p1 move shadowball\n>p2 move quiverdance\n>p1 switch 2\n>p2 move roost\n>p1 move curse\n>p2 move hurricane\n>p1 move rest\n>p2 move hurricane\n>p1 switch 3\n>forcelose p1", "uploadtime": 1727304741, "views": 80, "formatid": "gen9randombattle", "rating": 2302, "private": 0, "password": null}