{"id": "gen9randombattle-2024396223", "format": "[Gen 9] Random Battle", "players": ["Omega.kein", "pokeblade\u2606101"], "log": "|j|\u2606Omega.kein\n|j|\u2606pokeblade\u2606101\n|t:|1704087653\n|gametype|singles\n|player|p1|Omega.kein|102|2185\n|player|p2|pokeblade\u2606101|#helpstaffxmas|2459\n|teamsize|p1|6\n|teamsize|p2|6\n|gen|9\n|tier|[Gen 9] Random Battle\n|rated|\n|rule|Species Clause: Limit one of each Pok\u00e9mon\n|rule|HP Percentage Mod: HP is shown in percentages\n|rule|Sleep Clause Mod: Limit one foe put to sleep\n|rule|Illusion Level Mod: Illusion disguises the Pok\u00e9mon's true level\n|\n|t:|1704087653\n|start\n|switch|p1a: Venomoth|Venomoth, L85, M|258/258\n|switch|p2a: Emboar|Emboar, L85, M|326/326\n|turn|1\n|inactive|Battle timer is ON: inactive players will automatically lose when time's up. (requested by Omega.kein)\n|\n|t:|1704087661\n|move|p1a: Venomoth|Sleep Powder|p2a: Emboar\n|-status|p2a: Emboar|slp|[from] move: Sleep Powder\n|cant|p2a: Emboar|slp\n|\n|upkeep\n|turn|2\n|\n|t:|1704087666\n|switch|p1a: Tatsugiri|Tatsugiri-Droopy, L86, M|257/257\n|cant|p2a: Emboar|slp\n|\n|upkeep\n|turn|3\n|\n|t:|1704087678\n|switch|p2a: Walking Wake|Walking Wake, L79|286/286\n|move|p1a: Tatsugiri|Nasty Plot|p1a: Tatsugiri\n|-boost|p1a: Tatsugiri|spa|2\n|\n|upkeep\n|turn|4\n|\n|t:|1704087696\n|-terastallize|p1a: Tatsugiri|Water\n|move|p2a: Walking Wake|Draco Meteor|p1a: Tatsugiri\n|-damage|p1a: Tatsugiri|72/257\n|-unboost|p2a: Walking Wake|spa|2\n|-damage|p2a: Walking Wake|258/286|[from] item: Life Orb\n|move|p1a: Tatsugiri|Rapid Spin|p2a: Walking Wake\n|-damage|p2a: Walking Wake|234/286\n|-boost|p1a: Tatsugiri|spe|1\n|\n|upkeep\n|turn|5\n|j|+Aqua\n|\n|t:|1704087716\n|-end|p2a: Walking Wake|Protosynthesis|[silent]\n|switch|p2a: Carbink|Carbink, L90|236/236\n|move|p1a: Tatsugiri|Nasty Plot|p1a: Tatsugiri\n|-boost|p1a: Tatsugiri|spa|2\n|\n|upkeep\n|turn|6\n|\n|t:|1704087726\n|move|p1a: Tatsugiri|Hydro Pump|p2a: Carbink\n|-supereffective|p2a: Carbink\n|-ability|p2a: Carbink|Sturdy\n|-damage|p2a: Carbink|1/236\n|move|p2a: Carbink|Body Press|p1a: Tatsugiri\n|-damage|p1a: Tatsugiri|0 fnt\n|faint|p1a: Tatsugiri\n|\n|upkeep\n|\n|t:|1704087744\n|switch|p1a: Florges|Florges-White, L85, F|271/271\n|turn|7\n|inactive|pokeblade\u2606101 has 120 seconds left.\n|inactive|pokeblade\u2606101 has 90 seconds left.\n|inactive|pokeblade\u2606101 has 60 seconds left.\n|\n|t:|1704087848\n|move|p1a: Florges|Calm Mind|p1a: Florges\n|-boost|p1a: Florges|spa|1\n|-boost|p1a: Florges|spd|1\n|move|p2a: Carbink|Body Press|p1a: Florges\n|-resisted|p1a: Florges\n|-damage|p1a: Florges|219/271\n|\n|-heal|p1a: Florges|235/271|[from] item: Leftovers\n|upkeep\n|turn|8\n|\n|t:|1704087872\n|move|p1a: Florges|Wish|p1a: Florges\n|move|p2a: Carbink|Rest|p2a: Carbink\n|-status|p2a: Carbink|slp|[from] move: Rest\n|-heal|p2a: Carbink|236/236 slp|[silent]\n|-enditem|p2a: Carbink|Chesto Berry|[eat]\n|-curestatus|p2a: Carbink|slp|[msg]\n|\n|-heal|p1a: Florges|251/271|[from] item: Leftovers\n|upkeep\n|turn|9\n|inactive|pokeblade\u2606101 has 60 seconds left.\n|inactive|pokeblade\u2606101 has 30 seconds left.\n|inactive|pokeblade\u2606101 has 20 seconds left.\n|inactive|pokeblade\u2606101 has 15 seconds left.\n|inactive|pokeblade\u2606101 has 10 seconds left.\n|\n|t:|1704087936\n|switch|p2a: Magmortar|Magmortar, L87, M|272/272\n|move|p1a: Florges|Calm Mind|p1a: Florges\n|-boost|p1a: Florges|spa|1\n|-boost|p1a: Florges|spd|1\n|\n|-heal|p1a: Florges|271/271|[from] move: Wish|[wisher] Florges\n|upkeep\n|turn|10\n|inactive|pokeblade\u2606101 has 20 seconds left this turn.\n|\n|t:|1704087946\n|move|p2a: Magmortar|Will-O-Wisp|p1a: Florges\n|-status|p1a: Florges|brn\n|move|p1a: Florges|Calm Mind|p1a: Florges\n|-boost|p1a: Florges|spa|1\n|-boost|p1a: Florges|spd|1\n|\n|-damage|p1a: Florges|255/271 brn|[from] brn\n|upkeep\n|turn|11\n|inactive|pokeblade\u2606101 has 30 seconds left this turn.\n|\n|t:|1704087954\n|switch|p2a: Emboar|Emboar, L85, M|326/326 slp\n|move|p1a: Florges|Wish|p1a: Florges\n|\n|-heal|p1a: Florges|271/271 brn|[from] item: Leftovers\n|-damage|p1a: Florges|255/271 brn|[from] brn\n|upkeep\n|turn|12\n|\n|t:|1704087957\n|-terastallize|p2a: Emboar|Fire\n|move|p1a: Florges|Moonblast|p2a: Emboar\n|-resisted|p2a: Emboar\n|-damage|p2a: Emboar|145/326 slp\n|-curestatus|p2a: Emboar|slp|[msg]\n|move|p2a: Emboar|Flare Blitz|p1a: Florges\n|-damage|p1a: Florges|0 fnt\n|faint|p1a: Florges\n|-damage|p2a: Emboar|61/326|[from] Recoil\n|\n|upkeep\n|\n|t:|1704087973\n|switch|p1a: Espathra|Espathra, L80, F|283/283\n|turn|13\n|\n|t:|1704087977\n|move|p1a: Espathra|Lumina Crash|p2a: Emboar\n|-damage|p2a: Emboar|0 fnt\n|faint|p2a: Emboar\n|\n|-ability|p1a: Espathra|Speed Boost|boost\n|-boost|p1a: Espathra|spe|1\n|upkeep\n|\n|t:|1704087979\n|switch|p2a: Deoxys|Deoxys, L74|196/196\n|-ability|p2a: Deoxys|Pressure\n|turn|14\n|\n|t:|1704087986\n|move|p1a: Espathra|Lumina Crash|p2a: Deoxys\n|-resisted|p2a: Deoxys\n|-damage|p2a: Deoxys|99/196\n|-unboost|p2a: Deoxys|spd|2\n|move|p2a: Deoxys|Knock Off|p1a: Espathra\n|-supereffective|p1a: Espathra\n|-damage|p1a: Espathra|18/283\n|-enditem|p1a: Espathra|Choice Specs|[from] move: Knock Off|[of] p2a: Deoxys\n|-damage|p2a: Deoxys|80/196|[from] item: Life Orb\n|\n|-ability|p1a: Espathra|Speed Boost|boost\n|-boost|p1a: Espathra|spe|1\n|upkeep\n|turn|15\n|\n|t:|1704087990\n|move|p2a: Deoxys|Extreme Speed|p1a: Espathra\n|-damage|p1a: Espathra|0 fnt\n|faint|p1a: Espathra\n|-damage|p2a: Deoxys|61/196|[from] item: Life Orb\n|\n|upkeep\n|\n|t:|1704087999\n|switch|p1a: Mismagius|Mismagius, L86, F|243/243\n|turn|16\n|\n|t:|1704088007\n|switch|p2a: Magmortar|Magmortar, L87, M|272/272\n|move|p1a: Mismagius|Shadow Ball|p2a: Magmortar\n|-damage|p2a: Magmortar|131/272\n|-unboost|p2a: Magmortar|spd|1\n|\n|upkeep\n|turn|17\n|inactive|pokeblade\u2606101 has 90 seconds left.\n|\n|t:|1704088014\n|move|p1a: Mismagius|Shadow Ball|p2a: Magmortar\n|-damage|p2a: Magmortar|0 fnt\n|faint|p2a: Magmortar\n|\n|upkeep\n|\n|t:|1704088015\n|switch|p2a: Deoxys|Deoxys, L74|61/196\n|-ability|p2a: Deoxys|Pressure\n|turn|18\n|\n|t:|1704088018\n|move|p2a: Deoxys|Knock Off|p1a: Mismagius\n|-supereffective|p1a: Mismagius\n|-damage|p1a: Mismagius|0 fnt\n|-enditem|p1a: Mismagius|Choice Specs|[from] move: Knock Off|[of] p2a: Deoxys\n|faint|p1a: Mismagius\n|-damage|p2a: Deoxys|42/196|[from] item: Life Orb\n|\n|upkeep\n|\n|t:|1704088021\n|switch|p1a: Ludicolo|Ludicolo, L90, M|290/290\n|turn|19\n|\n|t:|1704088028\n|move|p2a: Deoxys|Psycho Boost|p1a: Ludicolo\n|-damage|p1a: Ludicolo|122/290\n|-unboost|p2a: Deoxys|spa|2\n|-damage|p2a: Deoxys|23/196|[from] item: Life Orb\n|move|p1a: Ludicolo|Giga Drain|p2a: Deoxys\n|-damage|p2a: Deoxys|0 fnt\n|-heal|p1a: Ludicolo|134/290|[from] drain|[of] p2a: Deoxys\n|faint|p2a: Deoxys\n|-damage|p1a: Ludicolo|105/290|[from] item: Life Orb\n|\n|upkeep\n|\n|t:|1704088038\n|switch|p2a: Walking Wake|Walking Wake, L79|234/286\n|turn|20\n|j| Aranacana\n|\n|t:|1704088041\n|move|p2a: Walking Wake|Sunny Day|p2a: Walking Wake\n|-weather|SunnyDay\n|-activate|p2a: Walking Wake|ability: Protosynthesis\n|-start|p2a: Walking Wake|protosynthesisspa\n|move|p1a: Ludicolo|Giga Drain|p2a: Walking Wake\n|-damage|p2a: Walking Wake|105/286\n|-heal|p1a: Ludicolo|170/290|[from] drain|[of] p2a: Walking Wake\n|-damage|p1a: Ludicolo|141/290|[from] item: Life Orb\n|\n|-weather|SunnyDay|[upkeep]\n|upkeep\n|turn|21\n|\n|t:|1704088047\n|move|p2a: Walking Wake|Flamethrower|p1a: Ludicolo\n|-damage|p1a: Ludicolo|3/290\n|-damage|p2a: Walking Wake|77/286|[from] item: Life Orb\n|move|p1a: Ludicolo|Rain Dance|p1a: Ludicolo\n|-weather|RainDance\n|-end|p2a: Walking Wake|Protosynthesis\n|\n|-weather|RainDance|[upkeep]\n|upkeep\n|turn|22\n|\n|t:|1704088054\n|move|p1a: Ludicolo|Giga Drain|p2a: Walking Wake\n|-damage|p2a: Walking Wake|0 fnt\n|-heal|p1a: Ludicolo|42/290|[from] drain|[of] p2a: Walking Wake\n|faint|p2a: Walking Wake\n|-end|p2a: Walking Wake|Protosynthesis|[silent]\n|-damage|p1a: Ludicolo|13/290|[from] item: Life Orb\n|\n|-weather|RainDance|[upkeep]\n|upkeep\n|\n|t:|1704088060\n|switch|p2a: Flapple|Flapple, L88, F|266/266\n|turn|23\n|\n|t:|1704088063\n|switch|p2a: Carbink|Carbink, L90|236/236\n|move|p1a: Ludicolo|Hydro Pump|p2a: Carbink|[miss]\n|-miss|p1a: Ludicolo|p2a: Carbink\n|\n|-weather|RainDance|[upkeep]\n|upkeep\n|turn|24\n|\n|t:|1704088070\n|switch|p2a: Flapple|Flapple, L88, F|266/266\n|move|p1a: Ludicolo|Giga Drain|p2a: Flapple\n|-resisted|p2a: Flapple\n|-damage|p2a: Flapple|230/266\n|-heal|p1a: Ludicolo|31/290|[from] drain|[of] p2a: Flapple\n|-damage|p1a: Ludicolo|2/290|[from] item: Life Orb\n|\n|-weather|RainDance|[upkeep]\n|upkeep\n|turn|25\n|\n|t:|1704088094\n|move|p1a: Ludicolo|Ice Beam|p2a: Flapple\n|-supereffective|p2a: Flapple\n|-damage|p2a: Flapple|0 fnt\n|faint|p2a: Flapple\n|-damage|p1a: Ludicolo|0 fnt|[from] item: Life Orb\n|faint|p1a: Ludicolo\n|\n|-weather|none\n|upkeep\n|-message|pokeblade\u2606101 forfeited.\n|\n|win|Omega.kein\n|raw|Omega.kein's rating: 2185 &rarr; <strong>2218</strong><br />(+33 for winning)\n|raw|pokeblade\u2606101's rating: 2459 &rarr; <strong>2426</strong><br />(-33 for losing)\n|l|\u2606pokeblade\u2606101\n", "inputlog": ">version f741bea6f0f34531193ce50912a8d61d69567317\n>start {\"formatid\":\"gen9randombattle\",\"seed\":[51774,47652,46544,9905],\"rated\":\"Rated battle\"}\n>player p1 {\"name\":\"Omega.kein\",\"avatar\":\"102\",\"rating\":2185,\"seed\":[28473,41793,33851,61025]}\n>player p2 {\"name\":\"pokeblade\u2606101\",\"avatar\":\"#helpstaffxmas\",\"rating\":2459,\"seed\":[53059,21803,62742,35273]}\n>p1 move sleeppowder\n>p2 move flareblitz\n>p1 switch 5\n>p2 move flareblitz\n>p1 move nastyplot\n>p2 switch 2\n>p1 move rapidspin terastallize\n>p2 move dracometeor\n>p1 move nastyplot\n>p2 switch 3\n>p1 move hydropump\n>p2 move bodypress\n>p1 switch 3\n>p1 move calmmind\n>p2 move bodypress\n>p1 move wish\n>p2 move rest\n>p1 move calmmind\n>p2 switch 4\n>p1 move calmmind\n>p2 move willowisp\n>p1 move wish\n>p2 switch 2\n>p1 move moonblast\n>p2 move flareblitz terastallize\n>p1 switch 4\n>p1 move luminacrash\n>p2 move flareblitz\n>p2 switch 6\n>p1 move luminacrash\n>p2 move knockoff\n>p1 move luminacrash\n>p2 move extremespeed\n>p1 switch 2\n>p1 move shadowball\n>p2 switch 2\n>p1 move shadowball\n>p2 move fireblast\n>p2 switch 2\n>p1 move shadowball\n>p2 move knockoff\n>p1 switch 6\n>p1 move gigadrain\n>p2 move psychoboost\n>p2 switch 3\n>p1 move gigadrain\n>p2 move sunnyday\n>p1 move raindance\n>p2 move flamethrower\n>p1 move gigadrain\n>p2 move flamethrower\n>p2 switch 5\n>p1 move hydropump\n>p2 switch 4\n>p1 move gigadrain\n>p2 switch 4\n>p1 move icebeam\n>p2 move dragondance\n>forcelose p2", "uploadtime": 1704088101, "views": 257, "formatid": "gen9randombattle", "rating": 2218, "private": 0, "password": null}