{"id": "gen9randombattle-2254467543", "format": "[Gen 9] Random Battle", "players": ["GothPerona", "ananananji"], "log": "|j|\u2606GothPerona\n|j|\u2606ananananji\n|t:|1733044735\n|gametype|singles\n|player|p1|GothPerona|marley|2238\n|player|p2|ananananji|265|2202\n|teamsize|p1|6\n|teamsize|p2|6\n|gen|9\n|tier|[Gen 9] Random Battle\n|rated|\n|rule|Species Clause: Limit one of each Pok\u00e9mon\n|rule|HP Percentage Mod: HP is shown in percentages\n|rule|Sleep Clause Mod: Limit one foe put to sleep\n|rule|Illusion Level Mod: Illusion disguises the Pok\u00e9mon's true level\n|\n|t:|1733044735\n|start\n|switch|p1a: Magmortar|Magmortar, L88, M|275/275\n|switch|p2a: Sylveon|Sylveon, L85, M|300/300\n|turn|1\n|inactive|Battle timer is ON: inactive players will automatically lose when time's up. (requested by GothPerona)\n|\n|t:|1733044747\n|switch|p1a: Klefki|Klefki, L84, M|233/233\n|move|p2a: Sylveon|Wish|p2a: Sylveon\n|\n|upkeep\n|turn|2\n|\n|t:|1733044759\n|switch|p2a: Magcargo|Magcargo, L95, M|268/268\n|move|p1a: Klefki|Spikes|p2a: Magcargo\n|-sidestart|p2: ananananji|Spikes\n|\n|upkeep\n|turn|3\n|\n|t:|1733044763\n|switch|p1a: Dachsbun|Dachsbun, L92, M|254/254\n|move|p2a: Magcargo|Stealth Rock|p1a: Dachsbun\n|-sidestart|p1: GothPerona|move: Stealth Rock\n|\n|upkeep\n|turn|4\n|\n|t:|1733044770\n|move|p1a: Dachsbun|Wish|p1a: Dachsbun\n|move|p2a: Magcargo|Power Gem|p1a: Dachsbun\n|-damage|p1a: Dachsbun|148/254\n|\n|-heal|p1a: Dachsbun|163/254|[from] item: Leftovers\n|upkeep\n|turn|5\n|\n|t:|1733044780\n|move|p1a: Dachsbun|Stomping Tantrum|p2a: Magcargo\n|-supereffective|p2a: Magcargo\n|-damage|p2a: Magcargo|128/268\n|move|p2a: Magcargo|Power Gem|p1a: Dachsbun\n|-damage|p1a: Dachsbun|55/254\n|\n|-heal|p1a: Dachsbun|182/254|[from] move: Wish|[wisher] Dachsbun\n|-heal|p1a: Dachsbun|197/254|[from] item: Leftovers\n|upkeep\n|turn|6\n|\n|t:|1733044786\n|switch|p2a: Corviknight|Corviknight, L80, F|288/288\n|-ability|p2a: Corviknight|Pressure\n|move|p1a: Dachsbun|Stomping Tantrum|p2a: Corviknight\n|-immune|p2a: Corviknight\n|\n|-heal|p1a: Dachsbun|212/254|[from] item: Leftovers\n|upkeep\n|turn|7\n|\n|t:|1733044797\n|move|p1a: Dachsbun|Wish|p1a: Dachsbun\n|move|p2a: Corviknight|U-turn|p1a: Dachsbun\n|-resisted|p1a: Dachsbun\n|-damage|p1a: Dachsbun|196/254\n|\n|t:|1733044803\n|switch|p2a: Sudowoodo|Sudowoodo, L94, F|284/284|[from] U-turn\n|-damage|p2a: Sudowoodo|249/284|[from] Spikes\n|\n|-heal|p1a: Dachsbun|211/254|[from] item: Leftovers\n|upkeep\n|turn|8\n|inactive|GothPerona has 120 seconds left.\n|inactive|GothPerona has 90 seconds left.\n|inactive|GothPerona has 60 seconds left.\n|\n|t:|1733044897\n|move|p1a: Dachsbun|Protect|p1a: Dachsbun\n|-singleturn|p1a: Dachsbun|Protect\n|move|p2a: Sudowoodo|Head Smash|p1a: Dachsbun\n|-activate|p1a: Dachsbun|move: Protect\n|\n|-heal|p1a: Dachsbun|254/254|[from] move: Wish|[wisher] Dachsbun\n|upkeep\n|turn|9\n|\n|t:|1733044905\n|move|p1a: Dachsbun|Wish|p1a: Dachsbun\n|move|p2a: Sudowoodo|Head Smash|p1a: Dachsbun|[miss]\n|-miss|p2a: Sudowoodo|p1a: Dachsbun\n|\n|upkeep\n|turn|10\n|\n|t:|1733044914\n|move|p1a: Dachsbun|Stomping Tantrum|p2a: Sudowoodo\n|-supereffective|p2a: Sudowoodo\n|-damage|p2a: Sudowoodo|171/284\n|move|p2a: Sudowoodo|Head Smash|p1a: Dachsbun\n|-damage|p1a: Dachsbun|50/254\n|\n|-heal|p1a: Dachsbun|177/254|[from] move: Wish|[wisher] Dachsbun\n|-heal|p1a: Dachsbun|192/254|[from] item: Leftovers\n|upkeep\n|turn|11\n|\n|t:|1733044921\n|move|p1a: Dachsbun|Protect|p1a: Dachsbun\n|-singleturn|p1a: Dachsbun|Protect\n|move|p2a: Sudowoodo|Head Smash|p1a: Dachsbun\n|-activate|p1a: Dachsbun|move: Protect\n|\n|-heal|p1a: Dachsbun|207/254|[from] item: Leftovers\n|upkeep\n|turn|12\n|inactive|GothPerona has 60 seconds left.\n|\n|t:|1733044961\n|switch|p1a: Spiritomb|Spiritomb, L89, M|234/234\n|-damage|p1a: Spiritomb|205/234|[from] Stealth Rock\n|move|p2a: Sudowoodo|Head Smash|p1a: Spiritomb|[miss]\n|-miss|p2a: Sudowoodo|p1a: Spiritomb\n|\n|-heal|p1a: Spiritomb|219/234|[from] item: Leftovers\n|upkeep\n|turn|13\n|inactive|GothPerona has 60 seconds left.\n|\n|t:|1733044967\n|switch|p2a: Magcargo|Magcargo, L95, M|128/268\n|move|p1a: Spiritomb|Will-O-Wisp|p2a: Magcargo\n|-immune|p2a: Magcargo\n|\n|-heal|p1a: Spiritomb|233/234|[from] item: Leftovers\n|upkeep\n|turn|14\n|\n|t:|1733044972\n|move|p1a: Spiritomb|Poltergeist|p2a: Magcargo\n|-activate|p2a: Magcargo|move: Poltergeist|Heavy-Duty Boots\n|-damage|p2a: Magcargo|37/268\n|move|p2a: Magcargo|Recover|p2a: Magcargo\n|-heal|p2a: Magcargo|171/268\n|\n|-heal|p1a: Spiritomb|234/234|[from] item: Leftovers\n|upkeep\n|turn|15\n|\n|t:|1733044978\n|move|p1a: Spiritomb|Poltergeist|p2a: Magcargo\n|-activate|p2a: Magcargo|move: Poltergeist|Heavy-Duty Boots\n|-damage|p2a: Magcargo|78/268\n|move|p2a: Magcargo|Recover|p2a: Magcargo\n|-heal|p2a: Magcargo|212/268\n|\n|upkeep\n|turn|16\n|\n|t:|1733044984\n|switch|p1a: Dachsbun|Dachsbun, L92, M|207/254\n|-damage|p1a: Dachsbun|176/254|[from] Stealth Rock\n|move|p2a: Magcargo|Power Gem|p1a: Dachsbun\n|-damage|p1a: Dachsbun|74/254\n|\n|-heal|p1a: Dachsbun|89/254|[from] item: Leftovers\n|upkeep\n|turn|17\n|\n|t:|1733044990\n|move|p1a: Dachsbun|Protect|p1a: Dachsbun\n|-singleturn|p1a: Dachsbun|Protect\n|move|p2a: Magcargo|Power Gem|p1a: Dachsbun\n|-activate|p1a: Dachsbun|move: Protect\n|\n|-heal|p1a: Dachsbun|104/254|[from] item: Leftovers\n|upkeep\n|turn|18\n|inactive|GothPerona has 90 seconds left.\n|\n|t:|1733044998\n|-terastallize|p1a: Dachsbun|Steel\n|move|p1a: Dachsbun|Wish|p1a: Dachsbun\n|move|p2a: Magcargo|Power Gem|p1a: Dachsbun\n|-resisted|p1a: Dachsbun\n|-damage|p1a: Dachsbun|53/254\n|\n|-heal|p1a: Dachsbun|68/254|[from] item: Leftovers\n|upkeep\n|turn|19\n|\n|t:|1733045004\n|switch|p2a: Corviknight|Corviknight, L80, F|288/288\n|-ability|p2a: Corviknight|Pressure\n|move|p1a: Dachsbun|Stomping Tantrum|p2a: Corviknight\n|-immune|p2a: Corviknight\n|\n|-heal|p1a: Dachsbun|195/254|[from] move: Wish|[wisher] Dachsbun\n|-heal|p1a: Dachsbun|210/254|[from] item: Leftovers\n|upkeep\n|turn|20\n|\n|t:|1733045010\n|switch|p1a: Klefki|Klefki, L84, M|233/233\n|-damage|p1a: Klefki|219/233|[from] Stealth Rock\n|move|p2a: Corviknight|U-turn|p1a: Klefki\n|-resisted|p1a: Klefki\n|-damage|p1a: Klefki|210/233\n|\n|t:|1733045012\n|switch|p2a: Magcargo|Magcargo, L95, M|212/268|[from] U-turn\n|\n|-heal|p1a: Klefki|224/233|[from] item: Leftovers\n|upkeep\n|turn|21\n|\n|t:|1733045015\n|switch|p1a: Dachsbun|Dachsbun, L92, M, tera:Steel|210/254\n|-damage|p1a: Dachsbun|195/254|[from] Stealth Rock\n|move|p2a: Magcargo|Power Gem|p1a: Dachsbun\n|-resisted|p1a: Dachsbun\n|-damage|p1a: Dachsbun|142/254\n|\n|-heal|p1a: Dachsbun|157/254|[from] item: Leftovers\n|upkeep\n|turn|22\n|\n|t:|1733045018\n|switch|p2a: Corviknight|Corviknight, L80, F|288/288\n|-ability|p2a: Corviknight|Pressure\n|move|p1a: Dachsbun|Wish|p1a: Dachsbun\n|\n|-heal|p1a: Dachsbun|172/254|[from] item: Leftovers\n|upkeep\n|turn|23\n|\n|t:|1733045021\n|move|p1a: Dachsbun|Protect|p1a: Dachsbun\n|-singleturn|p1a: Dachsbun|Protect\n|move|p2a: Corviknight|U-turn|p1a: Dachsbun\n|-activate|p1a: Dachsbun|move: Protect\n|\n|-heal|p1a: Dachsbun|254/254|[from] move: Wish|[wisher] Dachsbun\n|upkeep\n|turn|24\n|\n|t:|1733045024\n|move|p1a: Dachsbun|Wish|p1a: Dachsbun\n|move|p2a: Corviknight|U-turn|p1a: Dachsbun\n|-resisted|p1a: Dachsbun\n|-damage|p1a: Dachsbun|239/254\n|\n|t:|1733045026\n|switch|p2a: Sudowoodo|Sudowoodo, L94, F|171/284|[from] U-turn\n|-damage|p2a: Sudowoodo|136/284|[from] Spikes\n|\n|-heal|p1a: Dachsbun|254/254|[from] item: Leftovers\n|upkeep\n|turn|25\n|\n|t:|1733045032\n|switch|p1a: Klefki|Klefki, L84, M|224/233\n|-damage|p1a: Klefki|210/233|[from] Stealth Rock\n|move|p2a: Sudowoodo|Earthquake|p1a: Klefki\n|-supereffective|p1a: Klefki\n|-damage|p1a: Klefki|0 fnt\n|faint|p1a: Klefki\n|\n|upkeep\n|\n|t:|1733045039\n|switch|p1a: Darkrai|Darkrai, L77|234/234\n|-damage|p1a: Darkrai|205/234|[from] Stealth Rock\n|turn|26\n|\n|t:|1733045042\n|move|p1a: Darkrai|Nasty Plot|p1a: Darkrai\n|-boost|p1a: Darkrai|spa|2\n|move|p2a: Sudowoodo|Earthquake|p1a: Darkrai\n|-damage|p1a: Darkrai|54/234\n|\n|-heal|p1a: Darkrai|68/234|[from] item: Leftovers\n|upkeep\n|turn|27\n|\n|t:|1733045052\n|switch|p2a: Corviknight|Corviknight, L80, F|288/288\n|-ability|p2a: Corviknight|Pressure\n|move|p1a: Darkrai|Dark Pulse|p2a: Corviknight\n|-damage|p2a: Corviknight|102/288\n|\n|-heal|p1a: Darkrai|82/234|[from] item: Leftovers\n|-heal|p2a: Corviknight|120/288|[from] item: Leftovers\n|upkeep\n|turn|28\n|\n|t:|1733045056\n|move|p1a: Darkrai|Dark Pulse|p2a: Corviknight\n|-damage|p2a: Corviknight|0 fnt\n|faint|p2a: Corviknight\n|\n|-heal|p1a: Darkrai|96/234|[from] item: Leftovers\n|upkeep\n|\n|t:|1733045057\n|switch|p2a: Magcargo|Magcargo, L95, M|212/268\n|turn|29\n|\n|t:|1733045060\n|move|p1a: Darkrai|Dark Pulse|p2a: Magcargo\n|-damage|p2a: Magcargo|47/268\n|move|p2a: Magcargo|Power Gem|p1a: Darkrai\n|-damage|p1a: Darkrai|0 fnt\n|faint|p1a: Darkrai\n|\n|upkeep\n|\n|t:|1733045064\n|switch|p1a: Dachsbun|Dachsbun, L92, M, tera:Steel|254/254\n|-damage|p1a: Dachsbun|239/254|[from] Stealth Rock\n|turn|30\n|\n|t:|1733045070\n|move|p1a: Dachsbun|Stomping Tantrum|p2a: Magcargo\n|-supereffective|p2a: Magcargo\n|-damage|p2a: Magcargo|0 fnt\n|-status|p1a: Dachsbun|brn|[from] ability: Flame Body|[of] p2a: Magcargo\n|faint|p2a: Magcargo\n|\n|-heal|p1a: Dachsbun|254/254 brn|[from] item: Leftovers\n|-damage|p1a: Dachsbun|239/254 brn|[from] brn\n|upkeep\n|\n|t:|1733045074\n|switch|p2a: Sylveon|Sylveon, L85, M|300/300\n|-damage|p2a: Sylveon|263/300|[from] Spikes\n|turn|31\n|\n|t:|1733045080\n|move|p1a: Dachsbun|Wish|p1a: Dachsbun\n|move|p2a: Sylveon|Wish|p2a: Sylveon\n|\n|-heal|p1a: Dachsbun|254/254 brn|[from] item: Leftovers\n|-heal|p2a: Sylveon|281/300|[from] item: Leftovers\n|-damage|p1a: Dachsbun|239/254 brn|[from] brn\n|upkeep\n|turn|32\n|\n|t:|1733045083\n|switch|p1a: Trevenant|Trevenant, L88, M|293/293\n|-damage|p1a: Trevenant|257/293|[from] Stealth Rock\n|switch|p2a: Sudowoodo|Sudowoodo, L94, F|136/284\n|-damage|p2a: Sudowoodo|101/284|[from] Spikes\n|\n|-heal|p1a: Trevenant|293/293|[from] move: Wish|[wisher] Dachsbun\n|-heal|p2a: Sudowoodo|251/284|[from] move: Wish|[wisher] Sylveon\n|upkeep\n|turn|33\n|\n|t:|1733045093\n|move|p2a: Sudowoodo|Sucker Punch|p1a: Trevenant\n|-supereffective|p1a: Trevenant\n|-damage|p1a: Trevenant|103/293\n|move|p1a: Trevenant|Wood Hammer|p2a: Sudowoodo\n|-supereffective|p2a: Sudowoodo\n|-damage|p2a: Sudowoodo|0 fnt\n|faint|p2a: Sudowoodo\n|-damage|p1a: Trevenant|20/293|[from] Recoil\n|\n|upkeep\n|\n|t:|1733045101\n|switch|p2a: Flamigo|Flamigo, L82, M|269/269\n|turn|34\n|\n|t:|1733045105\n|move|p2a: Flamigo|Brave Bird|p1a: Trevenant\n|-supereffective|p1a: Trevenant\n|-damage|p1a: Trevenant|0 fnt\n|faint|p1a: Trevenant\n|-damage|p2a: Flamigo|262/269|[from] Recoil\n|-damage|p2a: Flamigo|236/269|[from] item: Life Orb\n|\n|upkeep\n|\n|t:|1733045108\n|switch|p1a: Magmortar|Magmortar, L88, M|275/275\n|-damage|p1a: Magmortar|207/275|[from] Stealth Rock\n|turn|35\n|\n|t:|1733045111\n|switch|p2a: Basculegion|Basculegion-F, L83, F|335/335\n|-damage|p2a: Basculegion|294/335|[from] Spikes\n|move|p1a: Magmortar|Fire Blast|p2a: Basculegion\n|-resisted|p2a: Basculegion\n|-crit|p2a: Basculegion\n|-damage|p2a: Basculegion|106/335\n|\n|upkeep\n|turn|36\n|\n|t:|1733045117\n|move|p1a: Magmortar|Fire Blast|p2a: Basculegion\n|-resisted|p2a: Basculegion\n|-damage|p2a: Basculegion|0 fnt\n|faint|p2a: Basculegion\n|\n|upkeep\n|\n|t:|1733045120\n|switch|p2a: Sylveon|Sylveon, L85, M|281/300\n|-damage|p2a: Sylveon|244/300|[from] Spikes\n|turn|37\n|\n|t:|1733045124\n|move|p2a: Sylveon|Protect|p2a: Sylveon\n|-singleturn|p2a: Sylveon|Protect\n|move|p1a: Magmortar|Fire Blast|p2a: Sylveon\n|-activate|p2a: Sylveon|move: Protect\n|\n|-heal|p2a: Sylveon|262/300|[from] item: Leftovers\n|upkeep\n|turn|38\n|\n|t:|1733045128\n|move|p1a: Magmortar|Fire Blast|p2a: Sylveon\n|-damage|p2a: Sylveon|102/300\n|move|p2a: Sylveon|Wish|p2a: Sylveon\n|\n|-heal|p2a: Sylveon|120/300|[from] item: Leftovers\n|upkeep\n|turn|39\n|\n|t:|1733045133\n|switch|p1a: Spiritomb|Spiritomb, L89, M|234/234\n|-damage|p1a: Spiritomb|205/234|[from] Stealth Rock\n|move|p2a: Sylveon|Protect||[still]\n|-fail|p2a: Sylveon\n|\n|-heal|p2a: Sylveon|270/300|[from] move: Wish|[wisher] Sylveon\n|-heal|p2a: Sylveon|288/300|[from] item: Leftovers\n|-heal|p1a: Spiritomb|219/234|[from] item: Leftovers\n|upkeep\n|turn|40\n|\n|t:|1733045139\n|move|p2a: Sylveon|Hyper Voice|p1a: Spiritomb\n|-supereffective|p1a: Spiritomb\n|-damage|p1a: Spiritomb|0 fnt\n|faint|p1a: Spiritomb\n|\n|-heal|p2a: Sylveon|300/300|[from] item: Leftovers\n|upkeep\n|-message|GothPerona forfeited.\n|\n|win|ananananji\n|raw|GothPerona's rating: 2255 &rarr; <strong>2232</strong><br />(-23 for losing)\n|raw|ananananji's rating: 2202 &rarr; <strong>2225</strong><br />(+23 for winning)\n|l|\u2606GothPerona\n|player|p1|\n", "inputlog": ">version b107d77f5c90bd6555267ae244a6264823309ead\n>start {\"formatid\":\"gen9randombattle\",\"seed\":[55067,33440,10604,37480],\"rated\":\"Rated battle\"}\n>player p1 {\"name\":\"GothPerona\",\"avatar\":\"marley\",\"rating\":2238,\"seed\":[56594,11554,27454,18198]}\n>player p2 {\"name\":\"ananananji\",\"avatar\":\"265\",\"rating\":2202,\"seed\":[2390,8958,60045,60721]}\n>p1 switch 5\n>p2 move wish\n>p1 move spikes\n>p2 switch 5\n>p1 switch 6\n>p2 move stealthrock\n>p1 move wish\n>p2 move powergem\n>p1 move stompingtantrum\n>p2 move powergem\n>p1 move stompingtantrum\n>p2 switch 3\n>p1 move wish\n>p2 move uturn\n>p2 switch 2\n>p1 move protect\n>p2 move headsmash\n>p1 move wish\n>p2 move headsmash\n>p1 move stompingtantrum\n>p2 move headsmash\n>p1 move protect\n>p2 move headsmash\n>p1 switch 4\n>p2 move headsmash\n>p1 move willowisp\n>p2 switch 3\n>p1 move poltergeist\n>p2 move recover\n>p1 move poltergeist\n>p2 move recover\n>p1 switch 4\n>p2 move powergem\n>p1 move protect\n>p2 move powergem\n>p1 move wish terastallize\n>p2 move powergem\n>p1 move stompingtantrum\n>p2 switch 2\n>p1 switch 6\n>p2 move uturn\n>p2 switch 2\n>p1 switch 6\n>p2 move powergem\n>p1 move wish\n>p2 switch 2\n>p1 move protect\n>p2 move uturn\n>p1 move wish\n>p2 move uturn\n>p2 switch 3\n>p1 switch 6\n>p2 move earthquake\n>p1 switch 3\n>p1 move nastyplot\n>p2 move earthquake\n>p1 move darkpulse\n>p2 switch 3\n>p1 move darkpulse\n>p2 move bravebird\n>p2 switch 2\n>p1 move darkpulse\n>p2 move powergem\n>p1 switch 6\n>p1 move stompingtantrum\n>p2 move recover\n>p2 switch 5\n>p1 move wish\n>p2 move wish\n>p1 switch 2\n>p2 switch 3\n>p1 move woodhammer\n>p2 move suckerpunch\n>p2 switch 4\n>p1 move woodhammer\n>p2 move bravebird\n>p1 switch 5\n>p1 move fireblast\n>p2 switch 6\n>p1 move fireblast\n>p2 move flipturn\n>p2 switch 3\n>p1 move fireblast\n>p2 move protect\n>p1 move fireblast\n>p2 move wish\n>p1 switch 4\n>p2 move protect\n>p1 move poltergeist\n>p2 move hypervoice\n>forcelose p1", "uploadtime": 1733045143, "views": 11, "formatid": "gen9randombattle", "rating": 2225, "private": 0, "password": null}