{"id": "gen9randombattle-2259976841", "format": "[Gen 9] Random Battle", "players": ["Tha Crossroads", "chuvadepiriquitas"], "log": "|j|\u2606Tha Crossroads\n|j|\u2606chuvadepiriquitas\n|t:|1733786568\n|gametype|singles\n|player|p1|Tha Crossroads|acetrainerf|1069\n|player|p2|chuvadepiriquitas|102|1043\n|teamsize|p1|6\n|teamsize|p2|6\n|gen|9\n|tier|[Gen 9] Random Battle\n|rated|\n|rule|Species Clause: Limit one of each Pok\u00e9mon\n|rule|HP Percentage Mod: HP is shown in percentages\n|rule|Sleep Clause Mod: Limit one foe put to sleep\n|rule|Illusion Level Mod: Illusion disguises the Pok\u00e9mon's true level\n|\n|t:|1733786568\n|start\n|switch|p1a: Umbreon|Umbreon, L84, F|297/297\n|switch|p2a: Hitmonchan|Hitmonchan, L87, M|229/229\n|turn|1\n|inactive|Battle timer is ON: inactive players will automatically lose when time's up. (requested by Tha Crossroads)\n|inactive|chuvadepiriquitas has 120 seconds left.\n|c|\u2606Tha Crossroads|the food...is ppl!\n|inactive|chuvadepiriquitas has 90 seconds left.\n|inactive|chuvadepiriquitas has 60 seconds left.\n|\n|t:|1733786680\n|move|p2a: Hitmonchan|Mach Punch|p1a: Umbreon\n|-supereffective|p1a: Umbreon\n|-damage|p1a: Umbreon|164/297\n|-damage|p2a: Hitmonchan|207/229|[from] item: Life Orb\n|move|p1a: Umbreon|Toxic|p2a: Hitmonchan|[miss]\n|-miss|p1a: Umbreon|p2a: Hitmonchan\n|\n|-heal|p1a: Umbreon|182/297|[from] item: Leftovers\n|upkeep\n|turn|2\n|\n|t:|1733786692\n|move|p2a: Hitmonchan|Drain Punch|p1a: Umbreon\n|-supereffective|p1a: Umbreon\n|-damage|p1a: Umbreon|0 fnt\n|-heal|p2a: Hitmonchan|229/229|[from] drain|[of] p1a: Umbreon\n|faint|p1a: Umbreon\n|-damage|p2a: Hitmonchan|207/229|[from] item: Life Orb\n|\n|upkeep\n|\n|t:|1733786701\n|switch|p1a: Torterra|Torterra, L78, M|276/276\n|turn|3\n|\n|t:|1733786722\n|move|p2a: Hitmonchan|Mach Punch|p1a: Torterra\n|-damage|p1a: Torterra|206/276\n|-damage|p2a: Hitmonchan|185/229|[from] item: Life Orb\n|move|p1a: Torterra|Shell Smash|p1a: Torterra\n|-unboost|p1a: Torterra|def|1\n|-unboost|p1a: Torterra|spd|1\n|-boost|p1a: Torterra|atk|2\n|-boost|p1a: Torterra|spa|2\n|-boost|p1a: Torterra|spe|2\n|\n|upkeep\n|turn|4\n|\n|t:|1733786743\n|move|p1a: Torterra|Bullet Seed|p2a: Hitmonchan\n|-damage|p2a: Hitmonchan|127/229\n|-damage|p2a: Hitmonchan|75/229\n|-damage|p2a: Hitmonchan|23/229\n|-damage|p2a: Hitmonchan|0 fnt\n|faint|p2a: Hitmonchan\n|-hitcount|p2: Hitmonchan|4\n|\n|upkeep\n|inactive|chuvadepiriquitas has 90 seconds left.\n|\n|t:|1733786756\n|switch|p2a: Pelipper|Pelipper, L86, M|243/243\n|-weather|RainDance|[from] ability: Drizzle|[of] p2a: Pelipper\n|turn|5\n|\n|t:|1733786761\n|move|p1a: Torterra|Rock Blast|p2a: Pelipper|[miss]\n|-miss|p1a: Torterra|p2a: Pelipper\n|move|p2a: Pelipper|Hurricane|p1a: Torterra\n|-supereffective|p1a: Torterra\n|-damage|p1a: Torterra|0 fnt\n|faint|p1a: Torterra\n|\n|-weather|RainDance|[upkeep]\n|upkeep\n|\n|t:|1733786770\n|switch|p1a: Lycanroc|Lycanroc-Midnight, L89, M|296/296\n|turn|6\n|\n|t:|1733786776\n|move|p1a: Lycanroc|Stone Edge|p2a: Pelipper\n|-supereffective|p2a: Pelipper\n|-damage|p2a: Pelipper|0 fnt\n|faint|p2a: Pelipper\n|-damage|p1a: Lycanroc|267/296|[from] item: Life Orb\n|\n|-weather|RainDance|[upkeep]\n|upkeep\n|inactive|chuvadepiriquitas has 90 seconds left.\n|\n|t:|1733786810\n|switch|p2a: Archaludon|Archaludon, L78, F|268/268\n|turn|7\n|inactive|chuvadepiriquitas has 90 seconds left.\n|inactive|chuvadepiriquitas has 60 seconds left.\n|\n|t:|1733786862\n|move|p1a: Lycanroc|Close Combat|p2a: Archaludon\n|-supereffective|p2a: Archaludon\n|-damage|p2a: Archaludon|57/268\n|-unboost|p1a: Lycanroc|def|1\n|-unboost|p1a: Lycanroc|spd|1\n|-ability|p2a: Archaludon|Stamina|boost\n|-boost|p2a: Archaludon|def|1\n|-damage|p1a: Lycanroc|238/296|[from] item: Life Orb\n|move|p2a: Archaludon|Earthquake|p1a: Lycanroc\n|-supereffective|p1a: Lycanroc\n|-damage|p1a: Lycanroc|34/296\n|\n|-weather|RainDance|[upkeep]\n|upkeep\n|turn|8\n|\n|t:|1733786876\n|move|p1a: Lycanroc|Close Combat|p2a: Archaludon\n|-supereffective|p2a: Archaludon\n|-damage|p2a: Archaludon|0 fnt\n|-unboost|p1a: Lycanroc|def|1\n|-unboost|p1a: Lycanroc|spd|1\n|faint|p2a: Archaludon\n|-damage|p1a: Lycanroc|5/296|[from] item: Life Orb\n|\n|-weather|RainDance|[upkeep]\n|upkeep\n|\n|t:|1733786886\n|switch|p2a: Qwilfish|Qwilfish-Hisui, L83, F|244/244\n|-ability|p2a: Qwilfish|Intimidate|boost\n|-unboost|p1a: Lycanroc|atk|1\n|turn|9\n|\n|t:|1733786894\n|move|p1a: Lycanroc|Close Combat|p2a: Qwilfish\n|-damage|p2a: Qwilfish|176/244\n|-unboost|p1a: Lycanroc|def|1\n|-unboost|p1a: Lycanroc|spd|1\n|-damage|p1a: Lycanroc|0 fnt|[from] item: Life Orb\n|faint|p1a: Lycanroc\n|move|p2a: Qwilfish|Toxic Spikes|p1: Lycanroc\n|-sidestart|p1: Tha Crossroads|move: Toxic Spikes\n|\n|-weather|none\n|upkeep\n|\n|t:|1733786904\n|switch|p1a: Metagross|Metagross, L79|256/256\n|turn|10\n|\n|t:|1733786914\n|move|p2a: Qwilfish|Crunch|p1a: Metagross\n|-supereffective|p1a: Metagross\n|-damage|p1a: Metagross|122/256\n|move|p1a: Metagross|Knock Off|p2a: Qwilfish\n|-resisted|p2a: Qwilfish\n|-damage|p2a: Qwilfish|135/244\n|-enditem|p2a: Qwilfish|Eviolite|[from] move: Knock Off|[of] p1a: Metagross\n|\n|upkeep\n|turn|11\n|inactive|chuvadepiriquitas has 60 seconds left.\n|\n|t:|1733786924\n|-terastallize|p1a: Metagross|Water\n|move|p2a: Qwilfish|Crunch|p1a: Metagross\n|-damage|p1a: Metagross|59/256\n|move|p1a: Metagross|Knock Off|p2a: Qwilfish\n|-resisted|p2a: Qwilfish\n|-damage|p2a: Qwilfish|90/244\n|\n|upkeep\n|turn|12\n|\n|t:|1733786932\n|move|p2a: Qwilfish|Crunch|p1a: Metagross\n|-damage|p1a: Metagross|0 fnt\n|faint|p1a: Metagross\n|\n|upkeep\n|\n|t:|1733786939\n|switch|p1a: Spectrier|Spectrier, L75|274/274\n|-status|p1a: Spectrier|psn\n|turn|13\n|\n|t:|1733786953\n|move|p1a: Spectrier|Tera Blast|p2a: Qwilfish\n|-damage|p2a: Qwilfish|0 fnt\n|faint|p2a: Qwilfish\n|-ability|p1a: Spectrier|Grim Neigh|boost\n|-boost|p1a: Spectrier|spa|1\n|-damage|p1a: Spectrier|247/274 psn|[from] item: Life Orb\n|\n|-damage|p1a: Spectrier|213/274 psn|[from] psn\n|upkeep\n|\n|t:|1733786964\n|switch|p2a: Exeggutor|Exeggutor, L89, M|312/312\n|turn|14\n|\n|t:|1733786969\n|move|p1a: Spectrier|Shadow Ball|p2a: Exeggutor\n|-supereffective|p2a: Exeggutor\n|-damage|p2a: Exeggutor|0 fnt\n|faint|p2a: Exeggutor\n|-ability|p1a: Spectrier|Grim Neigh|boost\n|-boost|p1a: Spectrier|spa|1\n|-damage|p1a: Spectrier|186/274 psn|[from] item: Life Orb\n|\n|-damage|p1a: Spectrier|152/274 psn|[from] psn\n|upkeep\n|\n|t:|1733786977\n|switch|p2a: Azumarill|Azumarill, L82, M|298/298\n|turn|15\n|\n|t:|1733786987\n|move|p2a: Azumarill|Aqua Jet|p1a: Spectrier\n|-damage|p1a: Spectrier|76/274 psn\n|move|p1a: Spectrier|Shadow Ball|p2a: Azumarill\n|-damage|p2a: Azumarill|6/298\n|-enditem|p2a: Azumarill|Sitrus Berry|[eat]\n|-heal|p2a: Azumarill|80/298|[from] item: Sitrus Berry\n|-damage|p1a: Spectrier|49/274 psn|[from] item: Life Orb\n|\n|-damage|p1a: Spectrier|15/274 psn|[from] psn\n|upkeep\n|turn|16\n|\n|t:|1733786997\n|move|p2a: Azumarill|Aqua Jet|p1a: Spectrier\n|-damage|p1a: Spectrier|0 fnt\n|faint|p1a: Spectrier\n|\n|upkeep\n|\n|t:|1733787002\n|switch|p1a: Shiftry|Shiftry, L89, F|305/305\n|turn|17\n|\n|t:|1733787007\n|move|p1a: Shiftry|Leaf Storm|p2a: Azumarill\n|-supereffective|p2a: Azumarill\n|-damage|p2a: Azumarill|0 fnt\n|-unboost|p1a: Shiftry|spa|2\n|faint|p2a: Azumarill\n|\n|win|Tha Crossroads\n|raw|Tha Crossroads's rating: 1069 &rarr; <strong>1096</strong><br />(+27 for winning)\n|raw|chuvadepiriquitas's rating: 1043 &rarr; <strong>1028</strong><br />(-15 for losing)\n|l|\u2606chuvadepiriquitas\n|player|p2|\n|c|\u2606Tha Crossroads|gg\n", "inputlog": ">version bfd83cad13791eb5a5a409923076391caf6fb4d4\n>start {\"formatid\":\"gen9randombattle\",\"seed\":[60331,2601,51080,1895],\"rated\":\"Rated battle\"}\n>player p1 {\"name\":\"Tha Crossroads\",\"avatar\":\"acetrainerf\",\"rating\":1069,\"seed\":[34034,53052,4822,28339]}\n>player p2 {\"name\":\"chuvadepiriquitas\",\"avatar\":\"102\",\"rating\":1043,\"seed\":[8480,47095,49524,50965]}\n>chat \u2606Tha Crossroads|the food...is ppl!\n>p1 move toxic\n>p2 move machpunch\n>p1 move toxic\n>p2 move drainpunch\n>p1 switch 6\n>p1 move shellsmash\n>p2 move machpunch\n>p1 move bulletseed\n>p2 move swordsdance\n>p2 switch 2\n>p1 move rockblast\n>p2 move hurricane\n>p1 switch 5\n>p1 move stoneedge\n>p2 move hydropump\n>p2 switch 4\n>p1 move closecombat\n>p2 move earthquake\n>p1 move closecombat\n>p2 move ironhead\n>p2 switch 6\n>p1 move closecombat\n>p2 move toxicspikes\n>p1 switch 2\n>p1 move knockoff\n>p2 move crunch\n>p1 move knockoff terastallize\n>p2 move crunch\n>p1 move knockoff\n>p2 move crunch\n>p1 switch 4\n>p1 move terablast\n>p2 move crunch\n>p2 switch 3\n>p1 move shadowball\n>p2 move psychicnoise\n>p2 switch 5\n>p1 move shadowball\n>p2 move aquajet\n>p1 move shadowball\n>p2 move aquajet\n>p1 switch 3\n>p1 move leafstorm\n>p2 move bellydrum", "uploadtime": 1733787019, "views": 1, "formatid": "gen9randombattle", "rating": 1028, "private": 0, "password": null}