{"id": "gen9randombattle-2260707696", "format": "[Gen 9] Random Battle", "players": ["Freeeky", "paysa"], "log": "|j|\u2606Freeeky\n|j|\u2606paysa\n|t:|1733881089\n|gametype|singles\n|player|p1|Freeeky|265|2188\n|player|p2|paysa|lucas|2322\n|teamsize|p1|6\n|teamsize|p2|6\n|gen|9\n|tier|[Gen 9] Random Battle\n|rated|\n|rule|Species Clause: Limit one of each Pok\u00e9mon\n|rule|HP Percentage Mod: HP is shown in percentages\n|rule|Sleep Clause Mod: Limit one foe put to sleep\n|rule|Illusion Level Mod: Illusion disguises the Pok\u00e9mon's true level\n|\n|t:|1733881089\n|start\n|switch|p1a: Mandibuzz|Mandibuzz, L85, F|326/326\n|switch|p2a: Rillaboom|Rillaboom, L79, M|288/288\n|-fieldstart|move: Grassy Terrain|[from] ability: Grassy Surge|[of] p2a: Rillaboom\n|turn|1\n|inactive|Battle timer is ON: inactive players will automatically lose when time's up. (requested by paysa)\n|inactive|Freeeky also wants the timer to be on.\n|\n|t:|1733881107\n|switch|p2a: Bellibolt|Bellibolt, L84, F|320/320\n|move|p1a: Mandibuzz|U-turn|p2a: Bellibolt\n|-damage|p2a: Bellibolt|285/320\n|-start|p2a: Bellibolt|Charge|U-turn|[from] ability: Electromorphosis\n|inactive|Freeeky has 120 seconds left.\n|\n|t:|1733881137\n|switch|p1a: Baxcalibur|Baxcalibur, L75, M|295/295|[from] U-turn\n|\n|-heal|p2a: Bellibolt|305/320|[from] Grassy Terrain\n|-heal|p2a: Bellibolt|320/320|[from] item: Leftovers\n|upkeep\n|turn|2\n|\n|t:|1733881148\n|move|p1a: Baxcalibur|Swords Dance|p1a: Baxcalibur\n|-boost|p1a: Baxcalibur|atk|2\n|move|p2a: Bellibolt|Volt Switch|p1a: Baxcalibur\n|-resisted|p1a: Baxcalibur\n|-damage|p1a: Baxcalibur|203/295\n|-end|p2a: Bellibolt|Charge|[silent]\n|inactive|paysa has 120 seconds left.\n|\n|t:|1733881176\n|switch|p2a: Lunala|Lunala, L70|308/308|[from] Volt Switch\n|\n|-heal|p1a: Baxcalibur|221/295|[from] Grassy Terrain\n|upkeep\n|turn|3\n|inactive|paysa has 120 seconds left.\n|\n|t:|1733881193\n|move|p2a: Lunala|Moonblast|p1a: Baxcalibur\n|-supereffective|p1a: Baxcalibur\n|-damage|p1a: Baxcalibur|75/295\n|move|p1a: Baxcalibur|Icicle Spear|p2a: Lunala\n|-damage|p2a: Lunala|273/308\n|-damage|p2a: Lunala|195/308\n|-damage|p2a: Lunala|119/308\n|-damage|p2a: Lunala|41/308\n|-hitcount|p2a: Lunala|4\n|\n|-heal|p2a: Lunala|60/308|[from] Grassy Terrain\n|-heal|p2a: Lunala|79/308|[from] item: Leftovers\n|-heal|p1a: Baxcalibur|93/295|[from] Grassy Terrain\n|upkeep\n|turn|4\n|inactive|paysa has 120 seconds left.\n|\n|t:|1733881201\n|move|p2a: Lunala|Moongeist Beam|p1a: Baxcalibur\n|-damage|p1a: Baxcalibur|0 fnt\n|faint|p1a: Baxcalibur\n|\n|-heal|p2a: Lunala|98/308|[from] Grassy Terrain\n|-heal|p2a: Lunala|117/308|[from] item: Leftovers\n|upkeep\n|\n|t:|1733881210\n|switch|p1a: Dragapult|Dragapult, L77, M|262/262\n|turn|5\n|\n|t:|1733881220\n|switch|p2a: Bellibolt|Bellibolt, L84, F|320/320\n|move|p1a: Dragapult|Shadow Ball|p2a: Bellibolt\n|-damage|p2a: Bellibolt|200/320\n|-unboost|p2a: Bellibolt|spd|1\n|-start|p2a: Bellibolt|Charge|Shadow Ball|[from] ability: Electromorphosis\n|\n|-heal|p2a: Bellibolt|220/320|[from] Grassy Terrain\n|-heal|p2a: Bellibolt|240/320|[from] item: Leftovers\n|-fieldend|move: Grassy Terrain\n|upkeep\n|turn|6\n|j| thee in world\n|\n|t:|1733881230\n|switch|p2a: Clodsire|Clodsire, L81, F|343/343\n|move|p1a: Dragapult|Shadow Ball|p2a: Clodsire\n|-damage|p2a: Clodsire|244/343\n|-unboost|p2a: Clodsire|spd|1\n|\n|-heal|p2a: Clodsire|265/343|[from] item: Leftovers\n|upkeep\n|turn|7\n|\n|t:|1733881238\n|move|p1a: Dragapult|Shadow Ball|p2a: Clodsire\n|-damage|p2a: Clodsire|99/343\n|move|p2a: Clodsire|Recover|p2a: Clodsire\n|-heal|p2a: Clodsire|271/343\n|\n|-heal|p2a: Clodsire|292/343|[from] item: Leftovers\n|upkeep\n|turn|8\n|\n|t:|1733881247\n|move|p1a: Dragapult|Shadow Ball|p2a: Clodsire\n|-damage|p2a: Clodsire|145/343\n|move|p2a: Clodsire|Earthquake|p1a: Dragapult\n|-damage|p1a: Dragapult|156/262\n|\n|-heal|p2a: Clodsire|166/343|[from] item: Leftovers\n|upkeep\n|turn|9\n|j| Glazed mess\n|\n|t:|1733881253\n|switch|p2a: Rillaboom|Rillaboom, L79, M|288/288\n|-fieldstart|move: Grassy Terrain|[from] ability: Grassy Surge|[of] p2a: Rillaboom\n|move|p1a: Dragapult|Shadow Ball|p2a: Rillaboom\n|-damage|p2a: Rillaboom|162/288\n|\n|-heal|p1a: Dragapult|172/262|[from] Grassy Terrain\n|-heal|p2a: Rillaboom|180/288|[from] Grassy Terrain\n|upkeep\n|turn|10\n|l| Glazed mess\n|\n|t:|1733881261\n|switch|p1a: Mandibuzz|Mandibuzz, L85, F|326/326\n|move|p2a: Rillaboom|U-turn|p1a: Mandibuzz\n|-damage|p1a: Mandibuzz|259/326\n|inactive|paysa has 120 seconds left.\n|\n|t:|1733881293\n|switch|p2a: Bellibolt|Bellibolt, L84, F|240/320|[from] U-turn\n|\n|-heal|p2a: Bellibolt|260/320|[from] Grassy Terrain\n|-heal|p2a: Bellibolt|280/320|[from] item: Leftovers\n|upkeep\n|turn|11\n|\n|t:|1733881303\n|move|p1a: Mandibuzz|Roost|p1a: Mandibuzz\n|-heal|p1a: Mandibuzz|326/326\n|-singleturn|p1a: Mandibuzz|move: Roost\n|move|p2a: Bellibolt|Volt Switch|p1a: Mandibuzz\n|-damage|p1a: Mandibuzz|248/326\n|inactive|paysa has 120 seconds left.\n|\n|t:|1733881328\n|switch|p2a: Hatterene|Hatterene, L85, F|236/236|[from] Volt Switch\n|\n|-heal|p1a: Mandibuzz|268/326|[from] Grassy Terrain\n|upkeep\n|turn|12\n|inactive|paysa has 120 seconds left.\n|\n|t:|1733881336\n|move|p1a: Mandibuzz|U-turn|p2a: Hatterene\n|-crit|p2a: Hatterene\n|-damage|p2a: Hatterene|182/236\n|\n|t:|1733881341\n|switch|p1a: Magearna|Magearna-Original, L77|250/250|[from] U-turn\n|move|p2a: Hatterene|Mystical Fire|p1a: Magearna\n|-supereffective|p1a: Magearna\n|-damage|p1a: Magearna|130/250\n|-unboost|p1a: Magearna|spa|1\n|\n|-heal|p1a: Magearna|145/250|[from] Grassy Terrain\n|-heal|p1a: Magearna|160/250|[from] item: Leftovers\n|-heal|p2a: Hatterene|196/236|[from] Grassy Terrain\n|-heal|p2a: Hatterene|210/236|[from] item: Leftovers\n|upkeep\n|turn|13\n|\n|t:|1733881355\n|move|p1a: Magearna|Flash Cannon|p2a: Hatterene\n|-supereffective|p2a: Hatterene\n|-damage|p2a: Hatterene|106/236\n|-unboost|p2a: Hatterene|spd|1\n|move|p2a: Hatterene|Mystical Fire|p1a: Magearna\n|-supereffective|p1a: Magearna\n|-damage|p1a: Magearna|42/250\n|-unboost|p1a: Magearna|spa|1\n|\n|-heal|p1a: Magearna|57/250|[from] Grassy Terrain\n|-heal|p1a: Magearna|72/250|[from] item: Leftovers\n|-heal|p2a: Hatterene|120/236|[from] Grassy Terrain\n|-heal|p2a: Hatterene|134/236|[from] item: Leftovers\n|-fieldend|move: Grassy Terrain\n|upkeep\n|turn|14\n|\n|t:|1733881361\n|switch|p1a: Mandibuzz|Mandibuzz, L85, F|268/326\n|switch|p2a: Clodsire|Clodsire, L81, F|166/343\n|\n|-heal|p2a: Clodsire|187/343|[from] item: Leftovers\n|upkeep\n|turn|15\n|\n|t:|1733881366\n|move|p1a: Mandibuzz|U-turn|p2a: Clodsire\n|-resisted|p2a: Clodsire\n|-damage|p2a: Clodsire|163/343\n|\n|t:|1733881386\n|switch|p1a: Yanmega|Yanmega, L82, M|275/275|[from] U-turn\n|move|p2a: Clodsire|Recover|p2a: Clodsire\n|-heal|p2a: Clodsire|335/343\n|\n|-heal|p2a: Clodsire|343/343|[from] item: Leftovers\n|upkeep\n|turn|16\n|\n|t:|1733881396\n|move|p1a: Yanmega|Air Slash|p2a: Clodsire\n|-damage|p2a: Clodsire|262/343\n|move|p2a: Clodsire|Gunk Shot|p1a: Yanmega\n|-damage|p1a: Yanmega|178/275\n|-status|p1a: Yanmega|psn\n|\n|-heal|p2a: Clodsire|283/343|[from] item: Leftovers\n|-damage|p1a: Yanmega|144/275 psn|[from] psn\n|-ability|p1a: Yanmega|Speed Boost|boost\n|-boost|p1a: Yanmega|spe|1\n|upkeep\n|turn|17\n|\n|t:|1733881407\n|-terastallize|p1a: Yanmega|Ground\n|move|p1a: Yanmega|Tera Blast|p2a: Clodsire|[anim] Tera Blast Ground\n|-supereffective|p2a: Clodsire\n|-damage|p2a: Clodsire|107/343\n|move|p2a: Clodsire|Recover|p2a: Clodsire\n|-heal|p2a: Clodsire|279/343\n|\n|-heal|p2a: Clodsire|300/343|[from] item: Leftovers\n|-damage|p1a: Yanmega|110/275 psn|[from] psn\n|-ability|p1a: Yanmega|Speed Boost|boost\n|-boost|p1a: Yanmega|spe|1\n|upkeep\n|turn|18\n|inactive|Freeeky has 120 seconds left.\n|inactive|Freeeky has 90 seconds left.\n|c|\u2606Freeeky|Grats for not using fairy Tera on lunala\n|c|\u2606Freeeky|Dumb reads\n|c|\u2606paysa|ok\n|inactive|Freeeky has 60 seconds left.\n|c|\u2606Freeeky|Play dumb\n|c|\u2606paysa|always complaining\n|c|\u2606paysa|just be better lol\n|c|\u2606Freeeky|Grats for the team\n|c|\u2606Freeeky|nothing but luck\n|inactive|Freeeky has 30 seconds left.\n|-message|Freeeky forfeited.\n|\n|win|paysa\n|raw|Freeeky's rating: 2188 &rarr; <strong>2175</strong><br />(-13 for losing)\n|raw|paysa's rating: 2322 &rarr; <strong>2335</strong><br />(+13 for winning)\n|c|\u2606paysa|appreciate it homie\n|l|\u2606Freeeky\n|player|p1|\n", "inputlog": ">version bfd83cad13791eb5a5a409923076391caf6fb4d4\n>start {\"formatid\":\"gen9randombattle\",\"seed\":[60532,22450,33268,20584],\"rated\":\"Rated battle\"}\n>player p1 {\"name\":\"Freeeky\",\"avatar\":\"265\",\"rating\":2188,\"seed\":[14521,5845,35991,36782]}\n>player p2 {\"name\":\"paysa\",\"avatar\":\"lucas\",\"rating\":2322,\"seed\":[52059,2228,62977,10101]}\n>p1 move uturn\n>p2 switch 6\n>p1 switch 6\n>p1 move swordsdance\n>p2 move voltswitch\n>p2 switch 3\n>p1 move iciclespear\n>p2 move moonblast\n>p1 move scaleshot\n>p2 move moongeistbeam\n>p1 switch 4\n>p1 move shadowball\n>p2 switch 3\n>p1 move shadowball\n>p2 switch 4\n>p1 move shadowball\n>p2 move recover\n>p1 move shadowball\n>p2 move earthquake\n>p1 move shadowball\n>p2 switch 6\n>p1 switch 6\n>p2 move uturn\n>p2 switch 4\n>p1 move roost\n>p2 move voltswitch\n>p2 switch 2\n>p1 move uturn\n>p2 move mysticalfire\n>p1 switch 2\n>p1 move flashcannon\n>p2 move mysticalfire\n>p1 switch 2\n>p2 switch 6\n>p1 move uturn\n>p2 move recover\n>p1 switch 5\n>p1 move airslash\n>p2 move gunkshot\n>p1 move terablast terastallize\n>p2 move recover\n>chat \u2606Freeeky|Grats for not using fairy Tera on lunala \n>chat \u2606Freeeky|Dumb reads\n>chat \u2606paysa|ok\n>chat \u2606Freeeky|Play dumb\n>chat \u2606paysa|always complaining\n>chat \u2606paysa|just be better lol\n>chat \u2606Freeeky|Grats for the team\n>chat \u2606Freeeky|nothing but luck\n>forcelose p1", "uploadtime": 1733881574, "views": 7, "formatid": "gen9randombattle", "rating": 2175, "private": 0, "password": null}