{"id": "gen9randombattle-2260740817", "format": "[Gen 9] Random Battle", "players": ["Aldituz01", "TheeMegalodon"], "log": "|j|\u2606Aldituz01\n|j|\u2606TheeMegalodon\n|t:|1733885407\n|gametype|singles\n|player|p1|Aldituz01|101|1175\n|player|p2|TheeMegalodon|101|1186\n|teamsize|p1|6\n|teamsize|p2|6\n|gen|9\n|tier|[Gen 9] Random Battle\n|rated|\n|rule|Species Clause: Limit one of each Pok\u00e9mon\n|rule|HP Percentage Mod: HP is shown in percentages\n|rule|Sleep Clause Mod: Limit one foe put to sleep\n|rule|Illusion Level Mod: Illusion disguises the Pok\u00e9mon's true level\n|\n|t:|1733885407\n|start\n|switch|p1a: Granbull|Granbull, L88, M|302/302\n|switch|p2a: Morpeko|Morpeko, L88, M|245/245\n|-ability|p1a: Granbull|Intimidate|boost\n|-unboost|p2a: Morpeko|atk|1\n|turn|1\n|inactive|Battle timer is ON: inactive players will automatically lose when time's up. (requested by TheeMegalodon)\n|\n|t:|1733885422\n|switch|p2a: Illumise|Illumise, L91, F|266/266\n|move|p1a: Granbull|Encore||[still]\n|-fail|p1a: Granbull\n|\n|upkeep\n|turn|2\n|\n|t:|1733885428\n|move|p2a: Illumise|Encore||[still]\n|-fail|p2a: Illumise\n|move|p1a: Granbull|Thunder Wave|p2a: Illumise\n|-status|p2a: Illumise|par\n|\n|upkeep\n|turn|3\n|\n|t:|1733885438\n|switch|p1a: Muk|Muk, L86, M|321/321\n|move|p2a: Illumise|Thunder Wave|p1a: Muk\n|-status|p1a: Muk|par\n|\n|upkeep\n|turn|4\n|\n|t:|1733885446\n|switch|p2a: Espeon|Espeon, L84, F|246/246\n|cant|p1a: Muk|par\n|\n|upkeep\n|turn|5\n|\n|t:|1733885451\n|move|p2a: Espeon|Psyshock|p1a: Muk\n|-supereffective|p1a: Muk\n|-damage|p1a: Muk|25/321 par\n|-damage|p2a: Espeon|222/246|[from] item: Life Orb\n|move|p1a: Muk|Knock Off|p2a: Espeon\n|-supereffective|p2a: Espeon\n|-damage|p2a: Espeon|14/246\n|-status|p2a: Espeon|psn|[from] ability: Poison Touch|[of] p1a: Muk\n|-enditem|p2a: Espeon|Life Orb|[from] move: Knock Off|[of] p1a: Muk\n|\n|-heal|p1a: Muk|45/321 par|[from] item: Leftovers\n|-damage|p2a: Espeon|0 fnt|[from] psn\n|faint|p2a: Espeon\n|upkeep\n|\n|t:|1733885458\n|switch|p2a: Morpeko|Morpeko, L88, M|245/245\n|turn|6\n|\n|t:|1733885468\n|move|p2a: Morpeko|Aura Wheel|p1a: Muk\n|-damage|p1a: Muk|0 fnt\n|-boost|p2a: Morpeko|spe|1\n|faint|p1a: Muk\n|\n|-formechange|p2a: Morpeko|Morpeko-Hangry||[from] ability: Hunger Switch\n|upkeep\n|\n|t:|1733885477\n|switch|p1a: Galvantula|Galvantula, L82, M|249/249\n|turn|7\n|\n|t:|1733885486\n|switch|p2a: Volcanion|Volcanion, L79|256/256\n|move|p1a: Galvantula|Sticky Web|p2a: Volcanion\n|-sidestart|p2: TheeMegalodon|move: Sticky Web\n|\n|upkeep\n|turn|8\n|\n|t:|1733885502\n|-terastallize|p2a: Volcanion|Fire\n|move|p1a: Galvantula|Thunder|p2a: Volcanion\n|-damage|p2a: Volcanion|135/256\n|move|p2a: Volcanion|Flamethrower|p1a: Galvantula\n|-supereffective|p1a: Galvantula\n|-damage|p1a: Galvantula|0 fnt\n|faint|p1a: Galvantula\n|\n|upkeep\n|\n|t:|1733885515\n|switch|p1a: Slowbro|Slowbro, L85, M|300/300\n|turn|9\n|\n|t:|1733885529\n|switch|p2a: Sinistcha|Sinistcha-Masterpiece, L83|254/254\n|-activate|p2a: Sinistcha|move: Sticky Web\n|-unboost|p2a: Sinistcha|spe|1\n|move|p1a: Slowbro|Future Sight|p2a: Sinistcha\n|-start|p1a: Slowbro|move: Future Sight\n|\n|upkeep\n|turn|10\n|\n|t:|1733885536\n|move|p2a: Sinistcha|Matcha Gotcha|p1a: Slowbro\n|-supereffective|p1a: Slowbro\n|-damage|p1a: Slowbro|166/300\n|move|p1a: Slowbro|Ice Beam|p2a: Sinistcha\n|-supereffective|p2a: Sinistcha\n|-damage|p2a: Sinistcha|118/254\n|\n|-heal|p2a: Sinistcha|133/254|[from] item: Leftovers\n|upkeep\n|turn|11\n|\n|t:|1733885559\n|switch|p1a: Granbull|Granbull, L88, M|302/302\n|-ability|p1a: Granbull|Intimidate|boost\n|-unboost|p2a: Sinistcha|atk|1\n|move|p2a: Sinistcha|Strength Sap|p1a: Granbull\n|-unboost|p1a: Granbull|atk|1\n|-heal|p2a: Sinistcha|254/254\n|\n|-end|p2a: Sinistcha|move: Future Sight\n|-damage|p2a: Sinistcha|109/254\n|-heal|p2a: Sinistcha|124/254|[from] item: Leftovers\n|upkeep\n|turn|12\n|\n|t:|1733885573\n|move|p1a: Granbull|Thunder Wave|p2a: Sinistcha\n|-status|p2a: Sinistcha|par\n|move|p2a: Sinistcha|Strength Sap|p1a: Granbull\n|-unboost|p1a: Granbull|atk|1\n|-heal|p2a: Sinistcha|254/254 par\n|\n|upkeep\n|turn|13\n|\n|t:|1733885581\n|move|p1a: Granbull|Encore|p2a: Sinistcha\n|-start|p2a: Sinistcha|Encore\n|move|p2a: Sinistcha|Strength Sap|p1a: Granbull\n|-unboost|p1a: Granbull|atk|1\n|\n|upkeep\n|turn|14\n|\n|t:|1733885598\n|switch|p1a: Ho-Oh|Ho-Oh, L71|268/268\n|switch|p2a: Illumise|Illumise, L91, F|266/266 par\n|\n|upkeep\n|turn|15\n|\n|t:|1733885605\n|move|p2a: Illumise|Thunder Wave|p1a: Ho-Oh\n|-status|p1a: Ho-Oh|par\n|move|p1a: Ho-Oh|Sacred Fire|p2a: Illumise\n|-supereffective|p2a: Illumise\n|-damage|p2a: Illumise|48/266 par\n|\n|upkeep\n|turn|16\n|\n|t:|1733885615\n|switch|p2a: Volcanion|Volcanion, L79, tera:Fire|135/256\n|move|p1a: Ho-Oh|Brave Bird|p2a: Volcanion\n|-damage|p2a: Volcanion|41/256\n|-damage|p1a: Ho-Oh|237/268 par|[from] Recoil\n|\n|upkeep\n|turn|17\n|\n|t:|1733885627\n|switch|p1a: Slowbro|Slowbro, L85, M|266/300\n|move|p2a: Volcanion|Steam Eruption|p1a: Slowbro\n|-resisted|p1a: Slowbro\n|-damage|p1a: Slowbro|218/300\n|\n|upkeep\n|turn|18\n|\n|t:|1733885643\n|move|p2a: Volcanion|Sludge Bomb|p1a: Slowbro\n|-crit|p1a: Slowbro\n|-damage|p1a: Slowbro|142/300\n|move|p1a: Slowbro|Future Sight|p2a: Volcanion\n|-start|p1a: Slowbro|move: Future Sight\n|\n|upkeep\n|turn|19\n|\n|t:|1733885654\n|move|p2a: Volcanion|Steam Eruption|p1a: Slowbro\n|-resisted|p1a: Slowbro\n|-damage|p1a: Slowbro|97/300\n|move|p1a: Slowbro|Fire Blast|p2a: Volcanion|[miss]\n|-miss|p1a: Slowbro|p2a: Volcanion\n|\n|upkeep\n|turn|20\n|\n|t:|1733885671\n|switch|p2a: Illumise|Illumise, L91, F|48/266 par\n|move|p1a: Slowbro|Fire Blast|p2a: Illumise\n|-supereffective|p2a: Illumise\n|-damage|p2a: Illumise|0 fnt\n|faint|p2a: Illumise\n|\n|-hint|Future Sight did not hit because the target is fainted.\n|upkeep\n|\n|t:|1733885674\n|switch|p2a: Morpeko|Morpeko, L88, M|245/245\n|-activate|p2a: Morpeko|move: Sticky Web\n|-unboost|p2a: Morpeko|spe|1\n|turn|21\n|\n|t:|1733885687\n|move|p2a: Morpeko|Rapid Spin|p1a: Slowbro\n|-damage|p1a: Slowbro|65/300\n|-boost|p2a: Morpeko|spe|1\n|-sideend|p2: TheeMegalodon|Sticky Web|[from] move: Rapid Spin|[of] p2a: Morpeko\n|move|p1a: Slowbro|Future Sight|p2a: Morpeko\n|-start|p1a: Slowbro|move: Future Sight\n|\n|-formechange|p2a: Morpeko|Morpeko-Hangry||[from] ability: Hunger Switch\n|upkeep\n|turn|22\n|\n|t:|1733885697\n|move|p2a: Morpeko|Aura Wheel|p1a: Slowbro\n|-supereffective|p1a: Slowbro\n|-damage|p1a: Slowbro|0 fnt\n|-boost|p2a: Morpeko|spe|1\n|faint|p1a: Slowbro\n|\n|-formechange|p2a: Morpeko|Morpeko||[from] ability: Hunger Switch\n|upkeep\n|\n|t:|1733885706\n|switch|p1a: Granbull|Granbull, L88, M|302/302\n|-ability|p1a: Granbull|Intimidate|boost\n|-unboost|p2a: Morpeko|atk|1\n|turn|23\n|\n|t:|1733885710\n|move|p2a: Morpeko|Protect|p2a: Morpeko\n|-singleturn|p2a: Morpeko|Protect\n|move|p1a: Granbull|Play Rough|p2a: Morpeko\n|-activate|p2a: Morpeko|move: Protect\n|\n|-end|p2a: Morpeko|move: Future Sight\n|-immune|p2a: Morpeko\n|-formechange|p2a: Morpeko|Morpeko-Hangry||[from] ability: Hunger Switch\n|upkeep\n|turn|24\n|\n|t:|1733885718\n|switch|p2a: Volcanion|Volcanion, L79, tera:Fire|41/256\n|move|p1a: Granbull|Play Rough|p2a: Volcanion|[miss]\n|-miss|p1a: Granbull|p2a: Volcanion\n|\n|upkeep\n|turn|25\n|\n|t:|1733885725\n|move|p2a: Volcanion|Sludge Bomb|p1a: Granbull\n|-supereffective|p1a: Granbull\n|-damage|p1a: Granbull|108/302\n|-status|p1a: Granbull|psn\n|move|p1a: Granbull|Earthquake|p2a: Volcanion\n|-supereffective|p2a: Volcanion\n|-damage|p2a: Volcanion|0 fnt\n|faint|p2a: Volcanion\n|\n|-heal|p1a: Granbull|126/302 psn|[from] item: Leftovers\n|-damage|p1a: Granbull|89/302 psn|[from] psn\n|upkeep\n|\n|t:|1733885728\n|switch|p2a: Sinistcha|Sinistcha-Masterpiece, L83|254/254 par\n|turn|26\n|\n|t:|1733885742\n|move|p1a: Granbull|Encore||[still]\n|-fail|p1a: Granbull\n|move|p2a: Sinistcha|Matcha Gotcha|p1a: Granbull\n|-damage|p1a: Granbull|0 fnt\n|faint|p1a: Granbull\n|\n|upkeep\n|\n|t:|1733885749\n|switch|p1a: Ho-Oh|Ho-Oh, L71|268/268 par\n|turn|27\n|\n|t:|1733885756\n|switch|p2a: Mabosstiff|Mabosstiff, L86, F|278/278\n|move|p1a: Ho-Oh|Sacred Fire|p2a: Mabosstiff\n|-damage|p2a: Mabosstiff|187/278\n|-status|p2a: Mabosstiff|brn\n|\n|-damage|p2a: Mabosstiff|170/278 brn|[from] brn\n|upkeep\n|turn|28\n|\n|t:|1733885766\n|switch|p1a: Carbink|Carbink, L90|236/236\n|move|p2a: Mabosstiff|Crunch|p1a: Carbink\n|-resisted|p1a: Carbink\n|-damage|p1a: Carbink|185/236\n|\n|-damage|p2a: Mabosstiff|153/278 brn|[from] brn\n|upkeep\n|turn|29\n|\n|t:|1733885775\n|switch|p2a: Sinistcha|Sinistcha-Masterpiece, L83|254/254 par\n|move|p1a: Carbink|Iron Defense|p1a: Carbink\n|-boost|p1a: Carbink|def|2\n|\n|upkeep\n|turn|30\n|\n|t:|1733885783\n|move|p1a: Carbink|Moonblast|p2a: Sinistcha\n|-damage|p2a: Sinistcha|167/254 par\n|move|p2a: Sinistcha|Matcha Gotcha|p1a: Carbink\n|-supereffective|p1a: Carbink\n|-damage|p1a: Carbink|57/236\n|-heal|p2a: Sinistcha|231/254 par|[from] drain|[of] p1a: Carbink\n|\n|-heal|p2a: Sinistcha|246/254 par|[from] item: Leftovers\n|upkeep\n|turn|31\n|\n|t:|1733885795\n|move|p1a: Carbink|Rest|p1a: Carbink\n|-status|p1a: Carbink|slp|[from] move: Rest\n|-heal|p1a: Carbink|236/236 slp|[silent]\n|-enditem|p1a: Carbink|Chesto Berry|[eat]\n|-curestatus|p1a: Carbink|slp|[msg]\n|cant|p2a: Sinistcha|par\n|\n|-heal|p2a: Sinistcha|254/254 par|[from] item: Leftovers\n|upkeep\n|turn|32\n|\n|t:|1733885804\n|move|p1a: Carbink|Moonblast|p2a: Sinistcha\n|-damage|p2a: Sinistcha|172/254 par\n|move|p2a: Sinistcha|Matcha Gotcha|p1a: Carbink\n|-supereffective|p1a: Carbink\n|-damage|p1a: Carbink|104/236\n|-heal|p2a: Sinistcha|238/254 par|[from] drain|[of] p1a: Carbink\n|\n|-heal|p2a: Sinistcha|253/254 par|[from] item: Leftovers\n|upkeep\n|turn|33\n|\n|t:|1733885816\n|-terastallize|p1a: Carbink|Fighting\n|move|p1a: Carbink|Moonblast|p2a: Sinistcha\n|-damage|p2a: Sinistcha|180/254 par\n|-unboost|p2a: Sinistcha|spa|1\n|move|p2a: Sinistcha|Matcha Gotcha|p1a: Carbink\n|-damage|p1a: Carbink|67/236\n|-heal|p2a: Sinistcha|199/254 par|[from] drain|[of] p1a: Carbink\n|-status|p1a: Carbink|brn\n|\n|-heal|p2a: Sinistcha|214/254 par|[from] item: Leftovers\n|-damage|p1a: Carbink|53/236 brn|[from] brn\n|upkeep\n|turn|34\n|\n|t:|1733885831\n|move|p1a: Carbink|Rest|p1a: Carbink\n|-status|p1a: Carbink|slp|[from] move: Rest\n|-heal|p1a: Carbink|236/236 slp|[silent]\n|cant|p2a: Sinistcha|par\n|\n|-heal|p2a: Sinistcha|229/254 par|[from] item: Leftovers\n|upkeep\n|turn|35\n|\n|t:|1733885840\n|cant|p1a: Carbink|slp\n|cant|p2a: Sinistcha|par\n|\n|-heal|p2a: Sinistcha|244/254 par|[from] item: Leftovers\n|upkeep\n|turn|36\n|\n|t:|1733885845\n|cant|p1a: Carbink|slp\n|move|p2a: Sinistcha|Calm Mind|p2a: Sinistcha\n|-boost|p2a: Sinistcha|spa|1\n|-boost|p2a: Sinistcha|spd|1\n|\n|-heal|p2a: Sinistcha|254/254 par|[from] item: Leftovers\n|upkeep\n|turn|37\n|\n|t:|1733885851\n|-curestatus|p1a: Carbink|slp|[msg]\n|move|p1a: Carbink|Moonblast|p2a: Sinistcha\n|-damage|p2a: Sinistcha|202/254 par\n|move|p2a: Sinistcha|Calm Mind|p2a: Sinistcha\n|-boost|p2a: Sinistcha|spa|1\n|-boost|p2a: Sinistcha|spd|1\n|\n|-heal|p2a: Sinistcha|217/254 par|[from] item: Leftovers\n|upkeep\n|turn|38\n|\n|t:|1733885861\n|move|p1a: Carbink|Moonblast|p2a: Sinistcha\n|-damage|p2a: Sinistcha|178/254 par\n|move|p2a: Sinistcha|Calm Mind|p2a: Sinistcha\n|-boost|p2a: Sinistcha|spa|1\n|-boost|p2a: Sinistcha|spd|1\n|\n|-heal|p2a: Sinistcha|193/254 par|[from] item: Leftovers\n|upkeep\n|turn|39\n|\n|t:|1733885868\n|move|p1a: Carbink|Moonblast|p2a: Sinistcha\n|-damage|p2a: Sinistcha|159/254 par\n|-unboost|p2a: Sinistcha|spa|1\n|move|p2a: Sinistcha|Calm Mind|p2a: Sinistcha\n|-boost|p2a: Sinistcha|spa|1\n|-boost|p2a: Sinistcha|spd|1\n|\n|-heal|p2a: Sinistcha|174/254 par|[from] item: Leftovers\n|upkeep\n|turn|40\n|\n|t:|1733885876\n|switch|p1a: Ho-Oh|Ho-Oh, L71|268/268 par\n|move|p2a: Sinistcha|Calm Mind|p2a: Sinistcha\n|-boost|p2a: Sinistcha|spa|1\n|-boost|p2a: Sinistcha|spd|1\n|\n|-heal|p2a: Sinistcha|189/254 par|[from] item: Leftovers\n|upkeep\n|turn|41\n|\n|t:|1733885883\n|move|p1a: Ho-Oh|Brave Bird|p2a: Sinistcha\n|-supereffective|p2a: Sinistcha\n|-damage|p2a: Sinistcha|0 fnt\n|faint|p2a: Sinistcha\n|-damage|p1a: Ho-Oh|206/268 par|[from] Recoil\n|\n|upkeep\n|\n|t:|1733885887\n|switch|p2a: Morpeko|Morpeko, L88, M|245/245\n|turn|42\n|\n|t:|1733885891\n|switch|p1a: Carbink|Carbink, L90, tera:Fighting|236/236\n|move|p2a: Morpeko|Aura Wheel|p1a: Carbink\n|-damage|p1a: Carbink|163/236\n|-boost|p2a: Morpeko|spe|1\n|\n|-formechange|p2a: Morpeko|Morpeko-Hangry||[from] ability: Hunger Switch\n|upkeep\n|turn|43\n|\n|t:|1733885899\n|move|p2a: Morpeko|Protect|p2a: Morpeko\n|-singleturn|p2a: Morpeko|Protect\n|move|p1a: Carbink|Body Press|p2a: Morpeko\n|-activate|p2a: Morpeko|move: Protect\n|\n|-formechange|p2a: Morpeko|Morpeko||[from] ability: Hunger Switch\n|upkeep\n|turn|44\n|\n|t:|1733885907\n|move|p2a: Morpeko|Knock Off|p1a: Carbink\n|-resisted|p1a: Carbink\n|-damage|p1a: Carbink|142/236\n|move|p1a: Carbink|Body Press|p2a: Morpeko\n|-supereffective|p2a: Morpeko\n|-damage|p2a: Morpeko|0 fnt\n|faint|p2a: Morpeko\n|\n|upkeep\n|\n|t:|1733885909\n|switch|p2a: Mabosstiff|Mabosstiff, L86, F|153/278 brn\n|turn|45\n|\n|t:|1733885915\n|move|p2a: Mabosstiff|Wild Charge|p1a: Carbink\n|-damage|p1a: Carbink|105/236\n|-damage|p2a: Mabosstiff|144/278 brn|[from] Recoil\n|move|p1a: Carbink|Body Press|p2a: Mabosstiff\n|-supereffective|p2a: Mabosstiff\n|-damage|p2a: Mabosstiff|0 fnt\n|faint|p2a: Mabosstiff\n|\n|win|Aldituz01\n|raw|Aldituz01's rating: 1175 &rarr; <strong>1201</strong><br />(+26 for winning)\n|raw|TheeMegalodon's rating: 1186 &rarr; <strong>1160</strong><br />(-26 for losing)\n|l|\u2606TheeMegalodon\n|player|p2|\n", "inputlog": ">version bfd83cad13791eb5a5a409923076391caf6fb4d4\n>start {\"formatid\":\"gen9randombattle\",\"seed\":[27280,12726,7307,41447],\"rated\":\"Rated battle\"}\n>player p1 {\"name\":\"Aldituz01\",\"avatar\":\"101\",\"rating\":1175,\"seed\":[1802,7570,36180,44370]}\n>player p2 {\"name\":\"TheeMegalodon\",\"avatar\":\"101\",\"rating\":1186,\"seed\":[41615,33347,32820,3691]}\n>p1 move encore\n>p2 switch 2\n>p1 move thunderwave\n>p2 move encore\n>p1 switch 3\n>p2 move thunderwave\n>p1 move gunkshot\n>p2 switch 6\n>p1 move knockoff\n>p2 move psyshock\n>p2 switch 2\n>p1 move drainpunch\n>p2 move aurawheel\n>p1 switch 5\n>p1 move stickyweb\n>p2 switch 5\n>p1 move thunder\n>p2 move flamethrower terastallize\n>p1 switch 6\n>p1 move futuresight\n>p2 switch 3\n>p1 move icebeam\n>p2 move matchagotcha\n>p1 switch 3\n>p2 move strengthsap\n>p1 move thunderwave\n>p2 move strengthsap\n>p1 move encore\n>p2 move matchagotcha\n>p1 switch 2\n>p2 switch 6\n>p1 move sacredfire\n>p2 move thunderwave\n>p1 move bravebird\n>p2 switch 3\n>p1 switch 3\n>p2 move steameruption\n>p1 move futuresight\n>p2 move sludgebomb\n>p1 move fireblast\n>p2 move steameruption\n>p1 move fireblast\n>p2 switch 3\n>p2 switch 5\n>p1 move futuresight\n>p2 move rapidspin\n>p1 move icebeam\n>p2 move aurawheel\n>p1 switch 2\n>p1 move playrough\n>p2 move protect\n>p1 move playrough\n>p2 switch 3\n>p1 move earthquake\n>p2 move sludgebomb\n>p2 switch 6\n>p1 move encore\n>p2 move matchagotcha\n>p1 switch 3\n>p1 move sacredfire\n>p2 switch 4\n>p1 switch 4\n>p2 move crunch\n>p1 move irondefense\n>p2 switch 4\n>p1 move moonblast\n>p2 move matchagotcha\n>p1 move rest\n>p2 move matchagotcha\n>p1 move moonblast\n>p2 move matchagotcha\n>p1 move moonblast terastallize\n>p2 move matchagotcha\n>p1 move rest\n>p2 move shadowball\n>p1 move moonblast\n>p2 move calmmind\n>p1 move moonblast\n>p2 move calmmind\n>p1 move moonblast\n>p2 move calmmind\n>p1 move moonblast\n>p2 move calmmind\n>p1 move moonblast\n>p2 move calmmind\n>p1 switch 4\n>p2 move calmmind\n>p1 move bravebird\n>p2 move shadowball\n>p2 switch 3\n>p1 switch 4\n>p2 move aurawheel\n>p1 move bodypress\n>p2 move protect\n>p1 move bodypress\n>p2 move knockoff\n>p2 switch 4\n>p1 move bodypress\n>p2 move wildcharge", "uploadtime": 1733885928, "views": 10, "formatid": "gen9randombattle", "rating": 1160, "private": 0, "password": null}