{"id": "gen9randombattle-2260819124", "format": "[Gen 9] Random Battle", "players": ["Eptic101", "WafflyWaff"], "log": "|j|\u2606Eptic101\n|j|\u2606WafflyWaff\n|t:|1733897761\n|gametype|singles\n|player|p1|Eptic101|ninjaboy|1130\n|player|p2|WafflyWaff|102|1127\n|teamsize|p1|6\n|teamsize|p2|6\n|gen|9\n|tier|[Gen 9] Random Battle\n|rated|\n|rule|Species Clause: Limit one of each Pok\u00e9mon\n|rule|HP Percentage Mod: HP is shown in percentages\n|rule|Sleep Clause Mod: Limit one foe put to sleep\n|rule|Illusion Level Mod: Illusion disguises the Pok\u00e9mon's true level\n|\n|t:|1733897761\n|start\n|switch|p1a: Pelipper|Pelipper, L86, M|243/243\n|switch|p2a: Flapple|Flapple, L88, F|266/266\n|-weather|RainDance|[from] ability: Drizzle|[of] p1a: Pelipper\n|turn|1\n|inactive|Battle timer is ON: inactive players will automatically lose when time's up. (requested by Eptic101)\n|\n|t:|1733897775\n|move|p2a: Flapple|Dragon Dance|p2a: Flapple\n|-boost|p2a: Flapple|atk|1\n|-boost|p2a: Flapple|spe|1\n|move|p1a: Pelipper|Hurricane|p2a: Flapple\n|-supereffective|p2a: Flapple\n|-damage|p2a: Flapple|0 fnt\n|faint|p2a: Flapple\n|\n|-weather|RainDance|[upkeep]\n|upkeep\n|\n|t:|1733897790\n|switch|p2a: Masquerain|Masquerain, L87, F|264/264\n|-ability|p2a: Masquerain|Intimidate|boost\n|-unboost|p1a: Pelipper|atk|1\n|turn|2\n|\n|t:|1733897797\n|move|p2a: Masquerain|Stun Spore|p1a: Pelipper\n|-status|p1a: Pelipper|par\n|move|p1a: Pelipper|Hurricane|p2a: Masquerain\n|-supereffective|p2a: Masquerain\n|-damage|p2a: Masquerain|40/264\n|\n|-weather|RainDance|[upkeep]\n|upkeep\n|turn|3\n|\n|t:|1733897804\n|move|p2a: Masquerain|Sticky Web|p1a: Pelipper\n|-sidestart|p1: Eptic101|move: Sticky Web\n|move|p1a: Pelipper|Knock Off|p2a: Masquerain\n|-damage|p2a: Masquerain|4/264\n|-enditem|p2a: Masquerain|Heavy-Duty Boots|[from] move: Knock Off|[of] p1a: Pelipper\n|\n|-weather|RainDance|[upkeep]\n|upkeep\n|turn|4\n|\n|t:|1733897811\n|move|p2a: Masquerain|Hurricane|p1a: Pelipper\n|-damage|p1a: Pelipper|105/243 par\n|-start|p1a: Pelipper|confusion\n|-activate|p1a: Pelipper|confusion\n|move|p1a: Pelipper|Surf|p2a: Masquerain\n|-damage|p2a: Masquerain|0 fnt\n|faint|p2a: Masquerain\n|\n|-weather|RainDance|[upkeep]\n|upkeep\n|\n|t:|1733897819\n|switch|p2a: Kommo-o|Kommo-o, L78, M|245/245\n|turn|5\n|\n|t:|1733897826\n|move|p2a: Kommo-o|Clangorous Soul|p2a: Kommo-o\n|-boost|p2a: Kommo-o|atk|1\n|-boost|p2a: Kommo-o|def|1\n|-boost|p2a: Kommo-o|spa|1\n|-boost|p2a: Kommo-o|spd|1\n|-boost|p2a: Kommo-o|spe|1\n|-damage|p2a: Kommo-o|165/245\n|-enditem|p2a: Kommo-o|Throat Spray\n|-boost|p2a: Kommo-o|spa|1|[from] item: Throat Spray\n|-activate|p1a: Pelipper|confusion\n|move|p1a: Pelipper|Hurricane|p2a: Kommo-o\n|-supereffective|p2a: Kommo-o\n|-damage|p2a: Kommo-o|21/245\n|\n|-weather|none\n|upkeep\n|turn|6\n|\n|t:|1733897838\n|move|p2a: Kommo-o|Clanging Scales|p1a: Pelipper\n|-damage|p1a: Pelipper|0 fnt\n|faint|p1a: Pelipper\n|-unboost|p2a: Kommo-o|def|1\n|\n|upkeep\n|inactive|Eptic101 has 120 seconds left.\n|\n|t:|1733897880\n|switch|p1a: Salamence|Salamence, L77, F|273/273\n|-ability|p1a: Salamence|Intimidate|boost\n|-unboost|p2a: Kommo-o|atk|1\n|turn|7\n|\n|t:|1733897886\n|move|p2a: Kommo-o|Clanging Scales|p1a: Salamence\n|-supereffective|p1a: Salamence\n|-damage|p1a: Salamence|0 fnt\n|faint|p1a: Salamence\n|-unboost|p2a: Kommo-o|def|1\n|\n|upkeep\n|\n|t:|1733897891\n|switch|p1a: Rabsca|Rabsca, L91, M|284/284\n|turn|8\n|\n|t:|1733897898\n|move|p2a: Kommo-o|Clanging Scales|p1a: Rabsca\n|-damage|p1a: Rabsca|124/284\n|-unboost|p2a: Kommo-o|def|1\n|move|p1a: Rabsca|Bug Buzz|p2a: Kommo-o\n|-immune|p2a: Kommo-o|[from] ability: Soundproof\n|\n|upkeep\n|turn|9\n|\n|t:|1733897906\n|move|p2a: Kommo-o|Clanging Scales|p1a: Rabsca\n|-damage|p1a: Rabsca|0 fnt\n|faint|p1a: Rabsca\n|-unboost|p2a: Kommo-o|def|1\n|\n|upkeep\n|\n|t:|1733897913\n|switch|p1a: Golem|Golem, L87, F|281/281\n|-activate|p1a: Golem|move: Sticky Web\n|-unboost|p1a: Golem|spe|1\n|turn|10\n|\n|t:|1733897917\n|move|p2a: Kommo-o|Close Combat|p1a: Golem\n|-supereffective|p1a: Golem\n|-damage|p1a: Golem|101/281\n|-unboost|p2a: Kommo-o|def|1\n|-unboost|p2a: Kommo-o|spd|1\n|-enditem|p1a: Golem|Weakness Policy\n|-boost|p1a: Golem|atk|2|[from] item: Weakness Policy\n|-boost|p1a: Golem|spa|2|[from] item: Weakness Policy\n|move|p1a: Golem|Earthquake|p2a: Kommo-o\n|-damage|p2a: Kommo-o|0 fnt\n|faint|p2a: Kommo-o\n|\n|upkeep\n|\n|t:|1733897933\n|switch|p2a: Jirachi|Jirachi, L80|291/291\n|turn|11\n|\n|t:|1733897938\n|move|p2a: Jirachi|Wish|p2a: Jirachi\n|move|p1a: Golem|Earthquake|p2a: Jirachi\n|-supereffective|p2a: Jirachi\n|-damage|p2a: Jirachi|0 fnt\n|faint|p2a: Jirachi\n|\n|upkeep\n|\n|t:|1733897943\n|switch|p2a: Indeedee|Indeedee-F, L90, F|272/272\n|-fieldstart|move: Psychic Terrain|[from] ability: Psychic Surge|[of] p2a: Indeedee\n|turn|12\n|\n|t:|1733897950\n|move|p2a: Indeedee|Psychic|p1a: Golem\n|-damage|p1a: Golem|0 fnt\n|faint|p1a: Golem\n|\n|upkeep\n|\n|t:|1733897956\n|switch|p1a: Dedenne|Dedenne, L88, F|261/261\n|-activate|p1a: Dedenne|move: Sticky Web\n|-unboost|p1a: Dedenne|spe|1\n|turn|13\n|\n|t:|1733897959\n|move|p2a: Indeedee|Psychic|p1a: Dedenne\n|-damage|p1a: Dedenne|86/261\n|-enditem|p1a: Dedenne|Sitrus Berry|[eat]\n|-heal|p1a: Dedenne|151/261|[from] item: Sitrus Berry\n|-heal|p1a: Dedenne|238/261|[from] ability: Cheek Pouch\n|move|p1a: Dedenne|Nuzzle|p2a: Indeedee\n|-damage|p2a: Indeedee|253/272\n|-status|p2a: Indeedee|par\n|\n|upkeep\n|turn|14\n|\n|t:|1733897972\n|move|p2a: Indeedee|Psychic|p1a: Dedenne\n|-damage|p1a: Dedenne|66/261\n|move|p1a: Dedenne|Thunderbolt|p2a: Indeedee\n|-damage|p2a: Indeedee|181/272 par\n|\n|upkeep\n|turn|15\n|\n|t:|1733897985\n|move|p2a: Indeedee|Psychic|p1a: Dedenne\n|-damage|p1a: Dedenne|0 fnt\n|faint|p1a: Dedenne\n|\n|upkeep\n|\n|t:|1733897990\n|switch|p1a: Politoed|Politoed, L88, F|302/302\n|-activate|p1a: Politoed|move: Sticky Web\n|-unboost|p1a: Politoed|spe|1\n|-weather|RainDance|[from] ability: Drizzle|[of] p1a: Politoed\n|turn|16\n|\n|t:|1733897998\n|-terastallize|p1a: Politoed|Water\n|move|p2a: Indeedee|Psychic|p1a: Politoed\n|-damage|p1a: Politoed|175/302\n|move|p1a: Politoed|Weather Ball|p2a: Indeedee\n|-damage|p2a: Indeedee|0 fnt\n|faint|p2a: Indeedee\n|\n|-weather|RainDance|[upkeep]\n|-fieldend|move: Psychic Terrain\n|upkeep\n|\n|t:|1733898006\n|switch|p2a: Sylveon|Sylveon, L85, F|300/300\n|turn|17\n|\n|t:|1733898010\n|-terastallize|p2a: Sylveon|Steel\n|move|p2a: Sylveon|Calm Mind|p2a: Sylveon\n|-boost|p2a: Sylveon|spa|1\n|-boost|p2a: Sylveon|spd|1\n|move|p1a: Politoed|Weather Ball|p2a: Sylveon\n|-damage|p2a: Sylveon|140/300\n|\n|-weather|RainDance|[upkeep]\n|-heal|p2a: Sylveon|158/300|[from] item: Leftovers\n|upkeep\n|turn|18\n|\n|t:|1733898019\n|move|p2a: Sylveon|Hyper Voice|p1a: Politoed\n|-damage|p1a: Politoed|3/302\n|move|p1a: Politoed|Weather Ball|p2a: Sylveon\n|-damage|p2a: Sylveon|0 fnt\n|faint|p2a: Sylveon\n|\n|win|Eptic101\n|raw|Eptic101's rating: 1130 &rarr; <strong>1155</strong><br />(+25 for winning)\n|raw|WafflyWaff's rating: 1127 &rarr; <strong>1102</strong><br />(-25 for losing)\n", "inputlog": ">version bfd83cad13791eb5a5a409923076391caf6fb4d4\n>start {\"formatid\":\"gen9randombattle\",\"seed\":[48164,37044,16969,23598],\"rated\":\"Rated battle\"}\n>player p1 {\"name\":\"Eptic101\",\"avatar\":\"ninjaboy\",\"rating\":1130,\"seed\":[43983,44043,39978,20977]}\n>player p2 {\"name\":\"WafflyWaff\",\"avatar\":\"102\",\"rating\":1127,\"seed\":[48475,23700,61482,31718]}\n>p1 move hurricane\n>p2 move dragondance\n>p2 switch 3\n>p1 move hurricane\n>p2 move stunspore\n>p1 move knockoff\n>p2 move stickyweb\n>p1 move surf\n>p2 move hurricane\n>p2 switch 2\n>p1 move hurricane\n>p2 move clangoroussoul\n>p1 move roost\n>p2 move clangingscales\n>p1 switch 2\n>p1 move earthquake\n>p2 move clangingscales\n>p1 switch 3\n>p1 move bugbuzz\n>p2 move clangingscales\n>p1 move psychic\n>p2 move clangingscales\n>p1 switch 4\n>p1 move earthquake\n>p2 move closecombat\n>p2 switch 5\n>p1 move earthquake\n>p2 move wish\n>p2 switch 4\n>p1 move explosion\n>p2 move psychic\n>p1 switch 5\n>p1 move nuzzle\n>p2 move psychic\n>p1 move thunderbolt\n>p2 move psychic\n>p1 move uturn\n>p2 move psychic\n>p1 switch 6\n>p1 move weatherball terastallize\n>p2 move psychic\n>p2 switch 6\n>p1 move weatherball\n>p2 move calmmind terastallize\n>p1 move weatherball\n>p2 move hypervoice", "uploadtime": 1733898028, "views": 3, "formatid": "gen9randombattle", "rating": 1102, "private": 0, "password": null}