{"id": "gen9randombattle-2260872021", "format": "[Gen 9] Random Battle", "players": ["Js9401", "Binliftin"], "log": "|j|\u2606Js9401\n|j|\u2606Binliftin\n|t:|1733908248\n|gametype|singles\n|player|p1|Js9401|norman|1793\n|player|p2|Binliftin|1|1767\n|teamsize|p1|6\n|teamsize|p2|6\n|gen|9\n|tier|[Gen 9] Random Battle\n|rated|\n|rule|Species Clause: Limit one of each Pok\u00e9mon\n|rule|HP Percentage Mod: HP is shown in percentages\n|rule|Sleep Clause Mod: Limit one foe put to sleep\n|rule|Illusion Level Mod: Illusion disguises the Pok\u00e9mon's true level\n|\n|t:|1733908248\n|start\n|switch|p1a: Tornadus|Tornadus-Therian, L79, M|254/254\n|switch|p2a: Dialga|Dialga-Origin, L73|266/266\n|-ability|p2a: Dialga|Pressure\n|turn|1\n|\n|t:|1733908258\n|move|p1a: Tornadus|Focus Blast|p2a: Dialga\n|-supereffective|p2a: Dialga\n|-damage|p2a: Dialga|24/266\n|move|p2a: Dialga|Thunder Wave|p1a: Tornadus\n|-status|p1a: Tornadus|par\n|\n|upkeep\n|turn|2\n|inactive|Battle timer is ON: inactive players will automatically lose when time's up. (requested by Binliftin)\n|\n|t:|1733908265\n|move|p2a: Dialga|Stealth Rock|p1a: Tornadus\n|-sidestart|p1: Js9401|move: Stealth Rock\n|cant|p1a: Tornadus|par\n|\n|upkeep\n|turn|3\n|\n|t:|1733908271\n|move|p2a: Dialga|Draco Meteor|p1a: Tornadus\n|-damage|p1a: Tornadus|71/254 par\n|-unboost|p2a: Dialga|spa|2\n|cant|p1a: Tornadus|par\n|\n|upkeep\n|turn|4\n|\n|t:|1733908276\n|move|p2a: Dialga|Draco Meteor|p1a: Tornadus\n|-damage|p1a: Tornadus|0 fnt\n|-unboost|p2a: Dialga|spa|2\n|faint|p1a: Tornadus\n|\n|upkeep\n|\n|t:|1733908282\n|switch|p1a: Ribombee|Ribombee, L82, F|233/233\n|turn|5\n|\n|t:|1733908285\n|move|p1a: Ribombee|Moonblast|p2a: Dialga\n|-damage|p2a: Dialga|0 fnt\n|faint|p2a: Dialga\n|\n|upkeep\n|\n|t:|1733908296\n|switch|p2a: Magearna|Magearna, L77|250/250\n|turn|6\n|\n|t:|1733908299\n|move|p1a: Ribombee|Stun Spore|p2a: Magearna\n|-status|p2a: Magearna|par\n|move|p2a: Magearna|Thunder Wave|p1a: Ribombee\n|-status|p1a: Ribombee|par\n|\n|upkeep\n|turn|7\n|\n|t:|1733908303\n|cant|p1a: Ribombee|par\n|move|p2a: Magearna|Flash Cannon|p1a: Ribombee\n|-supereffective|p1a: Ribombee\n|-damage|p1a: Ribombee|0 fnt\n|faint|p1a: Ribombee\n|-ability|p2a: Magearna|Soul-Heart|boost\n|-boost|p2a: Magearna|spa|1\n|\n|upkeep\n|c|\u2606Binliftin|L\n|\n|t:|1733908310\n|switch|p1a: Golduck|Golduck, L90, F|290/290\n|-damage|p1a: Golduck|254/290|[from] Stealth Rock\n|-ability|p1a: Golduck|Cloud Nine\n|turn|8\n|\n|t:|1733908314\n|move|p1a: Golduck|Encore|p2a: Magearna\n|-start|p2a: Magearna|Encore\n|move|p2a: Magearna|Flash Cannon|p1a: Golduck\n|-resisted|p1a: Golduck\n|-damage|p1a: Golduck|186/290\n|\n|-heal|p1a: Golduck|204/290|[from] item: Leftovers\n|upkeep\n|turn|9\n|\n|t:|1733908322\n|move|p1a: Golduck|Nasty Plot|p1a: Golduck\n|-boost|p1a: Golduck|spa|2\n|move|p2a: Magearna|Flash Cannon|p1a: Golduck\n|-resisted|p1a: Golduck\n|-damage|p1a: Golduck|141/290\n|\n|-heal|p1a: Golduck|159/290|[from] item: Leftovers\n|upkeep\n|turn|10\n|\n|t:|1733908327\n|move|p1a: Golduck|Hydro Pump|p2a: Magearna\n|-damage|p2a: Magearna|25/250 par\n|cant|p2a: Magearna|par\n|\n|-heal|p1a: Golduck|177/290|[from] item: Leftovers\n|-heal|p2a: Magearna|40/250 par|[from] item: Leftovers\n|-end|p2a: Magearna|Encore\n|upkeep\n|turn|11\n|\n|t:|1733908332\n|move|p1a: Golduck|Ice Beam|p2a: Magearna\n|-resisted|p2a: Magearna\n|-damage|p2a: Magearna|0 fnt\n|faint|p2a: Magearna\n|\n|-heal|p1a: Golduck|195/290|[from] item: Leftovers\n|upkeep\n|\n|t:|1733908334\n|switch|p2a: Darkrai|Darkrai, L77|234/234\n|turn|12\n|\n|t:|1733908338\n|move|p2a: Darkrai|Substitute|p2a: Darkrai\n|-start|p2a: Darkrai|Substitute\n|-damage|p2a: Darkrai|176/234\n|move|p1a: Golduck|Hydro Pump|p2a: Darkrai\n|-crit|p2a: Darkrai\n|-end|p2a: Darkrai|Substitute\n|\n|-heal|p2a: Darkrai|190/234|[from] item: Leftovers\n|-heal|p1a: Golduck|213/290|[from] item: Leftovers\n|upkeep\n|turn|13\n|\n|t:|1733908342\n|move|p2a: Darkrai|Dark Pulse|p1a: Golduck\n|-damage|p1a: Golduck|113/290\n|move|p1a: Golduck|Ice Beam|p2a: Darkrai\n|-damage|p2a: Darkrai|29/234\n|-status|p2a: Darkrai|frz\n|\n|-heal|p2a: Darkrai|43/234 frz|[from] item: Leftovers\n|-heal|p1a: Golduck|131/290|[from] item: Leftovers\n|upkeep\n|turn|14\n|\n|t:|1733908347\n|-curestatus|p2a: Darkrai|frz|[msg]\n|move|p2a: Darkrai|Dark Pulse|p1a: Golduck\n|-damage|p1a: Golduck|31/290\n|move|p1a: Golduck|Ice Beam|p2a: Darkrai\n|-damage|p2a: Darkrai|0 fnt\n|faint|p2a: Darkrai\n|\n|-heal|p1a: Golduck|49/290|[from] item: Leftovers\n|upkeep\n|\n|t:|1733908352\n|switch|p2a: Reuniclus|Reuniclus, L88, F|337/337\n|turn|15\n|\n|t:|1733908356\n|-terastallize|p1a: Golduck|Water\n|move|p1a: Golduck|Hydro Pump|p2a: Reuniclus\n|-damage|p2a: Reuniclus|9/337\n|move|p2a: Reuniclus|Psychic|p1a: Golduck\n|-damage|p1a: Golduck|0 fnt\n|faint|p1a: Golduck\n|\n|upkeep\n|\n|t:|1733908368\n|switch|p1a: Noctowl|Noctowl, L95, M|344/344\n|turn|16\n|\n|t:|1733908372\n|move|p1a: Noctowl|Hyper Voice|p2a: Reuniclus\n|-damage|p2a: Reuniclus|0 fnt\n|faint|p2a: Reuniclus\n|\n|upkeep\n|\n|t:|1733908383\n|switch|p2a: Piloswine|Piloswine, L85, M|309/309\n|turn|17\n|\n|t:|1733908391\n|move|p1a: Noctowl|Hurricane|p2a: Piloswine|[miss]\n|-miss|p1a: Noctowl|p2a: Piloswine\n|move|p2a: Piloswine|Icicle Crash|p1a: Noctowl\n|-supereffective|p1a: Noctowl\n|-damage|p1a: Noctowl|110/344\n|\n|upkeep\n|turn|18\n|\n|t:|1733908395\n|move|p1a: Noctowl|Hurricane|p2a: Piloswine\n|-damage|p2a: Piloswine|180/309\n|-start|p2a: Piloswine|confusion\n|-activate|p2a: Piloswine|confusion\n|move|p2a: Piloswine|Icicle Crash|p1a: Noctowl\n|-supereffective|p1a: Noctowl\n|-damage|p1a: Noctowl|0 fnt\n|faint|p1a: Noctowl\n|\n|upkeep\n|\n|t:|1733908399\n|switch|p1a: Greedent|Greedent, L86, M|347/347\n|-damage|p1a: Greedent|304/347|[from] Stealth Rock\n|turn|19\n|\n|t:|1733908402\n|move|p1a: Greedent|Knock Off|p2a: Piloswine\n|-damage|p2a: Piloswine|129/309\n|-enditem|p2a: Piloswine|Eviolite|[from] move: Knock Off|[of] p1a: Greedent\n|-end|p2a: Piloswine|confusion\n|move|p2a: Piloswine|Roar|p1a: Greedent\n|drag|p1a: Hydrapple|Hydrapple, L83, M|312/312\n|-damage|p1a: Hydrapple|273/312|[from] Stealth Rock\n|\n|upkeep\n|turn|20\n|\n|t:|1733908408\n|switch|p1a: Greedent|Greedent, L86, M|304/347\n|-damage|p1a: Greedent|261/347|[from] Stealth Rock\n|move|p2a: Piloswine|Icicle Crash|p1a: Greedent\n|-damage|p1a: Greedent|173/347\n|-enditem|p1a: Greedent|Sitrus Berry|[eat]\n|-heal|p1a: Greedent|259/347|[from] item: Sitrus Berry\n|-heal|p1a: Greedent|347/347|[from] ability: Cheek Pouch\n|\n|upkeep\n|turn|21\n|\n|t:|1733908415\n|switch|p2a: Chimecho|Chimecho, L93, M|290/290\n|move|p1a: Greedent|Body Slam|p2a: Chimecho\n|-damage|p2a: Chimecho|193/290\n|\n|-heal|p2a: Chimecho|211/290|[from] item: Leftovers\n|upkeep\n|turn|22\n|\n|t:|1733908420\n|-terastallize|p2a: Chimecho|Fairy\n|move|p2a: Chimecho|Calm Mind|p2a: Chimecho\n|-boost|p2a: Chimecho|spa|1\n|-boost|p2a: Chimecho|spd|1\n|move|p1a: Greedent|Knock Off|p2a: Chimecho\n|-resisted|p2a: Chimecho\n|-damage|p2a: Chimecho|179/290\n|-enditem|p2a: Chimecho|Leftovers|[from] move: Knock Off|[of] p1a: Greedent\n|\n|upkeep\n|turn|23\n|\n|t:|1733908424\n|move|p2a: Chimecho|Calm Mind|p2a: Chimecho\n|-boost|p2a: Chimecho|spa|1\n|-boost|p2a: Chimecho|spd|1\n|move|p1a: Greedent|Swords Dance|p1a: Greedent\n|-boost|p1a: Greedent|atk|2\n|\n|upkeep\n|turn|24\n|\n|t:|1733908433\n|move|p2a: Chimecho|Dazzling Gleam|p1a: Greedent\n|-damage|p1a: Greedent|113/347\n|move|p1a: Greedent|Body Slam|p2a: Chimecho\n|-damage|p2a: Chimecho|0 fnt\n|faint|p2a: Chimecho\n|\n|upkeep\n|\n|t:|1733908436\n|switch|p2a: Piloswine|Piloswine, L85, M|129/309\n|turn|25\n|\n|t:|1733908439\n|move|p2a: Piloswine|Earthquake|p1a: Greedent\n|-damage|p1a: Greedent|10/347\n|move|p1a: Greedent|Body Slam|p2a: Piloswine\n|-damage|p2a: Piloswine|0 fnt\n|faint|p2a: Piloswine\n|\n|win|Js9401\n|raw|Js9401's rating: 1793 &rarr; <strong>1812</strong><br />(+19 for winning)\n|raw|Binliftin's rating: 1767 &rarr; <strong>1748</strong><br />(-19 for losing)\n|l|\u2606Binliftin\n|player|p2|\n", "inputlog": ">version bfd83cad13791eb5a5a409923076391caf6fb4d4\n>start {\"formatid\":\"gen9randombattle\",\"seed\":[9214,15368,39574,64909],\"rated\":\"Rated battle\"}\n>player p1 {\"name\":\"Js9401\",\"avatar\":\"norman\",\"rating\":1793,\"seed\":[25431,41711,14943,51363]}\n>player p2 {\"name\":\"Binliftin\",\"avatar\":\"1\",\"rating\":1767,\"seed\":[33333,48803,26868,44238]}\n>p1 move focusblast\n>p2 move thunderwave\n>p1 move focusblast\n>p2 move stealthrock\n>p1 move focusblast\n>p2 move dracometeor\n>p1 move focusblast\n>p2 move dracometeor\n>p1 switch 2\n>p1 move moonblast\n>p2 move thunderwave\n>p2 switch 6\n>p1 move stunspore\n>p2 move thunderwave\n>p1 move stickyweb\n>p2 move flashcannon\n>chat \u2606Binliftin|L\n>p1 switch 6\n>p1 move encore\n>p2 move thunderwave\n>p1 move nastyplot\n>p2 move flashcannon\n>p1 move hydropump\n>p2 move flashcannon\n>p1 move icebeam\n>p2 move thunderwave\n>p2 switch 4\n>p1 move hydropump\n>p2 move substitute\n>p1 move icebeam\n>p2 move darkpulse\n>p1 move icebeam\n>p2 move darkpulse\n>p2 switch 2\n>p1 move hydropump terastallize\n>p2 move psychic\n>p1 switch 4\n>p1 move hypervoice\n>p2 move recover\n>p2 switch 3\n>p1 move hurricane\n>p2 move iciclecrash\n>p1 move hurricane\n>p2 move iciclecrash\n>p1 switch 3\n>p1 move knockoff\n>p2 move roar\n>p1 switch 5\n>p2 move iciclecrash\n>p1 move bodyslam\n>p2 switch 5\n>p1 move knockoff\n>p2 move calmmind terastallize\n>p1 move swordsdance\n>p2 move calmmind\n>p1 move bodyslam\n>p2 move dazzlinggleam\n>p2 switch 5\n>p1 move bodyslam\n>p2 move earthquake", "uploadtime": 1733908451, "views": 19, "formatid": "gen9randombattle", "rating": 1748, "private": 0, "password": null}