{"id": "gen9randombattle-2260449354", "format": "[Gen 9] Random Battle", "players": ["huyishuy", "JeromeSimpson"], "log": "|j|\u2606huyishuy\n|j|\u2606JeromeSimpson\n|t:|1733852696\n|gametype|singles\n|player|p1|huyishuy|swimmerf-gen4dp|1438\n|player|p2|JeromeSimpson|170|1418\n|teamsize|p1|6\n|teamsize|p2|6\n|gen|9\n|tier|[Gen 9] Random Battle\n|rated|\n|rule|Species Clause: Limit one of each Pok\u00e9mon\n|rule|HP Percentage Mod: HP is shown in percentages\n|rule|Sleep Clause Mod: Limit one foe put to sleep\n|rule|Illusion Level Mod: Illusion disguises the Pok\u00e9mon's true level\n|\n|t:|1733852696\n|start\n|switch|p1a: Keldeo|Keldeo-Resolute, L79|273/273\n|switch|p2a: Indeedee|Indeedee-F, L90, F|272/272\n|-fieldstart|move: Psychic Terrain|[from] ability: Psychic Surge|[of] p2a: Indeedee\n|turn|1\n|inactive|Battle timer is ON: inactive players will automatically lose when time's up. (requested by huyishuy)\n|\n|t:|1733852715\n|-terastallize|p1a: Keldeo|Steel\n|move|p2a: Indeedee|Psychic|p1a: Keldeo\n|-resisted|p1a: Keldeo\n|-damage|p1a: Keldeo|203/273\n|move|p1a: Keldeo|Substitute|p1a: Keldeo\n|-start|p1a: Keldeo|Substitute\n|-damage|p1a: Keldeo|135/273\n|\n|-heal|p1a: Keldeo|152/273|[from] item: Leftovers\n|upkeep\n|turn|2\n|inactive|JeromeSimpson has 120 seconds left.\n|\n|t:|1733852755\n|switch|p2a: Jumpluff|Jumpluff, L87, F|271/271\n|move|p1a: Keldeo|Calm Mind|p1a: Keldeo\n|-boost|p1a: Keldeo|spa|1\n|-boost|p1a: Keldeo|spd|1\n|\n|-heal|p1a: Keldeo|169/273|[from] item: Leftovers\n|upkeep\n|turn|3\n|inactive|JeromeSimpson has 120 seconds left.\n|c|\u2606JeromeSimpson|what a good fucking teratype for that to be damn\n|\n|t:|1733852767\n|move|p2a: Jumpluff|Acrobatics|p1a: Keldeo\n|-resisted|p1a: Keldeo\n|-damage|p1a: Keldeo|124/273\n|move|p1a: Keldeo|Calm Mind|p1a: Keldeo\n|-boost|p1a: Keldeo|spa|1\n|-boost|p1a: Keldeo|spd|1\n|\n|-heal|p1a: Keldeo|141/273|[from] item: Leftovers\n|upkeep\n|turn|4\n|inactive|JeromeSimpson has 120 seconds left.\n|\n|t:|1733852788\n|move|p2a: Jumpluff|Substitute|p2a: Jumpluff\n|-start|p2a: Jumpluff|Substitute\n|-damage|p2a: Jumpluff|204/271\n|move|p1a: Keldeo|Hydro Pump|p2a: Jumpluff|[miss]\n|-miss|p1a: Keldeo|p2a: Jumpluff\n|\n|-heal|p1a: Keldeo|158/273|[from] item: Leftovers\n|upkeep\n|turn|5\n|inactive|JeromeSimpson has 120 seconds left.\n|\n|t:|1733852799\n|move|p2a: Jumpluff|Leech Seed|p1a: Keldeo\n|-start|p1a: Keldeo|move: Leech Seed\n|move|p1a: Keldeo|Secret Sword|p2a: Jumpluff\n|-resisted|p2a: Jumpluff\n|-end|p2a: Jumpluff|Substitute\n|\n|-heal|p1a: Keldeo|175/273|[from] item: Leftovers\n|-damage|p1a: Keldeo|141/273|[from] Leech Seed|[of] p2a: Jumpluff\n|-heal|p2a: Jumpluff|238/271|[silent]\n|-fieldend|move: Psychic Terrain\n|upkeep\n|turn|6\n|\n|t:|1733852812\n|move|p2a: Jumpluff|Substitute|p2a: Jumpluff\n|-start|p2a: Jumpluff|Substitute\n|-damage|p2a: Jumpluff|171/271\n|move|p1a: Keldeo|Secret Sword|p2a: Jumpluff\n|-resisted|p2a: Jumpluff\n|-end|p2a: Jumpluff|Substitute\n|\n|-heal|p1a: Keldeo|158/273|[from] item: Leftovers\n|-damage|p1a: Keldeo|124/273|[from] Leech Seed|[of] p2a: Jumpluff\n|-heal|p2a: Jumpluff|205/271|[silent]\n|upkeep\n|turn|7\n|inactive|JeromeSimpson has 120 seconds left.\n|\n|t:|1733852828\n|switch|p1a: Iron Bundle|Iron Bundle, L77|213/213\n|move|p2a: Jumpluff|Substitute|p2a: Jumpluff\n|-start|p2a: Jumpluff|Substitute\n|-damage|p2a: Jumpluff|138/271\n|\n|upkeep\n|turn|8\n|\n|t:|1733852842\n|move|p1a: Iron Bundle|Ice Beam|p2a: Jumpluff\n|-supereffective|p2a: Jumpluff\n|-end|p2a: Jumpluff|Substitute\n|move|p2a: Jumpluff|Leech Seed|p1a: Iron Bundle\n|-start|p1a: Iron Bundle|move: Leech Seed\n|\n|-damage|p1a: Iron Bundle|187/213|[from] Leech Seed|[of] p2a: Jumpluff\n|-heal|p2a: Jumpluff|164/271|[silent]\n|upkeep\n|turn|9\n|inactive|JeromeSimpson has 120 seconds left.\n|\n|t:|1733852866\n|-end|p1a: Iron Bundle|Quark Drive|[silent]\n|switch|p1a: Mandibuzz|Mandibuzz, L85, F|326/326\n|switch|p2a: Magearna|Magearna-Original, L77|250/250\n|\n|upkeep\n|turn|10\n|inactive|JeromeSimpson has 120 seconds left.\n|\n|t:|1733852880\n|move|p1a: Mandibuzz|U-turn|p2a: Magearna\n|-resisted|p2a: Magearna\n|-damage|p2a: Magearna|241/250\n|\n|t:|1733852892\n|switch|p1a: Vigoroth|Vigoroth, L85, F|275/275|[from] U-turn\n|move|p2a: Magearna|Fleur Cannon|p1a: Vigoroth\n|-damage|p1a: Vigoroth|152/275\n|-unboost|p2a: Magearna|spa|2\n|\n|-heal|p2a: Magearna|250/250|[from] item: Leftovers\n|upkeep\n|turn|11\n|inactive|JeromeSimpson has 120 seconds left.\n|\n|t:|1733852904\n|switch|p2a: Chandelure|Chandelure, L83, M|235/235\n|move|p1a: Vigoroth|Slack Off|p1a: Vigoroth\n|-heal|p1a: Vigoroth|275/275\n|\n|upkeep\n|turn|12\n|\n|t:|1733852913\n|move|p1a: Vigoroth|Bulk Up|p1a: Vigoroth\n|-boost|p1a: Vigoroth|atk|1\n|-boost|p1a: Vigoroth|def|1\n|move|p2a: Chandelure|Will-O-Wisp|p1a: Vigoroth\n|-status|p1a: Vigoroth|brn\n|\n|-damage|p1a: Vigoroth|258/275 brn|[from] brn\n|upkeep\n|turn|13\n|\n|t:|1733852925\n|move|p1a: Vigoroth|Bulk Up|p1a: Vigoroth\n|-boost|p1a: Vigoroth|atk|1\n|-boost|p1a: Vigoroth|def|1\n|move|p2a: Chandelure|Calm Mind|p2a: Chandelure\n|-boost|p2a: Chandelure|spa|1\n|-boost|p2a: Chandelure|spd|1\n|\n|-damage|p1a: Vigoroth|241/275 brn|[from] brn\n|upkeep\n|turn|14\n|\n|t:|1733852935\n|move|p1a: Vigoroth|Earthquake|p2a: Chandelure\n|-supereffective|p2a: Chandelure\n|-damage|p2a: Chandelure|118/235\n|move|p2a: Chandelure|Calm Mind|p2a: Chandelure\n|-boost|p2a: Chandelure|spa|1\n|-boost|p2a: Chandelure|spd|1\n|\n|-damage|p1a: Vigoroth|224/275 brn|[from] brn\n|upkeep\n|turn|15\n|\n|t:|1733852946\n|move|p1a: Vigoroth|Earthquake|p2a: Chandelure\n|-supereffective|p2a: Chandelure\n|-damage|p2a: Chandelure|0 fnt\n|faint|p2a: Chandelure\n|\n|-damage|p1a: Vigoroth|207/275 brn|[from] brn\n|upkeep\n|c|\u2606JeromeSimpson|wtf\n|\n|t:|1733852957\n|switch|p2a: Regigigas|Regigigas, L84|322/322\n|-start|p2a: Regigigas|ability: Slow Start\n|turn|16\n|\n|t:|1733852967\n|move|p1a: Vigoroth|Bulk Up|p1a: Vigoroth\n|-boost|p1a: Vigoroth|atk|1\n|-boost|p1a: Vigoroth|def|1\n|move|p2a: Regigigas|Knock Off|p1a: Vigoroth\n|-damage|p1a: Vigoroth|192/275 brn\n|-enditem|p1a: Vigoroth|Eviolite|[from] move: Knock Off|[of] p2a: Regigigas\n|\n|-damage|p1a: Vigoroth|175/275 brn|[from] brn\n|upkeep\n|turn|17\n|\n|t:|1733852977\n|move|p1a: Vigoroth|Body Slam|p2a: Regigigas\n|-damage|p2a: Regigigas|241/322\n|-status|p2a: Regigigas|par\n|move|p2a: Regigigas|Body Slam|p1a: Vigoroth\n|-damage|p1a: Vigoroth|145/275 brn\n|\n|-heal|p2a: Regigigas|261/322 par|[from] item: Leftovers\n|-damage|p1a: Vigoroth|128/275 brn|[from] brn\n|upkeep\n|turn|18\n|\n|t:|1733852992\n|move|p1a: Vigoroth|Bulk Up|p1a: Vigoroth\n|-boost|p1a: Vigoroth|atk|1\n|-boost|p1a: Vigoroth|def|1\n|move|p2a: Regigigas|Body Slam|p1a: Vigoroth\n|-damage|p1a: Vigoroth|103/275 brn\n|\n|-heal|p2a: Regigigas|281/322 par|[from] item: Leftovers\n|-damage|p1a: Vigoroth|86/275 brn|[from] brn\n|upkeep\n|turn|19\n|\n|t:|1733853003\n|move|p1a: Vigoroth|Body Slam|p2a: Regigigas\n|-damage|p2a: Regigigas|188/322 par\n|move|p2a: Regigigas|Rest|p2a: Regigigas\n|-status|p2a: Regigigas|slp|[from] move: Rest\n|-heal|p2a: Regigigas|322/322 slp|[silent]\n|\n|-damage|p1a: Vigoroth|69/275 brn|[from] brn\n|upkeep\n|turn|20\n|\n|t:|1733853013\n|move|p1a: Vigoroth|Body Slam|p2a: Regigigas\n|-damage|p2a: Regigigas|223/322 slp\n|cant|p2a: Regigigas|slp\n|move|p2a: Regigigas|Sleep Talk|p2a: Regigigas\n|move|p2a: Regigigas|Rest||[from]move: Sleep Talk|[still]\n|-fail|p2a: Regigigas\n|\n|-heal|p2a: Regigigas|243/322 slp|[from] item: Leftovers\n|-damage|p1a: Vigoroth|52/275 brn|[from] brn\n|-end|p2a: Regigigas|Slow Start\n|upkeep\n|turn|21\n|\n|t:|1733853027\n|cant|p2a: Regigigas|slp\n|move|p2a: Regigigas|Sleep Talk|p2a: Regigigas\n|move|p2a: Regigigas|Knock Off|p1a: Vigoroth|[from]move: Sleep Talk\n|-damage|p1a: Vigoroth|27/275 brn\n|move|p1a: Vigoroth|Body Slam|p2a: Regigigas\n|-damage|p2a: Regigigas|142/322 slp\n|\n|-heal|p2a: Regigigas|162/322 slp|[from] item: Leftovers\n|-damage|p1a: Vigoroth|10/275 brn|[from] brn\n|upkeep\n|turn|22\n|\n|t:|1733853041\n|-curestatus|p2a: Regigigas|slp|[msg]\n|move|p2a: Regigigas|Rest|p2a: Regigigas\n|-status|p2a: Regigigas|slp|[from] move: Rest\n|-heal|p2a: Regigigas|322/322 slp|[silent]\n|move|p1a: Vigoroth|Body Slam|p2a: Regigigas\n|-damage|p2a: Regigigas|226/322 slp\n|\n|-heal|p2a: Regigigas|246/322 slp|[from] item: Leftovers\n|-damage|p1a: Vigoroth|0 fnt|[from] brn\n|faint|p1a: Vigoroth\n|upkeep\n|\n|t:|1733853065\n|switch|p1a: Keldeo|Keldeo-Resolute, L79, tera:Steel|124/273\n|turn|23\n|\n|t:|1733853094\n|-end|p2a: Regigigas|Slow Start|[silent]\n|switch|p2a: Magearna|Magearna-Original, L77|250/250\n|move|p1a: Keldeo|Secret Sword|p2a: Magearna\n|-damage|p2a: Magearna|169/250\n|\n|-heal|p1a: Keldeo|141/273|[from] item: Leftovers\n|-heal|p2a: Magearna|184/250|[from] item: Leftovers\n|upkeep\n|turn|24\n|inactive|JeromeSimpson has 120 seconds left.\n|inactive|huyishuy has 120 seconds left.\n|\n|t:|1733853121\n|move|p1a: Keldeo|Calm Mind|p1a: Keldeo\n|-boost|p1a: Keldeo|spa|1\n|-boost|p1a: Keldeo|spd|1\n|move|p2a: Magearna|Fleur Cannon|p1a: Keldeo\n|-resisted|p1a: Keldeo\n|-damage|p1a: Keldeo|88/273\n|-unboost|p2a: Magearna|spa|2\n|\n|-heal|p1a: Keldeo|105/273|[from] item: Leftovers\n|-heal|p2a: Magearna|199/250|[from] item: Leftovers\n|upkeep\n|turn|25\n|inactive|huyishuy has 120 seconds left.\n|inactive|JeromeSimpson has 120 seconds left.\n|\n|t:|1733853140\n|switch|p2a: Probopass|Probopass, L92, F|260/260\n|move|p1a: Keldeo|Secret Sword|p2a: Probopass\n|-supereffective|p2a: Probopass\n|-damage|p2a: Probopass|0 fnt\n|faint|p2a: Probopass\n|\n|-heal|p1a: Keldeo|122/273|[from] item: Leftovers\n|upkeep\n|\n|t:|1733853151\n|switch|p2a: Jumpluff|Jumpluff, L87, F|164/271\n|turn|26\n|inactive|huyishuy has 120 seconds left.\n|\n|t:|1733853156\n|move|p2a: Jumpluff|Substitute|p2a: Jumpluff\n|-start|p2a: Jumpluff|Substitute\n|-damage|p2a: Jumpluff|97/271\n|move|p1a: Keldeo|Secret Sword|p2a: Jumpluff\n|-resisted|p2a: Jumpluff\n|-end|p2a: Jumpluff|Substitute\n|\n|-heal|p1a: Keldeo|139/273|[from] item: Leftovers\n|upkeep\n|turn|27\n|inactive|huyishuy has 120 seconds left.\n|inactive|JeromeSimpson has 120 seconds left.\n|\n|t:|1733853169\n|move|p2a: Jumpluff|Strength Sap|p1a: Keldeo\n|-unboost|p1a: Keldeo|atk|1\n|-heal|p2a: Jumpluff|215/271\n|move|p1a: Keldeo|Secret Sword|p2a: Jumpluff\n|-resisted|p2a: Jumpluff\n|-damage|p2a: Jumpluff|134/271\n|\n|-heal|p1a: Keldeo|156/273|[from] item: Leftovers\n|upkeep\n|turn|28\n|inactive|huyishuy has 120 seconds left.\n|\n|t:|1733853180\n|move|p2a: Jumpluff|Leech Seed|p1a: Keldeo\n|-start|p1a: Keldeo|move: Leech Seed\n|move|p1a: Keldeo|Secret Sword|p2a: Jumpluff\n|-resisted|p2a: Jumpluff\n|-damage|p2a: Jumpluff|51/271\n|\n|-heal|p1a: Keldeo|173/273|[from] item: Leftovers\n|-damage|p1a: Keldeo|139/273|[from] Leech Seed|[of] p2a: Jumpluff\n|-heal|p2a: Jumpluff|85/271|[silent]\n|upkeep\n|turn|29\n|inactive|huyishuy has 120 seconds left.\n|\n|t:|1733853191\n|switch|p1a: Mandibuzz|Mandibuzz, L85, F|326/326\n|move|p2a: Jumpluff|Strength Sap|p1a: Mandibuzz\n|-unboost|p1a: Mandibuzz|atk|1\n|-heal|p2a: Jumpluff|244/271\n|\n|upkeep\n|turn|30\n|\n|t:|1733853203\n|switch|p2a: Magearna|Magearna-Original, L77|199/250\n|move|p1a: Mandibuzz|U-turn|p2a: Magearna\n|-resisted|p2a: Magearna\n|-damage|p2a: Magearna|193/250\n|inactive|huyishuy has 120 seconds left.\n|\n|t:|1733853217\n|switch|p1a: Keldeo|Keldeo-Resolute, L79, tera:Steel|139/273|[from] U-turn\n|\n|-heal|p1a: Keldeo|156/273|[from] item: Leftovers\n|-heal|p2a: Magearna|208/250|[from] item: Leftovers\n|upkeep\n|turn|31\n|\n|t:|1733853225\n|switch|p2a: Jumpluff|Jumpluff, L87, F|244/271\n|move|p1a: Keldeo|Calm Mind|p1a: Keldeo\n|-boost|p1a: Keldeo|spa|1\n|-boost|p1a: Keldeo|spd|1\n|\n|-heal|p1a: Keldeo|173/273|[from] item: Leftovers\n|upkeep\n|turn|32\n|inactive|huyishuy has 120 seconds left.\n|\n|t:|1733853241\n|switch|p1a: Slowbro|Slowbro-Galar, L87, F|307/307\n|move|p2a: Jumpluff|Leech Seed|p1a: Slowbro\n|-start|p1a: Slowbro|move: Leech Seed\n|\n|-damage|p1a: Slowbro|269/307|[from] Leech Seed|[of] p2a: Jumpluff\n|-heal|p2a: Jumpluff|271/271|[silent]\n|upkeep\n|turn|33\n|inactive|huyishuy has 120 seconds left.\n|\n|t:|1733853256\n|switch|p1a: Mandibuzz|Mandibuzz, L85, F|326/326\n|move|p2a: Jumpluff|Substitute|p2a: Jumpluff\n|-start|p2a: Jumpluff|Substitute\n|-damage|p2a: Jumpluff|204/271\n|\n|upkeep\n|turn|34\n|\n|t:|1733853265\n|move|p2a: Jumpluff|Leech Seed|p1a: Mandibuzz\n|-start|p1a: Mandibuzz|move: Leech Seed\n|move|p1a: Mandibuzz|U-turn|p2a: Jumpluff\n|-activate|p2a: Jumpluff|move: Substitute|[damage]\n|inactive|huyishuy has 120 seconds left.\n|\n|t:|1733853276\n|switch|p1a: Flutter Mane|Flutter Mane, L74|203/203|[from] U-turn\n|\n|upkeep\n|turn|35\n|c|\u2606JeromeSimpson|bro is the switching sergeant\n|\n|t:|1733853281\n|move|p1a: Flutter Mane|Mystical Fire|p2a: Jumpluff\n|-supereffective|p2a: Jumpluff\n|-end|p2a: Jumpluff|Substitute\n|move|p2a: Jumpluff|Leech Seed|p1a: Flutter Mane\n|-start|p1a: Flutter Mane|move: Leech Seed\n|\n|-damage|p1a: Flutter Mane|178/203|[from] Leech Seed|[of] p2a: Jumpluff\n|-heal|p2a: Jumpluff|229/271|[silent]\n|upkeep\n|turn|36\n|\n|t:|1733853293\n|switch|p2a: Indeedee|Indeedee-F, L90, F|272/272\n|-fieldstart|move: Psychic Terrain|[from] ability: Psychic Surge|[of] p2a: Indeedee\n|move|p1a: Flutter Mane|Mystical Fire|p2a: Indeedee\n|-crit|p2a: Indeedee\n|-damage|p2a: Indeedee|173/272\n|-unboost|p2a: Indeedee|spa|1\n|\n|-damage|p1a: Flutter Mane|153/203|[from] Leech Seed|[of] p2a: Indeedee\n|-heal|p2a: Indeedee|198/272|[silent]\n|upkeep\n|turn|37\n|\n|t:|1733853309\n|-end|p1a: Flutter Mane|Protosynthesis|[silent]\n|switch|p1a: Mandibuzz|Mandibuzz, L85, F|326/326\n|move|p2a: Indeedee|Dazzling Gleam|p1a: Mandibuzz\n|-supereffective|p1a: Mandibuzz\n|-damage|p1a: Mandibuzz|244/326\n|\n|upkeep\n|turn|38\n|\n|t:|1733853319\n|switch|p2a: Magearna|Magearna-Original, L77|208/250\n|move|p1a: Mandibuzz|U-turn|p2a: Magearna\n|-resisted|p2a: Magearna\n|-damage|p2a: Magearna|199/250\n|\n|t:|1733853329\n|switch|p1a: Flutter Mane|Flutter Mane, L74|153/203|[from] U-turn\n|\n|-heal|p2a: Magearna|214/250|[from] item: Leftovers\n|upkeep\n|turn|39\n|\n|t:|1733853342\n|move|p1a: Flutter Mane|Mystical Fire|p2a: Magearna\n|-supereffective|p2a: Magearna\n|-damage|p2a: Magearna|70/250\n|-unboost|p2a: Magearna|spa|1\n|move|p2a: Magearna|Fleur Cannon|p1a: Flutter Mane\n|-damage|p1a: Flutter Mane|77/203\n|-unboost|p2a: Magearna|spa|2\n|\n|-heal|p2a: Magearna|85/250|[from] item: Leftovers\n|upkeep\n|turn|40\n|c|\u2606JeromeSimpson|jesus fucking christ you're a pain in the fucking ass lol\n|\n|t:|1733853356\n|switch|p2a: Indeedee|Indeedee-F, L90, F|198/272\n|move|p1a: Flutter Mane|Mystical Fire|p2a: Indeedee\n|-damage|p2a: Indeedee|134/272\n|-unboost|p2a: Indeedee|spa|1\n|\n|-fieldend|move: Psychic Terrain\n|upkeep\n|turn|41\n|c|\u2606JeromeSimpson|this might be the most annoying gameplay ive ever faced\n|inactive|huyishuy has 120 seconds left.\n|\n|t:|1733853372\n|-end|p1a: Flutter Mane|Protosynthesis|[silent]\n|switch|p1a: Mandibuzz|Mandibuzz, L85, F|244/326\n|move|p2a: Indeedee|Psychic|p1a: Mandibuzz\n|-immune|p1a: Mandibuzz\n|\n|upkeep\n|turn|42\n|\n|t:|1733853380\n|switch|p2a: Regigigas|Regigigas, L84|246/322 slp\n|-start|p2a: Regigigas|ability: Slow Start\n|move|p1a: Mandibuzz|U-turn|p2a: Regigigas\n|-damage|p2a: Regigigas|214/322 slp\n|inactive|huyishuy has 120 seconds left.\n|\n|t:|1733853396\n|switch|p1a: Keldeo|Keldeo-Resolute, L79, tera:Steel|173/273|[from] U-turn\n|\n|-heal|p1a: Keldeo|190/273|[from] item: Leftovers\n|-heal|p2a: Regigigas|234/322 slp|[from] item: Leftovers\n|upkeep\n|turn|43\n|inactive|huyishuy has 120 seconds left.\n|\n|t:|1733853407\n|move|p1a: Keldeo|Secret Sword|p2a: Regigigas\n|-supereffective|p2a: Regigigas\n|-damage|p2a: Regigigas|72/322 slp\n|cant|p2a: Regigigas|slp\n|move|p2a: Regigigas|Sleep Talk|p2a: Regigigas\n|move|p2a: Regigigas|Rest||[from]move: Sleep Talk|[still]\n|-fail|p2a: Regigigas\n|\n|-heal|p1a: Keldeo|207/273|[from] item: Leftovers\n|-heal|p2a: Regigigas|92/322 slp|[from] item: Leftovers\n|upkeep\n|turn|44\n|inactive|huyishuy has 120 seconds left.\n|\n|t:|1733853421\n|switch|p1a: Mandibuzz|Mandibuzz, L85, F|244/326\n|-terastallize|p2a: Regigigas|Ghost\n|cant|p2a: Regigigas|slp\n|move|p2a: Regigigas|Sleep Talk|p2a: Regigigas\n|move|p2a: Regigigas|Knock Off|p1a: Mandibuzz|[from]move: Sleep Talk\n|-resisted|p1a: Mandibuzz\n|-damage|p1a: Mandibuzz|223/326\n|-enditem|p1a: Mandibuzz|Heavy-Duty Boots|[from] move: Knock Off|[of] p2a: Regigigas\n|\n|-heal|p2a: Regigigas|112/322 slp|[from] item: Leftovers\n|upkeep\n|turn|45\n|inactive|huyishuy has 120 seconds left.\n|\n|t:|1733853435\n|move|p1a: Mandibuzz|Foul Play|p2a: Regigigas\n|-supereffective|p2a: Regigigas\n|-damage|p2a: Regigigas|0 fnt\n|faint|p2a: Regigigas\n|-end|p2a: Regigigas|Slow Start|[silent]\n|\n|upkeep\n|\n|t:|1733853441\n|switch|p2a: Jumpluff|Jumpluff, L87, F|229/271\n|turn|46\n|\n|t:|1733853446\n|move|p2a: Jumpluff|Substitute|p2a: Jumpluff\n|-start|p2a: Jumpluff|Substitute\n|-damage|p2a: Jumpluff|162/271\n|move|p1a: Mandibuzz|Foul Play|p2a: Jumpluff\n|-end|p2a: Jumpluff|Substitute\n|\n|upkeep\n|turn|47\n|\n|t:|1733853453\n|move|p2a: Jumpluff|Leech Seed|p1a: Mandibuzz\n|-start|p1a: Mandibuzz|move: Leech Seed\n|move|p1a: Mandibuzz|Foul Play|p2a: Jumpluff\n|-damage|p2a: Jumpluff|78/271\n|\n|-damage|p1a: Mandibuzz|183/326|[from] Leech Seed|[of] p2a: Jumpluff\n|-heal|p2a: Jumpluff|118/271|[silent]\n|upkeep\n|turn|48\n|\n|t:|1733853465\n|move|p2a: Jumpluff|Substitute|p2a: Jumpluff\n|-start|p2a: Jumpluff|Substitute\n|-damage|p2a: Jumpluff|51/271\n|move|p1a: Mandibuzz|Foul Play|p2a: Jumpluff\n|-crit|p2a: Jumpluff\n|-end|p2a: Jumpluff|Substitute\n|\n|-damage|p1a: Mandibuzz|143/326|[from] Leech Seed|[of] p2a: Jumpluff\n|-heal|p2a: Jumpluff|91/271|[silent]\n|upkeep\n|turn|49\n|\n|t:|1733853475\n|move|p2a: Jumpluff|Strength Sap|p1a: Mandibuzz\n|-unboost|p1a: Mandibuzz|atk|1\n|-heal|p2a: Jumpluff|250/271\n|move|p1a: Mandibuzz|Foul Play|p2a: Jumpluff\n|-damage|p2a: Jumpluff|174/271\n|\n|-damage|p1a: Mandibuzz|103/326|[from] Leech Seed|[of] p2a: Jumpluff\n|-heal|p2a: Jumpluff|214/271|[silent]\n|upkeep\n|turn|50\n|\n|t:|1733853485\n|move|p2a: Jumpluff|Acrobatics|p1a: Mandibuzz\n|-damage|p1a: Mandibuzz|37/326\n|move|p1a: Mandibuzz|Foul Play|p2a: Jumpluff\n|-damage|p2a: Jumpluff|127/271\n|\n|-damage|p1a: Mandibuzz|0 fnt|[from] Leech Seed|[of] p2a: Jumpluff\n|-heal|p2a: Jumpluff|164/271|[silent]\n|faint|p1a: Mandibuzz\n|upkeep\n|\n|t:|1733853502\n|switch|p1a: Flutter Mane|Flutter Mane, L74|77/203\n|turn|51\n|\n|t:|1733853515\n|move|p1a: Flutter Mane|Mystical Fire|p2a: Jumpluff\n|-supereffective|p2a: Jumpluff\n|-damage|p2a: Jumpluff|16/271\n|-unboost|p2a: Jumpluff|spa|1\n|move|p2a: Jumpluff|Substitute|p2a: Jumpluff\n|-fail|p2a: Jumpluff|move: Substitute|[weak]\n|\n|upkeep\n|turn|52\n|-message|JeromeSimpson forfeited.\n|\n|win|huyishuy\n", "inputlog": ">version bfd83cad13791eb5a5a409923076391caf6fb4d4\n>start {\"formatid\":\"gen9randombattle\",\"seed\":[46422,16532,53175,15120],\"rated\":\"Rated battle\"}\n>player p1 {\"name\":\"huyishuy\",\"avatar\":\"swimmerf-gen4dp\",\"rating\":1438,\"seed\":[37179,24501,51507,63819]}\n>player p2 {\"name\":\"JeromeSimpson\",\"avatar\":\"170\",\"rating\":1418,\"seed\":[6281,38086,32202,6547]}\n>p1 move substitute terastallize\n>p2 move psychic\n>p1 move calmmind\n>p2 switch 5\n>chat \u2606JeromeSimpson|what a good fucking teratype for that to be damn\n>p1 move calmmind\n>p2 move acrobatics\n>p1 move hydropump\n>p2 move substitute\n>p1 move secretsword\n>p2 move leechseed\n>p1 move secretsword\n>p2 move substitute\n>p1 switch 2\n>p2 move substitute\n>p1 move icebeam\n>p2 move leechseed\n>p1 switch 3\n>p2 switch 6\n>p1 move uturn\n>p2 move fleurcannon\n>p1 switch 4\n>p1 move slackoff\n>p2 switch 4\n>p1 move bulkup\n>p2 move willowisp\n>p1 move bulkup\n>p2 move calmmind\n>p1 move earthquake\n>p2 move calmmind\n>p1 move earthquake\n>p2 move fireblast\n>chat \u2606JeromeSimpson|wtf\n>p2 switch 3\n>p1 move bulkup\n>p2 move knockoff\n>p1 move bodyslam\n>p2 move bodyslam\n>p1 move bulkup\n>p2 move bodyslam\n>p1 move bodyslam\n>p2 move rest\n>p1 move bodyslam\n>p2 move sleeptalk\n>p1 move bodyslam\n>p2 move sleeptalk\n>p1 move bodyslam\n>p2 move rest\n>p1 switch 2\n>p1 move secretsword\n>p2 switch 4\n>p1 move calmmind\n>p2 move fleurcannon\n>p1 move secretsword\n>p2 switch 2\n>p2 switch 6\n>p1 move secretsword\n>p2 move substitute\n>p1 move secretsword\n>p2 move strengthsap\n>p1 move secretsword\n>p2 move leechseed\n>p1 switch 4\n>p2 move strengthsap\n>p1 move uturn\n>p2 switch 2\n>p1 switch 4\n>p1 move calmmind\n>p2 switch 2\n>p1 switch 5\n>p2 move leechseed\n>p1 switch 4\n>p2 move substitute\n>p1 move uturn\n>p2 move leechseed\n>p1 switch 6\n>chat \u2606JeromeSimpson|bro is the switching sergeant \n>p1 move mysticalfire\n>p2 move leechseed\n>p1 move mysticalfire\n>p2 switch 5\n>p1 switch 6\n>p2 move dazzlinggleam\n>p1 move uturn\n>p2 switch 2\n>p1 switch 6\n>p1 move mysticalfire\n>p2 move fleurcannon\n>chat \u2606JeromeSimpson|jesus fucking christ you're a pain in the fucking ass lol\n>p1 move mysticalfire\n>p2 switch 2\n>chat \u2606JeromeSimpson|this might be the most annoying gameplay ive ever faced\n>p1 switch 6\n>p2 move psychic\n>p1 move uturn\n>p2 switch 4\n>p1 switch 5\n>p1 move secretsword\n>p2 move sleeptalk\n>p1 switch 5\n>p2 move sleeptalk terastallize\n>p1 move foulplay\n>p2 move rest\n>p2 switch 5\n>p1 move foulplay\n>p2 move substitute\n>p1 move foulplay\n>p2 move leechseed\n>p1 move foulplay\n>p2 move substitute\n>p1 move foulplay\n>p2 move strengthsap\n>p1 move foulplay\n>p2 move acrobatics\n>p1 switch 6\n>p1 move mysticalfire\n>p2 move substitute\n>forcelose p2", "uploadtime": 1733853346, "views": 1, "formatid": "gen9randombattle", "rating": null, "private": 0, "password": null}