{"id": "gen9randombattle-2260396244", "format": "[Gen 9] Random Battle", "players": ["ct minh", "dedededje"], "log": "|j|\u2606ct minh\n|j|\u2606dedededje\n|t:|1733847526\n|gametype|singles\n|player|p1|ct minh|169|1302\n|player|p2|dedededje|169|1261\n|teamsize|p1|6\n|teamsize|p2|6\n|gen|9\n|tier|[Gen 9] Random Battle\n|rated|\n|rule|Species Clause: Limit one of each Pok\u00e9mon\n|rule|HP Percentage Mod: HP is shown in percentages\n|rule|Sleep Clause Mod: Limit one foe put to sleep\n|rule|Illusion Level Mod: Illusion disguises the Pok\u00e9mon's true level\n|\n|t:|1733847526\n|start\n|switch|p1a: Crabominable|Crabominable, L90, M|321/321\n|switch|p2a: Annihilape|Annihilape, L76, F|292/292\n|turn|1\n|inactive|Battle timer is ON: inactive players will automatically lose when time's up. (requested by ct minh)\n|\n|t:|1733847544\n|move|p2a: Annihilape|Bulk Up|p2a: Annihilape\n|-boost|p2a: Annihilape|atk|1\n|-boost|p2a: Annihilape|def|1\n|move|p1a: Crabominable|Knock Off|p2a: Annihilape\n|-crit|p2a: Annihilape\n|-damage|p2a: Annihilape|117/292\n|-enditem|p2a: Annihilape|Leftovers|[from] move: Knock Off|[of] p1a: Crabominable\n|\n|upkeep\n|turn|2\n|inactive|dedededje has 120 seconds left.\n|\n|t:|1733847578\n|switch|p1a: Raikou|Raikou, L81|278/278\n|-ability|p1a: Raikou|Pressure\n|move|p2a: Annihilape|Drain Punch|p1a: Raikou\n|-damage|p1a: Raikou|146/278\n|-heal|p2a: Annihilape|183/292|[from] drain|[of] p1a: Raikou\n|\n|upkeep\n|turn|3\n|c|\u2606dedededje|bruh\n|\n|t:|1733847590\n|move|p1a: Raikou|Thunderbolt|p2a: Annihilape\n|-damage|p2a: Annihilape|18/292\n|move|p2a: Annihilape|Drain Punch|p1a: Raikou\n|-damage|p1a: Raikou|10/278\n|-heal|p2a: Annihilape|86/292|[from] drain|[of] p1a: Raikou\n|\n|upkeep\n|turn|4\n|\n|t:|1733847609\n|switch|p2a: Mew|Mew, L82|298/298\n|move|p1a: Raikou|Thunderbolt|p2a: Mew\n|-damage|p2a: Mew|144/298\n|\n|-heal|p2a: Mew|162/298|[from] item: Leftovers\n|upkeep\n|turn|5\n|\n|t:|1733847621\n|move|p1a: Raikou|Thunderbolt|p2a: Mew\n|-damage|p2a: Mew|32/298\n|move|p2a: Mew|Toxic Spikes|p1a: Raikou\n|-sidestart|p1: ct minh|move: Toxic Spikes\n|\n|-heal|p2a: Mew|50/298|[from] item: Leftovers\n|upkeep\n|turn|6\n|\n|t:|1733847632\n|move|p1a: Raikou|Thunderbolt|p2a: Mew\n|-damage|p2a: Mew|0 fnt\n|faint|p2a: Mew\n|\n|upkeep\n|\n|t:|1733847634\n|switch|p2a: Salazzle|Salazzle, L83, F|249/249\n|turn|7\n|\n|t:|1733847644\n|switch|p1a: Empoleon|Empoleon, L84, F|278/278\n|move|p2a: Salazzle|Sludge Wave|p1a: Empoleon\n|-immune|p1a: Empoleon\n|\n|upkeep\n|turn|8\n|\n|t:|1733847657\n|switch|p2a: Feraligatr|Feraligatr, L79, M|264/264\n|move|p1a: Empoleon|Surf|p2a: Feraligatr\n|-resisted|p2a: Feraligatr\n|-damage|p2a: Feraligatr|204/264\n|\n|upkeep\n|turn|9\n|\n|t:|1733847664\n|move|p2a: Feraligatr|Dragon Dance|p2a: Feraligatr\n|-boost|p2a: Feraligatr|atk|1\n|-boost|p2a: Feraligatr|spe|1\n|move|p1a: Empoleon|Roar|p2a: Feraligatr\n|drag|p2a: Annihilape|Annihilape, L76, F|86/292\n|\n|upkeep\n|turn|10\n|\n|t:|1733847674\n|move|p2a: Annihilape|Rage Fist|p1a: Empoleon\n|-damage|p1a: Empoleon|136/278\n|move|p1a: Empoleon|Surf|p2a: Annihilape\n|-damage|p2a: Annihilape|0 fnt\n|faint|p2a: Annihilape\n|\n|-heal|p1a: Empoleon|153/278|[from] item: Leftovers\n|upkeep\n|\n|t:|1733847680\n|switch|p2a: Roaring Moon|Roaring Moon, L72|270/270\n|turn|11\n|\n|t:|1733847690\n|move|p2a: Roaring Moon|Knock Off|p1a: Empoleon\n|-damage|p1a: Empoleon|12/278\n|-enditem|p1a: Empoleon|Leftovers|[from] move: Knock Off|[of] p2a: Roaring Moon\n|move|p1a: Empoleon|Roar|p2a: Roaring Moon\n|-end|p2a: Roaring Moon|Protosynthesis|[silent]\n|drag|p2a: Feraligatr|Feraligatr, L79, M|204/264\n|\n|upkeep\n|turn|12\n|\n|t:|1733847698\n|move|p2a: Feraligatr|Liquidation|p1a: Empoleon\n|-resisted|p1a: Empoleon\n|-damage|p1a: Empoleon|0 fnt\n|faint|p1a: Empoleon\n|\n|upkeep\n|\n|t:|1733847716\n|switch|p1a: Crabominable|Crabominable, L90, M|321/321\n|-status|p1a: Crabominable|psn\n|turn|13\n|\n|t:|1733847732\n|move|p2a: Feraligatr|Liquidation|p1a: Crabominable\n|-damage|p1a: Crabominable|173/321 psn\n|move|p1a: Crabominable|Drain Punch|p2a: Feraligatr\n|-damage|p2a: Feraligatr|62/264\n|-heal|p1a: Crabominable|244/321 psn|[from] drain|[of] p2a: Feraligatr\n|\n|-damage|p1a: Crabominable|204/321 psn|[from] psn\n|upkeep\n|turn|14\n|\n|t:|1733847745\n|move|p2a: Feraligatr|Liquidation|p1a: Crabominable\n|-crit|p1a: Crabominable\n|-damage|p1a: Crabominable|0 fnt\n|faint|p1a: Crabominable\n|\n|upkeep\n|\n|t:|1733847754\n|switch|p1a: Raikou|Raikou, L81|10/278\n|-status|p1a: Raikou|psn\n|-ability|p1a: Raikou|Pressure\n|turn|15\n|\n|t:|1733847760\n|move|p1a: Raikou|Volt Switch|p2a: Feraligatr\n|-supereffective|p2a: Feraligatr\n|-damage|p2a: Feraligatr|0 fnt\n|faint|p2a: Feraligatr\n|\n|t:|1733847770\n|switch|p1a: Avalugg|Avalugg, L88, M|310/310|[from] Volt Switch\n|\n|upkeep\n|\n|t:|1733847774\n|switch|p2a: Salazzle|Salazzle, L83, F|249/249\n|turn|16\n|\n|t:|1733847794\n|move|p2a: Salazzle|Nasty Plot|p2a: Salazzle\n|-boost|p2a: Salazzle|spa|2\n|move|p1a: Avalugg|Body Press|p2a: Salazzle\n|-resisted|p2a: Salazzle\n|-damage|p2a: Salazzle|183/249\n|\n|upkeep\n|turn|17\n|\n|t:|1733847801\n|move|p2a: Salazzle|Sludge Wave|p1a: Avalugg\n|-ability|p1a: Avalugg|Sturdy\n|-damage|p1a: Avalugg|1/310\n|move|p1a: Avalugg|Avalanche|p2a: Salazzle\n|-resisted|p2a: Salazzle\n|-damage|p2a: Salazzle|84/249\n|\n|upkeep\n|turn|18\n|\n|t:|1733847813\n|move|p2a: Salazzle|Sludge Wave|p1a: Avalugg\n|-damage|p1a: Avalugg|0 fnt\n|faint|p1a: Avalugg\n|\n|upkeep\n|l|\u2606ct minh\n|inactive|ct minh disconnected and has a minute to reconnect!\n|player|p1|\n|inactive|ct minh has 30 seconds to reconnect!\n|inactive|ct minh has 20 seconds to reconnect!\n|inactive|ct minh has 15 seconds to reconnect!\n|inactive|ct minh has 10 seconds to reconnect!\n|inactive|ct minh has 5 seconds to reconnect!\n|-message|ct minh lost due to inactivity.\n|\n|win|dedededje\n|raw|ct minh's rating: 1302 &rarr; <strong>1281</strong><br />(-21 for losing)\n|raw|dedededje's rating: 1287 &rarr; <strong>1313</strong><br />(+26 for winning)\n", "inputlog": ">version bfd83cad13791eb5a5a409923076391caf6fb4d4\n>start {\"formatid\":\"gen9randombattle\",\"seed\":[43917,41530,21755,62956],\"rated\":\"Rated battle\"}\n>player p1 {\"name\":\"ct minh\",\"avatar\":\"169\",\"rating\":1302,\"seed\":[39747,5770,53073,36204]}\n>player p2 {\"name\":\"dedededje\",\"avatar\":\"169\",\"rating\":1261,\"seed\":[58892,65080,27706,63845]}\n>p1 move knockoff\n>p2 move bulkup\n>p1 switch 4\n>p2 move drainpunch\n>chat \u2606dedededje|bruh\n>p1 move thunderbolt\n>p2 move drainpunch\n>p1 move thunderbolt\n>p2 switch 3\n>p1 move thunderbolt\n>p2 move toxicspikes\n>p1 move thunderbolt\n>p2 move toxicspikes\n>p2 switch 4\n>p1 switch 6\n>p2 move sludgewave\n>p1 move surf\n>p2 switch 5\n>p1 move roar\n>p2 move dragondance\n>p1 move surf\n>p2 move ragefist\n>p2 switch 2\n>p1 move roar\n>p2 move knockoff\n>p1 move roost\n>p2 move liquidation\n>p1 switch 4\n>p1 move drainpunch\n>p2 move liquidation\n>p1 move earthquake\n>p2 move liquidation\n>p1 switch 6\n>p1 move voltswitch\n>p2 move dragondance\n>p1 switch 3\n>p2 switch 5\n>p1 move bodypress\n>p2 move nastyplot\n>p1 move avalanche\n>p2 move sludgewave\n>p1 move avalanche\n>p2 move sludgewave\n>forcelose p1", "uploadtime": 1733847894, "views": 1, "formatid": "gen9randombattle", "rating": 1281, "private": 0, "password": null}