{"id": "gen9randombattle-2260541304", "format": "[Gen 9] Random Battle", "players": ["winterpath", "Cubielubie"], "log": "|j|\u2606winterpath\n|j|\u2606Cubielubie\n|t:|1733861669\n|gametype|singles\n|player|p1|winterpath|102|2015\n|player|p2|Cubielubie|2|1970\n|teamsize|p1|6\n|teamsize|p2|6\n|gen|9\n|tier|[Gen 9] Random Battle\n|rated|\n|rule|Species Clause: Limit one of each Pok\u00e9mon\n|rule|HP Percentage Mod: HP is shown in percentages\n|rule|Sleep Clause Mod: Limit one foe put to sleep\n|rule|Illusion Level Mod: Illusion disguises the Pok\u00e9mon's true level\n|\n|t:|1733861669\n|start\n|switch|p1a: Clodsire|Clodsire, L81, F|343/343\n|switch|p2a: Ho-Oh|Ho-Oh, L71|268/268\n|turn|1\n|inactive|Battle timer is ON: inactive players will automatically lose when time's up. (requested by winterpath)\n|\n|t:|1733861678\n|move|p2a: Ho-Oh|Earthquake|p1a: Clodsire\n|-supereffective|p1a: Clodsire\n|-damage|p1a: Clodsire|173/343\n|move|p1a: Clodsire|Stealth Rock|p2a: Ho-Oh\n|-sidestart|p2: Cubielubie|move: Stealth Rock\n|\n|-heal|p1a: Clodsire|194/343|[from] item: Leftovers\n|upkeep\n|turn|2\n|\n|t:|1733861687\n|switch|p1a: Squawkabilly|Squawkabilly, L85, F|278/278\n|move|p2a: Ho-Oh|Sacred Fire|p1a: Squawkabilly\n|-damage|p1a: Squawkabilly|133/278\n|\n|-status|p1a: Squawkabilly|brn|[from] item: Flame Orb\n|upkeep\n|turn|3\n|\n|t:|1733861711\n|switch|p2a: Pelipper|Pelipper, L86, M|243/243\n|-weather|RainDance|[from] ability: Drizzle|[of] p2a: Pelipper\n|move|p1a: Squawkabilly|Facade|p2a: Pelipper\n|-damage|p2a: Pelipper|39/243\n|\n|-weather|RainDance|[upkeep]\n|-damage|p1a: Squawkabilly|116/278 brn|[from] brn\n|upkeep\n|turn|4\n|\n|t:|1733861724\n|move|p1a: Squawkabilly|Facade|p2a: Pelipper\n|-damage|p2a: Pelipper|0 fnt\n|faint|p2a: Pelipper\n|\n|-weather|RainDance|[upkeep]\n|-damage|p1a: Squawkabilly|99/278 brn|[from] brn\n|upkeep\n|\n|t:|1733861729\n|switch|p2a: Electivire|Electivire, L84, M|263/263\n|-damage|p2a: Electivire|231/263|[from] Stealth Rock\n|turn|5\n|\n|t:|1733861736\n|-terastallize|p1a: Squawkabilly|Normal\n|move|p2a: Electivire|Knock Off|p1a: Squawkabilly\n|-damage|p1a: Squawkabilly|0 fnt\n|-enditem|p1a: Squawkabilly|Flame Orb|[from] move: Knock Off|[of] p2a: Electivire\n|faint|p1a: Squawkabilly\n|-damage|p2a: Electivire|205/263|[from] item: Life Orb\n|\n|-weather|RainDance|[upkeep]\n|upkeep\n|\n|t:|1733861753\n|switch|p1a: Clodsire|Clodsire, L81, F|194/343\n|turn|6\n|\n|t:|1733861757\n|move|p2a: Electivire|Ice Punch|p1a: Clodsire\n|-supereffective|p1a: Clodsire\n|-damage|p1a: Clodsire|0 fnt\n|faint|p1a: Clodsire\n|-damage|p2a: Electivire|179/263|[from] item: Life Orb\n|\n|-weather|RainDance|[upkeep]\n|upkeep\n|\n|t:|1733861760\n|switch|p1a: Brambleghast|Brambleghast, L88, F|240/240\n|turn|7\n|\n|t:|1733861768\n|move|p1a: Brambleghast|Leech Seed|p2a: Electivire\n|-start|p2a: Electivire|move: Leech Seed\n|move|p2a: Electivire|Knock Off|p1a: Brambleghast\n|-supereffective|p1a: Brambleghast\n|-damage|p1a: Brambleghast|0 fnt\n|-enditem|p1a: Brambleghast|Leftovers|[from] move: Knock Off|[of] p2a: Electivire\n|faint|p1a: Brambleghast\n|-damage|p2a: Electivire|153/263|[from] item: Life Orb\n|\n|-weather|none\n|upkeep\n|\n|t:|1733861779\n|switch|p1a: Mienshao|Mienshao, L83, F|243/243\n|turn|8\n|\n|t:|1733861783\n|move|p1a: Mienshao|High Jump Kick|p2a: Electivire\n|-damage|p2a: Electivire|0 fnt\n|faint|p2a: Electivire\n|\n|upkeep\n|\n|t:|1733861787\n|switch|p2a: Ho-Oh|Ho-Oh, L71|268/268\n|turn|9\n|\n|t:|1733861789\n|switch|p1a: Raichu|Raichu, L88, F|249/249\n|move|p2a: Ho-Oh|Sacred Fire|p1a: Raichu\n|-damage|p1a: Raichu|128/249\n|\n|upkeep\n|turn|10\n|\n|t:|1733861797\n|switch|p2a: Regice|Regice, L88|284/284\n|move|p1a: Raichu|Thunderbolt|p2a: Regice\n|-damage|p2a: Regice|214/284\n|\n|upkeep\n|turn|11\n|inactive|winterpath has 120 seconds left.\n|\n|t:|1733861831\n|switch|p1a: Mienshao|Mienshao, L83, F|243/243\n|move|p2a: Regice|Ice Beam|p1a: Mienshao\n|-damage|p1a: Mienshao|93/243\n|\n|upkeep\n|turn|12\n|\n|t:|1733861836\n|move|p1a: Mienshao|High Jump Kick|p2a: Regice\n|-supereffective|p2a: Regice\n|-damage|p2a: Regice|0 fnt\n|faint|p2a: Regice\n|\n|upkeep\n|\n|t:|1733861840\n|switch|p2a: Ho-Oh|Ho-Oh, L71|268/268\n|turn|13\n|\n|t:|1733861849\n|move|p1a: Mienshao|High Jump Kick|p2a: Ho-Oh\n|-resisted|p2a: Ho-Oh\n|-damage|p2a: Ho-Oh|107/268\n|move|p2a: Ho-Oh|Earthquake|p1a: Mienshao\n|-damage|p1a: Mienshao|8/243\n|\n|upkeep\n|turn|14\n|\n|t:|1733861854\n|move|p1a: Mienshao|High Jump Kick|p2a: Ho-Oh\n|-resisted|p2a: Ho-Oh\n|-damage|p2a: Ho-Oh|0 fnt\n|faint|p2a: Ho-Oh\n|\n|upkeep\n|\n|t:|1733861858\n|switch|p2a: Minun|Minun, L95, M|268/268\n|-damage|p2a: Minun|235/268|[from] Stealth Rock\n|turn|15\n|\n|t:|1733861863\n|move|p2a: Minun|Grass Knot|p1a: Mienshao\n|-damage|p1a: Mienshao|0 fnt\n|faint|p1a: Mienshao\n|-damage|p2a: Minun|209/268|[from] item: Life Orb\n|\n|upkeep\n|\n|t:|1733861865\n|switch|p1a: Raichu|Raichu, L88, F|128/249\n|turn|16\n|\n|t:|1733861869\n|move|p1a: Raichu|Surf|p2a: Minun\n|-damage|p2a: Minun|118/268\n|move|p2a: Minun|Grass Knot|p1a: Raichu\n|-damage|p1a: Raichu|64/249\n|-damage|p2a: Minun|92/268|[from] item: Life Orb\n|\n|upkeep\n|turn|17\n|\n|t:|1733861876\n|switch|p2a: Cresselia|Cresselia, L80, F|323/323\n|-damage|p2a: Cresselia|283/323|[from] Stealth Rock\n|move|p1a: Raichu|Surf|p2a: Cresselia\n|-damage|p2a: Cresselia|198/323\n|\n|-heal|p2a: Cresselia|218/323|[from] item: Leftovers\n|upkeep\n|turn|18\n|\n|t:|1733861879\n|switch|p1a: Bastiodon|Bastiodon, L89, M|252/252\n|move|p2a: Cresselia|Calm Mind|p2a: Cresselia\n|-boost|p2a: Cresselia|spa|1\n|-boost|p2a: Cresselia|spd|1\n|\n|-heal|p2a: Cresselia|238/323|[from] item: Leftovers\n|upkeep\n|turn|19\n|\n|t:|1733861884\n|move|p2a: Cresselia|Thunderbolt|p1a: Bastiodon\n|-damage|p1a: Bastiodon|207/252\n|move|p1a: Bastiodon|Iron Defense|p1a: Bastiodon\n|-boost|p1a: Bastiodon|def|2\n|\n|-heal|p2a: Cresselia|258/323|[from] item: Leftovers\n|upkeep\n|turn|20\n|\n|t:|1733861890\n|switch|p2a: Minun|Minun, L95, M|92/268\n|-damage|p2a: Minun|59/268|[from] Stealth Rock\n|move|p1a: Bastiodon|Iron Defense|p1a: Bastiodon\n|-boost|p1a: Bastiodon|def|2\n|\n|upkeep\n|turn|21\n|\n|t:|1733861896\n|move|p2a: Minun|Encore|p1a: Bastiodon\n|-start|p1a: Bastiodon|Encore\n|move|p1a: Bastiodon|Iron Defense|p1a: Bastiodon\n|-boost|p1a: Bastiodon|def|2\n|\n|upkeep\n|turn|22\n|\n|t:|1733861903\n|switch|p1a: Raichu|Raichu, L88, F|64/249\n|move|p2a: Minun|Nasty Plot|p2a: Minun\n|-boost|p2a: Minun|spa|2\n|\n|upkeep\n|turn|23\n|\n|t:|1733861906\n|switch|p2a: Cresselia|Cresselia, L80, F|258/323\n|-damage|p2a: Cresselia|218/323|[from] Stealth Rock\n|move|p1a: Raichu|Surf|p2a: Cresselia\n|-damage|p2a: Cresselia|135/323\n|\n|-heal|p2a: Cresselia|155/323|[from] item: Leftovers\n|upkeep\n|turn|24\n|\n|t:|1733861910\n|switch|p1a: Bastiodon|Bastiodon, L89, M|207/252\n|move|p2a: Cresselia|Calm Mind|p2a: Cresselia\n|-boost|p2a: Cresselia|spa|1\n|-boost|p2a: Cresselia|spd|1\n|\n|-heal|p2a: Cresselia|175/323|[from] item: Leftovers\n|upkeep\n|turn|25\n|\n|t:|1733861914\n|move|p2a: Cresselia|Thunderbolt|p1a: Bastiodon\n|-damage|p1a: Bastiodon|156/252\n|-status|p1a: Bastiodon|par\n|move|p1a: Bastiodon|Iron Defense|p1a: Bastiodon\n|-boost|p1a: Bastiodon|def|2\n|\n|-heal|p2a: Cresselia|195/323|[from] item: Leftovers\n|upkeep\n|turn|26\n|\n|t:|1733861920\n|move|p2a: Cresselia|Thunderbolt|p1a: Bastiodon\n|-damage|p1a: Bastiodon|110/252 par\n|cant|p1a: Bastiodon|par\n|\n|-heal|p2a: Cresselia|215/323|[from] item: Leftovers\n|upkeep\n|turn|27\n|\n|t:|1733861926\n|move|p2a: Cresselia|Calm Mind|p2a: Cresselia\n|-boost|p2a: Cresselia|spa|1\n|-boost|p2a: Cresselia|spd|1\n|move|p1a: Bastiodon|Rest|p1a: Bastiodon\n|-status|p1a: Bastiodon|slp|[from] move: Rest\n|-heal|p1a: Bastiodon|252/252 slp|[silent]\n|-enditem|p1a: Bastiodon|Chesto Berry|[eat]\n|-curestatus|p1a: Bastiodon|slp|[msg]\n|\n|-heal|p2a: Cresselia|235/323|[from] item: Leftovers\n|upkeep\n|turn|28\n|\n|t:|1733861930\n|move|p2a: Cresselia|Thunderbolt|p1a: Bastiodon\n|-damage|p1a: Bastiodon|182/252\n|move|p1a: Bastiodon|Iron Defense|p1a: Bastiodon\n|-boost|p1a: Bastiodon|def|2\n|\n|-heal|p2a: Cresselia|255/323|[from] item: Leftovers\n|upkeep\n|turn|29\n|\n|t:|1733861935\n|move|p2a: Cresselia|Thunderbolt|p1a: Bastiodon\n|-damage|p1a: Bastiodon|117/252\n|move|p1a: Bastiodon|Body Press|p2a: Cresselia\n|-resisted|p2a: Cresselia\n|-damage|p2a: Cresselia|124/323\n|\n|-heal|p2a: Cresselia|144/323|[from] item: Leftovers\n|upkeep\n|turn|30\n|\n|t:|1733861950\n|move|p2a: Cresselia|Moonlight|p2a: Cresselia\n|-heal|p2a: Cresselia|305/323\n|move|p1a: Bastiodon|Body Press|p2a: Cresselia\n|-resisted|p2a: Cresselia\n|-damage|p2a: Cresselia|179/323\n|\n|-heal|p2a: Cresselia|199/323|[from] item: Leftovers\n|upkeep\n|turn|31\n|\n|t:|1733861953\n|move|p2a: Cresselia|Thunderbolt|p1a: Bastiodon\n|-damage|p1a: Bastiodon|49/252\n|move|p1a: Bastiodon|Body Press|p2a: Cresselia\n|-resisted|p2a: Cresselia\n|-damage|p2a: Cresselia|61/323\n|\n|-heal|p2a: Cresselia|81/323|[from] item: Leftovers\n|upkeep\n|turn|32\n|\n|t:|1733861958\n|move|p2a: Cresselia|Thunderbolt|p1a: Bastiodon\n|-damage|p1a: Bastiodon|0 fnt\n|faint|p1a: Bastiodon\n|\n|-heal|p2a: Cresselia|101/323|[from] item: Leftovers\n|upkeep\n|\n|t:|1733861969\n|switch|p1a: Raichu|Raichu, L88, F|64/249\n|turn|33\n|\n|t:|1733861972\n|move|p1a: Raichu|Surf|p2a: Cresselia\n|-damage|p2a: Cresselia|57/323\n|move|p2a: Cresselia|Psyshock|p1a: Raichu\n|-damage|p1a: Raichu|0 fnt\n|faint|p1a: Raichu\n|\n|win|Cubielubie\n|raw|winterpath's rating: 2015 &rarr; <strong>1992</strong><br />(-23 for losing)\n|raw|Cubielubie's rating: 1970 &rarr; <strong>1993</strong><br />(+23 for winning)\n|c|\u2606winterpath|gg\n|c|\u2606winterpath|that para was lucky\n|l|\u2606winterpath\n|player|p1|\n|l|\u2606Cubielubie\n|player|p2|\n|j|\u2606Cubielubie\n|player|p2|Cubielubie|2|\n|l|\u2606Cubielubie\n|player|p2|\n|j|\u2606Cubielubie\n|player|p2|Cubielubie|2|\n|l|\u2606Cubielubie\n|player|p2|\n|j|\u2606Cubielubie\n|player|p2|Cubielubie|2|\n", "inputlog": ">version bfd83cad13791eb5a5a409923076391caf6fb4d4\n>start {\"formatid\":\"gen9randombattle\",\"seed\":[32936,41808,36836,45174],\"rated\":\"Rated battle\"}\n>player p1 {\"name\":\"winterpath\",\"avatar\":\"102\",\"rating\":2015,\"seed\":[19615,28119,19267,61763]}\n>player p2 {\"name\":\"Cubielubie\",\"avatar\":\"2\",\"rating\":1970,\"seed\":[14893,5638,50418,65040]}\n>p1 move stealthrock\n>p2 move earthquake\n>p1 switch 2\n>p2 move sacredfire\n>p1 move facade\n>p2 switch 4\n>p1 move facade\n>p2 move hurricane\n>p2 switch 6\n>p1 move facade terastallize\n>p2 move knockoff\n>p1 switch 2\n>p1 move gunkshot\n>p2 move icepunch\n>p1 switch 5\n>p1 move leechseed\n>p2 move knockoff\n>p1 switch 4\n>p1 move highjumpkick\n>p2 move supercellslam\n>p2 switch 4\n>p1 switch 3\n>p2 move sacredfire\n>p1 move thunderbolt\n>p2 switch 3\n>p1 switch 3\n>p2 move icebeam\n>p1 move highjumpkick\n>p2 move icebeam\n>p2 switch 3\n>p1 move highjumpkick\n>p2 move earthquake\n>p1 move highjumpkick\n>p2 move recover\n>p2 switch 2\n>p1 move highjumpkick\n>p2 move grassknot\n>p1 switch 3\n>p1 move surf\n>p2 move grassknot\n>p1 move surf\n>p2 switch 5\n>p1 switch 6\n>p2 move calmmind\n>p1 move irondefense\n>p2 move thunderbolt\n>p1 move irondefense\n>p2 switch 5\n>p1 move bodypress\n>p2 move encore\n>p1 switch 6\n>p2 move nastyplot\n>p1 move surf\n>p2 switch 5\n>p1 switch 6\n>p2 move calmmind\n>p1 move irondefense\n>p2 move thunderbolt\n>p1 move irondefense\n>p2 move thunderbolt\n>p1 move rest\n>p2 move calmmind\n>p1 move irondefense\n>p2 move thunderbolt\n>p1 move bodypress\n>p2 move thunderbolt\n>p1 move bodypress\n>p2 move moonlight\n>p1 move bodypress\n>p2 move thunderbolt\n>p1 move bodypress\n>p2 move thunderbolt\n>p1 switch 6\n>p1 move surf\n>p2 move psyshock", "uploadtime": 1733862581, "views": 4, "formatid": "gen9randombattle", "rating": 1992, "private": 0, "password": null}