{"id": "gen9randombattle-2260574057", "format": "[Gen 9] Random Battle", "players": ["carlos alexander", "Not_Chesse"], "log": "|j|\u2606carlos alexander\n|j|\u2606Not_Chesse\n|t:|1733865039\n|gametype|singles\n|player|p1|carlos alexander|102|\n|player|p2|Not_Chesse|hugh|\n|teamsize|p1|6\n|teamsize|p2|6\n|gen|9\n|tier|[Gen 9] Random Battle\n|rule|Species Clause: Limit one of each Pok\u00e9mon\n|rule|HP Percentage Mod: HP is shown in percentages\n|rule|Sleep Clause Mod: Limit one foe put to sleep\n|rule|Illusion Level Mod: Illusion disguises the Pok\u00e9mon's true level\n|\n|t:|1733865039\n|start\n|switch|p1a: Girafarig|Girafarig, L89, F|269/269\n|switch|p2a: Plusle|Plusle, L95, F|268/268\n|turn|1\n|\n|t:|1733865056\n|move|p2a: Plusle|Nasty Plot|p2a: Plusle\n|-boost|p2a: Plusle|spa|2\n|move|p1a: Girafarig|Thunderbolt|p2a: Plusle\n|-ability|p2a: Plusle|Lightning Rod|boost\n|-boost|p2a: Plusle|spa|1\n|\n|upkeep\n|turn|2\n|\n|t:|1733865068\n|move|p2a: Plusle|Thunderbolt|p1a: Girafarig\n|-crit|p1a: Girafarig\n|-damage|p1a: Girafarig|0 fnt\n|faint|p1a: Girafarig\n|-damage|p2a: Plusle|242/268|[from] item: Life Orb\n|\n|upkeep\n|\n|t:|1733865084\n|switch|p1a: Heatran|Heatran, L79, F|273/273\n|-item|p1a: Heatran|Air Balloon\n|turn|3\n|\n|t:|1733865095\n|switch|p2a: Cramorant|Cramorant, L86, M|261/261\n|move|p1a: Heatran|Earth Power|p2a: Cramorant\n|-immune|p2a: Cramorant\n|\n|upkeep\n|turn|4\n|\n|t:|1733865108\n|move|p2a: Cramorant|Brave Bird|p1a: Heatran\n|-resisted|p1a: Heatran\n|-damage|p1a: Heatran|221/273\n|-enditem|p1a: Heatran|Air Balloon\n|-damage|p2a: Cramorant|244/261|[from] Recoil\n|move|p1a: Heatran|Heavy Slam|p2a: Cramorant\n|-resisted|p2a: Cramorant\n|-damage|p2a: Cramorant|176/261\n|\n|upkeep\n|turn|5\n|\n|t:|1733865119\n|move|p2a: Cramorant|Surf|p1a: Heatran\n|-formechange|p2a: Cramorant|Cramorant-Gulping|\n|-supereffective|p1a: Heatran\n|-damage|p1a: Heatran|39/273\n|move|p1a: Heatran|Magma Storm|p2a: Cramorant\n|-resisted|p2a: Cramorant\n|-damage|p2a: Cramorant|122/261\n|-activate|p2a: Cramorant|move: Magma Storm|[of] p1a: Heatran\n|-damage|p1a: Heatran|0 fnt|[from] ability: Gulp Missile|[of] p2a: Cramorant\n|-formechange|p2a: Cramorant|Cramorant|\n|faint|p1a: Heatran\n|\n|-end|p2a: Cramorant|Magma Storm|[partiallytrapped]|[silent]\n|upkeep\n|\n|t:|1733865136\n|switch|p1a: Slowbro|Slowbro-Galar, L87, M|307/307\n|turn|6\n|\n|t:|1733865151\n|switch|p2a: Plusle|Plusle, L95, F|242/268\n|move|p1a: Slowbro|Foul Play|p2a: Plusle\n|-damage|p2a: Plusle|188/268\n|\n|upkeep\n|turn|7\n|\n|t:|1733865162\n|move|p2a: Plusle|Thunderbolt|p1a: Slowbro\n|-damage|p1a: Slowbro|193/307\n|-damage|p2a: Plusle|162/268|[from] item: Life Orb\n|move|p1a: Slowbro|Earthquake|p2a: Plusle\n|-supereffective|p2a: Plusle\n|-damage|p2a: Plusle|0 fnt\n|faint|p2a: Plusle\n|\n|upkeep\n|\n|t:|1733865181\n|switch|p2a: Clefable|Clefable, L83, M|293/293\n|turn|8\n|\n|t:|1733865189\n|move|p2a: Clefable|Knock Off|p1a: Slowbro\n|-supereffective|p1a: Slowbro\n|-damage|p1a: Slowbro|71/307\n|-enditem|p1a: Slowbro|Assault Vest|[from] move: Knock Off|[of] p2a: Clefable\n|move|p1a: Slowbro|Psychic|p2a: Clefable\n|-crit|p2a: Clefable\n|-damage|p2a: Clefable|148/293\n|-unboost|p2a: Clefable|spd|1\n|\n|upkeep\n|turn|9\n|\n|t:|1733865210\n|move|p2a: Clefable|Moonlight|p2a: Clefable\n|-heal|p2a: Clefable|293/293\n|move|p1a: Slowbro|Psychic|p2a: Clefable\n|-damage|p2a: Clefable|136/293\n|\n|upkeep\n|turn|10\n|\n|t:|1733865218\n|move|p2a: Clefable|Moonlight|p2a: Clefable\n|-heal|p2a: Clefable|282/293\n|move|p1a: Slowbro|Psychic|p2a: Clefable\n|-damage|p2a: Clefable|126/293\n|\n|upkeep\n|turn|11\n|\n|t:|1733865227\n|move|p2a: Clefable|Moonblast|p1a: Slowbro\n|-resisted|p1a: Slowbro\n|-damage|p1a: Slowbro|0 fnt\n|faint|p1a: Slowbro\n|\n|upkeep\n|\n|t:|1733865246\n|switch|p1a: Terapagos|Terapagos, L76, F|262/262\n|-activate|p1a: Terapagos|ability: Tera Shift\n|detailschange|p1a: Terapagos|Terapagos-Terastal, L76, F\n|-heal|p1a: Terapagos|269/269|[silent]\n|turn|12\n|\n|t:|1733865259\n|move|p1a: Terapagos|Tera Starstorm|p2a: Clefable\n|-damage|p2a: Clefable|0 fnt\n|faint|p2a: Clefable\n|\n|upkeep\n|\n|t:|1733865272\n|switch|p2a: Passimian|Passimian, L83, M|302/302\n|turn|13\n|\n|t:|1733865284\n|move|p2a: Passimian|Close Combat|p1a: Terapagos\n|-activate|p1a: Terapagos|ability: Tera Shell\n|-resisted|p1a: Terapagos\n|-damage|p1a: Terapagos|197/269\n|-unboost|p2a: Passimian|def|1\n|-unboost|p2a: Passimian|spd|1\n|move|p1a: Terapagos|Tera Starstorm|p2a: Passimian\n|-damage|p2a: Passimian|71/302\n|\n|upkeep\n|turn|14\n|\n|t:|1733865298\n|move|p2a: Passimian|Close Combat|p1a: Terapagos\n|-supereffective|p1a: Terapagos\n|-damage|p1a: Terapagos|0 fnt\n|-unboost|p2a: Passimian|def|1\n|-unboost|p2a: Passimian|spd|1\n|faint|p1a: Terapagos\n|\n|upkeep\n|j| Ale2010\n|\n|t:|1733865306\n|switch|p1a: Vivillon|Vivillon-Jungle, L84, M|272/272\n|turn|15\n|\n|t:|1733865310\n|move|p2a: Passimian|Close Combat|p1a: Vivillon\n|-resisted|p1a: Vivillon\n|-damage|p1a: Vivillon|221/272\n|-unboost|p2a: Passimian|def|1\n|-unboost|p2a: Passimian|spd|1\n|move|p1a: Vivillon|Hurricane|p2a: Passimian|[miss]\n|-miss|p1a: Vivillon|p2a: Passimian\n|\n|upkeep\n|turn|16\n|\n|t:|1733865327\n|move|p2a: Passimian|Close Combat|p1a: Vivillon\n|-resisted|p1a: Vivillon\n|-damage|p1a: Vivillon|168/272\n|-unboost|p2a: Passimian|def|1\n|-unboost|p2a: Passimian|spd|1\n|move|p1a: Vivillon|Sleep Powder|p2a: Passimian\n|-status|p2a: Passimian|slp|[from] move: Sleep Powder\n|\n|upkeep\n|turn|17\n|\n|t:|1733865341\n|switch|p2a: Delphox|Delphox, L84, F|263/263\n|move|p1a: Vivillon|Hurricane|p2a: Delphox\n|-damage|p2a: Delphox|157/263\n|\n|upkeep\n|turn|18\n|\n|t:|1733865355\n|move|p2a: Delphox|Fire Blast|p1a: Vivillon|[miss]\n|-miss|p2a: Delphox|p1a: Vivillon\n|move|p1a: Vivillon|Sleep Powder|p2a: Delphox\n|-message|Sleep Clause Mod activated.\n|-hint|Sleep Clause Mod prevents players from putting more than one of their opponent's Pok\u00e9mon to sleep at a time\n|\n|upkeep\n|turn|19\n|\n|t:|1733865366\n|-terastallize|p1a: Vivillon|Flying\n|move|p2a: Delphox|Fire Blast|p1a: Vivillon|[miss]\n|-miss|p2a: Delphox|p1a: Vivillon\n|move|p1a: Vivillon|Hurricane|p2a: Delphox\n|-damage|p2a: Delphox|27/263\n|\n|upkeep\n|turn|20\n|\n|t:|1733865377\n|switch|p2a: Cramorant|Cramorant, L86, M|122/261\n|move|p1a: Vivillon|Hurricane|p2a: Cramorant\n|-damage|p2a: Cramorant|0 fnt\n|faint|p2a: Cramorant\n|\n|upkeep\n|\n|t:|1733865386\n|switch|p2a: Passimian|Passimian, L83, M|71/302 slp\n|turn|21\n|\n|t:|1733865392\n|cant|p2a: Passimian|slp\n|move|p1a: Vivillon|Hurricane|p2a: Passimian\n|-supereffective|p2a: Passimian\n|-damage|p2a: Passimian|0 fnt\n|faint|p2a: Passimian\n|\n|upkeep\n|\n|t:|1733865399\n|switch|p2a: Lurantis|Lurantis, L87, M|264/264\n|turn|22\n|\n|t:|1733865407\n|move|p1a: Vivillon|Hurricane|p2a: Lurantis\n|-supereffective|p2a: Lurantis\n|-damage|p2a: Lurantis|60/264\n|-start|p2a: Lurantis|confusion\n|-activate|p2a: Lurantis|confusion\n|move|p2a: Lurantis|Superpower|p1a: Vivillon\n|-resisted|p1a: Vivillon\n|-damage|p1a: Vivillon|103/272\n|-boost|p2a: Lurantis|atk|1\n|-boost|p2a: Lurantis|def|1\n|\n|upkeep\n|turn|23\n|\n|t:|1733865425\n|-terastallize|p2a: Lurantis|Steel\n|move|p1a: Vivillon|Hurricane|p2a: Lurantis\n|-resisted|p2a: Lurantis\n|-damage|p2a: Lurantis|16/264\n|-activate|p2a: Lurantis|confusion\n|move|p2a: Lurantis|Leech Life|p1a: Vivillon\n|-resisted|p1a: Vivillon\n|-damage|p1a: Vivillon|36/272\n|-heal|p2a: Lurantis|50/264|[from] drain|[of] p1a: Vivillon\n|\n|upkeep\n|turn|24\n|\n|t:|1733865442\n|move|p1a: Vivillon|Sleep Powder|p2a: Lurantis\n|-status|p2a: Lurantis|slp|[from] move: Sleep Powder\n|cant|p2a: Lurantis|slp\n|\n|upkeep\n|turn|25\n|\n|t:|1733865449\n|move|p1a: Vivillon|Hurricane|p2a: Lurantis\n|-resisted|p2a: Lurantis\n|-damage|p2a: Lurantis|6/264 slp\n|cant|p2a: Lurantis|slp\n|\n|upkeep\n|turn|26\n|\n|t:|1733865458\n|move|p1a: Vivillon|Hurricane|p2a: Lurantis\n|-resisted|p2a: Lurantis\n|-damage|p2a: Lurantis|0 fnt\n|faint|p2a: Lurantis\n|\n|upkeep\n|\n|t:|1733865465\n|switch|p2a: Delphox|Delphox, L84, F|27/263\n|turn|27\n|\n|t:|1733865471\n|switch|p1a: Araquanid|Araquanid, L82, M|246/246\n|move|p2a: Delphox|Focus Blast|p1a: Araquanid|[miss]\n|-miss|p2a: Delphox|p1a: Araquanid\n|\n|upkeep\n|turn|28\n|\n|t:|1733865482\n|move|p2a: Delphox|Focus Blast|p1a: Araquanid|[miss]\n|-miss|p2a: Delphox|p1a: Araquanid\n|move|p1a: Araquanid|Liquidation|p2a: Delphox\n|-supereffective|p2a: Delphox\n|-damage|p2a: Delphox|0 fnt\n|faint|p2a: Delphox\n|\n|win|carlos alexander\n", "inputlog": ">version bfd83cad13791eb5a5a409923076391caf6fb4d4\n>start {\"formatid\":\"gen9randombattle\",\"seed\":[62071,14395,5717,20154]}\n>player p1 {\"name\":\"carlos alexander\",\"avatar\":\"102\",\"rating\":0,\"seed\":[47951,23546,46026,20730]}\n>player p2 {\"name\":\"Not_Chesse\",\"avatar\":\"hugh\",\"rating\":0,\"seed\":[24128,58922,33033,3676]}\n>p1 move thunderbolt\n>p2 move nastyplot\n>p1 move psyshock\n>p2 move thunderbolt\n>p1 switch 2\n>p1 move earthpower\n>p2 switch 5\n>p1 move heavyslam\n>p2 move bravebird\n>p1 move magmastorm\n>p2 move surf\n>p1 switch 6\n>p1 move foulplay\n>p2 switch 5\n>p1 move earthquake\n>p2 move thunderbolt\n>p2 switch 6\n>p1 move psychic\n>p2 move knockoff\n>p1 move psychic\n>p2 move moonlight\n>p1 move psychic\n>p2 move moonlight\n>p1 move psychic\n>p2 move moonblast\n>p1 switch 4\n>p1 move terastarstorm\n>p2 move moonlight\n>p2 switch 3\n>p1 move terastarstorm\n>p2 move closecombat\n>p1 move terastarstorm\n>p2 move closecombat\n>p1 switch 5\n>p1 move hurricane\n>p2 move closecombat\n>p1 move sleeppowder\n>p2 move closecombat\n>p1 move hurricane\n>p2 switch 4\n>p1 move sleeppowder\n>p2 move fireblast\n>p1 move hurricane terastallize\n>p2 move fireblast\n>p1 move hurricane\n>p2 switch 5\n>p2 switch 4\n>p1 move hurricane\n>p2 move gunkshot\n>p2 switch 2\n>p1 move hurricane\n>p2 move superpower\n>p1 move hurricane\n>p2 move leechlife terastallize\n>p1 move sleeppowder\n>p2 move superpower\n>p1 move hurricane\n>p2 move leafstorm\n>p1 move hurricane\n>p2 move superpower\n>p2 switch 5\n>p1 switch 3\n>p2 move focusblast\n>p1 move liquidation\n>p2 move focusblast", "uploadtime": 1733865493, "views": 1, "formatid": "gen9randombattle", "rating": null, "private": 0, "password": null}