{"id": "gen9randombattle-2260039119", "format": "[Gen 9] Random Battle", "players": ["Zesralemsie", "HotDogLake"], "log": "|j|\u2606Zesralemsie\n|j|\u2606HotDogLake\n|t:|1733794349\n|gametype|singles\n|player|p1|Zesralemsie|blackbelt-gen4dp|1037\n|player|p2|HotDogLake|266|1000\n|teamsize|p1|6\n|teamsize|p2|6\n|gen|9\n|tier|[Gen 9] Random Battle\n|rated|\n|rule|Species Clause: Limit one of each Pok\u00e9mon\n|rule|HP Percentage Mod: HP is shown in percentages\n|rule|Sleep Clause Mod: Limit one foe put to sleep\n|rule|Illusion Level Mod: Illusion disguises the Pok\u00e9mon's true level\n|\n|t:|1733794349\n|start\n|switch|p1a: Terapagos|Terapagos, L76, F|262/262\n|switch|p2a: Jolteon|Jolteon, L84, F|246/246\n|-activate|p1a: Terapagos|ability: Tera Shift\n|detailschange|p1a: Terapagos|Terapagos-Terastal, L76, F\n|-heal|p1a: Terapagos|269/269|[silent]\n|turn|1\n|inactive|Battle timer is ON: inactive players will automatically lose when time's up. (requested by Zesralemsie)\n|\n|t:|1733794365\n|move|p2a: Jolteon|Thunderbolt|p1a: Terapagos\n|-activate|p1a: Terapagos|ability: Tera Shell\n|-resisted|p1a: Terapagos\n|-damage|p1a: Terapagos|224/269\n|-status|p1a: Terapagos|par\n|move|p1a: Terapagos|Rapid Spin|p2a: Jolteon\n|-damage|p2a: Jolteon|192/246\n|-boost|p1a: Terapagos|spe|1\n|\n|-heal|p2a: Jolteon|207/246|[from] item: Leftovers\n|upkeep\n|turn|2\n|\n|t:|1733794376\n|switch|p2a: Whimsicott|Whimsicott, L85, F|241/241\n|cant|p1a: Terapagos|par\n|\n|upkeep\n|turn|3\n|\n|t:|1733794390\n|-terastallize|p1a: Terapagos|Stellar\n|detailschange|p1a: Terapagos|Terapagos-Stellar, L76, F, tera:Stellar\n|-heal|p1a: Terapagos|323/368 par|[silent]\n|move|p2a: Whimsicott|Giga Drain|p1a: Terapagos\n|-crit|p1a: Terapagos\n|-damage|p1a: Terapagos|218/368 par\n|move|p1a: Terapagos|Tera Starstorm|p2a: Whimsicott\n|-damage|p2a: Whimsicott|119/241\n|\n|upkeep\n|turn|4\n|\n|t:|1733794406\n|move|p2a: Whimsicott|Moonblast|p1a: Terapagos\n|-damage|p1a: Terapagos|130/368 par\n|cant|p1a: Terapagos|par\n|\n|upkeep\n|turn|5\n|\n|t:|1733794419\n|switch|p2a: Iron Bundle|Iron Bundle, L77, shiny|213/213\n|move|p1a: Terapagos|Tera Starstorm|p2a: Iron Bundle\n|-damage|p2a: Iron Bundle|56/213\n|\n|upkeep\n|turn|6\n|\n|t:|1733794430\n|move|p2a: Iron Bundle|Hydro Pump|p1a: Terapagos\n|-crit|p1a: Terapagos\n|-damage|p1a: Terapagos|0 fnt\n|faint|p1a: Terapagos\n|\n|upkeep\n|\n|t:|1733794439\n|switch|p1a: Wigglytuff|Wigglytuff, L96, M|424/424\n|turn|7\n|\n|t:|1733794448\n|move|p2a: Iron Bundle|Hydro Pump|p1a: Wigglytuff\n|-damage|p1a: Wigglytuff|256/424\n|move|p1a: Wigglytuff|Wish|p1a: Wigglytuff\n|\n|-heal|p1a: Wigglytuff|282/424|[from] item: Leftovers\n|upkeep\n|turn|8\n|l|\u2606HotDogLake\n|inactive|HotDogLake disconnected and has a minute to reconnect!\n|player|p2|\n|j|\u2606HotDogLake\n|inactive|HotDogLake reconnected and has 120 seconds left.\n|player|p2|HotDogLake|266|\n|\n|t:|1733794485\n|move|p2a: Iron Bundle|Ice Beam|p1a: Wigglytuff\n|-damage|p1a: Wigglytuff|162/424\n|move|p1a: Wigglytuff|Knock Off|p2a: Iron Bundle\n|-damage|p2a: Iron Bundle|0 fnt\n|-enditem|p2a: Iron Bundle|Heavy-Duty Boots|[from] move: Knock Off|[of] p1a: Wigglytuff\n|faint|p2a: Iron Bundle\n|-end|p2a: Iron Bundle|Quark Drive|[silent]\n|\n|-heal|p1a: Wigglytuff|374/424|[from] move: Wish|[wisher] Wigglytuff\n|-heal|p1a: Wigglytuff|400/424|[from] item: Leftovers\n|upkeep\n|\n|t:|1733794498\n|switch|p2a: Malamar|Malamar, L82, F|275/275\n|turn|9\n|\n|t:|1733794504\n|move|p2a: Malamar|Superpower|p1a: Wigglytuff\n|-damage|p1a: Wigglytuff|300/424\n|-boost|p2a: Malamar|atk|1\n|-boost|p2a: Malamar|def|1\n|move|p1a: Wigglytuff|Dazzling Gleam|p2a: Malamar\n|-supereffective|p2a: Malamar\n|-damage|p2a: Malamar|57/275\n|\n|-heal|p1a: Wigglytuff|326/424|[from] item: Leftovers\n|upkeep\n|turn|10\n|inactive|HotDogLake has 120 seconds left.\n|\n|t:|1733794515\n|switch|p2a: Ambipom|Ambipom, L84, M|263/263\n|move|p1a: Wigglytuff|Dazzling Gleam|p2a: Ambipom\n|-crit|p2a: Ambipom\n|-damage|p2a: Ambipom|80/263\n|\n|-heal|p1a: Wigglytuff|352/424|[from] item: Leftovers\n|upkeep\n|turn|11\n|inactive|HotDogLake has 120 seconds left.\n|\n|t:|1733794526\n|move|p1a: Wigglytuff|Protect|p1a: Wigglytuff\n|-singleturn|p1a: Wigglytuff|Protect\n|move|p2a: Ambipom|U-turn|p1a: Wigglytuff\n|-activate|p1a: Wigglytuff|move: Protect\n|\n|-heal|p1a: Wigglytuff|378/424|[from] item: Leftovers\n|upkeep\n|turn|12\n|inactive|HotDogLake has 120 seconds left.\n|\n|t:|1733794543\n|move|p2a: Ambipom|U-turn|p1a: Wigglytuff\n|-resisted|p1a: Wigglytuff\n|-crit|p1a: Wigglytuff\n|-damage|p1a: Wigglytuff|293/424\n|\n|t:|1733794548\n|switch|p2a: Quaquaval|Quaquaval, L79, F|264/264|[from] U-turn\n|move|p1a: Wigglytuff|Dazzling Gleam|p2a: Quaquaval\n|-supereffective|p2a: Quaquaval\n|-damage|p2a: Quaquaval|34/264\n|\n|-heal|p1a: Wigglytuff|319/424|[from] item: Leftovers\n|upkeep\n|turn|13\n|\n|t:|1733794559\n|move|p2a: Quaquaval|Roost|p2a: Quaquaval\n|-heal|p2a: Quaquaval|166/264\n|-singleturn|p2a: Quaquaval|move: Roost\n|move|p1a: Wigglytuff|Knock Off|p2a: Quaquaval\n|-resisted|p2a: Quaquaval\n|-damage|p2a: Quaquaval|129/264\n|-enditem|p2a: Quaquaval|Life Orb|[from] move: Knock Off|[of] p1a: Wigglytuff\n|\n|-heal|p1a: Wigglytuff|345/424|[from] item: Leftovers\n|upkeep\n|turn|14\n|\n|t:|1733794568\n|move|p2a: Quaquaval|Roost|p2a: Quaquaval\n|-heal|p2a: Quaquaval|261/264\n|-singleturn|p2a: Quaquaval|move: Roost\n|move|p1a: Wigglytuff|Dazzling Gleam|p2a: Quaquaval\n|-supereffective|p2a: Quaquaval\n|-damage|p2a: Quaquaval|25/264\n|\n|-heal|p1a: Wigglytuff|371/424|[from] item: Leftovers\n|upkeep\n|turn|15\n|inactive|HotDogLake has 120 seconds left.\n|\n|t:|1733794576\n|move|p2a: Quaquaval|Roost|p2a: Quaquaval\n|-heal|p2a: Quaquaval|157/264\n|-singleturn|p2a: Quaquaval|move: Roost\n|move|p1a: Wigglytuff|Dazzling Gleam|p2a: Quaquaval\n|-supereffective|p2a: Quaquaval\n|-damage|p2a: Quaquaval|0 fnt\n|faint|p2a: Quaquaval\n|\n|-heal|p1a: Wigglytuff|397/424|[from] item: Leftovers\n|upkeep\n|inactive|HotDogLake has 120 seconds left.\n|\n|t:|1733794585\n|switch|p2a: Jolteon|Jolteon, L84, F|207/246\n|turn|16\n|\n|t:|1733794594\n|-terastallize|p2a: Jolteon|Ice\n|move|p2a: Jolteon|Thunderbolt|p1a: Wigglytuff\n|-damage|p1a: Wigglytuff|250/424\n|-status|p1a: Wigglytuff|par\n|cant|p1a: Wigglytuff|par\n|\n|-heal|p2a: Jolteon|222/246|[from] item: Leftovers\n|-heal|p1a: Wigglytuff|276/424 par|[from] item: Leftovers\n|upkeep\n|turn|17\n|\n|t:|1733794606\n|move|p2a: Jolteon|Substitute|p2a: Jolteon\n|-start|p2a: Jolteon|Substitute\n|-damage|p2a: Jolteon|161/246\n|move|p1a: Wigglytuff|Knock Off|p2a: Jolteon\n|-end|p2a: Jolteon|Substitute\n|\n|-heal|p2a: Jolteon|176/246|[from] item: Leftovers\n|-heal|p1a: Wigglytuff|302/424 par|[from] item: Leftovers\n|upkeep\n|turn|18\n|\n|t:|1733794615\n|move|p2a: Jolteon|Calm Mind|p2a: Jolteon\n|-boost|p2a: Jolteon|spa|1\n|-boost|p2a: Jolteon|spd|1\n|move|p1a: Wigglytuff|Knock Off|p2a: Jolteon\n|-damage|p2a: Jolteon|87/246\n|-enditem|p2a: Jolteon|Leftovers|[from] move: Knock Off|[of] p1a: Wigglytuff\n|\n|-heal|p1a: Wigglytuff|328/424 par|[from] item: Leftovers\n|upkeep\n|turn|19\n|\n|t:|1733794623\n|move|p2a: Jolteon|Tera Blast|p1a: Wigglytuff|[anim] Tera Blast Ice\n|-damage|p1a: Wigglytuff|142/424 par\n|cant|p1a: Wigglytuff|par\n|\n|-heal|p1a: Wigglytuff|168/424 par|[from] item: Leftovers\n|upkeep\n|turn|20\n|\n|t:|1733794636\n|move|p1a: Wigglytuff|Protect|p1a: Wigglytuff\n|-singleturn|p1a: Wigglytuff|Protect\n|move|p2a: Jolteon|Tera Blast|p1a: Wigglytuff|[anim] Tera Blast Ice\n|-activate|p1a: Wigglytuff|move: Protect\n|\n|-heal|p1a: Wigglytuff|194/424 par|[from] item: Leftovers\n|upkeep\n|turn|21\n|\n|t:|1733794645\n|move|p2a: Jolteon|Thunderbolt|p1a: Wigglytuff\n|-damage|p1a: Wigglytuff|4/424 par\n|cant|p1a: Wigglytuff|par\n|\n|-heal|p1a: Wigglytuff|30/424 par|[from] item: Leftovers\n|upkeep\n|turn|22\n|\n|t:|1733794656\n|move|p2a: Jolteon|Thunderbolt|p1a: Wigglytuff\n|-damage|p1a: Wigglytuff|0 fnt\n|faint|p1a: Wigglytuff\n|\n|upkeep\n|\n|t:|1733794659\n|switch|p1a: Heracross|Heracross, L80, M|259/259\n|turn|23\n|\n|t:|1733794669\n|move|p2a: Jolteon|Thunderbolt|p1a: Heracross\n|-damage|p1a: Heracross|102/259\n|move|p1a: Heracross|Megahorn|p2a: Jolteon\n|-damage|p2a: Jolteon|0 fnt\n|faint|p2a: Jolteon\n|-ability|p1a: Heracross|Moxie|boost\n|-boost|p1a: Heracross|atk|1\n|\n|upkeep\n|\n|t:|1733794678\n|switch|p2a: Ambipom|Ambipom, L84, M|80/263\n|turn|24\n|\n|t:|1733794684\n|move|p2a: Ambipom|Knock Off|p1a: Heracross\n|-resisted|p1a: Heracross\n|-damage|p1a: Heracross|39/259\n|-enditem|p1a: Heracross|Choice Band|[from] move: Knock Off|[of] p2a: Ambipom\n|move|p1a: Heracross|Megahorn|p2a: Ambipom\n|-damage|p2a: Ambipom|0 fnt\n|faint|p2a: Ambipom\n|-ability|p1a: Heracross|Moxie|boost\n|-boost|p1a: Heracross|atk|1\n|\n|upkeep\n|\n|t:|1733794694\n|switch|p2a: Whimsicott|Whimsicott, L85, F|119/241\n|turn|25\n|\n|t:|1733794702\n|move|p2a: Whimsicott|Moonblast|p1a: Heracross\n|-supereffective|p1a: Heracross\n|-damage|p1a: Heracross|0 fnt\n|faint|p1a: Heracross\n|\n|upkeep\n|\n|t:|1733794705\n|switch|p1a: Slowking|Slowking-Galar, L85, M|300/300\n|turn|26\n|\n|t:|1733794711\n|move|p2a: Whimsicott|Giga Drain|p1a: Slowking\n|-resisted|p1a: Slowking\n|-damage|p1a: Slowking|282/300\n|-heal|p2a: Whimsicott|128/241|[from] drain|[of] p1a: Slowking\n|move|p1a: Slowking|Sludge Bomb|p2a: Whimsicott\n|-supereffective|p2a: Whimsicott\n|-damage|p2a: Whimsicott|0 fnt\n|faint|p2a: Whimsicott\n|\n|upkeep\n|\n|t:|1733794718\n|switch|p2a: Malamar|Malamar, L82, F|57/275\n|turn|27\n|\n|t:|1733794732\n|move|p2a: Malamar|Rest|p2a: Malamar\n|-status|p2a: Malamar|slp|[from] move: Rest\n|-heal|p2a: Malamar|275/275 slp|[silent]\n|-enditem|p2a: Malamar|Chesto Berry|[eat]\n|-curestatus|p2a: Malamar|slp|[msg]\n|move|p1a: Slowking|Surf|p2a: Malamar\n|-damage|p2a: Malamar|197/275\n|\n|upkeep\n|turn|28\n|\n|t:|1733794742\n|move|p2a: Malamar|Psycho Cut|p1a: Slowking\n|-crit|p1a: Slowking\n|-damage|p1a: Slowking|180/300\n|move|p1a: Slowking|Sludge Bomb|p2a: Malamar\n|-damage|p2a: Malamar|73/275\n|\n|upkeep\n|turn|29\n|\n|t:|1733794749\n|move|p2a: Malamar|Rest|p2a: Malamar\n|-status|p2a: Malamar|slp|[from] move: Rest\n|-heal|p2a: Malamar|275/275 slp|[silent]\n|move|p1a: Slowking|Sludge Bomb|p2a: Malamar\n|-crit|p2a: Malamar\n|-damage|p2a: Malamar|98/275 slp\n|\n|upkeep\n|turn|30\n|\n|t:|1733794762\n|cant|p2a: Malamar|slp\n|move|p1a: Slowking|Sludge Bomb|p2a: Malamar\n|-damage|p2a: Malamar|0 fnt\n|faint|p2a: Malamar\n|\n|win|Zesralemsie\n|raw|Zesralemsie's rating: 1037 &rarr; <strong>1068</strong><br />(+31 for winning)\n|raw|HotDogLake's rating: 1000 &rarr; <strong>1000</strong><br />(+0 for losing)\n", "inputlog": ">version bfd83cad13791eb5a5a409923076391caf6fb4d4\n>start {\"formatid\":\"gen9randombattle\",\"seed\":[17750,45233,57559,25323],\"rated\":\"Rated battle\"}\n>player p1 {\"name\":\"Zesralemsie\",\"avatar\":\"blackbelt-gen4dp\",\"rating\":1037,\"seed\":[22277,59587,15132,62867]}\n>player p2 {\"name\":\"HotDogLake\",\"avatar\":\"266\",\"rating\":1000,\"seed\":[1197,26846,30365,10947]}\n>p1 move rapidspin\n>p2 move thunderbolt\n>p1 move calmmind\n>p2 switch 5\n>p1 move terastarstorm terastallize\n>p2 move gigadrain\n>p1 move calmmind\n>p2 move moonblast\n>p1 move terastarstorm\n>p2 switch 4\n>p1 move calmmind\n>p2 move hydropump\n>p1 switch 3\n>p1 move wish\n>p2 move hydropump\n>p1 move knockoff\n>p2 move icebeam\n>p2 switch 6\n>p1 move dazzlinggleam\n>p2 move superpower\n>p1 move dazzlinggleam\n>p2 switch 2\n>p1 move protect\n>p2 move uturn\n>p1 move dazzlinggleam\n>p2 move uturn\n>p2 switch 3\n>p1 move knockoff\n>p2 move roost\n>p1 move dazzlinggleam\n>p2 move roost\n>p1 move dazzlinggleam\n>p2 move roost\n>p2 switch 5\n>p1 move knockoff\n>p2 move thunderbolt terastallize\n>p1 move knockoff\n>p2 move substitute\n>p1 move knockoff\n>p2 move calmmind\n>p1 move wish\n>p2 move terablast\n>p1 move protect\n>p2 move terablast\n>p1 move dazzlinggleam\n>p2 move thunderbolt\n>p1 move knockoff\n>p2 move thunderbolt\n>p1 switch 2\n>p1 move megahorn\n>p2 move thunderbolt\n>p2 switch 3\n>p1 move megahorn\n>p2 move knockoff\n>p2 switch 4\n>p1 move stoneedge\n>p2 move moonblast\n>p1 switch 6\n>p1 move sludgebomb\n>p2 move gigadrain\n>p2 switch 2\n>p1 move surf\n>p2 move rest\n>p1 move sludgebomb\n>p2 move psychocut\n>p1 move sludgebomb\n>p2 move rest\n>p1 move sludgebomb\n>p2 move rest", "uploadtime": 1733794766, "views": 3, "formatid": "gen9randombattle", "rating": 1000, "private": 0, "password": null}