{"id": "gen9randombattle-2260773490", "format": "[Gen 9] Random Battle", "players": ["5rytfg", "ohhhh12357"], "log": "|j|\u26065rytfg\n|j|\u2606ohhhh12357\n|t:|1733889937\n|gametype|singles\n|player|p1|5rytfg|266|1040\n|player|p2|ohhhh12357|265|1000\n|teamsize|p1|6\n|teamsize|p2|6\n|gen|9\n|tier|[Gen 9] Random Battle\n|rated|\n|rule|Species Clause: Limit one of each Pok\u00e9mon\n|rule|HP Percentage Mod: HP is shown in percentages\n|rule|Sleep Clause Mod: Limit one foe put to sleep\n|rule|Illusion Level Mod: Illusion disguises the Pok\u00e9mon's true level\n|\n|t:|1733889937\n|start\n|switch|p1a: Haxorus|Haxorus, L77, M|244/244\n|switch|p2a: Tropius|Tropius, L91, F|328/328\n|-ability|p1a: Haxorus|Mold Breaker\n|turn|1\n|\n|t:|1733890004\n|move|p1a: Haxorus|Swords Dance|p1a: Haxorus\n|-boost|p1a: Haxorus|atk|2\n|move|p2a: Tropius|Dragon Dance|p2a: Tropius\n|-boost|p2a: Tropius|atk|1\n|-boost|p2a: Tropius|spe|1\n|\n|upkeep\n|turn|2\n|\n|t:|1733890017\n|move|p2a: Tropius|Dual Wingbeat|p1a: Haxorus\n|-damage|p1a: Haxorus|180/244\n|-damage|p1a: Haxorus|114/244\n|-hitcount|p1a: Haxorus|2\n|move|p1a: Haxorus|Scale Shot|p2a: Tropius\n|-damage|p2a: Tropius|267/328\n|-damage|p2a: Tropius|209/328\n|-damage|p2a: Tropius|146/328\n|-enditem|p2a: Tropius|Sitrus Berry|[eat]\n|-heal|p2a: Tropius|228/328|[from] item: Sitrus Berry\n|-crit|p2a: Tropius\n|-damage|p2a: Tropius|144/328\n|-damage|p2a: Tropius|83/328\n|-hitcount|p2a: Tropius|5\n|-unboost|p1a: Haxorus|def|1\n|-boost|p1a: Haxorus|spe|1\n|\n|upkeep\n|turn|3\n|\n|t:|1733890039\n|move|p1a: Haxorus|Scale Shot|p2a: Tropius\n|-damage|p2a: Tropius|19/328\n|-damage|p2a: Tropius|0 fnt\n|faint|p2a: Tropius\n|-hitcount|p2: Tropius|2\n|-unboost|p1a: Haxorus|def|1\n|-boost|p1a: Haxorus|spe|1\n|\n|upkeep\n|inactive|Battle timer is ON: inactive players will automatically lose when time's up. (requested by 5rytfg)\n|\n|t:|1733890051\n|switch|p2a: Falinks|Falinks, L84|246/246\n|turn|4\n|\n|t:|1733890063\n|move|p1a: Haxorus|Scale Shot|p2a: Falinks\n|-damage|p2a: Falinks|186/246\n|-damage|p2a: Falinks|126/246\n|-damage|p2a: Falinks|71/246\n|-damage|p2a: Falinks|13/246\n|-hitcount|p2a: Falinks|4\n|-unboost|p1a: Haxorus|def|1\n|-boost|p1a: Haxorus|spe|1\n|move|p2a: Falinks|No Retreat|p2a: Falinks\n|-boost|p2a: Falinks|atk|1\n|-boost|p2a: Falinks|def|1\n|-boost|p2a: Falinks|spa|1\n|-boost|p2a: Falinks|spd|1\n|-boost|p2a: Falinks|spe|1\n|-start|p2a: Falinks|move: No Retreat\n|\n|upkeep\n|turn|5\n|\n|t:|1733890078\n|move|p1a: Haxorus|Iron Head|p2a: Falinks\n|-damage|p2a: Falinks|0 fnt\n|faint|p2a: Falinks\n|\n|upkeep\n|\n|t:|1733890084\n|switch|p2a: Chesnaught|Chesnaught, L84, F|285/285\n|turn|6\n|\n|t:|1733890090\n|move|p1a: Haxorus|Scale Shot|p2a: Chesnaught\n|-damage|p2a: Chesnaught|234/285\n|-damage|p2a: Chesnaught|183/285\n|-damage|p2a: Chesnaught|138/285\n|-damage|p2a: Chesnaught|93/285\n|-crit|p2a: Chesnaught\n|-damage|p2a: Chesnaught|21/285\n|-hitcount|p2a: Chesnaught|5\n|-unboost|p1a: Haxorus|def|1\n|-boost|p1a: Haxorus|spe|1\n|move|p2a: Chesnaught|Iron Defense|p2a: Chesnaught\n|-boost|p2a: Chesnaught|def|2\n|\n|-heal|p2a: Chesnaught|38/285|[from] item: Leftovers\n|upkeep\n|turn|7\n|\n|t:|1733890107\n|move|p1a: Haxorus|Close Combat|p2a: Chesnaught\n|-damage|p2a: Chesnaught|0 fnt\n|-unboost|p1a: Haxorus|def|1\n|-unboost|p1a: Haxorus|spd|1\n|faint|p2a: Chesnaught\n|\n|upkeep\n|\n|t:|1733890117\n|switch|p2a: Duraludon|Duraludon, L82, F|249/249\n|turn|8\n|\n|t:|1733890121\n|move|p1a: Haxorus|Close Combat|p2a: Duraludon\n|-supereffective|p2a: Duraludon\n|-damage|p2a: Duraludon|45/249\n|-unboost|p1a: Haxorus|def|1\n|-unboost|p1a: Haxorus|spd|1\n|move|p2a: Duraludon|Thunder Wave|p1a: Haxorus\n|-status|p1a: Haxorus|par\n|\n|upkeep\n|turn|9\n|\n|t:|1733890130\n|move|p1a: Haxorus|Close Combat|p2a: Duraludon\n|-supereffective|p2a: Duraludon\n|-damage|p2a: Duraludon|0 fnt\n|-unboost|p1a: Haxorus|spd|1\n|faint|p2a: Duraludon\n|\n|upkeep\n|\n|t:|1733890138\n|switch|p2a: Barraskewda|Barraskewda, L81, M|231/231\n|turn|10\n|\n|t:|1733890143\n|-terastallize|p2a: Barraskewda|Fighting\n|move|p1a: Haxorus|Scale Shot|p2a: Barraskewda\n|-damage|p2a: Barraskewda|143/231\n|-damage|p2a: Barraskewda|56/231\n|-damage|p2a: Barraskewda|0 fnt\n|faint|p2a: Barraskewda\n|-hitcount|p2: Barraskewda|3\n|-boost|p1a: Haxorus|spe|1\n|\n|upkeep\n|\n|t:|1733890152\n|switch|p2a: Krookodile|Krookodile, L80, F|283/283\n|-ability|p2a: Krookodile|Intimidate|boost\n|-unboost|p1a: Haxorus|atk|1\n|turn|11\n|\n|t:|1733890158\n|cant|p1a: Haxorus|par\n|move|p2a: Krookodile|Bulk Up|p2a: Krookodile\n|-boost|p2a: Krookodile|atk|1\n|-boost|p2a: Krookodile|def|1\n|\n|upkeep\n|turn|12\n|\n|t:|1733890164\n|move|p1a: Haxorus|Close Combat|p2a: Krookodile\n|-supereffective|p2a: Krookodile\n|-damage|p2a: Krookodile|51/283\n|-unboost|p1a: Haxorus|spd|1\n|move|p2a: Krookodile|Bulk Up|p2a: Krookodile\n|-boost|p2a: Krookodile|atk|1\n|-boost|p2a: Krookodile|def|1\n|\n|upkeep\n|turn|13\n|\n|t:|1733890172\n|move|p1a: Haxorus|Close Combat|p2a: Krookodile\n|-supereffective|p2a: Krookodile\n|-damage|p2a: Krookodile|0 fnt\n|-unboost|p1a: Haxorus|spd|1\n|faint|p2a: Krookodile\n|\n|win|5rytfg\n|raw|5rytfg's rating: 1040 &rarr; <strong>1070</strong><br />(+30 for winning)\n|raw|ohhhh12357's rating: 1000 &rarr; <strong>1000</strong><br />(+0 for losing)\n|l|\u2606ohhhh12357\n|player|p2|\n", "inputlog": ">version bfd83cad13791eb5a5a409923076391caf6fb4d4\n>start {\"formatid\":\"gen9randombattle\",\"seed\":[40555,15161,56236,32444],\"rated\":\"Rated battle\"}\n>player p1 {\"name\":\"5rytfg\",\"avatar\":\"266\",\"rating\":1040,\"seed\":[28833,43257,14987,14217]}\n>player p2 {\"name\":\"ohhhh12357\",\"avatar\":\"265\",\"rating\":1000,\"seed\":[10920,20480,63302,48382]}\n>p1 move swordsdance\n>p2 move dragondance\n>p1 move scaleshot\n>p2 move dualwingbeat\n>p1 move scaleshot\n>p2 move dragondance\n>p2 switch 4\n>p1 move scaleshot\n>p2 move noretreat\n>p1 move ironhead\n>p2 move ironhead\n>p2 switch 3\n>p1 move scaleshot\n>p2 move irondefense\n>p1 move closecombat\n>p2 move synthesis\n>p2 switch 6\n>p1 move closecombat\n>p2 move thunderwave\n>p1 move closecombat\n>p2 move thunderwave\n>p2 switch 5\n>p1 move scaleshot\n>p2 move closecombat terastallize\n>p2 switch 2\n>p1 move closecombat\n>p2 move bulkup\n>p1 move closecombat\n>p2 move bulkup\n>p1 move closecombat\n>p2 move bulkup", "uploadtime": 1733890181, "views": 11, "formatid": "gen9randombattle", "rating": 1000, "private": 0, "password": null}