{"id": "gen9randombattle-2259965941", "format": "[Gen 9] Random Battle", "players": ["TheLronGiant", "Skullmonkey"], "log": "|j|\u2606TheLronGiant\n|j|\u2606Skullmonkey\n|t:|1733785221\n|gametype|singles\n|player|p1|TheLronGiant|pokemonranger|1549\n|player|p2|Skullmonkey|li|1550\n|teamsize|p1|6\n|teamsize|p2|6\n|gen|9\n|tier|[Gen 9] Random Battle\n|rated|\n|rule|Species Clause: Limit one of each Pok\u00e9mon\n|rule|HP Percentage Mod: HP is shown in percentages\n|rule|Sleep Clause Mod: Limit one foe put to sleep\n|rule|Illusion Level Mod: Illusion disguises the Pok\u00e9mon's true level\n|\n|t:|1733785221\n|start\n|switch|p1a: Tatsugiri|Tatsugiri-Stretchy, L87, F|260/260\n|switch|p2a: Tsareena|Tsareena, L87, F|267/267\n|turn|1\n|inactive|Battle timer is ON: inactive players will automatically lose when time's up. (requested by TheLronGiant)\n|inactive|TheLronGiant has 120 seconds left.\n|\n|t:|1733785265\n|switch|p1a: Houndstone|Houndstone, L86, F|264/264\n|move|p2a: Tsareena|Knock Off|p1a: Houndstone\n|-supereffective|p1a: Houndstone\n|-damage|p1a: Houndstone|168/264\n|-enditem|p1a: Houndstone|Assault Vest|[from] move: Knock Off|[of] p2a: Tsareena\n|-damage|p2a: Tsareena|241/267|[from] item: Life Orb\n|\n|upkeep\n|turn|2\n|\n|t:|1733785290\n|move|p2a: Tsareena|Power Whip|p1a: Houndstone\n|-damage|p1a: Houndstone|76/264\n|-damage|p2a: Tsareena|215/267|[from] item: Life Orb\n|move|p1a: Houndstone|Poltergeist|p2a: Tsareena\n|-activate|p2a: Tsareena|move: Poltergeist|Life Orb\n|-damage|p2a: Tsareena|95/267\n|\n|upkeep\n|turn|3\n|\n|t:|1733785306\n|move|p2a: Tsareena|Power Whip|p1a: Houndstone\n|-damage|p1a: Houndstone|0 fnt\n|faint|p1a: Houndstone\n|-damage|p2a: Tsareena|69/267|[from] item: Life Orb\n|\n|upkeep\n|\n|t:|1733785321\n|switch|p1a: Entei|Entei, L78|307/307\n|turn|4\n|\n|t:|1733785330\n|switch|p2a: Vaporeon|Vaporeon, L86, F|364/364\n|move|p1a: Entei|Sacred Fire|p2a: Vaporeon\n|-resisted|p2a: Vaporeon\n|-crit|p2a: Vaporeon\n|-damage|p2a: Vaporeon|220/364\n|\n|-heal|p2a: Vaporeon|242/364|[from] item: Leftovers\n|upkeep\n|turn|5\n|\n|t:|1733785344\n|switch|p1a: Tatsugiri|Tatsugiri-Stretchy, L87, F|260/260\n|move|p2a: Vaporeon|Wish|p2a: Vaporeon\n|\n|-heal|p2a: Vaporeon|264/364|[from] item: Leftovers\n|upkeep\n|turn|6\n|\n|t:|1733785356\n|switch|p2a: Tinkaton|Tinkaton, L82, F|274/274\n|-ability|p2a: Tinkaton|Mold Breaker\n|move|p1a: Tatsugiri|Rapid Spin|p2a: Tinkaton\n|-resisted|p2a: Tinkaton\n|-damage|p2a: Tinkaton|261/274\n|-boost|p1a: Tatsugiri|spe|1\n|\n|-heal|p2a: Tinkaton|274/274|[from] move: Wish|[wisher] Vaporeon\n|upkeep\n|turn|7\n|\n|t:|1733785373\n|switch|p1a: Registeel|Registeel, L81|262/262\n|move|p2a: Tinkaton|Stealth Rock|p1a: Registeel\n|-sidestart|p1: TheLronGiant|move: Stealth Rock\n|\n|upkeep\n|turn|8\n|\n|t:|1733785387\n|switch|p2a: Donphan|Donphan, L84, F|288/288\n|move|p1a: Registeel|Body Press|p2a: Donphan\n|-damage|p2a: Donphan|225/288\n|\n|upkeep\n|turn|9\n|\n|t:|1733785399\n|switch|p1a: Pelipper|Pelipper, L86, M|243/243\n|-weather|RainDance|[from] ability: Drizzle|[of] p1a: Pelipper\n|move|p2a: Donphan|Earthquake|p1a: Pelipper\n|-immune|p1a: Pelipper\n|\n|-weather|RainDance|[upkeep]\n|upkeep\n|turn|10\n|\n|t:|1733785409\n|move|p1a: Pelipper|Hurricane|p2a: Donphan\n|-damage|p2a: Donphan|110/288\n|-start|p2a: Donphan|confusion\n|-activate|p2a: Donphan|confusion\n|move|p2a: Donphan|Knock Off|p1a: Pelipper\n|-damage|p1a: Pelipper|172/243\n|-enditem|p1a: Pelipper|Heavy-Duty Boots|[from] move: Knock Off|[of] p2a: Donphan\n|\n|-weather|RainDance|[upkeep]\n|upkeep\n|turn|11\n|\n|t:|1733785420\n|switch|p2a: Vaporeon|Vaporeon, L86, F|264/364\n|move|p1a: Pelipper|Hurricane|p2a: Vaporeon\n|-damage|p2a: Vaporeon|153/364\n|\n|-weather|RainDance|[upkeep]\n|-heal|p2a: Vaporeon|175/364|[from] item: Leftovers\n|upkeep\n|turn|12\n|\n|t:|1733785433\n|move|p2a: Vaporeon|Protect|p2a: Vaporeon\n|-singleturn|p2a: Vaporeon|Protect\n|move|p1a: Pelipper|Hurricane|p2a: Vaporeon\n|-activate|p2a: Vaporeon|move: Protect\n|\n|-weather|RainDance|[upkeep]\n|-heal|p2a: Vaporeon|197/364|[from] item: Leftovers\n|upkeep\n|turn|13\n|\n|t:|1733785441\n|switch|p1a: Tatsugiri|Tatsugiri-Stretchy, L87, F|260/260\n|move|p2a: Vaporeon|Wish|p2a: Vaporeon\n|\n|-weather|none\n|-heal|p2a: Vaporeon|219/364|[from] item: Leftovers\n|upkeep\n|turn|14\n|\n|t:|1733785450\n|switch|p2a: Tsareena|Tsareena, L87, F|69/267\n|move|p1a: Tatsugiri|Rapid Spin|p2a: Tsareena\n|-damage|p2a: Tsareena|47/267\n|-boost|p1a: Tatsugiri|spe|1\n|-sideend|p1: TheLronGiant|Stealth Rock|[from] move: Rapid Spin|[of] p1a: Tatsugiri\n|\n|-heal|p2a: Tsareena|229/267|[from] move: Wish|[wisher] Vaporeon\n|upkeep\n|turn|15\n|\n|t:|1733785461\n|move|p1a: Tatsugiri|Draco Meteor|p2a: Tsareena\n|-damage|p2a: Tsareena|64/267\n|-unboost|p1a: Tatsugiri|spa|2\n|move|p2a: Tsareena|Power Whip|p1a: Tatsugiri\n|-damage|p1a: Tatsugiri|0 fnt\n|faint|p1a: Tatsugiri\n|-damage|p2a: Tsareena|38/267|[from] item: Life Orb\n|\n|upkeep\n|\n|t:|1733785473\n|switch|p1a: Entei|Entei, L78|307/307\n|turn|16\n|\n|t:|1733785485\n|switch|p2a: Vaporeon|Vaporeon, L86, F|219/364\n|move|p1a: Entei|Sacred Fire|p2a: Vaporeon\n|-resisted|p2a: Vaporeon\n|-damage|p2a: Vaporeon|113/364\n|\n|-heal|p2a: Vaporeon|135/364|[from] item: Leftovers\n|upkeep\n|turn|17\n|\n|t:|1733785497\n|move|p1a: Entei|Sacred Fire|p2a: Vaporeon\n|-resisted|p2a: Vaporeon\n|-damage|p2a: Vaporeon|39/364\n|-status|p2a: Vaporeon|brn\n|move|p2a: Vaporeon|Wish|p2a: Vaporeon\n|\n|-heal|p2a: Vaporeon|61/364 brn|[from] item: Leftovers\n|-damage|p2a: Vaporeon|39/364 brn|[from] brn\n|upkeep\n|turn|18\n|\n|t:|1733785507\n|move|p2a: Vaporeon|Protect|p2a: Vaporeon\n|-singleturn|p2a: Vaporeon|Protect\n|move|p1a: Entei|Sacred Fire|p2a: Vaporeon\n|-activate|p2a: Vaporeon|move: Protect\n|\n|-heal|p2a: Vaporeon|221/364 brn|[from] move: Wish|[wisher] Vaporeon\n|-heal|p2a: Vaporeon|243/364 brn|[from] item: Leftovers\n|-damage|p2a: Vaporeon|221/364 brn|[from] brn\n|upkeep\n|turn|19\n|\n|t:|1733785517\n|switch|p1a: Registeel|Registeel, L81|262/262\n|move|p2a: Vaporeon|Wish|p2a: Vaporeon\n|\n|-heal|p2a: Vaporeon|243/364 brn|[from] item: Leftovers\n|-damage|p2a: Vaporeon|221/364 brn|[from] brn\n|upkeep\n|turn|20\n|\n|t:|1733785523\n|move|p2a: Vaporeon|Scald|p1a: Registeel\n|-damage|p1a: Registeel|189/262\n|move|p1a: Registeel|Iron Defense|p1a: Registeel\n|-boost|p1a: Registeel|def|2\n|\n|-heal|p2a: Vaporeon|364/364 brn|[from] move: Wish|[wisher] Vaporeon\n|-damage|p2a: Vaporeon|342/364 brn|[from] brn\n|upkeep\n|turn|21\n|\n|t:|1733785534\n|move|p2a: Vaporeon|Scald|p1a: Registeel\n|-damage|p1a: Registeel|125/262\n|move|p1a: Registeel|Iron Defense|p1a: Registeel\n|-boost|p1a: Registeel|def|2\n|\n|-heal|p2a: Vaporeon|364/364 brn|[from] item: Leftovers\n|-damage|p2a: Vaporeon|342/364 brn|[from] brn\n|upkeep\n|turn|22\n|\n|t:|1733785545\n|switch|p2a: Donphan|Donphan, L84, F|110/288\n|move|p1a: Registeel|Rest|p1a: Registeel\n|-status|p1a: Registeel|slp|[from] move: Rest\n|-heal|p1a: Registeel|262/262 slp|[silent]\n|-enditem|p1a: Registeel|Chesto Berry|[eat]\n|-curestatus|p1a: Registeel|slp|[msg]\n|\n|upkeep\n|turn|23\n|\n|t:|1733785556\n|move|p2a: Donphan|Earthquake|p1a: Registeel\n|-supereffective|p1a: Registeel\n|-crit|p1a: Registeel\n|-damage|p1a: Registeel|16/262\n|move|p1a: Registeel|Body Press|p2a: Donphan\n|-damage|p2a: Donphan|0 fnt\n|faint|p2a: Donphan\n|\n|upkeep\n|\n|t:|1733785564\n|switch|p2a: Ditto|Ditto, L87|225/225\n|-transform|p2a: Ditto|p1a: Registeel|[from] ability: Imposter\n|turn|24\n|c|\u2606TheLronGiant|Ah geeze rick\n|c|\u2606TheLronGiant|Gg\n|-message|TheLronGiant forfeited.\n|\n|win|Skullmonkey\n|raw|TheLronGiant's rating: 1549 &rarr; <strong>1529</strong><br />(-20 for losing)\n|raw|Skullmonkey's rating: 1550 &rarr; <strong>1570</strong><br />(+20 for winning)\n", "inputlog": ">version bfd83cad13791eb5a5a409923076391caf6fb4d4\n>start {\"formatid\":\"gen9randombattle\",\"seed\":[1232,38204,22887,21810],\"rated\":\"Rated battle\"}\n>player p1 {\"name\":\"TheLronGiant\",\"avatar\":\"pokemonranger\",\"rating\":1549,\"seed\":[9938,37813,37285,6094]}\n>player p2 {\"name\":\"Skullmonkey\",\"avatar\":\"li\",\"rating\":1550,\"seed\":[32922,33286,38473,7198]}\n>p1 switch 4\n>p2 move knockoff\n>p1 move poltergeist\n>p2 move powerwhip\n>p1 move poltergeist\n>p2 move powerwhip\n>p1 switch 2\n>p1 move sacredfire\n>p2 switch 3\n>p1 switch 4\n>p2 move wish\n>p1 move rapidspin\n>p2 switch 2\n>p1 switch 6\n>p2 move stealthrock\n>p1 move bodypress\n>p2 switch 5\n>p1 switch 3\n>p2 move earthquake\n>p1 move hurricane\n>p2 move knockoff\n>p1 move hurricane\n>p2 switch 2\n>p1 move hurricane\n>p2 move protect\n>p1 switch 6\n>p2 move wish\n>p1 move rapidspin\n>p2 switch 3\n>p1 move dracometeor\n>p2 move powerwhip\n>p1 switch 4\n>p1 move sacredfire\n>p2 switch 3\n>p1 move sacredfire\n>p2 move wish\n>p1 move sacredfire\n>p2 move protect\n>p1 switch 3\n>p2 move wish\n>p1 move irondefense\n>p2 move scald\n>p1 move irondefense\n>p2 move scald\n>p1 move rest\n>p2 switch 2\n>p1 move bodypress\n>p2 move earthquake\n>p2 switch 6\n>chat \u2606TheLronGiant|Ah geeze rick\n>chat \u2606TheLronGiant|Gg\n>forcelose p1", "uploadtime": 1733785591, "views": 1, "formatid": "gen9randombattle", "rating": 1529, "private": 0, "password": null}