{"id": "gen9randombattle-2260888359", "format": "[Gen 9] Random Battle", "players": ["carlosaurio326", "ManxCobb"], "log": "|j|\u2606carlosaurio326\n|j|\u2606ManxCobb\n|t:|1733911300\n|gametype|singles\n|player|p1|carlosaurio326|2|1353\n|player|p2|ManxCobb|backersf|1360\n|teamsize|p1|6\n|teamsize|p2|6\n|gen|9\n|tier|[Gen 9] Random Battle\n|rated|\n|rule|Species Clause: Limit one of each Pok\u00e9mon\n|rule|HP Percentage Mod: HP is shown in percentages\n|rule|Sleep Clause Mod: Limit one foe put to sleep\n|rule|Illusion Level Mod: Illusion disguises the Pok\u00e9mon's true level\n|\n|t:|1733911300\n|start\n|switch|p1a: Charizard|Charizard, L85, F|271/271\n|switch|p2a: Abomasnow|Abomasnow, L85, M|291/291\n|-weather|Snow|[from] ability: Snow Warning|[of] p2a: Abomasnow\n|turn|1\n|\n|t:|1733911333\n|move|p1a: Charizard|Flare Blitz|p2a: Abomasnow\n|-supereffective|p2a: Abomasnow\n|-damage|p2a: Abomasnow|0 fnt\n|faint|p2a: Abomasnow\n|-damage|p1a: Charizard|175/271|[from] Recoil\n|\n|-weather|Snow|[upkeep]\n|upkeep\n|\n|t:|1733911337\n|switch|p2a: Volcanion|Volcanion, L79|255/255\n|turn|2\n|\n|t:|1733911348\n|move|p1a: Charizard|Earthquake|p2a: Volcanion\n|-supereffective|p2a: Volcanion\n|-damage|p2a: Volcanion|145/255\n|move|p2a: Volcanion|Flame Charge|p1a: Charizard\n|-resisted|p1a: Charizard\n|-damage|p1a: Charizard|145/271\n|-boost|p2a: Volcanion|spe|1\n|\n|-weather|Snow|[upkeep]\n|upkeep\n|turn|3\n|\n|t:|1733911369\n|move|p2a: Volcanion|Steam Eruption|p1a: Charizard\n|-supereffective|p1a: Charizard\n|-damage|p1a: Charizard|0 fnt\n|faint|p1a: Charizard\n|\n|-weather|Snow|[upkeep]\n|upkeep\n|\n|t:|1733911383\n|switch|p1a: Appletun|Appletun, L92, M|352/352\n|turn|4\n|\n|t:|1733911399\n|move|p2a: Volcanion|Sludge Bomb|p1a: Appletun\n|-supereffective|p1a: Appletun\n|-damage|p1a: Appletun|224/352\n|-status|p1a: Appletun|psn\n|move|p1a: Appletun|Apple Acid|p2a: Volcanion\n|-damage|p2a: Volcanion|78/255\n|-unboost|p2a: Volcanion|spd|1\n|\n|-weather|Snow|[upkeep]\n|-heal|p1a: Appletun|246/352 psn|[from] item: Leftovers\n|-damage|p1a: Appletun|202/352 psn|[from] psn\n|upkeep\n|turn|5\n|\n|t:|1733911413\n|move|p2a: Volcanion|Sludge Bomb|p1a: Appletun\n|-supereffective|p1a: Appletun\n|-damage|p1a: Appletun|54/352 psn\n|move|p1a: Appletun|Leech Seed|p2a: Volcanion\n|-start|p2a: Volcanion|move: Leech Seed\n|\n|-weather|none\n|-heal|p1a: Appletun|76/352 psn|[from] item: Leftovers\n|-damage|p2a: Volcanion|47/255|[from] Leech Seed|[of] p1a: Appletun\n|-heal|p1a: Appletun|107/352 psn|[silent]\n|-damage|p1a: Appletun|63/352 psn|[from] psn\n|upkeep\n|turn|6\n|\n|t:|1733911425\n|move|p2a: Volcanion|Sludge Bomb|p1a: Appletun\n|-supereffective|p1a: Appletun\n|-damage|p1a: Appletun|0 fnt\n|faint|p1a: Appletun\n|\n|upkeep\n|\n|t:|1733911433\n|switch|p1a: Barraskewda|Barraskewda, L81, F|231/231\n|turn|7\n|\n|t:|1733911440\n|move|p1a: Barraskewda|Poison Jab|p2a: Volcanion\n|-damage|p2a: Volcanion|0 fnt\n|faint|p2a: Volcanion\n|\n|upkeep\n|\n|t:|1733911444\n|switch|p2a: Flapple|Flapple, L88, M|266/266\n|turn|8\n|\n|t:|1733911446\n|move|p1a: Barraskewda|Poison Jab|p2a: Flapple\n|-supereffective|p2a: Flapple\n|-damage|p2a: Flapple|68/266\n|move|p2a: Flapple|Grav Apple|p1a: Barraskewda|[miss]\n|-miss|p2a: Flapple|p1a: Barraskewda\n|\n|upkeep\n|turn|9\n|c|\u2606ManxCobb|WTFFFF\n|\n|t:|1733911457\n|switch|p2a: Klawf|Klawf, L90, M|272/272\n|move|p1a: Barraskewda|Poison Jab|p2a: Klawf\n|-resisted|p2a: Klawf\n|-damage|p2a: Klawf|238/272\n|-status|p2a: Klawf|psn\n|\n|-damage|p2a: Klawf|204/272 psn|[from] psn\n|upkeep\n|turn|10\n|c|\u2606carlosaurio326|hustle\n|c|\u2606ManxCobb|whats that mean???\n|c|\u2606carlosaurio326|increase attack but decrease accuracy\n|c|\u2606carlosaurio326|its the ability\n|c|\u2606carlosaurio326|100% attacks have 80% accuracy\n|\n|t:|1733911517\n|switch|p1a: Victreebel|Victreebel, L90, F|290/290\n|move|p2a: Klawf|Knock Off|p1a: Victreebel\n|-damage|p1a: Victreebel|165/290\n|-enditem|p1a: Victreebel|Life Orb|[from] move: Knock Off|[of] p2a: Klawf\n|-damage|p2a: Klawf|177/272 psn|[from] item: Life Orb\n|\n|-damage|p2a: Klawf|143/272 psn|[from] psn\n|upkeep\n|turn|11\n|\n|t:|1733911525\n|switch|p2a: Flapple|Flapple, L88, M|68/266\n|move|p1a: Victreebel|Strength Sap|p2a: Flapple\n|-unboost|p2a: Flapple|atk|1\n|-heal|p1a: Victreebel|290/290\n|\n|upkeep\n|turn|12\n|c|\u2606ManxCobb|oh for sure i dudint know that\n|\n|t:|1733911535\n|move|p1a: Victreebel|Sludge Wave|p2a: Flapple\n|-supereffective|p2a: Flapple\n|-damage|p2a: Flapple|0 fnt\n|faint|p2a: Flapple\n|\n|upkeep\n|\n|t:|1733911540\n|switch|p2a: Beartic|Beartic, L91, F|321/321\n|turn|13\n|\n|t:|1733911547\n|move|p1a: Victreebel|Strength Sap|p2a: Beartic\n|-unboost|p2a: Beartic|atk|1\n|move|p2a: Beartic|Swords Dance|p2a: Beartic\n|-boost|p2a: Beartic|atk|2\n|\n|upkeep\n|turn|14\n|\n|t:|1733911553\n|move|p1a: Victreebel|Sleep Powder|p2a: Beartic\n|-status|p2a: Beartic|slp|[from] move: Sleep Powder\n|cant|p2a: Beartic|slp\n|\n|upkeep\n|turn|15\n|\n|t:|1733911557\n|move|p1a: Victreebel|Sludge Wave|p2a: Beartic\n|-damage|p2a: Beartic|197/321 slp\n|-curestatus|p2a: Beartic|slp|[msg]\n|move|p2a: Beartic|Icicle Crash|p1a: Victreebel\n|-supereffective|p1a: Victreebel\n|-damage|p1a: Victreebel|0 fnt\n|faint|p1a: Victreebel\n|\n|upkeep\n|\n|t:|1733911563\n|switch|p1a: Barraskewda|Barraskewda, L81, F|231/231\n|turn|16\n|\n|t:|1733911569\n|-terastallize|p2a: Beartic|Ground\n|move|p1a: Barraskewda|Close Combat|p2a: Beartic\n|-damage|p2a: Beartic|54/321\n|-unboost|p1a: Barraskewda|def|1\n|-unboost|p1a: Barraskewda|spd|1\n|move|p2a: Beartic|Close Combat|p1a: Barraskewda\n|-damage|p1a: Barraskewda|0 fnt\n|-unboost|p2a: Beartic|def|1\n|-unboost|p2a: Beartic|spd|1\n|faint|p1a: Barraskewda\n|\n|upkeep\n|\n|t:|1733911582\n|switch|p1a: Ampharos|Ampharos, L88, M|302/302\n|turn|17\n|\n|t:|1733911588\n|switch|p2a: Pincurchin|Pincurchin, F|258/258\n|-fieldstart|move: Electric Terrain|[from] ability: Electric Surge|[of] p2a: Pincurchin\n|move|p1a: Ampharos|Dazzling Gleam|p2a: Pincurchin\n|-damage|p2a: Pincurchin|165/258\n|\n|-heal|p2a: Pincurchin|181/258|[from] item: Leftovers\n|upkeep\n|turn|18\n|\n|t:|1733911594\n|move|p1a: Ampharos|Dazzling Gleam|p2a: Pincurchin\n|-damage|p2a: Pincurchin|92/258\n|move|p2a: Pincurchin|Scald|p1a: Ampharos\n|-damage|p1a: Ampharos|224/302\n|-status|p1a: Ampharos|brn\n|\n|-heal|p2a: Pincurchin|108/258|[from] item: Leftovers\n|-damage|p1a: Ampharos|206/302 brn|[from] brn\n|upkeep\n|turn|19\n|\n|t:|1733911600\n|move|p1a: Ampharos|Dazzling Gleam|p2a: Pincurchin\n|-damage|p2a: Pincurchin|12/258\n|move|p2a: Pincurchin|Recover|p2a: Pincurchin\n|-heal|p2a: Pincurchin|141/258\n|\n|-heal|p2a: Pincurchin|157/258|[from] item: Leftovers\n|-damage|p1a: Ampharos|188/302 brn|[from] brn\n|upkeep\n|turn|20\n|\n|t:|1733911608\n|move|p1a: Ampharos|Dazzling Gleam|p2a: Pincurchin\n|-damage|p2a: Pincurchin|64/258\n|move|p2a: Pincurchin|Scald|p1a: Ampharos\n|-damage|p1a: Ampharos|121/302 brn\n|\n|-heal|p2a: Pincurchin|80/258|[from] item: Leftovers\n|-damage|p1a: Ampharos|103/302 brn|[from] brn\n|upkeep\n|turn|21\n|\n|t:|1733911614\n|switch|p1a: Sableye|Sableye, L89, M|234/234\n|move|p2a: Pincurchin|Recover|p2a: Pincurchin\n|-heal|p2a: Pincurchin|209/258\n|\n|-heal|p2a: Pincurchin|225/258|[from] item: Leftovers\n|-fieldend|move: Electric Terrain\n|upkeep\n|turn|22\n|\n|t:|1733911621\n|switch|p2a: Beartic|Beartic, L91, F, tera:Ground|54/321\n|move|p1a: Sableye|Encore||[still]\n|-fail|p1a: Sableye\n|\n|upkeep\n|turn|23\n|\n|t:|1733911628\n|move|p2a: Beartic|Icicle Crash|p1a: Sableye\n|-damage|p1a: Sableye|104/234\n|cant|p1a: Sableye|flinch\n|\n|-heal|p1a: Sableye|118/234|[from] item: Leftovers\n|upkeep\n|turn|24\n|\n|t:|1733911636\n|move|p1a: Sableye|Recover|p1a: Sableye\n|-heal|p1a: Sableye|234/234\n|move|p2a: Beartic|Icicle Crash|p1a: Sableye\n|-damage|p1a: Sableye|99/234\n|\n|-heal|p1a: Sableye|113/234|[from] item: Leftovers\n|upkeep\n|turn|25\n|\n|t:|1733911644\n|move|p1a: Sableye|Recover|p1a: Sableye\n|-heal|p1a: Sableye|230/234\n|move|p2a: Beartic|Icicle Crash|p1a: Sableye\n|-damage|p1a: Sableye|82/234\n|\n|-heal|p1a: Sableye|96/234|[from] item: Leftovers\n|upkeep\n|turn|26\n|\n|t:|1733911649\n|-terastallize|p1a: Sableye|Steel\n|move|p1a: Sableye|Recover|p1a: Sableye\n|-heal|p1a: Sableye|213/234\n|move|p2a: Beartic|Icicle Crash|p1a: Sableye\n|-resisted|p1a: Sableye\n|-damage|p1a: Sableye|147/234\n|\n|-heal|p1a: Sableye|161/234|[from] item: Leftovers\n|upkeep\n|turn|27\n|\n|t:|1733911652\n|move|p1a: Sableye|Recover|p1a: Sableye\n|-heal|p1a: Sableye|234/234\n|move|p2a: Beartic|Earthquake|p1a: Sableye\n|-supereffective|p1a: Sableye\n|-damage|p1a: Sableye|0 fnt\n|faint|p1a: Sableye\n|\n|upkeep\n|\n|t:|1733911654\n|switch|p1a: Ampharos|Ampharos, L88, M|103/302 brn\n|turn|28\n|\n|t:|1733911657\n|move|p1a: Ampharos|Volt Switch|p2a: Beartic\n|-immune|p2a: Beartic\n|move|p2a: Beartic|Earthquake|p1a: Ampharos\n|-supereffective|p1a: Ampharos\n|-damage|p1a: Ampharos|0 fnt\n|faint|p1a: Ampharos\n|\n|win|ManxCobb\n|raw|carlosaurio326's rating: 1353 &rarr; <strong>1333</strong><br />(-20 for losing)\n|raw|ManxCobb's rating: 1360 &rarr; <strong>1380</strong><br />(+20 for winning)\n|c|\u2606carlosaurio326|gg\n|c|\u2606ManxCobb|what a come bacl\n|c|\u2606ManxCobb|gg brother\n|c|\u2606carlosaurio326|indeed\n", "inputlog": ">version bfd83cad13791eb5a5a409923076391caf6fb4d4\n>start {\"formatid\":\"gen9randombattle\",\"seed\":[7995,54622,7778,25666],\"rated\":\"Rated battle\"}\n>player p1 {\"name\":\"carlosaurio326\",\"avatar\":\"2\",\"rating\":1353,\"seed\":[37734,6873,47726,2607]}\n>player p2 {\"name\":\"ManxCobb\",\"avatar\":\"backersf\",\"rating\":1360,\"seed\":[8812,50052,62606,62753]}\n>p1 move flareblitz\n>p2 move auroraveil\n>p2 switch 2\n>p1 move earthquake\n>p2 move flamecharge\n>p1 move earthquake\n>p2 move steameruption\n>p1 switch 2\n>p1 move appleacid\n>p2 move sludgebomb\n>p1 move leechseed\n>p2 move sludgebomb\n>p1 move recover\n>p2 move sludgebomb\n>p1 switch 5\n>p1 move poisonjab\n>p2 move sludgebomb\n>p2 switch 6\n>p1 move poisonjab\n>p2 move gravapple\n>chat \u2606ManxCobb|WTFFFF\n>p1 move poisonjab\n>p2 switch 3\n>chat \u2606carlosaurio326|hustle\n>chat \u2606ManxCobb|whats that mean???\n>chat \u2606carlosaurio326|increase attack but decrease accuracy\n>chat \u2606carlosaurio326|its the ability\n>chat \u2606carlosaurio326|100% attacks have 80% accuracy\n>p1 switch 4\n>p2 move knockoff\n>p1 move strengthsap\n>p2 switch 3\n>chat \u2606ManxCobb|oh for sure i dudint know that\n>p1 move sludgewave\n>p2 move outrage\n>p2 switch 4\n>p1 move strengthsap\n>p2 move swordsdance\n>p1 move sleeppowder\n>p2 move iciclecrash\n>p1 move sludgewave\n>p2 move iciclecrash\n>p1 switch 4\n>p1 move closecombat\n>p2 move closecombat terastallize\n>p1 switch 6\n>p1 move dazzlinggleam\n>p2 switch 5\n>p1 move dazzlinggleam\n>p2 move scald\n>p1 move dazzlinggleam\n>p2 move recover\n>p1 move dazzlinggleam\n>p2 move scald\n>p1 switch 3\n>p2 move recover\n>p1 move encore\n>p2 switch 5\n>p1 move knockoff\n>p2 move iciclecrash\n>p1 move recover\n>p2 move iciclecrash\n>p1 move recover\n>p2 move iciclecrash\n>p1 move recover terastallize\n>p2 move iciclecrash\n>p1 move recover\n>p2 move earthquake\n>p1 switch 3\n>p1 move voltswitch\n>p2 move earthquake", "uploadtime": 1733911674, "views": 2, "formatid": "gen9randombattle", "rating": 1333, "private": 0, "password": null}