{"id": "gen9randombattle-2260604569", "format": "[Gen 9] Random Battle", "players": ["clover420", "zeolong"], "log": "|j|\u2606clover420\n|j|\u2606zeolong\n|t:|1733868345\n|gametype|singles\n|player|p1|clover420|169|1365\n|player|p2|zeolong|266|1337\n|teamsize|p1|6\n|teamsize|p2|6\n|gen|9\n|tier|[Gen 9] Random Battle\n|rated|\n|rule|Species Clause: Limit one of each Pok\u00e9mon\n|rule|HP Percentage Mod: HP is shown in percentages\n|rule|Sleep Clause Mod: Limit one foe put to sleep\n|rule|Illusion Level Mod: Illusion disguises the Pok\u00e9mon's true level\n|\n|t:|1733868345\n|start\n|switch|p1a: Tsareena|Tsareena, L87, F|267/267\n|switch|p2a: Toxapex|Toxapex, L82, M|216/216\n|turn|1\n|inactive|Battle timer is ON: inactive players will automatically lose when time's up. (requested by zeolong)\n|inactive|clover420 has 120 seconds left.\n|\n|t:|1733868379\n|switch|p1a: Alcremie|Alcremie-Rainbow-Swirl, L90, F|263/263\n|move|p2a: Toxapex|Toxic|p1a: Alcremie\n|-status|p1a: Alcremie|tox\n|\n|-damage|p1a: Alcremie|247/263 tox|[from] psn\n|upkeep\n|turn|2\n|\n|t:|1733868385\n|move|p1a: Alcremie|Psychic|p2a: Toxapex\n|-supereffective|p2a: Toxapex\n|-damage|p2a: Toxapex|96/216\n|move|p2a: Toxapex|Liquidation|p1a: Alcremie\n|-damage|p1a: Alcremie|181/263 tox\n|\n|-heal|p1a: Alcremie|197/263 tox|[from] item: Leftovers\n|-damage|p1a: Alcremie|165/263 tox|[from] psn\n|upkeep\n|turn|3\n|\n|t:|1733868392\n|switch|p1a: Noivern|Noivern, L82, F|274/274\n|switch|p2a: Zarude|Zarude-Dada, L78|292/292\n|\n|upkeep\n|turn|4\n|\n|t:|1733868402\n|switch|p2a: Toxapex|Toxapex, L82, M|168/216\n|move|p1a: Noivern|U-turn|p2a: Toxapex\n|-resisted|p2a: Toxapex\n|-crit|p2a: Toxapex\n|-damage|p2a: Toxapex|148/216\n|-damage|p1a: Noivern|229/274|[from] item: Rocky Helmet|[of] p2a: Toxapex\n|\n|t:|1733868411\n|switch|p1a: Virizion|Virizion, L82|283/283|[from] U-turn\n|\n|upkeep\n|turn|5\n|\n|t:|1733868422\n|move|p1a: Virizion|Swords Dance|p1a: Virizion\n|-boost|p1a: Virizion|atk|2\n|move|p2a: Toxapex|Toxic|p1a: Virizion\n|-status|p1a: Virizion|tox\n|\n|-damage|p1a: Virizion|266/283 tox|[from] psn\n|upkeep\n|turn|6\n|\n|t:|1733868428\n|switch|p2a: Swalot|Swalot, L90, M|326/326\n|move|p1a: Virizion|Leaf Blade|p2a: Swalot\n|-resisted|p2a: Swalot\n|-damage|p2a: Swalot|226/326\n|-damage|p1a: Virizion|238/283 tox|[from] item: Life Orb\n|\n|-heal|p2a: Swalot|246/326|[from] item: Leftovers\n|-damage|p1a: Virizion|204/283 tox|[from] psn\n|upkeep\n|turn|7\n|\n|t:|1733868434\n|move|p1a: Virizion|Stone Edge|p2a: Swalot\n|-damage|p2a: Swalot|94/326\n|-damage|p1a: Virizion|176/283 tox|[from] item: Life Orb\n|move|p2a: Swalot|Clear Smog|p1a: Virizion\n|-supereffective|p1a: Virizion\n|-damage|p1a: Virizion|96/283 tox\n|-clearboost|p1a: Virizion\n|\n|-heal|p2a: Swalot|114/326|[from] item: Leftovers\n|-damage|p1a: Virizion|45/283 tox|[from] psn\n|upkeep\n|turn|8\n|-message|clover420 forfeited.\n|\n|win|zeolong\n|raw|clover420's rating: 1365 &rarr; <strong>1343</strong><br />(-22 for losing)\n|raw|zeolong's rating: 1337 &rarr; <strong>1359</strong><br />(+22 for winning)\n|l|\u2606clover420\n|player|p1|\n", "inputlog": ">version bfd83cad13791eb5a5a409923076391caf6fb4d4\n>start {\"formatid\":\"gen9randombattle\",\"seed\":[39421,56321,42770,9989],\"rated\":\"Rated battle\"}\n>player p1 {\"name\":\"clover420\",\"avatar\":\"169\",\"rating\":1365,\"seed\":[2037,28829,28931,9435]}\n>player p2 {\"name\":\"zeolong\",\"avatar\":\"266\",\"rating\":1337,\"seed\":[47276,39888,7907,34263]}\n>p1 switch 6\n>p2 move toxic\n>p1 move psychic\n>p2 move liquidation\n>p1 switch 4\n>p2 switch 4\n>p1 move uturn\n>p2 switch 4\n>p1 switch 5\n>p1 move swordsdance\n>p2 move toxic\n>p1 move leafblade\n>p2 switch 5\n>p1 move stoneedge\n>p2 move clearsmog\n>forcelose p1", "uploadtime": 1733868443, "views": 1, "formatid": "gen9randombattle", "rating": 1343, "private": 0, "password": null}