{"id": "gen9randombattle-2260425006", "format": "[Gen 9] Random Battle", "players": ["ALPHA5222", "thegregfre"], "log": "|j|\u2606ALPHA5222\n|j|\u2606thegregfre\n|t:|1733850350\n|gametype|singles\n|player|p1|ALPHA5222|170|\n|player|p2|thegregfre|sage|\n|teamsize|p1|6\n|teamsize|p2|6\n|gen|9\n|tier|[Gen 9] Random Battle\n|rule|Species Clause: Limit one of each Pok\u00e9mon\n|rule|HP Percentage Mod: HP is shown in percentages\n|rule|Sleep Clause Mod: Limit one foe put to sleep\n|rule|Illusion Level Mod: Illusion disguises the Pok\u00e9mon's true level\n|\n|t:|1733850350\n|start\n|switch|p1a: Alomomola|Alomomola, L87, F|429/429\n|switch|p2a: Hitmonchan|Hitmonchan, L87, M|229/229\n|turn|1\n|c|\u2606thegregfre|glhf\n|\n|t:|1733850363\n|move|p2a: Hitmonchan|Swords Dance|p2a: Hitmonchan\n|-boost|p2a: Hitmonchan|atk|2\n|move|p1a: Alomomola|Scald|p2a: Hitmonchan\n|-damage|p2a: Hitmonchan|187/229\n|-status|p2a: Hitmonchan|brn\n|\n|-heal|p2a: Hitmonchan|201/229 brn|[from] item: Leftovers\n|-damage|p2a: Hitmonchan|187/229 brn|[from] brn\n|upkeep\n|turn|2\n|\n|t:|1733850382\n|switch|p1a: Eternatus|Eternatus, L69|308/308\n|-ability|p1a: Eternatus|Pressure\n|move|p2a: Hitmonchan|Swords Dance|p2a: Hitmonchan\n|-boost|p2a: Hitmonchan|atk|2\n|\n|-heal|p2a: Hitmonchan|201/229 brn|[from] item: Leftovers\n|-damage|p2a: Hitmonchan|187/229 brn|[from] brn\n|upkeep\n|turn|3\n|\n|t:|1733850398\n|move|p1a: Eternatus|Toxic Spikes|p2a: Hitmonchan\n|-sidestart|p2: thegregfre|move: Toxic Spikes\n|move|p2a: Hitmonchan|Drain Punch|p1a: Eternatus\n|-resisted|p1a: Eternatus\n|-damage|p1a: Eternatus|212/308\n|-heal|p2a: Hitmonchan|229/229 brn|[from] drain|[of] p1a: Eternatus\n|-damage|p2a: Hitmonchan|191/229 brn|[from] item: Rocky Helmet|[of] p1a: Eternatus\n|\n|-heal|p2a: Hitmonchan|205/229 brn|[from] item: Leftovers\n|-damage|p2a: Hitmonchan|191/229 brn|[from] brn\n|upkeep\n|turn|4\n|\n|t:|1733850407\n|move|p1a: Eternatus|Toxic Spikes|p2a: Hitmonchan\n|-sidestart|p2: thegregfre|move: Toxic Spikes\n|move|p2a: Hitmonchan|Knock Off|p1a: Eternatus\n|-damage|p1a: Eternatus|81/308\n|-damage|p2a: Hitmonchan|153/229 brn|[from] item: Rocky Helmet|[of] p1a: Eternatus\n|-enditem|p1a: Eternatus|Rocky Helmet|[from] move: Knock Off|[of] p2a: Hitmonchan\n|\n|-heal|p2a: Hitmonchan|167/229 brn|[from] item: Leftovers\n|-damage|p2a: Hitmonchan|153/229 brn|[from] brn\n|upkeep\n|turn|5\n|c|\u2606thegregfre|I forgot\n|\n|t:|1733850420\n|move|p1a: Eternatus|Recover|p1a: Eternatus\n|-heal|p1a: Eternatus|235/308\n|move|p2a: Hitmonchan|Rapid Spin|p1a: Eternatus\n|-damage|p1a: Eternatus|165/308\n|-boost|p2a: Hitmonchan|spe|1\n|-sideend|p2: thegregfre|Toxic Spikes|[from] move: Rapid Spin|[of] p2a: Hitmonchan\n|\n|-heal|p2a: Hitmonchan|167/229 brn|[from] item: Leftovers\n|-damage|p2a: Hitmonchan|153/229 brn|[from] brn\n|upkeep\n|turn|6\n|\n|t:|1733850440\n|move|p2a: Hitmonchan|Swords Dance|p2a: Hitmonchan\n|-boost|p2a: Hitmonchan|atk|2\n|move|p1a: Eternatus|Recover|p1a: Eternatus\n|-heal|p1a: Eternatus|308/308\n|\n|-heal|p2a: Hitmonchan|167/229 brn|[from] item: Leftovers\n|-damage|p2a: Hitmonchan|153/229 brn|[from] brn\n|upkeep\n|turn|7\n|\n|t:|1733850453\n|move|p2a: Hitmonchan|Drain Punch|p1a: Eternatus\n|-resisted|p1a: Eternatus\n|-damage|p1a: Eternatus|192/308\n|-heal|p2a: Hitmonchan|211/229 brn|[from] drain|[of] p1a: Eternatus\n|move|p1a: Eternatus|Dynamax Cannon|p2a: Hitmonchan\n|-damage|p2a: Hitmonchan|136/229 brn\n|\n|-heal|p2a: Hitmonchan|150/229 brn|[from] item: Leftovers\n|-damage|p2a: Hitmonchan|136/229 brn|[from] brn\n|upkeep\n|turn|8\n|\n|t:|1733850480\n|move|p2a: Hitmonchan|Knock Off|p1a: Eternatus\n|-damage|p1a: Eternatus|68/308\n|move|p1a: Eternatus|Dynamax Cannon|p2a: Hitmonchan\n|-damage|p2a: Hitmonchan|49/229 brn\n|\n|-heal|p2a: Hitmonchan|63/229 brn|[from] item: Leftovers\n|-damage|p2a: Hitmonchan|49/229 brn|[from] brn\n|upkeep\n|turn|9\n|\n|t:|1733850494\n|move|p2a: Hitmonchan|Drain Punch|p1a: Eternatus\n|-resisted|p1a: Eternatus\n|-damage|p1a: Eternatus|0 fnt\n|-heal|p2a: Hitmonchan|83/229 brn|[from] drain|[of] p1a: Eternatus\n|faint|p1a: Eternatus\n|\n|-heal|p2a: Hitmonchan|97/229 brn|[from] item: Leftovers\n|-damage|p2a: Hitmonchan|83/229 brn|[from] brn\n|upkeep\n|\n|t:|1733850520\n|switch|p1a: Tatsugiri|Tatsugiri-Stretchy, L87, M|260/260\n|turn|10\n|\n|t:|1733850524\n|move|p2a: Hitmonchan|Drain Punch|p1a: Tatsugiri\n|-damage|p1a: Tatsugiri|0 fnt\n|-heal|p2a: Hitmonchan|213/229 brn|[from] drain|[of] p1a: Tatsugiri\n|faint|p1a: Tatsugiri\n|\n|-heal|p2a: Hitmonchan|227/229 brn|[from] item: Leftovers\n|-damage|p2a: Hitmonchan|213/229 brn|[from] brn\n|upkeep\n|c|\u2606thegregfre|Neat\n|\n|t:|1733850550\n|switch|p1a: Diancie|Diancie, L82|216/216\n|turn|11\n|\n|t:|1733850560\n|move|p2a: Hitmonchan|Drain Punch|p1a: Diancie\n|-damage|p1a: Diancie|77/216\n|-heal|p2a: Hitmonchan|229/229 brn|[from] drain|[of] p1a: Diancie\n|move|p1a: Diancie|Draining Kiss|p2a: Hitmonchan\n|-supereffective|p2a: Hitmonchan\n|-damage|p2a: Hitmonchan|149/229 brn\n|-heal|p1a: Diancie|137/216|[from] drain|[of] p2a: Hitmonchan\n|\n|-heal|p2a: Hitmonchan|163/229 brn|[from] item: Leftovers\n|-heal|p1a: Diancie|150/216|[from] item: Leftovers\n|-damage|p2a: Hitmonchan|149/229 brn|[from] brn\n|upkeep\n|turn|12\n|\n|t:|1733850574\n|move|p2a: Hitmonchan|Knock Off|p1a: Diancie\n|-resisted|p1a: Diancie\n|-damage|p1a: Diancie|96/216\n|-enditem|p1a: Diancie|Leftovers|[from] move: Knock Off|[of] p2a: Hitmonchan\n|move|p1a: Diancie|Diamond Storm|p2a: Hitmonchan|[miss]\n|-miss|p1a: Diancie|p2a: Hitmonchan\n|\n|-heal|p2a: Hitmonchan|163/229 brn|[from] item: Leftovers\n|-damage|p2a: Hitmonchan|149/229 brn|[from] brn\n|upkeep\n|turn|13\n|c|\u2606thegregfre|Bro missed\n|\n|t:|1733850592\n|move|p2a: Hitmonchan|Drain Punch|p1a: Diancie\n|-damage|p1a: Diancie|0 fnt\n|-heal|p2a: Hitmonchan|197/229 brn|[from] drain|[of] p1a: Diancie\n|faint|p1a: Diancie\n|\n|-heal|p2a: Hitmonchan|211/229 brn|[from] item: Leftovers\n|-damage|p2a: Hitmonchan|197/229 brn|[from] brn\n|upkeep\n|c|\u2606ALPHA5222|nice 5% miss\n|c|\u2606thegregfre|Sad\n|c|\u2606thegregfre|Af\n|\n|t:|1733850599\n|switch|p1a: Urshifu|Urshifu, L74, M|270/270\n|turn|14\n|\n|t:|1733850611\n|-terastallize|p1a: Urshifu|Poison\n|move|p2a: Hitmonchan|Drain Punch|p1a: Urshifu\n|-resisted|p1a: Urshifu\n|-damage|p1a: Urshifu|155/270\n|-heal|p2a: Hitmonchan|229/229 brn|[from] drain|[of] p1a: Urshifu\n|move|p1a: Urshifu|Close Combat|p2a: Hitmonchan\n|-damage|p2a: Hitmonchan|72/229 brn\n|-unboost|p1a: Urshifu|def|1\n|-unboost|p1a: Urshifu|spd|1\n|-damage|p1a: Urshifu|128/270|[from] item: Life Orb\n|\n|-heal|p2a: Hitmonchan|86/229 brn|[from] item: Leftovers\n|-damage|p2a: Hitmonchan|72/229 brn|[from] brn\n|upkeep\n|turn|15\n|\n|t:|1733850627\n|move|p2a: Hitmonchan|Drain Punch|p1a: Urshifu\n|-resisted|p1a: Urshifu\n|-damage|p1a: Urshifu|0 fnt\n|-heal|p2a: Hitmonchan|136/229 brn|[from] drain|[of] p1a: Urshifu\n|faint|p1a: Urshifu\n|\n|-heal|p2a: Hitmonchan|150/229 brn|[from] item: Leftovers\n|-damage|p2a: Hitmonchan|136/229 brn|[from] brn\n|upkeep\n|\n|t:|1733850631\n|switch|p1a: Bastiodon|Bastiodon, L89, F|252/252\n|turn|16\n|c|\u2606thegregfre|Hitmonchan op?\n|\n|t:|1733850644\n|move|p2a: Hitmonchan|Drain Punch|p1a: Bastiodon\n|-supereffective|p1a: Bastiodon\n|-damage|p1a: Bastiodon|0 fnt\n|-heal|p2a: Hitmonchan|229/229 brn|[from] drain|[of] p1a: Bastiodon\n|faint|p1a: Bastiodon\n|\n|-damage|p2a: Hitmonchan|215/229 brn|[from] brn\n|upkeep\n|\n|t:|1733850648\n|switch|p1a: Alomomola|Alomomola, L87, F|429/429\n|turn|17\n|c|\u2606ALPHA5222|no idea why is that shit so bulku\n|c|\u2606ALPHA5222|bulky\n|\n|t:|1733850663\n|move|p2a: Hitmonchan|Knock Off|p1a: Alomomola\n|-damage|p1a: Alomomola|271/429\n|-enditem|p1a: Alomomola|Leftovers|[from] move: Knock Off|[of] p2a: Hitmonchan\n|move|p1a: Alomomola|Wish|p1a: Alomomola\n|\n|-heal|p2a: Hitmonchan|229/229 brn|[from] item: Leftovers\n|-damage|p2a: Hitmonchan|215/229 brn|[from] brn\n|upkeep\n|turn|18\n|c|\u2606thegregfre|Yeah me too \ud83d\ude2d\n|\n|t:|1733850677\n|move|p2a: Hitmonchan|Drain Punch|p1a: Alomomola\n|-damage|p1a: Alomomola|55/429\n|-heal|p2a: Hitmonchan|229/229 brn|[from] drain|[of] p1a: Alomomola\n|move|p1a: Alomomola|Scald|p2a: Hitmonchan\n|-damage|p2a: Hitmonchan|184/229 brn\n|\n|-heal|p1a: Alomomola|269/429|[from] move: Wish|[wisher] Alomomola\n|-heal|p2a: Hitmonchan|198/229 brn|[from] item: Leftovers\n|-damage|p2a: Hitmonchan|184/229 brn|[from] brn\n|upkeep\n|turn|19\n|\n|t:|1733850692\n|move|p2a: Hitmonchan|Drain Punch|p1a: Alomomola\n|-damage|p1a: Alomomola|44/429\n|-heal|p2a: Hitmonchan|229/229 brn|[from] drain|[of] p1a: Alomomola\n|move|p1a: Alomomola|Scald|p2a: Hitmonchan\n|-damage|p2a: Hitmonchan|190/229 brn\n|\n|-heal|p2a: Hitmonchan|204/229 brn|[from] item: Leftovers\n|-damage|p2a: Hitmonchan|190/229 brn|[from] brn\n|upkeep\n|turn|20\n|c|\u2606thegregfre|Gg\n|c|\u2606thegregfre|One more?\n|\n|t:|1733850707\n|move|p2a: Hitmonchan|Drain Punch|p1a: Alomomola\n|-damage|p1a: Alomomola|0 fnt\n|-heal|p2a: Hitmonchan|212/229 brn|[from] drain|[of] p1a: Alomomola\n|faint|p1a: Alomomola\n|\n|win|thegregfre\n|c|\u2606ALPHA5222|sure\n|c|\u2606thegregfre|Bet\n|l|\u2606ALPHA5222\n|player|p1|\n", "inputlog": ">version bfd83cad13791eb5a5a409923076391caf6fb4d4\n>start {\"formatid\":\"gen9randombattle\",\"seed\":[59330,26139,45669,23611]}\n>player p1 {\"name\":\"ALPHA5222\",\"avatar\":\"170\",\"rating\":0,\"seed\":[2345,35640,46171,24113]}\n>player p2 {\"name\":\"thegregfre\",\"avatar\":\"sage\",\"rating\":0,\"seed\":[17688,29717,64333,38208]}\n>chat \u2606thegregfre|glhf\n>p1 move scald\n>p2 move swordsdance\n>p1 switch 4\n>p2 move swordsdance\n>p1 move toxicspikes\n>p2 move drainpunch\n>p1 move toxicspikes\n>p2 move knockoff\n>chat \u2606thegregfre|I forgot\n>p1 move recover\n>p2 move rapidspin\n>p1 move recover\n>p2 move swordsdance\n>p1 move dynamaxcannon\n>p2 move drainpunch\n>p1 move dynamaxcannon\n>p2 move knockoff\n>p1 move toxicspikes\n>p2 move drainpunch\n>p1 switch 6\n>p1 move surf\n>p2 move drainpunch\n>chat \u2606thegregfre|Neat\n>p1 switch 5\n>p1 move drainingkiss\n>p2 move drainpunch\n>p1 move diamondstorm\n>p2 move knockoff\n>chat \u2606thegregfre|Bro missed\n>p1 move diamondstorm\n>p2 move drainpunch\n>chat \u2606ALPHA5222|nice 5% miss\n>chat \u2606thegregfre|Sad\n>chat \u2606thegregfre|Af\n>p1 switch 3\n>p1 move closecombat terastallize\n>p2 move drainpunch\n>p1 move closecombat\n>p2 move drainpunch\n>p1 switch 2\n>chat \u2606thegregfre|Hitmonchan op?\n>p1 move foulplay\n>p2 move drainpunch\n>p1 switch 4\n>chat \u2606ALPHA5222|no idea why is that shit so bulku\n>chat \u2606ALPHA5222|bulky\n>p1 move wish\n>p2 move knockoff\n>chat \u2606thegregfre|Yeah me too \ud83d\ude2d\n>p1 move scald\n>p2 move drainpunch\n>p1 move scald\n>p2 move drainpunch\n>chat \u2606thegregfre|Gg\n>chat \u2606thegregfre|One more?\n>p1 move flipturn\n>p2 move drainpunch", "uploadtime": 1733850719, "views": 15, "formatid": "gen9randombattle", "rating": null, "private": 0, "password": null}