{"id": "gen9randombattle-2252373281", "format": "[Gen 9] Random Battle", "players": ["kandkad", "paysa"], "log": "|badge|p1|silver|gen9randombattle|30-3\n|uhtml|medal-msg|<div class=\"broadcast-blue\">Curious what those medals under the avatar are? PS now has Ladder Seasons! For more information, check out the <a href=\"https://www.smogon.com/forums/threads/3740067/\">thread on Smogon.</a></div>\n|badge|p2|gold|gen9randombattle|3-3\n|uhtml|medal-msg|<div class=\"broadcast-blue\">Curious what those medals under the avatar are? PS now has Ladder Seasons! For more information, check out the <a href=\"https://www.smogon.com/forums/threads/3740067/\">thread on Smogon.</a></div>\n|j|\u2606kandkad\n|j|\u2606paysa\n|t:|1732742969\n|gametype|singles\n|player|p1|kandkad|wulfric|2420\n|player|p2|paysa|caitlin|2511\n|teamsize|p1|6\n|teamsize|p2|6\n|gen|9\n|tier|[Gen 9] Random Battle\n|rated|\n|rule|Species Clause: Limit one of each Pok\u00e9mon\n|rule|HP Percentage Mod: HP is shown in percentages\n|rule|Sleep Clause Mod: Limit one foe put to sleep\n|rule|Illusion Level Mod: Illusion disguises the Pok\u00e9mon's true level\n|\n|t:|1732742969\n|start\n|switch|p1a: Toucannon|Toucannon, L88, F|284/284\n|switch|p2a: Pelipper|Pelipper, L86, F|243/243\n|-weather|RainDance|[from] ability: Drizzle|[of] p2a: Pelipper\n|turn|1\n|inactive|Battle timer is ON: inactive players will automatically lose when time's up. (requested by paysa)\n|inactive|kandkad also wants the timer to be on.\n|inactive|paysa has 120 seconds left.\n|\n|t:|1732743011\n|move|p2a: Pelipper|Hydro Pump|p1a: Toucannon\n|-damage|p1a: Toucannon|0 fnt\n|faint|p1a: Toucannon\n|\n|-weather|RainDance|[upkeep]\n|upkeep\n|\n|t:|1732743025\n|switch|p1a: Mienshao|Mienshao, L83, M|244/244\n|turn|2\n|\n|t:|1732743032\n|move|p1a: Mienshao|Knock Off|p2a: Pelipper\n|-damage|p2a: Pelipper|163/243\n|-enditem|p2a: Pelipper|Choice Specs|[from] move: Knock Off|[of] p1a: Mienshao\n|move|p2a: Pelipper|Hydro Pump|p1a: Mienshao\n|-damage|p1a: Mienshao|69/244\n|\n|-weather|RainDance|[upkeep]\n|upkeep\n|turn|3\n|\n|t:|1732743050\n|move|p1a: Mienshao|U-turn|p2a: Pelipper\n|-resisted|p2a: Pelipper\n|-damage|p2a: Pelipper|137/243\n|\n|t:|1732743053\n|switch|p1a: Lunala|Lunala, L70|308/308|[from] U-turn\n|move|p2a: Pelipper|U-turn|p1a: Lunala\n|-crit|p1a: Lunala\n|-damage|p1a: Lunala|279/308\n|\n|t:|1732743064\n|switch|p2a: Brute Bonnet|Brute Bonnet, L81|312/312|[from] U-turn\n|\n|-weather|RainDance|[upkeep]\n|-heal|p1a: Lunala|298/308|[from] item: Leftovers\n|upkeep\n|turn|4\n|\n|t:|1732743075\n|switch|p1a: Enamorus|Enamorus-Therian, L83, F|259/259\n|move|p2a: Brute Bonnet|Spore|p1a: Enamorus\n|-immune|p1a: Enamorus|[from] ability: Overcoat\n|\n|-weather|RainDance|[upkeep]\n|upkeep\n|turn|5\n|inactive|paysa has 120 seconds left.\n|\n|t:|1732743122\n|-end|p2a: Brute Bonnet|Protosynthesis|[silent]\n|switch|p2a: Iron Hands|Iron Hands, L79|373/373\n|move|p1a: Enamorus|Moonblast|p2a: Iron Hands\n|-supereffective|p2a: Iron Hands\n|-damage|p2a: Iron Hands|157/373\n|\n|-weather|none\n|upkeep\n|turn|6\n|j| gaelh\n|\n|t:|1732743135\n|move|p2a: Iron Hands|Wild Charge|p1a: Enamorus\n|-supereffective|p1a: Enamorus\n|-damage|p1a: Enamorus|59/259\n|-enditem|p1a: Enamorus|Weakness Policy\n|-boost|p1a: Enamorus|atk|2|[from] item: Weakness Policy\n|-boost|p1a: Enamorus|spa|2|[from] item: Weakness Policy\n|-damage|p2a: Iron Hands|107/373|[from] Recoil\n|move|p1a: Enamorus|Agility|p1a: Enamorus\n|-boost|p1a: Enamorus|spe|2\n|\n|upkeep\n|turn|7\n|\n|t:|1732743148\n|move|p1a: Enamorus|Moonblast|p2a: Iron Hands\n|-supereffective|p2a: Iron Hands\n|-damage|p2a: Iron Hands|0 fnt\n|faint|p2a: Iron Hands\n|-end|p2a: Iron Hands|Quark Drive|[silent]\n|\n|upkeep\n|\n|t:|1732743156\n|switch|p2a: Tsareena|Tsareena, L87, F|267/267\n|turn|8\n|\n|t:|1732743164\n|move|p1a: Enamorus|Moonblast|p2a: Tsareena\n|-damage|p2a: Tsareena|51/267\n|-unboost|p2a: Tsareena|spa|1\n|move|p2a: Tsareena|Power Whip|p1a: Enamorus\n|-resisted|p1a: Enamorus\n|-damage|p1a: Enamorus|0 fnt\n|faint|p1a: Enamorus\n|\n|upkeep\n|\n|t:|1732743169\n|switch|p1a: Mienshao|Mienshao, L83, M|150/244\n|turn|9\n|inactive|paysa has 120 seconds left.\n|\n|t:|1732743183\n|switch|p2a: Pelipper|Pelipper, L86, F|137/243\n|-weather|RainDance|[from] ability: Drizzle|[of] p2a: Pelipper\n|move|p1a: Mienshao|U-turn|p2a: Pelipper\n|-resisted|p2a: Pelipper\n|-damage|p2a: Pelipper|113/243\n|\n|t:|1732743191\n|switch|p1a: Okidogi|Okidogi, L77, M|262/262|[from] U-turn\n|\n|-weather|RainDance|[upkeep]\n|upkeep\n|turn|10\n|\n|t:|1732743199\n|move|p1a: Okidogi|Gunk Shot|p2a: Pelipper\n|-damage|p2a: Pelipper|0 fnt\n|faint|p2a: Pelipper\n|\n|-weather|RainDance|[upkeep]\n|upkeep\n|\n|t:|1732743203\n|switch|p2a: Flamigo|Flamigo, L82, M|269/269\n|turn|11\n|\n|t:|1732743216\n|move|p2a: Flamigo|Brave Bird|p1a: Okidogi\n|-supereffective|p1a: Okidogi\n|-damage|p1a: Okidogi|0 fnt\n|faint|p1a: Okidogi\n|-damage|p2a: Flamigo|183/269|[from] Recoil\n|-damage|p2a: Flamigo|157/269|[from] item: Life Orb\n|\n|-weather|RainDance|[upkeep]\n|upkeep\n|inactive|kandkad has 120 seconds left.\n|\n|t:|1732743247\n|switch|p1a: Mienshao|Mienshao, L83, M|231/244\n|turn|12\n|\n|t:|1732743266\n|move|p1a: Mienshao|Fake Out|p2a: Flamigo\n|-damage|p2a: Flamigo|117/269\n|cant|p2a: Flamigo|flinch\n|\n|-weather|RainDance|[upkeep]\n|upkeep\n|turn|13\n|\n|t:|1732743273\n|move|p1a: Mienshao|U-turn|p2a: Flamigo\n|-resisted|p2a: Flamigo\n|-damage|p2a: Flamigo|101/269\n|\n|t:|1732743275\n|switch|p1a: Lunala|Lunala, L70|298/308|[from] U-turn\n|move|p2a: Flamigo|Brave Bird|p1a: Lunala\n|-damage|p1a: Lunala|68/308\n|-damage|p2a: Flamigo|25/269|[from] Recoil\n|-damage|p2a: Flamigo|0 fnt|[from] item: Life Orb\n|faint|p2a: Flamigo\n|\n|-weather|none\n|-heal|p1a: Lunala|87/308|[from] item: Leftovers\n|upkeep\n|\n|t:|1732743289\n|switch|p2a: Brute Bonnet|Brute Bonnet, L81|312/312\n|turn|14\n|\n|t:|1732743292\n|switch|p1a: Mienshao|Mienshao, L83, M|244/244\n|move|p2a: Brute Bonnet|Spore|p1a: Mienshao\n|-status|p1a: Mienshao|slp|[from] move: Spore\n|\n|upkeep\n|turn|15\n|\n|t:|1732743296\n|cant|p1a: Mienshao|slp\n|move|p2a: Brute Bonnet|Seed Bomb|p1a: Mienshao\n|-damage|p1a: Mienshao|102/244 slp\n|\n|upkeep\n|turn|16\n|\n|t:|1732743302\n|switch|p1a: Lunala|Lunala, L70|87/308\n|move|p2a: Brute Bonnet|Seed Bomb|p1a: Lunala\n|-damage|p1a: Lunala|0 fnt\n|faint|p1a: Lunala\n|\n|upkeep\n|\n|t:|1732743305\n|switch|p1a: Mienshao|Mienshao, L83, M|183/244 slp\n|turn|17\n|\n|t:|1732743329\n|cant|p1a: Mienshao|slp\n|move|p2a: Brute Bonnet|Seed Bomb|p1a: Mienshao\n|-crit|p1a: Mienshao\n|-damage|p1a: Mienshao|0 fnt\n|faint|p1a: Mienshao\n|\n|upkeep\n|\n|t:|1732743332\n|switch|p1a: Terapagos|Terapagos, L76, F|262/262\n|-activate|p1a: Terapagos|ability: Tera Shift\n|detailschange|p1a: Terapagos|Terapagos-Terastal, L76, F\n|-heal|p1a: Terapagos|269/269|[silent]\n|turn|18\n|\n|t:|1732743340\n|move|p1a: Terapagos|Calm Mind|p1a: Terapagos\n|-boost|p1a: Terapagos|spa|1\n|-boost|p1a: Terapagos|spd|1\n|move|p2a: Brute Bonnet|Spore|p1a: Terapagos\n|-status|p1a: Terapagos|slp|[from] move: Spore\n|\n|upkeep\n|turn|19\n|\n|t:|1732743342\n|cant|p1a: Terapagos|slp\n|move|p2a: Brute Bonnet|Crunch|p1a: Terapagos\n|-activate|p1a: Terapagos|ability: Tera Shell\n|-resisted|p1a: Terapagos\n|-damage|p1a: Terapagos|221/269 slp\n|\n|upkeep\n|turn|20\n|inactive|paysa has 120 seconds left.\n|\n|t:|1732743386\n|-terastallize|p2a: Brute Bonnet|Dark\n|-curestatus|p1a: Terapagos|slp|[msg]\n|move|p1a: Terapagos|Rapid Spin|p2a: Brute Bonnet\n|-damage|p2a: Brute Bonnet|273/312\n|-boost|p1a: Terapagos|spe|1\n|move|p2a: Brute Bonnet|Crunch|p1a: Terapagos\n|-damage|p1a: Terapagos|109/269\n|\n|-heal|p2a: Brute Bonnet|292/312|[from] item: Leftovers\n|upkeep\n|turn|21\n|l| gaelh\n|inactive|paysa has 90 seconds left.\n|inactive|paysa has 60 seconds left.\n|\n|t:|1732743464\n|move|p2a: Brute Bonnet|Sucker Punch||[still]\n|-fail|p2a: Brute Bonnet\n|move|p1a: Terapagos|Calm Mind|p1a: Terapagos\n|-boost|p1a: Terapagos|spa|1\n|-boost|p1a: Terapagos|spd|1\n|\n|-heal|p2a: Brute Bonnet|311/312|[from] item: Leftovers\n|upkeep\n|turn|22\n|\n|t:|1732743467\n|-terastallize|p1a: Terapagos|Stellar\n|detailschange|p1a: Terapagos|Terapagos-Stellar, L76, F, tera:Stellar\n|-heal|p1a: Terapagos|208/368|[silent]\n|move|p1a: Terapagos|Tera Starstorm|p2a: Brute Bonnet\n|-supereffective|p2a: Brute Bonnet\n|-damage|p2a: Brute Bonnet|0 fnt\n|faint|p2a: Brute Bonnet\n|-end|p2a: Brute Bonnet|Protosynthesis|[silent]\n|\n|upkeep\n|\n|t:|1732743477\n|switch|p2a: Armarouge|Armarouge, L80, F|267/267\n|turn|23\n|inactive|paysa has 60 seconds left.\n|\n|t:|1732743486\n|move|p1a: Terapagos|Dark Pulse|p2a: Armarouge\n|-supereffective|p2a: Armarouge\n|-damage|p2a: Armarouge|0 fnt\n|faint|p2a: Armarouge\n|\n|upkeep\n|\n|t:|1732743488\n|switch|p2a: Tsareena|Tsareena, L87, F|51/267\n|turn|24\n|\n|t:|1732743491\n|move|p1a: Terapagos|Tera Starstorm|p2a: Tsareena\n|-damage|p2a: Tsareena|0 fnt\n|faint|p2a: Tsareena\n|\n|win|kandkad\n|raw|kandkad's rating: 2420 &rarr; <strong>2445</strong><br />(+25 for winning)\n|raw|paysa's rating: 2511 &rarr; <strong>2486</strong><br />(-25 for losing)\n|l|\u2606paysa\n|player|p2|\n|c|\u2606kandkad|gg\n", "inputlog": ">version b107d77f5c90bd6555267ae244a6264823309ead\n>start {\"formatid\":\"gen9randombattle\",\"seed\":[42125,50988,2205,28684],\"rated\":\"Rated battle\"}\n>player p1 {\"name\":\"kandkad\",\"avatar\":\"wulfric\",\"rating\":2420,\"seed\":[21973,1936,38277,4950]}\n>player p2 {\"name\":\"paysa\",\"avatar\":\"caitlin\",\"rating\":2511,\"seed\":[59918,27950,10745,41382]}\n>p1 move boomburst\n>p2 move hydropump\n>p1 switch 5\n>p1 move knockoff\n>p2 move hydropump\n>p1 move uturn\n>p2 move uturn\n>p1 switch 4\n>p2 switch 3\n>p1 switch 3\n>p2 move spore\n>p1 move moonblast\n>p2 switch 6\n>p1 move agility\n>p2 move wildcharge\n>p1 move moonblast\n>p2 move wildcharge\n>p2 switch 4\n>p1 move moonblast\n>p2 move powerwhip\n>p1 switch 4\n>p1 move uturn\n>p2 switch 3\n>p1 switch 6\n>p1 move gunkshot\n>p2 move hurricane\n>p2 switch 5\n>p1 move psychicfangs\n>p2 move bravebird\n>p1 switch 6\n>p1 move fakeout\n>p2 move bravebird\n>p1 move uturn\n>p2 move bravebird\n>p1 switch 3\n>p2 switch 6\n>p1 switch 3\n>p2 move spore\n>p1 move uturn\n>p2 move seedbomb\n>p1 switch 3\n>p2 move seedbomb\n>p1 switch 3\n>p1 move fakeout\n>p2 move seedbomb\n>p1 switch 2\n>p1 move calmmind\n>p2 move spore\n>p1 move rapidspin\n>p2 move crunch\n>p1 move rapidspin\n>p2 move crunch terastallize\n>p1 move calmmind\n>p2 move suckerpunch\n>p1 move terastarstorm terastallize\n>p2 move spore\n>p2 switch 2\n>p1 move darkpulse\n>p2 move meteorbeam\n>p2 switch 3\n>p1 move terastarstorm\n>p2 move highjumpkick", "uploadtime": 1732743504, "views": 32, "formatid": "gen9randombattle", "rating": 2445, "private": 0, "password": null}