{"id": "gen9randombattle-2260753182", "format": "[Gen 9] Random Battle", "players": ["orybun", "xicedmnx"], "log": "|j|\u2606orybun\n|j|\u2606xicedmnx\n|t:|1733887084\n|gametype|singles\n|player|p1|orybun|169|1113\n|player|p2|xicedmnx|skier|1090\n|teamsize|p1|6\n|teamsize|p2|6\n|gen|9\n|tier|[Gen 9] Random Battle\n|rated|\n|rule|Species Clause: Limit one of each Pok\u00e9mon\n|rule|HP Percentage Mod: HP is shown in percentages\n|rule|Sleep Clause Mod: Limit one foe put to sleep\n|rule|Illusion Level Mod: Illusion disguises the Pok\u00e9mon's true level\n|\n|t:|1733887084\n|start\n|switch|p1a: Dodrio|Dodrio, L86, M|243/243\n|switch|p2a: Ariados|Ariados, L95, F|287/287\n|turn|1\n|\n|t:|1733887109\n|switch|p2a: Regirock|Regirock, L83|268/268\n|move|p1a: Dodrio|Brave Bird|p2a: Regirock\n|-resisted|p2a: Regirock\n|-damage|p2a: Regirock|232/268\n|-damage|p1a: Dodrio|231/243|[from] Recoil\n|\n|upkeep\n|turn|2\n|\n|t:|1733887123\n|move|p1a: Dodrio|Knock Off|p2a: Regirock\n|-damage|p2a: Regirock|188/268\n|-enditem|p2a: Regirock|Chesto Berry|[from] move: Knock Off|[of] p1a: Dodrio\n|move|p2a: Regirock|Iron Defense|p2a: Regirock\n|-boost|p2a: Regirock|def|2\n|\n|upkeep\n|turn|3\n|\n|t:|1733887132\n|switch|p1a: Qwilfish|Qwilfish, L86, M|252/252\n|-ability|p1a: Qwilfish|Intimidate|boost\n|-fail|p2a: Regirock|unboost|[from] ability: Clear Body|[of] p2a: Regirock\n|move|p2a: Regirock|Stone Edge|p1a: Qwilfish\n|-crit|p1a: Qwilfish\n|-damage|p1a: Qwilfish|77/252\n|\n|upkeep\n|turn|4\n|inactive|Battle timer is ON: inactive players will automatically lose when time's up. (requested by xicedmnx)\n|\n|t:|1733887146\n|move|p1a: Qwilfish|Pain Split|p2a: Regirock\n|-sethp|p2a: Regirock|132/268|[from] move: Pain Split|[silent]\n|-sethp|p1a: Qwilfish|132/252|[from] move: Pain Split\n|move|p2a: Regirock|Iron Defense|p2a: Regirock\n|-boost|p2a: Regirock|def|2\n|\n|upkeep\n|turn|5\n|\n|t:|1733887153\n|move|p1a: Qwilfish|Toxic|p2a: Regirock\n|-status|p2a: Regirock|tox\n|move|p2a: Regirock|Iron Defense|p2a: Regirock\n|-boost|p2a: Regirock|def|2\n|\n|-damage|p2a: Regirock|116/268 tox|[from] psn\n|upkeep\n|turn|6\n|\n|t:|1733887163\n|move|p1a: Qwilfish|Toxic|p2a: Regirock\n|-fail|p2a: Regirock|tox\n|move|p2a: Regirock|Body Press|p1a: Qwilfish\n|-resisted|p1a: Qwilfish\n|-damage|p1a: Qwilfish|0 fnt\n|faint|p1a: Qwilfish\n|\n|-damage|p2a: Regirock|84/268 tox|[from] psn\n|upkeep\n|\n|t:|1733887172\n|switch|p1a: Baxcalibur|Baxcalibur, L75, F|296/296\n|turn|7\n|\n|t:|1733887176\n|move|p1a: Baxcalibur|Earthquake|p2a: Regirock\n|-supereffective|p2a: Regirock\n|-damage|p2a: Regirock|64/268 tox\n|move|p2a: Regirock|Body Press|p1a: Baxcalibur\n|-supereffective|p1a: Baxcalibur\n|-damage|p1a: Baxcalibur|0 fnt\n|faint|p1a: Baxcalibur\n|\n|-damage|p2a: Regirock|16/268 tox|[from] psn\n|upkeep\n|\n|t:|1733887179\n|switch|p1a: Giratina|Giratina, L75|349/349\n|-ability|p1a: Giratina|Pressure\n|turn|8\n|\n|t:|1733887188\n|move|p1a: Giratina|Dragon Pulse|p2a: Regirock\n|-damage|p2a: Regirock|0 fnt\n|faint|p2a: Regirock\n|\n|upkeep\n|\n|t:|1733887194\n|switch|p2a: Palafin|Palafin, L77, F|281/281\n|turn|9\n|\n|t:|1733887201\n|move|p2a: Palafin|Ice Punch|p1a: Giratina\n|-supereffective|p1a: Giratina\n|-damage|p1a: Giratina|285/349\n|move|p1a: Giratina|Calm Mind|p1a: Giratina\n|-boost|p1a: Giratina|spa|1\n|-boost|p1a: Giratina|spd|1\n|\n|-heal|p1a: Giratina|306/349|[from] item: Leftovers\n|upkeep\n|turn|10\n|\n|t:|1733887213\n|move|p2a: Palafin|Bulk Up|p2a: Palafin\n|-boost|p2a: Palafin|atk|1\n|-boost|p2a: Palafin|def|1\n|move|p1a: Giratina|Calm Mind|p1a: Giratina\n|-boost|p1a: Giratina|spa|1\n|-boost|p1a: Giratina|spd|1\n|\n|-heal|p1a: Giratina|327/349|[from] item: Leftovers\n|upkeep\n|turn|11\n|\n|t:|1733887223\n|move|p2a: Palafin|Bulk Up|p2a: Palafin\n|-boost|p2a: Palafin|atk|1\n|-boost|p2a: Palafin|def|1\n|move|p1a: Giratina|Dragon Pulse|p2a: Palafin\n|-damage|p2a: Palafin|65/281\n|\n|-heal|p2a: Palafin|82/281|[from] item: Leftovers\n|-heal|p1a: Giratina|348/349|[from] item: Leftovers\n|upkeep\n|turn|12\n|\n|t:|1733887236\n|move|p2a: Palafin|Ice Punch|p1a: Giratina\n|-supereffective|p1a: Giratina\n|-damage|p1a: Giratina|228/349\n|move|p1a: Giratina|Dragon Pulse|p2a: Palafin\n|-damage|p2a: Palafin|0 fnt\n|faint|p2a: Palafin\n|\n|-heal|p1a: Giratina|249/349|[from] item: Leftovers\n|upkeep\n|\n|t:|1733887248\n|switch|p2a: Gurdurr|Gurdurr, L85, M|283/283\n|turn|13\n|\n|t:|1733887254\n|move|p1a: Giratina|Dragon Pulse|p2a: Gurdurr\n|-damage|p2a: Gurdurr|126/283\n|move|p2a: Gurdurr|Knock Off|p1a: Giratina\n|-supereffective|p1a: Giratina\n|-damage|p1a: Giratina|127/349\n|-enditem|p1a: Giratina|Leftovers|[from] move: Knock Off|[of] p2a: Gurdurr\n|\n|upkeep\n|turn|14\n|\n|t:|1733887263\n|move|p1a: Giratina|Dragon Pulse|p2a: Gurdurr\n|-damage|p2a: Gurdurr|0 fnt\n|faint|p2a: Gurdurr\n|\n|upkeep\n|\n|t:|1733887269\n|switch|p2a: Hydrapple|Hydrapple, L83, F|312/312\n|turn|15\n|\n|t:|1733887275\n|move|p1a: Giratina|Dragon Pulse|p2a: Hydrapple\n|-supereffective|p2a: Hydrapple\n|-damage|p2a: Hydrapple|0 fnt\n|faint|p2a: Hydrapple\n|\n|upkeep\n|\n|t:|1733887281\n|switch|p2a: Slowking|Slowking, L88, F|310/310\n|turn|16\n|\n|t:|1733887286\n|move|p1a: Giratina|Dragon Pulse|p2a: Slowking\n|-damage|p2a: Slowking|192/310\n|move|p2a: Slowking|Thunder Wave|p1a: Giratina\n|-status|p1a: Giratina|par\n|\n|-heal|p2a: Slowking|211/310|[from] item: Leftovers\n|upkeep\n|turn|17\n|\n|t:|1733887294\n|move|p2a: Slowking|Psychic Noise|p1a: Giratina\n|-damage|p1a: Giratina|87/349 par\n|-start|p1a: Giratina|move: Heal Block\n|cant|p1a: Giratina|move: Heal Block|Rest\n|\n|-heal|p2a: Slowking|230/310|[from] item: Leftovers\n|upkeep\n|turn|18\n|c|\u2606xicedmnx|bbbbbbbbbb\n|\n|t:|1733887310\n|move|p2a: Slowking|Scald|p1a: Giratina\n|-resisted|p1a: Giratina\n|-damage|p1a: Giratina|66/349 par\n|move|p1a: Giratina|Dragon Pulse|p2a: Slowking\n|-damage|p2a: Slowking|113/310\n|\n|-heal|p2a: Slowking|132/310|[from] item: Leftovers\n|-end|p1a: Giratina|move: Heal Block\n|upkeep\n|turn|19\n|c|\u2606xicedmnx|iiiiiiiiiiiiiii\n|c|\u2606xicedmnx|ssssssssss\n|c|\u2606xicedmnx|hhhhhhhhh\n|\n|t:|1733887322\n|move|p2a: Slowking|Scald|p1a: Giratina\n|-resisted|p1a: Giratina\n|-damage|p1a: Giratina|47/349 par\n|move|p1a: Giratina|Rest|p1a: Giratina\n|-status|p1a: Giratina|slp|[from] move: Rest\n|-heal|p1a: Giratina|349/349 slp|[silent]\n|\n|-heal|p2a: Slowking|151/310|[from] item: Leftovers\n|upkeep\n|turn|20\n|\n|t:|1733887333\n|cant|p1a: Giratina|slp\n|move|p1a: Giratina|Sleep Talk|p1a: Giratina\n|move|p1a: Giratina|Rest||[from]move: Sleep Talk|[still]\n|-fail|p1a: Giratina\n|move|p2a: Slowking|Thunder Wave|p1a: Giratina|[miss]\n|-miss|p2a: Slowking|p1a: Giratina\n|\n|-heal|p2a: Slowking|170/310|[from] item: Leftovers\n|upkeep\n|turn|21\n|\n|t:|1733887343\n|cant|p1a: Giratina|slp\n|move|p1a: Giratina|Sleep Talk|p1a: Giratina\n|move|p1a: Giratina|Rest||[from]move: Sleep Talk|[still]\n|-fail|p1a: Giratina\n|move|p2a: Slowking|Psychic Noise|p1a: Giratina\n|-damage|p1a: Giratina|309/349 slp\n|-start|p1a: Giratina|move: Heal Block\n|\n|-heal|p2a: Slowking|189/310|[from] item: Leftovers\n|upkeep\n|turn|22\n|\n|t:|1733887354\n|-curestatus|p1a: Giratina|slp|[msg]\n|move|p1a: Giratina|Dragon Pulse|p2a: Slowking\n|-damage|p2a: Slowking|71/310\n|move|p2a: Slowking|Scald|p1a: Giratina\n|-resisted|p1a: Giratina\n|-crit|p1a: Giratina\n|-damage|p1a: Giratina|250/349\n|\n|-heal|p2a: Slowking|90/310|[from] item: Leftovers\n|-end|p1a: Giratina|move: Heal Block\n|upkeep\n|turn|23\n|\n|t:|1733887367\n|move|p1a: Giratina|Dragon Pulse|p2a: Slowking\n|-damage|p2a: Slowking|0 fnt\n|faint|p2a: Slowking\n|\n|upkeep\n|\n|t:|1733887372\n|switch|p2a: Ariados|Ariados, L95, F|287/287\n|turn|24\n|\n|t:|1733887377\n|move|p2a: Ariados|Sucker Punch|p1a: Giratina\n|-supereffective|p1a: Giratina\n|-damage|p1a: Giratina|144/349\n|move|p1a: Giratina|Dragon Pulse|p2a: Ariados\n|-damage|p2a: Ariados|127/287\n|\n|upkeep\n|turn|25\n|\n|t:|1733887384\n|move|p1a: Giratina|Rest|p1a: Giratina\n|-status|p1a: Giratina|slp|[from] move: Rest\n|-heal|p1a: Giratina|349/349 slp|[silent]\n|move|p2a: Ariados|Sticky Web|p1a: Giratina\n|-sidestart|p1: orybun|move: Sticky Web\n|\n|upkeep\n|turn|26\n|\n|t:|1733887391\n|cant|p1a: Giratina|slp\n|move|p1a: Giratina|Sleep Talk|p1a: Giratina\n|move|p1a: Giratina|Rest||[from]move: Sleep Talk|[still]\n|-fail|p1a: Giratina\n|move|p2a: Ariados|Megahorn|p1a: Giratina\n|-resisted|p1a: Giratina\n|-damage|p1a: Giratina|278/349 slp\n|\n|upkeep\n|turn|27\n|\n|t:|1733887406\n|move|p2a: Ariados|Sucker Punch||[still]\n|-fail|p2a: Ariados\n|cant|p1a: Giratina|slp\n|move|p1a: Giratina|Sleep Talk|p1a: Giratina\n|move|p1a: Giratina|Calm Mind|p1a: Giratina|[from]move: Sleep Talk\n|-boost|p1a: Giratina|spa|1\n|-boost|p1a: Giratina|spd|1\n|\n|upkeep\n|turn|28\n|\n|t:|1733887415\n|-curestatus|p1a: Giratina|slp|[msg]\n|move|p1a: Giratina|Dragon Pulse|p2a: Ariados\n|-damage|p2a: Ariados|0 fnt\n|faint|p2a: Ariados\n|\n|win|orybun\n|raw|orybun's rating: 1113 &rarr; <strong>1136</strong><br />(+23 for winning)\n|raw|xicedmnx's rating: 1090 &rarr; <strong>1068</strong><br />(-22 for losing)\n", "inputlog": ">version bfd83cad13791eb5a5a409923076391caf6fb4d4\n>start {\"formatid\":\"gen9randombattle\",\"seed\":[49418,1676,7376,54504],\"rated\":\"Rated battle\"}\n>player p1 {\"name\":\"orybun\",\"avatar\":\"169\",\"rating\":1113,\"seed\":[40775,9281,20527,57268]}\n>player p2 {\"name\":\"xicedmnx\",\"avatar\":\"skier\",\"rating\":1090,\"seed\":[38537,9520,46855,22996]}\n>p1 move bravebird\n>p2 switch 5\n>p1 move knockoff\n>p2 move irondefense\n>p1 switch 2\n>p2 move stoneedge\n>p1 move painsplit\n>p2 move irondefense\n>p1 move toxic\n>p2 move irondefense\n>p1 move toxic\n>p2 move bodypress\n>p1 switch 6\n>p1 move earthquake\n>p2 move bodypress\n>p1 switch 3\n>p1 move dragonpulse\n>p2 move rest\n>p2 switch 6\n>p1 move calmmind\n>p2 move icepunch\n>p1 move calmmind\n>p2 move bulkup\n>p1 move dragonpulse\n>p2 move bulkup\n>p1 move dragonpulse\n>p2 move icepunch\n>p2 switch 3\n>p1 move dragonpulse\n>p2 move knockoff\n>p1 move dragonpulse\n>p2 move bulkup\n>p2 switch 2\n>p1 move dragonpulse\n>p2 move ficklebeam\n>p2 switch 4\n>p1 move dragonpulse\n>p2 move thunderwave\n>p1 move rest\n>p2 move psychicnoise\n>chat \u2606xicedmnx| bbbbbbbbbb\n>p1 move dragonpulse\n>p2 move scald\n>chat \u2606xicedmnx|iiiiiiiiiiiiiii\n>chat \u2606xicedmnx|ssssssssss\n>chat \u2606xicedmnx|hhhhhhhhh\n>p1 move rest\n>p2 move scald\n>p1 move sleeptalk\n>p2 move thunderwave\n>p1 move sleeptalk\n>p2 move psychicnoise\n>p1 move dragonpulse\n>p2 move scald\n>p1 move dragonpulse\n>p2 move psychicnoise\n>p2 switch 5\n>p1 move dragonpulse\n>p2 move suckerpunch\n>p1 move rest\n>p2 move stickyweb\n>p1 move sleeptalk\n>p2 move megahorn\n>p1 move sleeptalk\n>p2 move suckerpunch\n>p1 move dragonpulse\n>p2 move megahorn", "uploadtime": 1733887422, "views": 20, "formatid": "gen9randombattle", "rating": 1068, "private": 0, "password": null}