{"id": "gen9randombattle-2150171030", "format": "[Gen 9] Random Battle", "players": ["LizarDune", "LT_Alt1"], "log": "|badge|p1|bronze|gen9randombattle|100-1\n|uhtml|medal-msg|<div class=\"broadcast-blue\">Curious what those medals under the avatar are? PS now has Ladder Seasons! For more information, check out the <a href=\"https://www.smogon.com/forums/threads/3740067/\">thread on Smogon.</a></div>\n|badge|p2|bronze|gen9randombattle|100-1\n|uhtml|medal-msg|<div class=\"broadcast-blue\">Curious what those medals under the avatar are? PS now has Ladder Seasons! For more information, check out the <a href=\"https://www.smogon.com/forums/threads/3740067/\">thread on Smogon.</a></div>\n|j|\u2606LizarDune\n|j|\u203dLT_Alt1\n|t:|1719372642\n|gametype|singles\n|player|p1|LizarDune|musician|2376\n|player|p2|LT_Alt1|266|2304\n|teamsize|p1|6\n|teamsize|p2|6\n|gen|9\n|tier|[Gen 9] Random Battle\n|rated|\n|rule|Species Clause: Limit one of each Pok\u00e9mon\n|rule|HP Percentage Mod: HP is shown in percentages\n|rule|Sleep Clause Mod: Limit one foe put to sleep\n|rule|Illusion Level Mod: Illusion disguises the Pok\u00e9mon's true level\n|\n|t:|1719372642\n|start\n|switch|p1a: Volbeat|Volbeat, L90, M|263/263\n|switch|p2a: Deoxys|Deoxys-Defense, L86|226/226\n|-ability|p2a: Deoxys|Pressure\n|turn|1\n|inactive|Battle timer is ON: inactive players will automatically lose when time's up. (requested by LizarDune)\n|j| iamnewbplzgoeasy\n|\n|t:|1719372667\n|switch|p2a: Ursaluna|Ursaluna-Bloodmoon, L79, M|308/308\n|move|p1a: Volbeat|Thunder Wave|p2a: Ursaluna\n|-immune|p2a: Ursaluna\n|\n|upkeep\n|turn|2\n|j| TNTDestroyer\n|l| TNTDestroyer\n|\n|t:|1719372693\n|switch|p1a: Perrserker|Perrserker, L89, M|269/269\n|move|p2a: Ursaluna|Calm Mind|p2a: Ursaluna\n|-boost|p2a: Ursaluna|spa|1\n|-boost|p2a: Ursaluna|spd|1\n|\n|upkeep\n|turn|3\n|\n|t:|1719372707\n|switch|p2a: Gothitelle|Gothitelle, L90, F|272/272\n|move|p1a: Perrserker|Close Combat|p2a: Gothitelle\n|-resisted|p2a: Gothitelle\n|-damage|p2a: Gothitelle|181/272\n|-unboost|p1a: Perrserker|def|1\n|-unboost|p1a: Perrserker|spd|1\n|\n|upkeep\n|turn|4\n|\n|t:|1719372712\n|move|p2a: Gothitelle|Focus Blast|p1a: Perrserker|[miss]\n|-miss|p2a: Gothitelle|p1a: Perrserker\n|move|p1a: Perrserker|Close Combat|p2a: Gothitelle\n|-resisted|p2a: Gothitelle\n|-damage|p2a: Gothitelle|91/272\n|-unboost|p1a: Perrserker|def|1\n|-unboost|p1a: Perrserker|spd|1\n|\n|upkeep\n|turn|5\n|\n|t:|1719372717\n|move|p2a: Gothitelle|Focus Blast|p1a: Perrserker\n|-supereffective|p1a: Perrserker\n|-damage|p1a: Perrserker|0 fnt\n|faint|p1a: Perrserker\n|\n|upkeep\n|\n|t:|1719372735\n|switch|p1a: Basculegion|Basculegion-F, L83, F|335/335\n|turn|6\n|\n|t:|1719372743\n|switch|p2a: Venusaur|Venusaur, L84, F|272/272\n|move|p1a: Basculegion|Flip Turn|p2a: Venusaur\n|-resisted|p2a: Venusaur\n|-damage|p2a: Venusaur|231/272\n|inactive|LizarDune has 120 seconds left.\n|\n|t:|1719372764\n|switch|p1a: Overqwil|Overqwil, L82, F|274/274|[from] Flip Turn\n|-ability|p1a: Overqwil|Intimidate|boost\n|-unboost|p2a: Venusaur|atk|1\n|\n|-heal|p2a: Venusaur|248/272|[from] item: Leftovers\n|upkeep\n|turn|7\n|\n|t:|1719372777\n|move|p1a: Overqwil|Crunch|p2a: Venusaur\n|-damage|p2a: Venusaur|106/272\n|-unboost|p2a: Venusaur|def|1\n|move|p2a: Venusaur|Earth Power|p1a: Overqwil\n|-supereffective|p1a: Overqwil\n|-damage|p1a: Overqwil|122/274\n|\n|-heal|p2a: Venusaur|123/272|[from] item: Leftovers\n|upkeep\n|turn|8\n|\n|t:|1719372784\n|switch|p2a: Wigglytuff|Wigglytuff, L96, F|424/424\n|move|p1a: Overqwil|Crunch|p2a: Wigglytuff\n|-resisted|p2a: Wigglytuff\n|-damage|p2a: Wigglytuff|328/424\n|-unboost|p2a: Wigglytuff|def|1\n|-ability|p2a: Wigglytuff|Competitive|boost\n|-boost|p2a: Wigglytuff|spa|2\n|\n|-heal|p2a: Wigglytuff|354/424|[from] item: Leftovers\n|upkeep\n|turn|9\n|inactive|LizarDune has 120 seconds left.\n|\n|t:|1719372831\n|switch|p1a: Metagross|Metagross, L79|256/256\n|move|p2a: Wigglytuff|Fire Blast|p1a: Metagross\n|-supereffective|p1a: Metagross\n|-damage|p1a: Metagross|0 fnt\n|faint|p1a: Metagross\n|\n|-heal|p2a: Wigglytuff|380/424|[from] item: Leftovers\n|upkeep\n|inactive|LizarDune has 90 seconds left.\n|\n|t:|1719372846\n|switch|p1a: Passimian|Passimian, L83, F|302/302\n|turn|10\n|inactive|LizarDune has 90 seconds left.\n|\n|t:|1719372857\n|switch|p2a: Masquerain|Masquerain, L87, F|264/264\n|-ability|p2a: Masquerain|Intimidate|boost\n|-unboost|p1a: Passimian|atk|1\n|-ability|p1a: Passimian|Defiant|boost\n|-boost|p1a: Passimian|atk|2\n|move|p1a: Passimian|Close Combat|p2a: Masquerain\n|-resisted|p2a: Masquerain\n|-damage|p2a: Masquerain|164/264\n|-unboost|p1a: Passimian|def|1\n|-unboost|p1a: Passimian|spd|1\n|\n|upkeep\n|turn|11\n|\n|t:|1719372867\n|switch|p1a: Basculegion|Basculegion-F, L83, F|335/335\n|move|p2a: Masquerain|Sticky Web|p1a: Basculegion\n|-sidestart|p1: LizarDune|move: Sticky Web\n|\n|upkeep\n|turn|12\n|\n|t:|1719372878\n|move|p2a: Masquerain|Hurricane|p1a: Basculegion\n|-damage|p1a: Basculegion|232/335\n|move|p1a: Basculegion|Wave Crash|p2a: Masquerain\n|-damage|p2a: Masquerain|0 fnt\n|faint|p2a: Masquerain\n|-damage|p1a: Basculegion|178/335|[from] Recoil\n|\n|upkeep\n|\n|t:|1719372888\n|switch|p2a: Venusaur|Venusaur, L84, F|123/272\n|turn|13\n|inactive|LizarDune has 90 seconds left.\n|\n|t:|1719372914\n|move|p2a: Venusaur|Knock Off|p1a: Basculegion\n|-supereffective|p1a: Basculegion\n|-damage|p1a: Basculegion|20/335\n|-enditem|p1a: Basculegion|Assault Vest|[from] move: Knock Off|[of] p2a: Venusaur\n|move|p1a: Basculegion|Shadow Ball|p2a: Venusaur\n|-damage|p2a: Venusaur|21/272\n|-unboost|p2a: Venusaur|spd|1\n|\n|-heal|p2a: Venusaur|38/272|[from] item: Leftovers\n|upkeep\n|turn|14\n|inactive|LizarDune has 90 seconds left.\n|\n|t:|1719372928\n|move|p2a: Venusaur|Knock Off|p1a: Basculegion\n|-supereffective|p1a: Basculegion\n|-damage|p1a: Basculegion|0 fnt\n|faint|p1a: Basculegion\n|\n|-heal|p2a: Venusaur|55/272|[from] item: Leftovers\n|upkeep\n|\n|t:|1719372936\n|switch|p1a: Volbeat|Volbeat, L90, M|263/263\n|turn|15\n|inactive|LizarDune has 90 seconds left.\n|\n|t:|1719372956\n|switch|p2a: Ursaluna|Ursaluna-Bloodmoon, L79, M|308/308\n|move|p1a: Volbeat|Lunge|p2a: Ursaluna\n|-damage|p2a: Ursaluna|241/308\n|-unboost|p2a: Ursaluna|atk|1\n|\n|-heal|p2a: Ursaluna|260/308|[from] item: Leftovers\n|upkeep\n|turn|16\n|\n|t:|1719372967\n|move|p1a: Volbeat|Thunder Wave|p2a: Ursaluna\n|-immune|p2a: Ursaluna\n|move|p2a: Ursaluna|Calm Mind|p2a: Ursaluna\n|-boost|p2a: Ursaluna|spa|1\n|-boost|p2a: Ursaluna|spd|1\n|\n|-heal|p2a: Ursaluna|279/308|[from] item: Leftovers\n|upkeep\n|turn|17\n|\n|t:|1719372971\n|switch|p2a: Gothitelle|Gothitelle, L90, F|91/272\n|move|p1a: Volbeat|Encore||[still]\n|-fail|p1a: Volbeat\n|\n|upkeep\n|turn|18\n|\n|t:|1719372974\n|move|p1a: Volbeat|Thunder Wave|p2a: Gothitelle\n|-status|p2a: Gothitelle|par\n|move|p2a: Gothitelle|Trick|p1a: Volbeat\n|-activate|p2a: Gothitelle|move: Trick|[of] p1a: Volbeat\n|-item|p1a: Volbeat|Choice Scarf|[from] move: Trick\n|-item|p2a: Gothitelle|Heavy-Duty Boots|[from] move: Trick\n|\n|upkeep\n|turn|19\n|\n|t:|1719372983\n|move|p1a: Volbeat|Encore|p2a: Gothitelle\n|-start|p2a: Gothitelle|Encore\n|move|p2a: Gothitelle|Trick|p1a: Volbeat\n|-activate|p2a: Gothitelle|move: Trick|[of] p1a: Volbeat\n|-item|p1a: Volbeat|Heavy-Duty Boots|[from] move: Trick\n|-item|p2a: Gothitelle|Choice Scarf|[from] move: Trick\n|\n|upkeep\n|turn|20\n|\n|t:|1719373002\n|switch|p2a: Ursaluna|Ursaluna-Bloodmoon, L79, M|279/308\n|move|p1a: Volbeat|Lunge|p2a: Ursaluna\n|-damage|p2a: Ursaluna|215/308\n|-unboost|p2a: Ursaluna|atk|1\n|\n|-heal|p2a: Ursaluna|234/308|[from] item: Leftovers\n|upkeep\n|turn|21\n|\n|t:|1719373012\n|move|p1a: Volbeat|Thunder Wave|p2a: Ursaluna\n|-immune|p2a: Ursaluna\n|move|p2a: Ursaluna|Calm Mind|p2a: Ursaluna\n|-boost|p2a: Ursaluna|spa|1\n|-boost|p2a: Ursaluna|spd|1\n|\n|-heal|p2a: Ursaluna|253/308|[from] item: Leftovers\n|upkeep\n|turn|22\n|\n|t:|1719373019\n|move|p1a: Volbeat|Encore|p2a: Ursaluna\n|-start|p2a: Ursaluna|Encore\n|move|p2a: Ursaluna|Calm Mind|p2a: Ursaluna\n|-boost|p2a: Ursaluna|spa|1\n|-boost|p2a: Ursaluna|spd|1\n|\n|-heal|p2a: Ursaluna|272/308|[from] item: Leftovers\n|upkeep\n|turn|23\n|\n|t:|1719373023\n|move|p1a: Volbeat|Lunge|p2a: Ursaluna\n|-damage|p2a: Ursaluna|209/308\n|-unboost|p2a: Ursaluna|atk|1\n|move|p2a: Ursaluna|Calm Mind|p2a: Ursaluna\n|-boost|p2a: Ursaluna|spa|1\n|-boost|p2a: Ursaluna|spd|1\n|\n|-heal|p2a: Ursaluna|228/308|[from] item: Leftovers\n|upkeep\n|turn|24\n|\n|t:|1719373027\n|switch|p2a: Wigglytuff|Wigglytuff, L96, F|380/424\n|move|p1a: Volbeat|Lunge|p2a: Wigglytuff\n|-resisted|p2a: Wigglytuff\n|-damage|p2a: Wigglytuff|327/424\n|-unboost|p2a: Wigglytuff|atk|1\n|-ability|p2a: Wigglytuff|Competitive|boost\n|-boost|p2a: Wigglytuff|spa|2\n|\n|-heal|p2a: Wigglytuff|353/424|[from] item: Leftovers\n|upkeep\n|turn|25\n|\n|t:|1719373043\n|move|p1a: Volbeat|Thunder Wave|p2a: Wigglytuff\n|-status|p2a: Wigglytuff|par\n|move|p2a: Wigglytuff|Dazzling Gleam|p1a: Volbeat\n|-crit|p1a: Volbeat\n|-damage|p1a: Volbeat|0 fnt\n|faint|p1a: Volbeat\n|\n|-heal|p2a: Wigglytuff|379/424 par|[from] item: Leftovers\n|upkeep\n|\n|t:|1719373065\n|switch|p1a: Passimian|Passimian, L83, F|302/302\n|-activate|p1a: Passimian|move: Sticky Web\n|-unboost|p1a: Passimian|spe|1\n|-ability|p1a: Passimian|Defiant|boost\n|-boost|p1a: Passimian|atk|2\n|turn|26\n|\n|t:|1719373074\n|move|p1a: Passimian|Close Combat|p2a: Wigglytuff\n|-damage|p2a: Wigglytuff|0 fnt\n|-unboost|p1a: Passimian|def|1\n|-unboost|p1a: Passimian|spd|1\n|faint|p2a: Wigglytuff\n|\n|upkeep\n|\n|t:|1719373090\n|switch|p2a: Deoxys|Deoxys-Defense, L86|226/226\n|-ability|p2a: Deoxys|Pressure\n|turn|27\n|inactive|LizarDune has 120 seconds left.\n|\n|t:|1719373124\n|move|p2a: Deoxys|Focus Blast|p1a: Passimian\n|-damage|p1a: Passimian|151/302\n|move|p1a: Passimian|Close Combat|p2a: Deoxys\n|-resisted|p2a: Deoxys\n|-damage|p2a: Deoxys|84/226\n|-unboost|p1a: Passimian|def|1\n|-unboost|p1a: Passimian|spd|1\n|\n|-heal|p2a: Deoxys|98/226|[from] item: Leftovers\n|upkeep\n|turn|28\n|inactive|LizarDune has 120 seconds left.\n|\n|t:|1719373140\n|move|p2a: Deoxys|Recover|p2a: Deoxys\n|-heal|p2a: Deoxys|211/226\n|move|p1a: Passimian|Close Combat|p2a: Deoxys\n|-resisted|p2a: Deoxys\n|-damage|p2a: Deoxys|81/226\n|-unboost|p1a: Passimian|def|1\n|-unboost|p1a: Passimian|spd|1\n|\n|-heal|p2a: Deoxys|95/226|[from] item: Leftovers\n|upkeep\n|turn|29\n|\n|t:|1719373144\n|switch|p1a: Overqwil|Overqwil, L82, F|122/274\n|-activate|p1a: Overqwil|move: Sticky Web\n|-unboost|p1a: Overqwil|spe|1\n|-ability|p1a: Overqwil|Intimidate|boost\n|-unboost|p2a: Deoxys|atk|1\n|move|p2a: Deoxys|Recover|p2a: Deoxys\n|-heal|p2a: Deoxys|208/226\n|\n|-heal|p2a: Deoxys|222/226|[from] item: Leftovers\n|upkeep\n|turn|30\n|\n|t:|1719373152\n|switch|p2a: Gothitelle|Gothitelle, L90, F|91/272 par\n|move|p1a: Overqwil|Crunch|p2a: Gothitelle\n|-supereffective|p2a: Gothitelle\n|-damage|p2a: Gothitelle|0 fnt\n|faint|p2a: Gothitelle\n|\n|upkeep\n|\n|t:|1719373163\n|switch|p2a: Venusaur|Venusaur, L84, F|55/272\n|turn|31\n|\n|t:|1719373167\n|move|p2a: Venusaur|Earth Power|p1a: Overqwil\n|-supereffective|p1a: Overqwil\n|-damage|p1a: Overqwil|0 fnt\n|faint|p1a: Overqwil\n|\n|-heal|p2a: Venusaur|72/272|[from] item: Leftovers\n|upkeep\n|\n|t:|1719373169\n|switch|p1a: Passimian|Passimian, L83, F|151/302\n|-activate|p1a: Passimian|move: Sticky Web\n|-unboost|p1a: Passimian|spe|1\n|-ability|p1a: Passimian|Defiant|boost\n|-boost|p1a: Passimian|atk|2\n|turn|32\n|\n|t:|1719373175\n|-terastallize|p1a: Passimian|Fighting\n|move|p2a: Venusaur|Sludge Bomb|p1a: Passimian\n|-damage|p1a: Passimian|16/302\n|move|p1a: Passimian|Close Combat|p2a: Venusaur\n|-resisted|p2a: Venusaur\n|-damage|p2a: Venusaur|0 fnt\n|-unboost|p1a: Passimian|def|1\n|-unboost|p1a: Passimian|spd|1\n|faint|p2a: Venusaur\n|\n|upkeep\n|\n|t:|1719373183\n|switch|p2a: Deoxys|Deoxys-Defense, L86|222/226\n|-ability|p2a: Deoxys|Pressure\n|turn|33\n|\n|t:|1719373192\n|move|p2a: Deoxys|Focus Blast|p1a: Passimian\n|-damage|p1a: Passimian|0 fnt\n|faint|p1a: Passimian\n|\n|win|LT_Alt1\n|raw|LizarDune's rating: 2376 &rarr; <strong>2352</strong><br />(-24 for losing)\n|raw|LT_Alt1's rating: 2304 &rarr; <strong>2328</strong><br />(+24 for winning)\n|l|\u2606LizarDune\n|player|p1|\n|j|\u2606LizarDune\n|player|p1|LizarDune|musician|\n|j| PKV Pokevin\n|l|\u2606LizarDune\n|player|p1|\n", "inputlog": ">version 021bb6b4147d783a3aa9da22896c4e1e173f1b61\n>start {\"formatid\":\"gen9randombattle\",\"seed\":[33566,42220,34960,61995],\"rated\":\"Rated battle\"}\n>player p1 {\"name\":\"LizarDune\",\"avatar\":\"musician\",\"rating\":2376,\"seed\":[38978,39154,19930,53908]}\n>player p2 {\"name\":\"LT_Alt1\",\"avatar\":\"266\",\"rating\":2304,\"seed\":[11581,7189,41981,59078]}\n>p1 move thunderwave\n>p2 switch 2\n>p1 switch 3\n>p2 move calmmind\n>p1 move closecombat\n>p2 switch 4\n>p1 move closecombat\n>p2 move focusblast\n>p1 move closecombat\n>p2 move focusblast\n>p1 switch 6\n>p1 move flipturn\n>p2 switch 6\n>p1 switch 2\n>p1 move crunch\n>p2 move earthpower\n>p1 move crunch\n>p2 switch 3\n>p1 switch 4\n>p2 move fireblast\n>p1 switch 5\n>p1 move closecombat\n>p2 switch 5\n>p1 switch 2\n>p2 move stickyweb\n>p1 move wavecrash\n>p2 move hurricane\n>p2 switch 3\n>p1 move shadowball\n>p2 move knockoff\n>p1 move shadowball\n>p2 move knockoff\n>p1 switch 3\n>p1 move lunge\n>p2 switch 4\n>p1 move thunderwave\n>p2 move calmmind\n>p1 move encore\n>p2 switch 6\n>p1 move thunderwave\n>p2 move trick\n>p1 move encore\n>p2 move psychic\n>p1 move lunge\n>p2 switch 6\n>p1 move thunderwave\n>p2 move calmmind\n>p1 move encore\n>p2 move calmmind\n>p1 move lunge\n>p2 move calmmind\n>p1 move lunge\n>p2 switch 5\n>p1 move thunderwave\n>p2 move dazzlinggleam\n>p1 switch 2\n>p1 move closecombat\n>p2 move dazzlinggleam\n>p2 switch 2\n>p1 move closecombat\n>p2 move focusblast\n>p1 move closecombat\n>p2 move recover\n>p1 switch 4\n>p2 move recover\n>p1 move crunch\n>p2 switch 6\n>p2 switch 4\n>p1 move crunch\n>p2 move earthpower\n>p1 switch 4\n>p1 move closecombat terastallize\n>p2 move sludgebomb\n>p2 switch 6\n>p1 move closecombat\n>p2 move focusblast", "uploadtime": 1719373217, "views": 200, "formatid": "gen9randombattle", "rating": 2328, "private": 0, "password": null}