{"id": "gen9randombattle-2260471180", "format": "[Gen 9] Random Battle", "players": ["Fantashow9", "gredaser"], "log": "|j|\u2606Fantashow9\n|j|\u2606gredaser\n|t:|1733854827\n|gametype|singles\n|player|p1|Fantashow9|266|1123\n|player|p2|gredaser|102|1087\n|teamsize|p1|6\n|teamsize|p2|6\n|gen|9\n|tier|[Gen 9] Random Battle\n|rated|\n|rule|Species Clause: Limit one of each Pok\u00e9mon\n|rule|HP Percentage Mod: HP is shown in percentages\n|rule|Sleep Clause Mod: Limit one foe put to sleep\n|rule|Illusion Level Mod: Illusion disguises the Pok\u00e9mon's true level\n|\n|t:|1733854827\n|start\n|switch|p1a: Delphox|Delphox, L84, F|263/263\n|switch|p2a: Iron Hands|Iron Hands, L79|373/373\n|turn|1\n|inactive|Battle timer is ON: inactive players will automatically lose when time's up. (requested by Fantashow9)\n|\n|t:|1733854863\n|-end|p2a: Iron Hands|Quark Drive|[silent]\n|switch|p2a: Kingambit|Kingambit, L74, M|270/270\n|move|p1a: Delphox|Nasty Plot|p1a: Delphox\n|-boost|p1a: Delphox|spa|2\n|\n|upkeep\n|turn|2\n|\n|t:|1733854892\n|-terastallize|p2a: Kingambit|Dark\n|move|p2a: Kingambit|Sucker Punch|p1a: Delphox\n|-supereffective|p1a: Delphox\n|-damage|p1a: Delphox|7/263\n|move|p1a: Delphox|Fire Blast|p2a: Kingambit\n|-damage|p2a: Kingambit|0 fnt\n|faint|p2a: Kingambit\n|-end|p2a: Kingambit|fallenundefined|[silent]\n|\n|upkeep\n|c|\u2606Fantashow9|to close wtf!\n|inactive|gredaser has 120 seconds left.\n|c|\u2606Fantashow9|f*** sucker punch\n|\n|t:|1733854914\n|switch|p2a: Victreebel|Victreebel, L90, F|290/290\n|turn|3\n|\n|t:|1733854920\n|move|p2a: Victreebel|Sucker Punch|p1a: Delphox\n|-supereffective|p1a: Delphox\n|-damage|p1a: Delphox|0 fnt\n|faint|p1a: Delphox\n|-damage|p2a: Victreebel|261/290|[from] item: Life Orb\n|\n|upkeep\n|\n|t:|1733854925\n|switch|p1a: Cetitan|Cetitan, L82, F|413/413\n|turn|4\n|inactive|gredaser has 120 seconds left.\n|\n|t:|1733854964\n|switch|p2a: Oranguru|Oranguru, L92, M|315/315\n|move|p1a: Cetitan|Icicle Crash|p2a: Oranguru\n|-damage|p2a: Oranguru|147/315\n|\n|upkeep\n|turn|5\n|\n|t:|1733854973\n|move|p1a: Cetitan|Icicle Crash|p2a: Oranguru\n|-damage|p2a: Oranguru|0 fnt\n|faint|p2a: Oranguru\n|\n|upkeep\n|\n|t:|1733854978\n|switch|p2a: Iron Hands|Iron Hands, L79|373/373\n|turn|6\n|\n|t:|1733854983\n|move|p1a: Cetitan|Earthquake|p2a: Iron Hands\n|-supereffective|p2a: Iron Hands\n|-crit|p2a: Iron Hands\n|-damage|p2a: Iron Hands|90/373\n|-damage|p1a: Cetitan|372/413|[from] item: Life Orb\n|move|p2a: Iron Hands|Drain Punch|p1a: Cetitan\n|-supereffective|p1a: Cetitan\n|-damage|p1a: Cetitan|114/413\n|-heal|p2a: Iron Hands|219/373|[from] drain|[of] p1a: Cetitan\n|\n|-heal|p2a: Iron Hands|242/373|[from] item: Leftovers\n|upkeep\n|turn|7\n|\n|t:|1733854996\n|-end|p2a: Iron Hands|Quark Drive|[silent]\n|switch|p2a: Victreebel|Victreebel, L90, F|261/290\n|move|p1a: Cetitan|Earthquake|p2a: Victreebel\n|-damage|p2a: Victreebel|143/290\n|-damage|p1a: Cetitan|73/413|[from] item: Life Orb\n|\n|upkeep\n|turn|8\n|\n|t:|1733855003\n|move|p2a: Victreebel|Sucker Punch|p1a: Cetitan\n|-damage|p1a: Cetitan|0 fnt\n|faint|p1a: Cetitan\n|-damage|p2a: Victreebel|114/290|[from] item: Life Orb\n|\n|upkeep\n|\n|t:|1733855010\n|switch|p1a: Illumise|Illumise, L91, F|266/266\n|turn|9\n|inactive|gredaser has 120 seconds left.\n|\n|t:|1733855020\n|move|p2a: Victreebel|Sucker Punch|p1a: Illumise\n|-damage|p1a: Illumise|184/266\n|-damage|p2a: Victreebel|85/290|[from] item: Life Orb\n|move|p1a: Illumise|Bug Buzz|p2a: Victreebel\n|-crit|p2a: Victreebel\n|-damage|p2a: Victreebel|0 fnt\n|faint|p2a: Victreebel\n|\n|upkeep\n|inactive|gredaser has 120 seconds left.\n|\n|t:|1733855030\n|switch|p2a: Klawf|Klawf, L90, M|272/272\n|turn|10\n|\n|t:|1733855038\n|move|p1a: Illumise|Thunder Wave|p2a: Klawf\n|-status|p2a: Klawf|par\n|cant|p2a: Klawf|par\n|\n|upkeep\n|turn|11\n|\n|t:|1733855047\n|move|p1a: Illumise|Bug Buzz|p2a: Klawf\n|-damage|p2a: Klawf|146/272 par\n|move|p2a: Klawf|Crabhammer|p1a: Illumise|[miss]\n|-miss|p2a: Klawf|p1a: Illumise\n|\n|upkeep\n|turn|12\n|\n|t:|1733855054\n|switch|p1a: Kingdra|Kingdra, L84, F|263/263\n|move|p2a: Klawf|Crabhammer|p1a: Kingdra|[miss]\n|-miss|p2a: Klawf|p1a: Kingdra\n|\n|upkeep\n|turn|13\n|\n|t:|1733855062\n|move|p1a: Kingdra|Dragon Dance|p1a: Kingdra\n|-boost|p1a: Kingdra|atk|1\n|-boost|p1a: Kingdra|spe|1\n|move|p2a: Klawf|High Horsepower|p1a: Kingdra\n|-damage|p1a: Kingdra|191/263\n|\n|upkeep\n|turn|14\n|\n|t:|1733855070\n|switch|p2a: Arboliva|Arboliva, L91, F|288/288\n|move|p1a: Kingdra|Dragon Dance|p1a: Kingdra\n|-boost|p1a: Kingdra|atk|1\n|-boost|p1a: Kingdra|spe|1\n|\n|upkeep\n|turn|15\n|\n|t:|1733855079\n|move|p1a: Kingdra|Outrage|p2a: Arboliva\n|-damage|p2a: Arboliva|71/288\n|-enditem|p2a: Arboliva|Sitrus Berry|[eat]\n|-heal|p2a: Arboliva|143/288|[from] item: Sitrus Berry\n|move|p2a: Arboliva|Leech Seed|p1a: Kingdra\n|-start|p1a: Kingdra|move: Leech Seed\n|\n|-damage|p1a: Kingdra|159/263|[from] Leech Seed|[of] p2a: Arboliva\n|-heal|p2a: Arboliva|175/288|[silent]\n|upkeep\n|turn|16\n|\n|t:|1733855089\n|move|p2a: Arboliva|Protect|p2a: Arboliva\n|-singleturn|p2a: Arboliva|Protect\n|move|p1a: Kingdra|Outrage|p2a: Arboliva|[from]lockedmove\n|-activate|p2a: Arboliva|move: Protect\n|\n|-damage|p1a: Kingdra|127/263|[from] Leech Seed|[of] p2a: Arboliva\n|-heal|p2a: Arboliva|207/288|[silent]\n|upkeep\n|turn|17\n|\n|t:|1733855099\n|switch|p1a: Illumise|Illumise, L91, F|184/266\n|switch|p2a: Klawf|Klawf, L90, M|146/272 par\n|\n|upkeep\n|turn|18\n|\n|t:|1733855105\n|move|p1a: Illumise|Bug Buzz|p2a: Klawf\n|-damage|p2a: Klawf|26/272 par\n|-ability|p2a: Klawf|Anger Shell|boost\n|-boost|p2a: Klawf|atk|1\n|-boost|p2a: Klawf|spa|1\n|-boost|p2a: Klawf|spe|1\n|-unboost|p2a: Klawf|def|1\n|-unboost|p2a: Klawf|spd|1\n|-enditem|p2a: Klawf|Sitrus Berry|[eat]\n|-heal|p2a: Klawf|94/272 par|[from] item: Sitrus Berry\n|cant|p2a: Klawf|par\n|\n|upkeep\n|turn|19\n|inactive|gredaser has 120 seconds left.\n|\n|t:|1733855136\n|move|p1a: Illumise|Bug Buzz|p2a: Klawf\n|-damage|p2a: Klawf|0 fnt\n|faint|p2a: Klawf\n|\n|upkeep\n|c|\u2606Fantashow9|kinda gg\n|inactive|gredaser has 120 seconds left.\n|\n|t:|1733855142\n|switch|p2a: Iron Hands|Iron Hands, L79|242/373\n|turn|20\n|c|\u2606Fantashow9|you had really bad luck\n|\n|t:|1733855147\n|move|p1a: Illumise|Bug Buzz|p2a: Iron Hands\n|-resisted|p2a: Iron Hands\n|-damage|p2a: Iron Hands|189/373\n|move|p2a: Iron Hands|Wild Charge|p1a: Illumise\n|-damage|p1a: Illumise|55/266\n|-damage|p2a: Iron Hands|157/373|[from] Recoil\n|\n|-heal|p2a: Iron Hands|180/373|[from] item: Leftovers\n|upkeep\n|turn|21\n|\n|t:|1733855157\n|move|p1a: Illumise|Roost|p1a: Illumise\n|-heal|p1a: Illumise|188/266\n|-singleturn|p1a: Illumise|move: Roost\n|move|p2a: Iron Hands|Wild Charge|p1a: Illumise\n|-damage|p1a: Illumise|71/266\n|-damage|p2a: Iron Hands|151/373|[from] Recoil\n|\n|-heal|p2a: Iron Hands|174/373|[from] item: Leftovers\n|upkeep\n|turn|22\n|\n|t:|1733855165\n|move|p1a: Illumise|Roost|p1a: Illumise\n|-heal|p1a: Illumise|204/266\n|-singleturn|p1a: Illumise|move: Roost\n|move|p2a: Iron Hands|Swords Dance|p2a: Iron Hands\n|-boost|p2a: Iron Hands|atk|2\n|\n|-heal|p2a: Iron Hands|197/373|[from] item: Leftovers\n|upkeep\n|turn|23\n|\n|t:|1733855173\n|move|p1a: Illumise|Encore|p2a: Iron Hands\n|-start|p2a: Iron Hands|Encore\n|move|p2a: Iron Hands|Swords Dance|p2a: Iron Hands\n|-boost|p2a: Iron Hands|atk|2\n|\n|-heal|p2a: Iron Hands|220/373|[from] item: Leftovers\n|upkeep\n|turn|24\n|\n|t:|1733855182\n|-end|p2a: Iron Hands|Quark Drive|[silent]\n|switch|p2a: Arboliva|Arboliva, L91, F|207/288\n|move|p1a: Illumise|Bug Buzz|p2a: Arboliva\n|-supereffective|p2a: Arboliva\n|-damage|p2a: Arboliva|57/288\n|\n|-item|p2a: Arboliva|Sitrus Berry|[from] ability: Harvest\n|upkeep\n|-enditem|p2a: Arboliva|Sitrus Berry|[eat]\n|-heal|p2a: Arboliva|129/288|[from] item: Sitrus Berry\n|turn|25\n|\n|t:|1733855193\n|move|p2a: Arboliva|Protect|p2a: Arboliva\n|-singleturn|p2a: Arboliva|Protect\n|move|p1a: Illumise|Bug Buzz|p2a: Arboliva\n|-activate|p2a: Arboliva|move: Protect\n|\n|-item|p2a: Arboliva|Sitrus Berry|[from] ability: Harvest\n|upkeep\n|-enditem|p2a: Arboliva|Sitrus Berry|[eat]\n|-heal|p2a: Arboliva|201/288|[from] item: Sitrus Berry\n|turn|26\n|\n|t:|1733855204\n|move|p1a: Illumise|Encore|p2a: Arboliva\n|-start|p2a: Arboliva|Encore\n|move|p2a: Arboliva|Protect||[still]\n|-fail|p2a: Arboliva\n|\n|upkeep\n|turn|27\n|\n|t:|1733855210\n|move|p2a: Arboliva|Protect|p2a: Arboliva\n|-singleturn|p2a: Arboliva|Protect\n|move|p1a: Illumise|Thunder Wave|p2a: Arboliva\n|-activate|p2a: Arboliva|move: Protect\n|\n|-item|p2a: Arboliva|Sitrus Berry|[from] ability: Harvest\n|upkeep\n|turn|28\n|\n|t:|1733855219\n|switch|p2a: Iron Hands|Iron Hands, L79|220/373\n|move|p1a: Illumise|Bug Buzz|p2a: Iron Hands\n|-resisted|p2a: Iron Hands\n|-damage|p2a: Iron Hands|166/373\n|\n|-heal|p2a: Iron Hands|189/373|[from] item: Leftovers\n|upkeep\n|turn|29\n|\n|t:|1733855228\n|move|p1a: Illumise|Roost|p1a: Illumise\n|-heal|p1a: Illumise|266/266\n|-singleturn|p1a: Illumise|move: Roost\n|move|p2a: Iron Hands|Ice Punch|p1a: Illumise\n|-damage|p1a: Illumise|198/266\n|-status|p1a: Illumise|frz\n|\n|-heal|p2a: Iron Hands|212/373|[from] item: Leftovers\n|upkeep\n|turn|30\n|c|\u2606Fantashow9|bruh\n|\n|t:|1733855238\n|cant|p1a: Illumise|frz\n|move|p2a: Iron Hands|Swords Dance|p2a: Iron Hands\n|-boost|p2a: Iron Hands|atk|2\n|\n|-heal|p2a: Iron Hands|235/373|[from] item: Leftovers\n|upkeep\n|turn|31\n|\n|t:|1733855246\n|cant|p1a: Illumise|frz\n|move|p2a: Iron Hands|Drain Punch|p1a: Illumise\n|-resisted|p1a: Illumise\n|-damage|p1a: Illumise|103/266 frz\n|-heal|p2a: Iron Hands|283/373|[from] drain|[of] p1a: Illumise\n|\n|-heal|p2a: Iron Hands|306/373|[from] item: Leftovers\n|upkeep\n|turn|32\n|\n|t:|1733855255\n|cant|p1a: Illumise|frz\n|move|p2a: Iron Hands|Wild Charge|p1a: Illumise\n|-damage|p1a: Illumise|0 fnt\n|faint|p1a: Illumise\n|-damage|p2a: Iron Hands|280/373|[from] Recoil\n|\n|-heal|p2a: Iron Hands|303/373|[from] item: Leftovers\n|upkeep\n|\n|t:|1733855259\n|switch|p1a: Zamazenta|Zamazenta, L71|248/248\n|-ability|p1a: Zamazenta|Dauntless Shield|boost\n|-boost|p1a: Zamazenta|def|1\n|turn|33\n|\n|t:|1733855268\n|move|p1a: Zamazenta|Psychic Fangs|p2a: Iron Hands\n|-supereffective|p2a: Iron Hands\n|-damage|p2a: Iron Hands|161/373\n|move|p2a: Iron Hands|Wild Charge|p1a: Zamazenta\n|-damage|p1a: Zamazenta|112/248\n|-damage|p2a: Iron Hands|127/373|[from] Recoil\n|\n|-heal|p2a: Iron Hands|150/373|[from] item: Leftovers\n|upkeep\n|turn|34\n|\n|t:|1733855280\n|move|p1a: Zamazenta|Psychic Fangs|p2a: Iron Hands\n|-supereffective|p2a: Iron Hands\n|-damage|p2a: Iron Hands|4/373\n|move|p2a: Iron Hands|Wild Charge|p1a: Zamazenta\n|-damage|p1a: Zamazenta|0 fnt\n|faint|p1a: Zamazenta\n|-damage|p2a: Iron Hands|0 fnt|[from] Recoil\n|faint|p2a: Iron Hands\n|-end|p2a: Iron Hands|Quark Drive|[silent]\n|\n|upkeep\n|\n|t:|1733855293\n|switch|p1a: Spiritomb|Spiritomb, L89, M|234/234\n|switch|p2a: Arboliva|Arboliva, L91, F|201/288\n|turn|35\n|\n|t:|1733855299\n|move|p2a: Arboliva|Leech Seed|p1a: Spiritomb\n|-start|p1a: Spiritomb|move: Leech Seed\n|move|p1a: Spiritomb|Poltergeist|p2a: Arboliva\n|-immune|p2a: Arboliva\n|\n|-damage|p1a: Spiritomb|205/234|[from] Leech Seed|[of] p2a: Arboliva\n|-heal|p2a: Arboliva|230/288|[silent]\n|upkeep\n|turn|36\n|\n|t:|1733855313\n|switch|p1a: Kingdra|Kingdra, L84, F|127/263\n|move|p2a: Arboliva|Substitute|p2a: Arboliva\n|-start|p2a: Arboliva|Substitute\n|-damage|p2a: Arboliva|158/288\n|\n|upkeep\n|turn|37\n|\n|t:|1733855323\n|switch|p1a: Spiritomb|Spiritomb, L89, M|205/234\n|move|p2a: Arboliva|Leech Seed|p1a: Spiritomb\n|-start|p1a: Spiritomb|move: Leech Seed\n|\n|-heal|p1a: Spiritomb|219/234|[from] item: Leftovers\n|-damage|p1a: Spiritomb|190/234|[from] Leech Seed|[of] p2a: Arboliva\n|-heal|p2a: Arboliva|187/288|[silent]\n|upkeep\n|turn|38\n|\n|t:|1733855332\n|switch|p1a: Kingdra|Kingdra, L84, F|127/263\n|move|p2a: Arboliva|Protect||[still]\n|-fail|p2a: Arboliva\n|\n|upkeep\n|turn|39\n|\n|t:|1733855338\n|switch|p1a: Spiritomb|Spiritomb, L89, M|190/234\n|move|p2a: Arboliva|Leech Seed|p1a: Spiritomb\n|-start|p1a: Spiritomb|move: Leech Seed\n|\n|-heal|p1a: Spiritomb|204/234|[from] item: Leftovers\n|-damage|p1a: Spiritomb|175/234|[from] Leech Seed|[of] p2a: Arboliva\n|-heal|p2a: Arboliva|216/288|[silent]\n|upkeep\n|turn|40\n|\n|t:|1733855354\n|move|p2a: Arboliva|Hyper Voice|p1a: Spiritomb\n|-immune|p1a: Spiritomb\n|move|p1a: Spiritomb|Foul Play|p2a: Arboliva\n|-damage|p2a: Arboliva|152/288\n|\n|-heal|p1a: Spiritomb|189/234|[from] item: Leftovers\n|-damage|p1a: Spiritomb|160/234|[from] Leech Seed|[of] p2a: Arboliva\n|-heal|p2a: Arboliva|181/288|[silent]\n|upkeep\n|turn|41\n|\n|t:|1733855365\n|switch|p1a: Kingdra|Kingdra, L84, F|127/263\n|move|p2a: Arboliva|Protect||[still]\n|-fail|p2a: Arboliva\n|\n|upkeep\n|turn|42\n|\n|t:|1733855371\n|switch|p1a: Spiritomb|Spiritomb, L89, M|160/234\n|move|p2a: Arboliva|Leech Seed|p1a: Spiritomb\n|-start|p1a: Spiritomb|move: Leech Seed\n|\n|-heal|p1a: Spiritomb|174/234|[from] item: Leftovers\n|-damage|p1a: Spiritomb|145/234|[from] Leech Seed|[of] p2a: Arboliva\n|-heal|p2a: Arboliva|210/288|[silent]\n|upkeep\n|turn|43\n|\n|t:|1733855389\n|move|p2a: Arboliva|Leech Seed||[still]\n|-fail|p2a: Arboliva\n|move|p1a: Spiritomb|Foul Play|p2a: Arboliva\n|-damage|p2a: Arboliva|153/288\n|\n|-heal|p1a: Spiritomb|159/234|[from] item: Leftovers\n|-damage|p1a: Spiritomb|130/234|[from] Leech Seed|[of] p2a: Arboliva\n|-heal|p2a: Arboliva|182/288|[silent]\n|upkeep\n|turn|44\n|\n|t:|1733855408\n|switch|p1a: Kingdra|Kingdra, L84, F|127/263\n|move|p2a: Arboliva|Hyper Voice|p1a: Kingdra\n|-damage|p1a: Kingdra|6/263\n|\n|upkeep\n|turn|45\n|\n|t:|1733855415\n|move|p1a: Kingdra|Outrage|p2a: Arboliva\n|-end|p2a: Arboliva|Substitute\n|move|p2a: Arboliva|Leech Seed|p1a: Kingdra\n|-start|p1a: Kingdra|move: Leech Seed\n|\n|-damage|p1a: Kingdra|0 fnt|[from] Leech Seed|[of] p2a: Arboliva\n|-heal|p2a: Arboliva|188/288|[silent]\n|faint|p1a: Kingdra\n|upkeep\n|\n|t:|1733855417\n|switch|p1a: Spiritomb|Spiritomb, L89, M|130/234\n|turn|46\n|\n|t:|1733855425\n|move|p2a: Arboliva|Protect|p2a: Arboliva\n|-singleturn|p2a: Arboliva|Protect\n|move|p1a: Spiritomb|Foul Play|p2a: Arboliva\n|-activate|p2a: Arboliva|move: Protect\n|\n|-heal|p1a: Spiritomb|144/234|[from] item: Leftovers\n|upkeep\n|turn|47\n|l|\u2606Fantashow9\n|inactive|Fantashow9 disconnected and has a minute to reconnect!\n|player|p1|\n|inactive|Fantashow9 has 30 seconds to reconnect!\n|inactive|Fantashow9 has 20 seconds to reconnect!\n|inactive|Fantashow9 has 15 seconds to reconnect!\n|inactive|Fantashow9 has 10 seconds to reconnect!\n|inactive|Fantashow9 has 5 seconds to reconnect!\n|-message|Fantashow9 lost due to inactivity.\n|\n|win|gredaser\n", "inputlog": ">version bfd83cad13791eb5a5a409923076391caf6fb4d4\n>start {\"formatid\":\"gen9randombattle\",\"seed\":[17944,37423,13410,41143],\"rated\":\"Rated battle\"}\n>player p1 {\"name\":\"Fantashow9\",\"avatar\":\"266\",\"rating\":1123,\"seed\":[26790,18089,5566,9957]}\n>player p2 {\"name\":\"gredaser\",\"avatar\":\"102\",\"rating\":1087,\"seed\":[7271,8298,55346,5105]}\n>p1 move nastyplot\n>p2 switch 6\n>p1 move fireblast\n>p2 move suckerpunch terastallize\n>chat \u2606Fantashow9|to close wtf!\n>chat \u2606Fantashow9|f*** sucker punch\n>p2 switch 5\n>p1 move psyshock\n>p2 move suckerpunch\n>p1 switch 3\n>p1 move iciclecrash\n>p2 switch 2\n>p1 move iciclecrash\n>p2 move focusblast\n>p2 switch 6\n>p1 move earthquake\n>p2 move drainpunch\n>p1 move earthquake\n>p2 switch 2\n>p1 move iciclecrash\n>p2 move suckerpunch\n>p1 switch 2\n>p1 move bugbuzz\n>p2 move suckerpunch\n>p2 switch 4\n>p1 move thunderwave\n>p2 move swordsdance\n>p1 move bugbuzz\n>p2 move crabhammer\n>p1 switch 5\n>p2 move crabhammer\n>p1 move dragondance\n>p2 move highhorsepower\n>p1 move dragondance\n>p2 switch 3\n>p1 move outrage\n>p2 move leechseed\n>p1 move outrage\n>p2 move protect\n>p1 switch 5\n>p2 switch 3\n>p1 move bugbuzz\n>p2 move crabhammer\n>p1 move bugbuzz\n>p2 move crabhammer\n>chat \u2606Fantashow9|kinda gg\n>p2 switch 2\n>chat \u2606Fantashow9|you had really bad luck\n>p1 move bugbuzz\n>p2 move wildcharge\n>p1 move roost\n>p2 move wildcharge\n>p1 move roost\n>p2 move swordsdance\n>p1 move encore\n>p2 move icepunch\n>p1 move bugbuzz\n>p2 switch 3\n>p1 move bugbuzz\n>p2 move protect\n>p1 move encore\n>p2 move leechseed\n>p1 move thunderwave\n>p2 move protect\n>p1 move bugbuzz\n>p2 switch 3\n>p1 move roost\n>p2 move icepunch\n>chat \u2606Fantashow9|bruh\n>p1 move encore\n>p2 move swordsdance\n>p1 move encore\n>p2 move drainpunch\n>p1 move roost\n>p2 move wildcharge\n>p1 switch 6\n>p1 move psychicfangs\n>p2 move wildcharge\n>p1 move psychicfangs\n>p2 move wildcharge\n>p1 switch 4\n>p2 switch 3\n>p1 move poltergeist\n>p2 move leechseed\n>p1 switch 5\n>p2 move substitute\n>p1 switch 5\n>p2 move leechseed\n>p1 switch 5\n>p2 move protect\n>p1 switch 5\n>p2 move leechseed\n>p1 move foulplay\n>p2 move hypervoice\n>p1 switch 5\n>p2 move protect\n>p1 switch 5\n>p2 move leechseed\n>p1 move foulplay\n>p2 move leechseed\n>p1 switch 5\n>p2 move hypervoice\n>p1 move outrage\n>p2 move leechseed\n>p1 switch 5\n>p1 move foulplay\n>p2 move protect\n>forcelose p1", "uploadtime": 1733854906, "views": 1, "formatid": "gen9randombattle", "rating": null, "private": 0, "password": null}