{"id": "gen9randombattle-2260582636", "format": "[Gen 9] Random Battle", "players": ["Iamcoronaking", "UziBoii"], "log": "|j|\u2606Iamcoronaking\n|j|\u2606UziBoii\n|t:|1733865955\n|gametype|singles\n|player|p1|Iamcoronaking|101|1475\n|player|p2|UziBoii|ethan|1482\n|teamsize|p1|6\n|teamsize|p2|6\n|gen|9\n|tier|[Gen 9] Random Battle\n|rated|\n|rule|Species Clause: Limit one of each Pok\u00e9mon\n|rule|HP Percentage Mod: HP is shown in percentages\n|rule|Sleep Clause Mod: Limit one foe put to sleep\n|rule|Illusion Level Mod: Illusion disguises the Pok\u00e9mon's true level\n|\n|t:|1733865955\n|start\n|switch|p1a: Venomoth|Venomoth, L84, F|255/255\n|switch|p2a: Cinderace|Cinderace, L77, M|249/249\n|turn|1\n|inactive|Battle timer is ON: inactive players will automatically lose when time's up. (requested by UziBoii)\n|\n|t:|1733865966\n|switch|p1a: Pelipper|Pelipper, L86, F|243/243\n|-weather|RainDance|[from] ability: Drizzle|[of] p1a: Pelipper\n|move|p2a: Cinderace|U-turn|p1a: Pelipper\n|-start|p2a: Cinderace|typechange|Bug|[from] ability: Libero\n|-resisted|p1a: Pelipper\n|-damage|p1a: Pelipper|192/243\n|\n|t:|1733865973\n|switch|p2a: Tornadus|Tornadus, L82, M|264/264|[from] U-turn\n|\n|-weather|RainDance|[upkeep]\n|upkeep\n|turn|2\n|\n|t:|1733865981\n|move|p2a: Tornadus|Knock Off|p1a: Pelipper\n|-damage|p1a: Pelipper|126/243\n|-enditem|p1a: Pelipper|Heavy-Duty Boots|[from] move: Knock Off|[of] p2a: Tornadus\n|move|p1a: Pelipper|Hurricane|p2a: Tornadus\n|-damage|p2a: Tornadus|135/264\n|\n|-weather|RainDance|[upkeep]\n|upkeep\n|turn|3\n|\n|t:|1733865987\n|move|p2a: Tornadus|Bleakwind Storm|p1a: Pelipper\n|-damage|p1a: Pelipper|0 fnt\n|faint|p1a: Pelipper\n|\n|-weather|RainDance|[upkeep]\n|upkeep\n|\n|t:|1733865991\n|switch|p1a: Jolteon|Jolteon, L84, M|246/246\n|turn|4\n|\n|t:|1733865994\n|switch|p2a: Appletun|Appletun, L92, F|352/352\n|move|p1a: Jolteon|Volt Switch|p2a: Appletun\n|-resisted|p2a: Appletun\n|-damage|p2a: Appletun|322/352\n|\n|t:|1733866001\n|switch|p1a: Venomoth|Venomoth, L84, F|255/255|[from] Volt Switch\n|\n|-weather|RainDance|[upkeep]\n|-heal|p2a: Appletun|344/352|[from] item: Leftovers\n|upkeep\n|turn|5\n|\n|t:|1733866006\n|move|p1a: Venomoth|Quiver Dance|p1a: Venomoth\n|-boost|p1a: Venomoth|spa|1\n|-boost|p1a: Venomoth|spd|1\n|-boost|p1a: Venomoth|spe|1\n|move|p2a: Appletun|Leech Seed|p1a: Venomoth|[miss]\n|-miss|p2a: Appletun|p1a: Venomoth\n|\n|-weather|none\n|-heal|p2a: Appletun|352/352|[from] item: Leftovers\n|upkeep\n|turn|6\n|\n|t:|1733866012\n|switch|p2a: Klefki|Klefki, L84, F|233/233\n|move|p1a: Venomoth|Sludge Wave|p2a: Klefki\n|-immune|p2a: Klefki\n|\n|upkeep\n|turn|7\n|\n|t:|1733866016\n|move|p2a: Klefki|Thunder Wave|p1a: Venomoth\n|-status|p1a: Venomoth|par\n|cant|p1a: Venomoth|par\n|\n|upkeep\n|turn|8\n|\n|t:|1733866022\n|switch|p2a: Houndoom|Houndoom, L87, F|272/272\n|cant|p1a: Venomoth|par\n|\n|upkeep\n|turn|9\n|\n|t:|1733866026\n|move|p2a: Houndoom|Fire Blast|p1a: Venomoth\n|-supereffective|p1a: Venomoth\n|-damage|p1a: Venomoth|37/255 par\n|move|p1a: Venomoth|Sleep Powder|p2a: Houndoom|[miss]\n|-miss|p1a: Venomoth|p2a: Houndoom\n|\n|upkeep\n|turn|10\n|-message|Iamcoronaking forfeited.\n|\n|win|UziBoii\n|raw|Iamcoronaking's rating: 1475 &rarr; <strong>1455</strong><br />(-20 for losing)\n|raw|UziBoii's rating: 1482 &rarr; <strong>1502</strong><br />(+20 for winning)\n|l|\u2606Iamcoronaking\n|player|p1|\n", "inputlog": ">version bfd83cad13791eb5a5a409923076391caf6fb4d4\n>start {\"formatid\":\"gen9randombattle\",\"seed\":[25327,50486,27815,56681],\"rated\":\"Rated battle\"}\n>player p1 {\"name\":\"Iamcoronaking\",\"avatar\":\"101\",\"rating\":1475,\"seed\":[40796,30934,44435,10809]}\n>player p2 {\"name\":\"UziBoii\",\"avatar\":\"ethan\",\"rating\":1482,\"seed\":[55959,8419,36243,12117]}\n>p1 switch 6\n>p2 move uturn\n>p2 switch 6\n>p1 move hurricane\n>p2 move knockoff\n>p1 move hurricane\n>p2 move bleakwindstorm\n>p1 switch 4\n>p1 move voltswitch\n>p2 switch 4\n>p1 switch 6\n>p1 move quiverdance\n>p2 move leechseed\n>p1 move sludgewave\n>p2 switch 3\n>p1 move sleeppowder\n>p2 move thunderwave\n>p1 move sleeppowder\n>p2 switch 2\n>p1 move sleeppowder\n>p2 move fireblast\n>forcelose p1", "uploadtime": 1733866033, "views": 1, "formatid": "gen9randombattle", "rating": 1455, "private": 0, "password": null}