{"id": "gen9randombattle-2259917397", "format": "[Gen 9] Random Battle", "players": ["redfuryninja", "swampnik"], "log": "|j|\u2606redfuryninja\n|j|\u2606swampnik\n|t:|1733779753\n|gametype|singles\n|player|p1|redfuryninja|steven|1362\n|player|p2|swampnik|rika|1326\n|teamsize|p1|6\n|teamsize|p2|6\n|gen|9\n|tier|[Gen 9] Random Battle\n|rated|\n|rule|Species Clause: Limit one of each Pok\u00e9mon\n|rule|HP Percentage Mod: HP is shown in percentages\n|rule|Sleep Clause Mod: Limit one foe put to sleep\n|rule|Illusion Level Mod: Illusion disguises the Pok\u00e9mon's true level\n|\n|t:|1733779753\n|start\n|switch|p1a: Jolteon|Jolteon, L84, M|246/246\n|switch|p2a: Gengar|Gengar, L81, M|230/230\n|turn|1\n|inactive|Battle timer is ON: inactive players will automatically lose when time's up. (requested by swampnik)\n|\n|t:|1733779761\n|move|p1a: Jolteon|Calm Mind|p1a: Jolteon\n|-boost|p1a: Jolteon|spa|1\n|-boost|p1a: Jolteon|spd|1\n|move|p2a: Gengar|Encore|p1a: Jolteon\n|-start|p1a: Jolteon|Encore\n|\n|upkeep\n|turn|2\n|\n|t:|1733779767\n|move|p1a: Jolteon|Calm Mind|p1a: Jolteon\n|-boost|p1a: Jolteon|spa|1\n|-boost|p1a: Jolteon|spd|1\n|move|p2a: Gengar|Will-O-Wisp|p1a: Jolteon\n|-status|p1a: Jolteon|brn\n|\n|-damage|p1a: Jolteon|231/246 brn|[from] brn\n|upkeep\n|turn|3\n|\n|t:|1733779777\n|switch|p2a: Electivire|Electivire, L84, F|263/263\n|move|p1a: Jolteon|Calm Mind|p1a: Jolteon\n|-boost|p1a: Jolteon|spa|1\n|-boost|p1a: Jolteon|spd|1\n|\n|-damage|p1a: Jolteon|216/246 brn|[from] brn\n|upkeep\n|turn|4\n|\n|t:|1733779784\n|move|p1a: Jolteon|Calm Mind|p1a: Jolteon\n|-boost|p1a: Jolteon|spa|1\n|-boost|p1a: Jolteon|spd|1\n|move|p2a: Electivire|Earthquake|p1a: Jolteon\n|-supereffective|p1a: Jolteon\n|-damage|p1a: Jolteon|0 fnt\n|faint|p1a: Jolteon\n|-damage|p2a: Electivire|237/263|[from] item: Life Orb\n|\n|upkeep\n|\n|t:|1733779812\n|switch|p1a: Skarmory|Skarmory, L80, F|235/235\n|turn|5\n|\n|t:|1733779816\n|move|p2a: Electivire|Supercell Slam|p1a: Skarmory\n|-supereffective|p1a: Skarmory\n|-damage|p1a: Skarmory|6/235\n|-damage|p2a: Electivire|211/263|[from] item: Life Orb\n|move|p1a: Skarmory|Stealth Rock|p2a: Electivire\n|-sidestart|p2: swampnik|move: Stealth Rock\n|\n|-heal|p1a: Skarmory|20/235|[from] item: Leftovers\n|upkeep\n|turn|6\n|\n|t:|1733779826\n|move|p2a: Electivire|Ice Punch|p1a: Skarmory\n|-damage|p1a: Skarmory|0 fnt\n|faint|p1a: Skarmory\n|-damage|p2a: Electivire|185/263|[from] item: Life Orb\n|\n|upkeep\n|\n|t:|1733779842\n|switch|p1a: Regice|Regice, L88|284/284\n|turn|7\n|inactive|swampnik has 120 seconds left.\n|\n|t:|1733779872\n|move|p2a: Electivire|Supercell Slam|p1a: Regice\n|-damage|p1a: Regice|138/284\n|-damage|p2a: Electivire|159/263|[from] item: Life Orb\n|move|p1a: Regice|Ice Beam|p2a: Electivire\n|-damage|p2a: Electivire|41/263\n|\n|upkeep\n|turn|8\n|\n|t:|1733779880\n|move|p2a: Electivire|Supercell Slam|p1a: Regice\n|-damage|p1a: Regice|0 fnt\n|faint|p1a: Regice\n|-damage|p2a: Electivire|15/263|[from] item: Life Orb\n|\n|upkeep\n|\n|t:|1733779891\n|switch|p1a: Barraskewda|Barraskewda, L81, M|231/231\n|turn|9\n|\n|t:|1733779899\n|move|p1a: Barraskewda|Psychic Fangs|p2a: Electivire\n|-damage|p2a: Electivire|0 fnt\n|faint|p2a: Electivire\n|\n|upkeep\n|\n|t:|1733779906\n|switch|p2a: Honchkrow|Honchkrow, L86, F|312/312\n|turn|10\n|\n|t:|1733779914\n|switch|p1a: Illumise|Illumise, L91, F|266/266\n|move|p2a: Honchkrow|Heat Wave|p1a: Illumise\n|-supereffective|p1a: Illumise\n|-damage|p1a: Illumise|112/266\n|\n|upkeep\n|turn|11\n|\n|t:|1733779927\n|move|p1a: Illumise|Thunder Wave|p2a: Honchkrow\n|-hint|Since gen 7, Dark is immune to Prankster moves.\n|-immune|p2a: Honchkrow\n|move|p2a: Honchkrow|Heat Wave|p1a: Illumise\n|-supereffective|p1a: Illumise\n|-damage|p1a: Illumise|0 fnt\n|faint|p1a: Illumise\n|-ability|p2a: Honchkrow|Moxie|boost\n|-boost|p2a: Honchkrow|atk|1\n|\n|upkeep\n|\n|t:|1733779937\n|switch|p1a: Barraskewda|Barraskewda, L81, M|231/231\n|turn|12\n|\n|t:|1733779942\n|move|p1a: Barraskewda|Waterfall|p2a: Honchkrow\n|-damage|p2a: Honchkrow|116/312\n|move|p2a: Honchkrow|Brave Bird|p1a: Barraskewda\n|-damage|p1a: Barraskewda|0 fnt\n|faint|p1a: Barraskewda\n|-ability|p2a: Honchkrow|Moxie|boost\n|-boost|p2a: Honchkrow|atk|1\n|-damage|p2a: Honchkrow|40/312|[from] Recoil\n|\n|upkeep\n|\n|t:|1733779951\n|switch|p1a: Ceruledge|Ceruledge, L78, M|245/245\n|turn|13\n|\n|t:|1733779956\n|move|p2a: Honchkrow|Sucker Punch|p1a: Ceruledge\n|-supereffective|p1a: Ceruledge\n|-damage|p1a: Ceruledge|0 fnt\n|faint|p1a: Ceruledge\n|\n|win|swampnik\n|raw|redfuryninja's rating: 1362 &rarr; <strong>1340</strong><br />(-22 for losing)\n|raw|swampnik's rating: 1326 &rarr; <strong>1348</strong><br />(+22 for winning)\n|c|\u2606redfuryninja|gg\n|l|\u2606redfuryninja\n|player|p1|\n", "inputlog": ">version bfd83cad13791eb5a5a409923076391caf6fb4d4\n>start {\"formatid\":\"gen9randombattle\",\"seed\":[24384,12883,47979,61497],\"rated\":\"Rated battle\"}\n>player p1 {\"name\":\"redfuryninja\",\"avatar\":\"steven\",\"rating\":1362,\"seed\":[40429,60629,56635,17274]}\n>player p2 {\"name\":\"swampnik\",\"avatar\":\"rika\",\"rating\":1326,\"seed\":[49777,62735,60107,57701]}\n>p1 move calmmind\n>p2 move encore\n>p1 move calmmind\n>p2 move willowisp\n>p1 move calmmind\n>p2 switch 2\n>p1 move calmmind\n>p2 move earthquake\n>p1 switch 4\n>p1 move stealthrock\n>p2 move supercellslam\n>p1 move whirlwind\n>p2 move icepunch\n>p1 switch 3\n>p1 move icebeam\n>p2 move supercellslam\n>p1 move icebeam\n>p2 move supercellslam\n>p1 switch 6\n>p1 move psychicfangs\n>p2 move supercellslam\n>p2 switch 6\n>p1 switch 2\n>p2 move heatwave\n>p1 move thunderwave\n>p2 move heatwave\n>p1 switch 2\n>p1 move waterfall\n>p2 move bravebird\n>p1 switch 5\n>p1 move bitterblade\n>p2 move suckerpunch", "uploadtime": 1733779962, "views": 2, "formatid": "gen9randombattle", "rating": 1340, "private": 0, "password": null}