{"id": "gen9randombattle-2114924952", "format": "[Gen 9] Random Battle", "players": ["Qiuescent", "nocomment3"], "log": "|j|\u203dQiuescent\n|j|\u2606nocomment3\n|t:|1714497352\n|gametype|singles\n|player|p1|Qiuescent|266|2207\n|player|p2|nocomment3|265|2269\n|teamsize|p1|6\n|teamsize|p2|6\n|gen|9\n|tier|[Gen 9] Random Battle\n|rated|\n|rule|Species Clause: Limit one of each Pok\u00e9mon\n|rule|HP Percentage Mod: HP is shown in percentages\n|rule|Sleep Clause Mod: Limit one foe put to sleep\n|rule|Illusion Level Mod: Illusion disguises the Pok\u00e9mon's true level\n|\n|t:|1714497352\n|start\n|switch|p1a: Kilowattrel|Kilowattrel, L83, M|252/252\n|switch|p2a: Reshiram|Reshiram, L76|277/277\n|-ability|p2a: Reshiram|Turboblaze\n|turn|1\n|\n|t:|1714497365\n|switch|p2a: Vikavolt|Vikavolt, L84, M|267/267\n|move|p1a: Kilowattrel|U-turn|p2a: Vikavolt\n|-damage|p2a: Vikavolt|226/267\n|\n|t:|1714497374\n|switch|p1a: Mamoswine|Mamoswine, L81, M|311/311|[from] U-turn\n|\n|upkeep\n|turn|2\n|\n|t:|1714497379\n|move|p1a: Mamoswine|Icicle Crash|p2a: Vikavolt\n|-damage|p2a: Vikavolt|100/267\n|-damage|p1a: Mamoswine|280/311|[from] item: Life Orb\n|move|p2a: Vikavolt|Energy Ball|p1a: Mamoswine\n|-supereffective|p1a: Mamoswine\n|-damage|p1a: Mamoswine|56/311\n|\n|upkeep\n|turn|3\n|\n|t:|1714497387\n|switch|p2a: Archaludon|Archaludon, L78, F|268/268\n|move|p1a: Mamoswine|Stealth Rock|p2a: Archaludon\n|-sidestart|p2: nocomment3|move: Stealth Rock\n|\n|upkeep\n|turn|4\n|\n|t:|1714497389\n|move|p2a: Archaludon|Body Press|p1a: Mamoswine\n|-supereffective|p1a: Mamoswine\n|-damage|p1a: Mamoswine|0 fnt\n|faint|p1a: Mamoswine\n|\n|upkeep\n|\n|t:|1714497402\n|switch|p1a: Uxie|Uxie, L83|260/260\n|turn|5\n|\n|t:|1714497407\n|move|p1a: Uxie|Thunder Wave|p2a: Archaludon\n|-status|p2a: Archaludon|par\n|move|p2a: Archaludon|Flash Cannon|p1a: Uxie\n|-damage|p1a: Uxie|191/260\n|\n|-heal|p1a: Uxie|207/260|[from] item: Leftovers\n|upkeep\n|turn|6\n|\n|t:|1714497410\n|move|p1a: Uxie|Knock Off|p2a: Archaludon\n|-damage|p2a: Archaludon|225/268 par\n|-ability|p2a: Archaludon|Stamina|boost\n|-boost|p2a: Archaludon|def|1\n|-enditem|p2a: Archaludon|Leftovers|[from] move: Knock Off|[of] p1a: Uxie\n|move|p2a: Archaludon|Flash Cannon|p1a: Uxie\n|-damage|p1a: Uxie|135/260\n|\n|-heal|p1a: Uxie|151/260|[from] item: Leftovers\n|upkeep\n|turn|7\n|\n|t:|1714497414\n|move|p1a: Uxie|Psychic Noise|p2a: Archaludon\n|-resisted|p2a: Archaludon\n|-damage|p2a: Archaludon|181/268 par\n|-start|p2a: Archaludon|move: Heal Block\n|-ability|p2a: Archaludon|Stamina|boost\n|-boost|p2a: Archaludon|def|1\n|cant|p2a: Archaludon|par\n|\n|-heal|p1a: Uxie|167/260|[from] item: Leftovers\n|upkeep\n|turn|8\n|\n|t:|1714497416\n|move|p1a: Uxie|Psychic Noise|p2a: Archaludon\n|-resisted|p2a: Archaludon\n|-damage|p2a: Archaludon|141/268 par\n|-ability|p2a: Archaludon|Stamina|boost\n|-boost|p2a: Archaludon|def|1\n|move|p2a: Archaludon|Flash Cannon|p1a: Uxie\n|-crit|p1a: Uxie\n|-damage|p1a: Uxie|58/260\n|\n|-heal|p1a: Uxie|74/260|[from] item: Leftovers\n|-end|p2a: Archaludon|move: Heal Block\n|upkeep\n|turn|9\n|\n|t:|1714497419\n|move|p1a: Uxie|Psychic Noise|p2a: Archaludon\n|-resisted|p2a: Archaludon\n|-damage|p2a: Archaludon|100/268 par\n|-start|p2a: Archaludon|move: Heal Block\n|-ability|p2a: Archaludon|Stamina|boost\n|-boost|p2a: Archaludon|def|1\n|move|p2a: Archaludon|Flash Cannon|p1a: Uxie\n|-damage|p1a: Uxie|4/260\n|\n|-heal|p1a: Uxie|20/260|[from] item: Leftovers\n|upkeep\n|turn|10\n|\n|t:|1714497421\n|move|p1a: Uxie|Psychic Noise|p2a: Archaludon\n|-resisted|p2a: Archaludon\n|-damage|p2a: Archaludon|56/268 par\n|-ability|p2a: Archaludon|Stamina|boost\n|-boost|p2a: Archaludon|def|1\n|move|p2a: Archaludon|Flash Cannon|p1a: Uxie\n|-damage|p1a: Uxie|0 fnt\n|faint|p1a: Uxie\n|\n|-end|p2a: Archaludon|move: Heal Block\n|upkeep\n|\n|t:|1714497424\n|switch|p1a: Iron Bundle|Iron Bundle, L77|213/213\n|turn|11\n|\n|t:|1714497427\n|move|p1a: Iron Bundle|Substitute|p1a: Iron Bundle\n|-start|p1a: Iron Bundle|Substitute\n|-damage|p1a: Iron Bundle|160/213\n|cant|p2a: Archaludon|par\n|\n|-heal|p1a: Iron Bundle|173/213|[from] item: Leftovers\n|upkeep\n|turn|12\n|\n|t:|1714497430\n|move|p1a: Iron Bundle|Freeze-Dry|p2a: Archaludon\n|-damage|p2a: Archaludon|0 fnt\n|faint|p2a: Archaludon\n|\n|-heal|p1a: Iron Bundle|186/213|[from] item: Leftovers\n|upkeep\n|\n|t:|1714497440\n|switch|p2a: Reshiram|Reshiram, L76|277/277\n|-ability|p2a: Reshiram|Turboblaze\n|turn|13\n|\n|t:|1714497443\n|move|p1a: Iron Bundle|Hydro Pump|p2a: Reshiram\n|-damage|p2a: Reshiram|169/277\n|move|p2a: Reshiram|Earth Power|p1a: Iron Bundle\n|-end|p1a: Iron Bundle|Substitute\n|\n|-heal|p1a: Iron Bundle|199/213|[from] item: Leftovers\n|upkeep\n|turn|14\n|\n|t:|1714497448\n|move|p1a: Iron Bundle|Encore|p2a: Reshiram\n|-start|p2a: Reshiram|Encore\n|move|p2a: Reshiram|Earth Power|p1a: Iron Bundle\n|-damage|p1a: Iron Bundle|94/213\n|\n|-heal|p1a: Iron Bundle|107/213|[from] item: Leftovers\n|upkeep\n|turn|15\n|\n|t:|1714497451\n|move|p1a: Iron Bundle|Hydro Pump|p2a: Reshiram\n|-damage|p2a: Reshiram|70/277\n|move|p2a: Reshiram|Earth Power|p1a: Iron Bundle\n|-damage|p1a: Iron Bundle|0 fnt\n|faint|p1a: Iron Bundle\n|-end|p1a: Iron Bundle|Quark Drive|[silent]\n|\n|upkeep\n|\n|t:|1714497464\n|switch|p1a: Leafeon|Leafeon, L88, F|258/258\n|turn|16\n|\n|t:|1714497473\n|switch|p2a: Slaking|Slaking, L84, M|389/389\n|-damage|p2a: Slaking|341/389|[from] Stealth Rock\n|move|p1a: Leafeon|Swords Dance|p1a: Leafeon\n|-boost|p1a: Leafeon|atk|2\n|\n|upkeep\n|turn|17\n|\n|t:|1714497481\n|move|p2a: Slaking|Giga Impact|p1a: Leafeon\n|-damage|p1a: Leafeon|102/258\n|-mustrecharge|p2a: Slaking\n|move|p1a: Leafeon|Leaf Blade|p2a: Slaking\n|-damage|p2a: Slaking|60/389\n|-damage|p1a: Leafeon|77/258|[from] item: Life Orb\n|\n|upkeep\n|turn|18\n|\n|t:|1714497486\n|cant|p2a: Slaking|recharge\n|move|p1a: Leafeon|Knock Off|p2a: Slaking\n|-damage|p2a: Slaking|0 fnt\n|-enditem|p2a: Slaking|Choice Scarf|[from] move: Knock Off|[of] p1a: Leafeon\n|faint|p2a: Slaking\n|-damage|p1a: Leafeon|52/258|[from] item: Life Orb\n|\n|upkeep\n|\n|t:|1714497490\n|switch|p2a: Scyther|Scyther, L82, F|249/249\n|turn|19\n|\n|t:|1714497494\n|switch|p1a: Kilowattrel|Kilowattrel, L83, M|252/252\n|move|p2a: Scyther|Bug Bite|p1a: Kilowattrel\n|-resisted|p1a: Kilowattrel\n|-damage|p1a: Kilowattrel|180/252\n|\n|upkeep\n|turn|20\n|\n|t:|1714497501\n|switch|p2a: Reshiram|Reshiram, L76|70/277\n|-ability|p2a: Reshiram|Turboblaze\n|move|p1a: Kilowattrel|Thunderbolt|p2a: Reshiram\n|-resisted|p2a: Reshiram\n|-damage|p2a: Reshiram|28/277\n|\n|upkeep\n|turn|21\n|\n|t:|1714497505\n|move|p1a: Kilowattrel|Thunderbolt|p2a: Reshiram\n|-resisted|p2a: Reshiram\n|-damage|p2a: Reshiram|0 fnt\n|faint|p2a: Reshiram\n|\n|upkeep\n|\n|t:|1714497507\n|switch|p2a: Krookodile|Krookodile, L80, F|283/283\n|-damage|p2a: Krookodile|266/283|[from] Stealth Rock\n|turn|22\n|\n|t:|1714497515\n|move|p1a: Kilowattrel|U-turn|p2a: Krookodile\n|-supereffective|p2a: Krookodile\n|-damage|p2a: Krookodile|178/283\n|\n|t:|1714497517\n|switch|p1a: Leafeon|Leafeon, L88, F|52/258|[from] U-turn\n|move|p2a: Krookodile|Knock Off|p1a: Leafeon\n|-damage|p1a: Leafeon|0 fnt\n|-enditem|p1a: Leafeon|Life Orb|[from] move: Knock Off|[of] p2a: Krookodile\n|faint|p1a: Leafeon\n|-ability|p2a: Krookodile|Moxie|boost\n|-boost|p2a: Krookodile|atk|1\n|-damage|p2a: Krookodile|150/283|[from] item: Life Orb\n|\n|upkeep\n|\n|t:|1714497519\n|switch|p1a: Scyther|Scyther, L82, M|249/249\n|turn|23\n|\n|t:|1714497558\n|-terastallize|p2a: Krookodile|Poison\n|move|p1a: Scyther|Close Combat|p2a: Krookodile\n|-resisted|p2a: Krookodile\n|-damage|p2a: Krookodile|96/283\n|-unboost|p1a: Scyther|def|1\n|-unboost|p1a: Scyther|spd|1\n|move|p2a: Krookodile|Gunk Shot|p1a: Scyther\n|-damage|p1a: Scyther|0 fnt\n|faint|p1a: Scyther\n|-ability|p2a: Krookodile|Moxie|boost\n|-boost|p2a: Krookodile|atk|1\n|-damage|p2a: Krookodile|68/283|[from] item: Life Orb\n|\n|upkeep\n|\n|t:|1714497560\n|switch|p1a: Kilowattrel|Kilowattrel, L83, M|180/252\n|turn|24\n|\n|t:|1714497565\n|-terastallize|p1a: Kilowattrel|Electric\n|move|p1a: Kilowattrel|Thunderbolt|p2a: Krookodile\n|-damage|p2a: Krookodile|0 fnt\n|faint|p2a: Krookodile\n|\n|upkeep\n|inactive|Battle timer is ON: inactive players will automatically lose when time's up. (requested by Qiuescent)\n|\n|t:|1714497574\n|switch|p2a: Vikavolt|Vikavolt, L84, M|100/267\n|turn|25\n|\n|t:|1714497578\n|move|p1a: Kilowattrel|Hurricane|p2a: Vikavolt\n|-damage|p2a: Vikavolt|0 fnt\n|faint|p2a: Vikavolt\n|\n|upkeep\n|\n|t:|1714497579\n|switch|p2a: Scyther|Scyther, L82, F|249/249\n|turn|26\n|\n|t:|1714497582\n|move|p1a: Kilowattrel|Thunderbolt|p2a: Scyther\n|-supereffective|p2a: Scyther\n|-damage|p2a: Scyther|0 fnt\n|faint|p2a: Scyther\n|\n|win|Qiuescent\n|raw|Qiuescent's rating: 2207 &rarr; <strong>2231</strong><br />(+24 for winning)\n|raw|nocomment3's rating: 2269 &rarr; <strong>2245</strong><br />(-24 for losing)\n|l|\u2606nocomment3\n|player|p2|\n", "inputlog": ">version b84337b8f7878220839aa0c41b4e8e9021e31424\n>start {\"formatid\":\"gen9randombattle\",\"seed\":[38605,63361,52906,44941],\"rated\":\"Rated battle\"}\n>player p1 {\"name\":\"Qiuescent\",\"avatar\":\"266\",\"rating\":2207,\"seed\":[642,60961,49814,15331]}\n>player p2 {\"name\":\"nocomment3\",\"avatar\":\"265\",\"rating\":2269,\"seed\":[30926,60802,47534,19096]}\n>p1 move uturn\n>p2 switch 4\n>p1 switch 4\n>p1 move iciclecrash\n>p2 move energyball\n>p1 move stealthrock\n>p2 switch 2\n>p1 move earthquake\n>p2 move bodypress\n>p1 switch 6\n>p1 move thunderwave\n>p2 move flashcannon\n>p1 move knockoff\n>p2 move flashcannon\n>p1 move psychicnoise\n>p2 move flashcannon\n>p1 move psychicnoise\n>p2 move flashcannon\n>p1 move psychicnoise\n>p2 move flashcannon\n>p1 move psychicnoise\n>p2 move flashcannon\n>p1 switch 5\n>p1 move substitute\n>p2 move stealthrock\n>p1 move freezedry\n>p2 move bodypress\n>p2 switch 4\n>p1 move hydropump\n>p2 move earthpower\n>p1 move encore\n>p2 move blueflare\n>p1 move hydropump\n>p2 move earthpower\n>p1 switch 2\n>p1 move swordsdance\n>p2 switch 6\n>p1 move leafblade\n>p2 move gigaimpact\n>p1 move knockoff\n>p2 move recharge\n>p2 switch 5\n>p1 switch 4\n>p2 move bugbite\n>p1 move thunderbolt\n>p2 switch 6\n>p1 move thunderbolt\n>p2 move blueflare\n>p2 switch 3\n>p1 move uturn\n>p2 move knockoff\n>p1 switch 4\n>p1 switch 3\n>p1 move closecombat\n>p2 move gunkshot terastallize\n>p1 switch 4\n>p1 move thunderbolt terastallize\n>p2 move knockoff\n>p2 switch 2\n>p1 move hurricane\n>p2 move bugbuzz\n>p2 switch 6\n>p1 move thunderbolt\n>p2 move bugbite", "uploadtime": 1714497588, "views": 232, "formatid": "gen9randombattle", "rating": 2231, "private": 0, "password": null}