{"id": "gen9randombattle-2260337570", "format": "[Gen 9] Random Battle", "players": ["Snarljos", "Dunlokk"], "log": "|j|\u2606Snarljos\n|j|\u2606Dunlokk\n|t:|1733841473\n|gametype|singles\n|player|p1|Snarljos|101|1152\n|player|p2|Dunlokk|ltsurge|1174\n|teamsize|p1|6\n|teamsize|p2|6\n|gen|9\n|tier|[Gen 9] Random Battle\n|rated|\n|rule|Species Clause: Limit one of each Pok\u00e9mon\n|rule|HP Percentage Mod: HP is shown in percentages\n|rule|Sleep Clause Mod: Limit one foe put to sleep\n|rule|Illusion Level Mod: Illusion disguises the Pok\u00e9mon's true level\n|\n|t:|1733841473\n|start\n|switch|p1a: Lilligant|Lilligant-Hisui, L79, F|240/240\n|switch|p2a: Tornadus|Tornadus-Therian, L79, M|254/254\n|turn|1\n|\n|t:|1733841487\n|switch|p1a: Zebstrika|Zebstrika, L87, M|272/272\n|move|p2a: Tornadus|Nasty Plot|p2a: Tornadus\n|-boost|p2a: Tornadus|spa|2\n|\n|upkeep\n|turn|2\n|\n|t:|1733841497\n|-terastallize|p2a: Tornadus|Fire\n|move|p1a: Zebstrika|Supercell Slam|p2a: Tornadus|[miss]\n|-miss|p1a: Zebstrika|p2a: Tornadus\n|-damage|p1a: Zebstrika|136/272|[from] supercellslam\n|move|p2a: Tornadus|Heat Wave|p1a: Zebstrika\n|-damage|p1a: Zebstrika|0 fnt\n|faint|p1a: Zebstrika\n|\n|upkeep\n|\n|t:|1733841512\n|switch|p1a: Kyogre|Kyogre, L71|259/259\n|-weather|RainDance|[from] ability: Drizzle|[of] p1a: Kyogre\n|turn|3\n|inactive|Battle timer is ON: inactive players will automatically lose when time's up. (requested by Dunlokk)\n|\n|t:|1733841520\n|move|p1a: Kyogre|Water Spout|p2a: Tornadus\n|-supereffective|p2a: Tornadus\n|-damage|p2a: Tornadus|0 fnt\n|faint|p2a: Tornadus\n|\n|-weather|RainDance|[upkeep]\n|upkeep\n|\n|t:|1733841527\n|switch|p2a: Virizion|Virizion, L82|283/283\n|turn|4\n|\n|t:|1733841534\n|switch|p1a: Glaceon|Glaceon, L94, M|275/275\n|move|p2a: Virizion|Swords Dance|p2a: Virizion\n|-boost|p2a: Virizion|atk|2\n|\n|-weather|RainDance|[upkeep]\n|upkeep\n|turn|5\n|\n|t:|1733841547\n|move|p2a: Virizion|Close Combat|p1a: Glaceon\n|-supereffective|p1a: Glaceon\n|-damage|p1a: Glaceon|0 fnt\n|-unboost|p2a: Virizion|def|1\n|-unboost|p2a: Virizion|spd|1\n|faint|p1a: Glaceon\n|-damage|p2a: Virizion|255/283|[from] item: Life Orb\n|\n|-weather|RainDance|[upkeep]\n|upkeep\n|\n|t:|1733841558\n|switch|p1a: Kyogre|Kyogre, L71|259/259\n|turn|6\n|inactive|Dunlokk has 120 seconds left.\n|\n|t:|1733841591\n|move|p1a: Kyogre|Ice Beam|p2a: Virizion\n|-supereffective|p2a: Virizion\n|-damage|p2a: Virizion|105/283\n|move|p2a: Virizion|Leaf Blade|p1a: Kyogre\n|-supereffective|p1a: Kyogre\n|-damage|p1a: Kyogre|0 fnt\n|faint|p1a: Kyogre\n|-damage|p2a: Virizion|77/283|[from] item: Life Orb\n|\n|-weather|RainDance|[upkeep]\n|upkeep\n|\n|t:|1733841609\n|switch|p1a: Reuniclus|Reuniclus, L88, F|337/337\n|turn|7\n|\n|t:|1733841616\n|move|p2a: Virizion|Stone Edge|p1a: Reuniclus\n|-damage|p1a: Reuniclus|149/337\n|-damage|p2a: Virizion|49/283|[from] item: Life Orb\n|move|p1a: Reuniclus|Psychic|p2a: Virizion\n|-supereffective|p2a: Virizion\n|-damage|p2a: Virizion|0 fnt\n|faint|p2a: Virizion\n|\n|-weather|none\n|upkeep\n|\n|t:|1733841621\n|switch|p2a: Weavile|Weavile, L79, F|240/240\n|turn|8\n|\n|t:|1733841635\n|switch|p1a: Pikachu|Pikachu-Kalos, L93, M|216/216\n|move|p2a: Weavile|Swords Dance|p2a: Weavile\n|-boost|p2a: Weavile|atk|2\n|\n|upkeep\n|turn|9\n|\n|t:|1733841647\n|move|p2a: Weavile|Triple Axel|p1a: Pikachu|[miss]\n|-miss|p2a: Weavile|p1a: Pikachu\n|move|p1a: Pikachu|Volt Switch|p2a: Weavile\n|-damage|p2a: Weavile|126/240\n|\n|t:|1733841654\n|switch|p1a: Lilligant|Lilligant-Hisui, L79, F|240/240|[from] Volt Switch\n|\n|upkeep\n|turn|10\n|\n|t:|1733841662\n|-terastallize|p1a: Lilligant|Steel\n|move|p2a: Weavile|Triple Axel|p1a: Lilligant|[miss]\n|-miss|p2a: Weavile|p1a: Lilligant\n|move|p1a: Lilligant|Close Combat|p2a: Weavile\n|-supereffective|p2a: Weavile\n|-damage|p2a: Weavile|0 fnt\n|-unboost|p1a: Lilligant|def|1\n|-unboost|p1a: Lilligant|spd|1\n|faint|p2a: Weavile\n|-damage|p1a: Lilligant|216/240|[from] item: Life Orb\n|\n|upkeep\n|\n|t:|1733841670\n|switch|p2a: Stonjourner|Stonjourner, L91, F|330/330\n|turn|11\n|\n|t:|1733841687\n|move|p1a: Lilligant|Close Combat|p2a: Stonjourner\n|-supereffective|p2a: Stonjourner\n|-damage|p2a: Stonjourner|0 fnt\n|-unboost|p1a: Lilligant|def|1\n|-unboost|p1a: Lilligant|spd|1\n|faint|p2a: Stonjourner\n|-damage|p1a: Lilligant|192/240|[from] item: Life Orb\n|\n|upkeep\n|\n|t:|1733841689\n|switch|p2a: Jirachi|Jirachi, L80|291/291\n|turn|12\n|\n|t:|1733841701\n|switch|p1a: Pikachu|Pikachu-Kalos, L93, M|216/216\n|move|p2a: Jirachi|Iron Head|p1a: Pikachu\n|-resisted|p1a: Pikachu\n|-damage|p1a: Pikachu|152/216\n|\n|upkeep\n|turn|13\n|\n|t:|1733841709\n|move|p2a: Jirachi|Iron Head|p1a: Pikachu\n|-resisted|p1a: Pikachu\n|-damage|p1a: Pikachu|87/216\n|cant|p1a: Pikachu|flinch\n|\n|upkeep\n|turn|14\n|\n|t:|1733841715\n|move|p2a: Jirachi|Iron Head|p1a: Pikachu\n|-resisted|p1a: Pikachu\n|-damage|p1a: Pikachu|26/216\n|cant|p1a: Pikachu|flinch\n|\n|upkeep\n|turn|15\n|c|\u2606Dunlokk|lol\n|\n|t:|1733841722\n|move|p2a: Jirachi|Iron Head|p1a: Pikachu\n|-resisted|p1a: Pikachu\n|-damage|p1a: Pikachu|0 fnt\n|faint|p1a: Pikachu\n|\n|upkeep\n|\n|t:|1733841732\n|switch|p1a: Reuniclus|Reuniclus, L88, F|149/337\n|turn|16\n|\n|t:|1733841736\n|move|p2a: Jirachi|Iron Head|p1a: Reuniclus\n|-damage|p1a: Reuniclus|68/337\n|cant|p1a: Reuniclus|flinch\n|\n|upkeep\n|turn|17\n|c|\u2606Dunlokk|lmfao\n|\n|t:|1733841742\n|move|p2a: Jirachi|Iron Head|p1a: Reuniclus\n|-damage|p1a: Reuniclus|0 fnt\n|faint|p1a: Reuniclus\n|\n|upkeep\n|\n|t:|1733841747\n|switch|p1a: Lilligant|Lilligant-Hisui, L79, F, tera:Steel|192/240\n|turn|18\n|c|\u2606Dunlokk|he is the wish pokemon\n|\n|t:|1733841750\n|move|p2a: Jirachi|Iron Head|p1a: Lilligant\n|-resisted|p1a: Lilligant\n|-damage|p1a: Lilligant|144/240\n|cant|p1a: Lilligant|flinch\n|\n|upkeep\n|turn|19\n|c|\u2606Dunlokk|NO WAY\n|\n|t:|1733841758\n|move|p2a: Jirachi|Iron Head|p1a: Lilligant\n|-resisted|p1a: Lilligant\n|-damage|p1a: Lilligant|99/240\n|move|p1a: Lilligant|Close Combat|p2a: Jirachi\n|-damage|p2a: Jirachi|80/291\n|-unboost|p1a: Lilligant|def|1\n|-unboost|p1a: Lilligant|spd|1\n|-damage|p1a: Lilligant|75/240|[from] item: Life Orb\n|\n|upkeep\n|turn|20\n|c|\u2606Dunlokk|gg wp\n|\n|t:|1733841767\n|move|p2a: Jirachi|Iron Head|p1a: Lilligant\n|-resisted|p1a: Lilligant\n|-damage|p1a: Lilligant|0 fnt\n|faint|p1a: Lilligant\n|\n|win|Dunlokk\n|raw|Snarljos's rating: 1152 &rarr; <strong>1129</strong><br />(-23 for losing)\n|raw|Dunlokk's rating: 1174 &rarr; <strong>1197</strong><br />(+23 for winning)\n|l|\u2606Dunlokk\n|player|p2|\n", "inputlog": ">version bfd83cad13791eb5a5a409923076391caf6fb4d4\n>start {\"formatid\":\"gen9randombattle\",\"seed\":[41038,21705,666,53531],\"rated\":\"Rated battle\"}\n>player p1 {\"name\":\"Snarljos\",\"avatar\":\"101\",\"rating\":1152,\"seed\":[64799,61346,27745,46872]}\n>player p2 {\"name\":\"Dunlokk\",\"avatar\":\"ltsurge\",\"rating\":1174,\"seed\":[59220,61688,55380,14696]}\n>p1 switch 3\n>p2 move nastyplot\n>p1 move supercellslam\n>p2 move heatwave terastallize\n>p1 switch 2\n>p1 move waterspout\n>p2 move grassknot\n>p2 switch 2\n>p1 switch 5\n>p2 move swordsdance\n>p1 move calmmind\n>p2 move closecombat\n>p1 switch 5\n>p1 move icebeam\n>p2 move leafblade\n>p1 switch 6\n>p1 move psychic\n>p2 move stoneedge\n>p2 switch 4\n>p1 switch 4\n>p2 move swordsdance\n>p1 move voltswitch\n>p2 move tripleaxel\n>p1 switch 3\n>p1 move closecombat terastallize\n>p2 move tripleaxel\n>p2 switch 6\n>p1 move closecombat\n>p2 move heatcrash\n>p2 switch 3\n>p1 switch 3\n>p2 move ironhead\n>p1 move knockoff\n>p2 move ironhead\n>p1 move knockoff\n>p2 move ironhead\n>chat \u2606Dunlokk|lol\n>p1 move knockoff\n>p2 move ironhead\n>p1 switch 4\n>p1 move shadowball\n>p2 move ironhead\n>chat \u2606Dunlokk|lmfao\n>p1 move shadowball\n>p2 move ironhead\n>p1 switch 3\n>chat \u2606Dunlokk|he is the wish pokemon\n>p1 move closecombat\n>p2 move ironhead\n>chat \u2606Dunlokk|NO WAY\n>p1 move closecombat\n>p2 move ironhead\n>chat \u2606Dunlokk|gg wp\n>p1 move closecombat\n>p2 move ironhead", "uploadtime": 1733841788, "views": 8, "formatid": "gen9randombattle", "rating": 1129, "private": 0, "password": null}