{"id": "gen9randombattle-2236176235", "format": "[Gen 9] Random Battle", "players": ["Merry24", "MichaelderBeste2"], "log": "|badge|p1|silver|gen9randombattle|30-3\n|uhtml|medal-msg|<div class=\"broadcast-blue\">Curious what those medals under the avatar are? PS now has Ladder Seasons! For more information, check out the <a href=\"https://www.smogon.com/forums/threads/3740067/\">thread on Smogon.</a></div>\n|badge|p2|gold|gen9randombattle|3-3\n|uhtml|medal-msg|<div class=\"broadcast-blue\">Curious what those medals under the avatar are? PS now has Ladder Seasons! For more information, check out the <a href=\"https://www.smogon.com/forums/threads/3740067/\">thread on Smogon.</a></div>\n|j|\u2606Merry24\n|j|\u2606MichaelderBeste2\n|t:|1730581262\n|gametype|singles\n|player|p1|Merry24|clerkf|2419\n|player|p2|MichaelderBeste2|#scl4islanders2|2493\n|teamsize|p1|6\n|teamsize|p2|6\n|gen|9\n|tier|[Gen 9] Random Battle\n|rated|\n|rule|Species Clause: Limit one of each Pok\u00e9mon\n|rule|HP Percentage Mod: HP is shown in percentages\n|rule|Sleep Clause Mod: Limit one foe put to sleep\n|rule|Illusion Level Mod: Illusion disguises the Pok\u00e9mon's true level\n|\n|t:|1730581262\n|start\n|switch|p1a: Mew|Mew, L82|298/298\n|switch|p2a: Volcanion|Volcanion, L79|255/255\n|turn|1\n|\n|t:|1730581295\n|move|p1a: Mew|Stealth Rock|p2a: Volcanion\n|-sidestart|p2: MichaelderBeste2|move: Stealth Rock\n|move|p2a: Volcanion|Steam Eruption|p1a: Mew\n|-damage|p1a: Mew|171/298\n|\n|-heal|p1a: Mew|189/298|[from] item: Leftovers\n|upkeep\n|turn|2\n|\n|t:|1730581303\n|move|p1a: Mew|Knock Off|p2a: Volcanion\n|-damage|p2a: Volcanion|200/255\n|-enditem|p2a: Volcanion|Assault Vest|[from] move: Knock Off|[of] p1a: Mew\n|move|p2a: Volcanion|Steam Eruption|p1a: Mew\n|-damage|p1a: Mew|65/298\n|\n|-heal|p1a: Mew|83/298|[from] item: Leftovers\n|upkeep\n|turn|3\n|\n|t:|1730581309\n|move|p1a: Mew|Psychic|p2a: Volcanion\n|-damage|p2a: Volcanion|106/255\n|move|p2a: Volcanion|Flame Charge|p1a: Mew\n|-damage|p1a: Mew|38/298\n|-boost|p2a: Volcanion|spe|1\n|\n|-heal|p1a: Mew|56/298|[from] item: Leftovers\n|upkeep\n|turn|4\n|\n|t:|1730581318\n|move|p2a: Volcanion|Flamethrower|p1a: Mew\n|-damage|p1a: Mew|0 fnt\n|faint|p1a: Mew\n|\n|upkeep\n|\n|t:|1730581320\n|switch|p1a: Meowstic|Meowstic, L89, M|277/277\n|turn|5\n|\n|t:|1730581324\n|move|p1a: Meowstic|Light Screen|p1a: Meowstic\n|-sidestart|p1: Merry24|move: Light Screen\n|move|p2a: Volcanion|Steam Eruption|p1a: Meowstic\n|-damage|p1a: Meowstic|214/277\n|\n|upkeep\n|turn|6\n|\n|t:|1730581330\n|move|p1a: Meowstic|Psychic Noise|p2a: Volcanion\n|-damage|p2a: Volcanion|28/255\n|-start|p2a: Volcanion|move: Heal Block\n|move|p2a: Volcanion|Steam Eruption|p1a: Meowstic\n|-damage|p1a: Meowstic|145/277\n|\n|upkeep\n|turn|7\n|\n|t:|1730581335\n|switch|p2a: Incineroar|Incineroar, L82, M|290/290\n|-ability|p2a: Incineroar|Intimidate|boost\n|-unboost|p1a: Meowstic|atk|1\n|move|p1a: Meowstic|Psychic Noise|p2a: Incineroar\n|-immune|p2a: Incineroar\n|\n|upkeep\n|turn|8\n|\n|t:|1730581338\n|move|p1a: Meowstic|Reflect|p1a: Meowstic\n|-sidestart|p1: Merry24|Reflect\n|move|p2a: Incineroar|Knock Off|p1a: Meowstic\n|-supereffective|p1a: Meowstic\n|-damage|p1a: Meowstic|25/277\n|-enditem|p1a: Meowstic|Light Clay|[from] move: Knock Off|[of] p2a: Incineroar\n|\n|upkeep\n|turn|9\n|\n|t:|1730581341\n|switch|p2a: Oinkologne|Oinkologne-F, L92, F|361/361\n|-damage|p2a: Oinkologne|316/361|[from] Stealth Rock\n|move|p1a: Meowstic|Alluring Voice|p2a: Oinkologne\n|-damage|p2a: Oinkologne|268/361\n|\n|-heal|p2a: Oinkologne|290/361|[from] item: Leftovers\n|upkeep\n|turn|10\n|j| nelsoNJ\n|\n|t:|1730581345\n|move|p1a: Meowstic|Psychic Noise|p2a: Oinkologne\n|-damage|p2a: Oinkologne|215/361\n|-start|p2a: Oinkologne|move: Heal Block\n|move|p2a: Oinkologne|Curse|p2a: Oinkologne\n|-unboost|p2a: Oinkologne|spe|1\n|-boost|p2a: Oinkologne|atk|1\n|-boost|p2a: Oinkologne|def|1\n|\n|upkeep\n|turn|11\n|\n|t:|1730581348\n|move|p1a: Meowstic|Psychic Noise|p2a: Oinkologne\n|-damage|p2a: Oinkologne|149/361\n|move|p2a: Oinkologne|Lash Out|p1a: Meowstic\n|-supereffective|p1a: Meowstic\n|-damage|p1a: Meowstic|0 fnt\n|faint|p1a: Meowstic\n|\n|-end|p2a: Oinkologne|move: Heal Block\n|upkeep\n|\n|t:|1730581356\n|switch|p1a: Klefki|Klefki, L84, F|233/233\n|turn|12\n|\n|t:|1730581362\n|move|p1a: Klefki|Magnet Rise|p1a: Klefki\n|-start|p1a: Klefki|Magnet Rise\n|move|p2a: Oinkologne|High Horsepower|p1a: Klefki\n|-immune|p1a: Klefki\n|\n|-heal|p2a: Oinkologne|171/361|[from] item: Leftovers\n|-sideend|p1: Merry24|move: Light Screen\n|upkeep\n|turn|13\n|\n|t:|1730581367\n|switch|p2a: Incineroar|Incineroar, L82, M|290/290\n|-ability|p2a: Incineroar|Intimidate|boost\n|-unboost|p1a: Klefki|atk|1\n|move|p1a: Klefki|Spikes|p2a: Incineroar\n|-sidestart|p2: MichaelderBeste2|Spikes\n|\n|upkeep\n|turn|14\n|\n|t:|1730581375\n|move|p1a: Klefki|Play Rough|p2a: Incineroar\n|-damage|p2a: Incineroar|230/290\n|-unboost|p2a: Incineroar|atk|1\n|move|p2a: Incineroar|Swords Dance|p2a: Incineroar\n|-boost|p2a: Incineroar|atk|2\n|\n|upkeep\n|turn|15\n|\n|t:|1730581379\n|move|p1a: Klefki|Play Rough|p2a: Incineroar\n|-damage|p2a: Incineroar|176/290\n|-unboost|p2a: Incineroar|atk|1\n|move|p2a: Incineroar|Trailblaze|p1a: Klefki\n|-resisted|p1a: Klefki\n|-damage|p1a: Klefki|225/233\n|-boost|p2a: Incineroar|spe|1\n|\n|-heal|p1a: Klefki|233/233|[from] item: Leftovers\n|-sideend|p1: Merry24|Reflect\n|upkeep\n|turn|16\n|\n|t:|1730581383\n|move|p2a: Incineroar|Flare Blitz|p1a: Klefki\n|-supereffective|p1a: Klefki\n|-damage|p1a: Klefki|0 fnt\n|faint|p1a: Klefki\n|-damage|p2a: Incineroar|99/290|[from] Recoil\n|\n|upkeep\n|\n|t:|1730581396\n|switch|p1a: Jumpluff|Jumpluff, L87, F|271/271\n|turn|17\n|\n|t:|1730581400\n|move|p1a: Jumpluff|Substitute|p1a: Jumpluff\n|-start|p1a: Jumpluff|Substitute\n|-damage|p1a: Jumpluff|204/271\n|move|p2a: Incineroar|Flare Blitz|p1a: Jumpluff\n|-supereffective|p1a: Jumpluff\n|-end|p1a: Jumpluff|Substitute\n|-damage|p2a: Incineroar|77/290|[from] Recoil|[of] p1a: Jumpluff\n|\n|upkeep\n|turn|18\n|\n|t:|1730581407\n|move|p1a: Jumpluff|Substitute|p1a: Jumpluff\n|-start|p1a: Jumpluff|Substitute\n|-damage|p1a: Jumpluff|137/271\n|move|p2a: Incineroar|Trailblaze|p1a: Jumpluff\n|-resisted|p1a: Jumpluff\n|-activate|p1a: Jumpluff|move: Substitute|[damage]\n|-boost|p2a: Incineroar|spe|1\n|\n|upkeep\n|turn|19\n|\n|t:|1730581410\n|move|p2a: Incineroar|Knock Off|p1a: Jumpluff\n|-end|p1a: Jumpluff|Substitute\n|move|p1a: Jumpluff|Acrobatics|p2a: Incineroar\n|-damage|p2a: Incineroar|0 fnt\n|faint|p2a: Incineroar\n|\n|upkeep\n|\n|t:|1730581434\n|switch|p2a: Tropius|Tropius, L91, F|328/328\n|-damage|p2a: Tropius|246/328|[from] Stealth Rock\n|turn|20\n|\n|t:|1730581438\n|move|p1a: Jumpluff|Acrobatics|p2a: Tropius\n|-supereffective|p2a: Tropius\n|-damage|p2a: Tropius|78/328\n|-enditem|p2a: Tropius|Sitrus Berry|[eat]\n|-heal|p2a: Tropius|160/328|[from] item: Sitrus Berry\n|move|p2a: Tropius|Air Slash|p1a: Jumpluff\n|-supereffective|p1a: Jumpluff\n|-damage|p1a: Jumpluff|11/271\n|\n|-item|p2a: Tropius|Sitrus Berry|[from] ability: Harvest\n|upkeep\n|-enditem|p2a: Tropius|Sitrus Berry|[eat]\n|-heal|p2a: Tropius|242/328|[from] item: Sitrus Berry\n|turn|21\n|\n|t:|1730581442\n|move|p1a: Jumpluff|Acrobatics|p2a: Tropius\n|-supereffective|p2a: Tropius\n|-damage|p2a: Tropius|74/328\n|move|p2a: Tropius|Air Slash|p1a: Jumpluff\n|-supereffective|p1a: Jumpluff\n|-damage|p1a: Jumpluff|0 fnt\n|faint|p1a: Jumpluff\n|\n|-item|p2a: Tropius|Sitrus Berry|[from] ability: Harvest\n|upkeep\n|-enditem|p2a: Tropius|Sitrus Berry|[eat]\n|-heal|p2a: Tropius|156/328|[from] item: Sitrus Berry\n|\n|t:|1730581445\n|switch|p1a: Staraptor|Staraptor, L79, M|263/263\n|turn|22\n|\n|t:|1730581449\n|move|p2a: Tropius|Protect|p2a: Tropius\n|-singleturn|p2a: Tropius|Protect\n|move|p1a: Staraptor|Brave Bird|p2a: Tropius\n|-activate|p2a: Tropius|move: Protect\n|\n|-item|p2a: Tropius|Sitrus Berry|[from] ability: Harvest\n|upkeep\n|-enditem|p2a: Tropius|Sitrus Berry|[eat]\n|-heal|p2a: Tropius|238/328|[from] item: Sitrus Berry\n|turn|23\n|\n|t:|1730581452\n|-terastallize|p2a: Tropius|Steel\n|move|p1a: Staraptor|Brave Bird|p2a: Tropius\n|-resisted|p2a: Tropius\n|-damage|p2a: Tropius|114/328\n|-damage|p1a: Staraptor|222/263|[from] Recoil\n|move|p2a: Tropius|Leech Seed|p1a: Staraptor\n|-start|p1a: Staraptor|move: Leech Seed\n|\n|-damage|p1a: Staraptor|190/263|[from] Leech Seed|[of] p2a: Tropius\n|-heal|p2a: Tropius|146/328|[silent]\n|-item|p2a: Tropius|Sitrus Berry|[from] ability: Harvest\n|upkeep\n|-enditem|p2a: Tropius|Sitrus Berry|[eat]\n|-heal|p2a: Tropius|228/328|[from] item: Sitrus Berry\n|turn|24\n|\n|t:|1730581458\n|switch|p1a: Regidrago|Regidrago, L77|435/435\n|move|p2a: Tropius|Substitute|p2a: Tropius\n|-start|p2a: Tropius|Substitute\n|-damage|p2a: Tropius|146/328\n|\n|upkeep\n|turn|25\n|\n|t:|1730581463\n|move|p1a: Regidrago|Earthquake|p2a: Tropius\n|-supereffective|p2a: Tropius\n|-end|p2a: Tropius|Substitute\n|-damage|p1a: Regidrago|392/435|[from] item: Life Orb\n|move|p2a: Tropius|Leech Seed|p1a: Regidrago\n|-start|p1a: Regidrago|move: Leech Seed\n|\n|-damage|p1a: Regidrago|338/435|[from] Leech Seed|[of] p2a: Tropius\n|-heal|p2a: Tropius|200/328|[silent]\n|upkeep\n|turn|26\n|\n|t:|1730581468\n|move|p2a: Tropius|Protect|p2a: Tropius\n|-singleturn|p2a: Tropius|Protect\n|move|p1a: Regidrago|Dragon Dance|p1a: Regidrago\n|-boost|p1a: Regidrago|atk|1\n|-boost|p1a: Regidrago|spe|1\n|\n|-damage|p1a: Regidrago|284/435|[from] Leech Seed|[of] p2a: Tropius\n|-heal|p2a: Tropius|254/328|[silent]\n|-item|p2a: Tropius|Sitrus Berry|[from] ability: Harvest\n|upkeep\n|turn|27\n|\n|t:|1730581474\n|switch|p2a: Oinkologne|Oinkologne-F, L92, F|171/361\n|-damage|p2a: Oinkologne|126/361|[from] Stealth Rock\n|-damage|p2a: Oinkologne|81/361|[from] Spikes\n|move|p1a: Regidrago|Earthquake|p2a: Oinkologne\n|-damage|p2a: Oinkologne|0 fnt\n|faint|p2a: Oinkologne\n|-damage|p1a: Regidrago|241/435|[from] item: Life Orb\n|\n|upkeep\n|\n|t:|1730581476\n|switch|p2a: Tropius|Tropius, L91, F, tera:Steel|254/328\n|-damage|p2a: Tropius|234/328|[from] Stealth Rock\n|-damage|p2a: Tropius|193/328|[from] Spikes\n|turn|28\n|\n|t:|1730581480\n|move|p2a: Tropius|Protect|p2a: Tropius\n|-singleturn|p2a: Tropius|Protect\n|move|p1a: Regidrago|Earthquake|p2a: Tropius\n|-activate|p2a: Tropius|move: Protect\n|\n|-damage|p1a: Regidrago|187/435|[from] Leech Seed|[of] p2a: Tropius\n|-heal|p2a: Tropius|247/328|[silent]\n|upkeep\n|turn|29\n|\n|t:|1730581482\n|switch|p2a: Vileplume|Vileplume, L86, F|269/269\n|-damage|p2a: Vileplume|236/269|[from] Stealth Rock\n|-damage|p2a: Vileplume|203/269|[from] Spikes\n|move|p1a: Regidrago|Dragon Claw|p2a: Vileplume\n|-damage|p2a: Vileplume|0 fnt\n|faint|p2a: Vileplume\n|-damage|p1a: Regidrago|144/435|[from] item: Life Orb\n|\n|upkeep\n|\n|t:|1730581487\n|switch|p2a: Tropius|Tropius, L91, F, tera:Steel|247/328\n|-damage|p2a: Tropius|227/328|[from] Stealth Rock\n|-damage|p2a: Tropius|186/328|[from] Spikes\n|turn|30\n|\n|t:|1730581489\n|move|p2a: Tropius|Protect|p2a: Tropius\n|-singleturn|p2a: Tropius|Protect\n|move|p1a: Regidrago|Earthquake|p2a: Tropius\n|-activate|p2a: Tropius|move: Protect\n|\n|-damage|p1a: Regidrago|90/435|[from] Leech Seed|[of] p2a: Tropius\n|-heal|p2a: Tropius|240/328|[silent]\n|upkeep\n|turn|31\n|\n|t:|1730581494\n|move|p1a: Regidrago|Earthquake|p2a: Tropius\n|-supereffective|p2a: Tropius\n|-damage|p2a: Tropius|0 fnt\n|faint|p2a: Tropius\n|-damage|p1a: Regidrago|47/435|[from] item: Life Orb\n|\n|upkeep\n|-message|MichaelderBeste2 forfeited.\n|\n|win|Merry24\n|raw|Merry24's rating: 2419 &rarr; <strong>2443</strong><br />(+24 for winning)\n|raw|MichaelderBeste2's rating: 2493 &rarr; <strong>2469</strong><br />(-24 for losing)\n|l|\u2606MichaelderBeste2\n|player|p2|\n|j|\u2606MichaelderBeste2\n|player|p2|MichaelderBeste2|#scl4islanders2|\n|l|\u2606MichaelderBeste2\n|player|p2|\n|l|\u2606Merry24\n|player|p1|\n", "inputlog": ">version 138b9afab342d6be526a5f7547ee3b0f4e63f024\n>start {\"formatid\":\"gen9randombattle\",\"seed\":[15231,21175,21252,31147],\"rated\":\"Rated battle\"}\n>player p1 {\"name\":\"Merry24\",\"avatar\":\"clerkf\",\"rating\":2419,\"seed\":[49151,26886,19483,41898]}\n>player p2 {\"name\":\"MichaelderBeste2\",\"avatar\":\"#scl4islanders2\",\"rating\":2493,\"seed\":[43570,30597,49320,7458]}\n>p1 move stealthrock\n>p2 move steameruption\n>p1 move knockoff\n>p2 move steameruption\n>p1 move psychic\n>p2 move flamecharge\n>p1 move psychic\n>p2 move flamethrower\n>p1 switch 4\n>p1 move lightscreen\n>p2 move steameruption\n>p1 move psychicnoise\n>p2 move steameruption\n>p1 move psychicnoise\n>p2 switch 3\n>p1 move reflect\n>p2 move knockoff\n>p1 move alluringvoice\n>p2 switch 2\n>p1 move psychicnoise\n>p2 move curse\n>p1 move psychicnoise\n>p2 move lashout\n>p1 switch 5\n>p1 move magnetrise\n>p2 move highhorsepower\n>p1 move spikes\n>p2 switch 2\n>p1 move playrough\n>p2 move swordsdance\n>p1 move playrough\n>p2 move trailblaze\n>p1 move playrough\n>p2 move flareblitz\n>p1 switch 6\n>p1 move substitute\n>p2 move flareblitz\n>p1 move substitute\n>p2 move trailblaze\n>p1 move acrobatics\n>p2 move knockoff\n>p2 switch 4\n>p1 move acrobatics\n>p2 move airslash\n>p1 move acrobatics\n>p2 move airslash\n>p1 switch 3\n>p1 move bravebird\n>p2 move protect\n>p1 move bravebird\n>p2 move leechseed terastallize\n>p1 switch 2\n>p2 move substitute\n>p1 move earthquake\n>p2 move leechseed\n>p1 move dragondance\n>p2 move protect\n>p1 move earthquake\n>p2 switch 2\n>p2 switch 2\n>p1 move earthquake\n>p2 move protect\n>p1 move dragonclaw\n>p2 switch 6\n>p2 switch 6\n>p1 move earthquake\n>p2 move protect\n>p1 move earthquake\n>p2 move substitute\n>forcelose p2", "uploadtime": 1730581724, "views": 60, "formatid": "gen9randombattle", "rating": 2443, "private": 0, "password": null}