{"id": "gen9randombattle-2260051016", "format": "[Gen 9] Random Battle", "players": ["Hosm190", "7t6yghbnm"], "log": "|j|\u2606Hosm190\n|j|\u26067t6yghbnm\n|t:|1733795847\n|gametype|singles\n|player|p1|Hosm190|cynthia|1281\n|player|p2|7t6yghbnm|2|1313\n|teamsize|p1|6\n|teamsize|p2|6\n|gen|9\n|tier|[Gen 9] Random Battle\n|rated|\n|rule|Species Clause: Limit one of each Pok\u00e9mon\n|rule|HP Percentage Mod: HP is shown in percentages\n|rule|Sleep Clause Mod: Limit one foe put to sleep\n|rule|Illusion Level Mod: Illusion disguises the Pok\u00e9mon's true level\n|\n|t:|1733795847\n|start\n|switch|p1a: Giratina|Giratina-Origin, L72|335/335\n|switch|p2a: Ho-Oh|Ho-Oh, L71|268/268\n|turn|1\n|inactive|Battle timer is ON: inactive players will automatically lose when time's up. (requested by 7t6yghbnm)\n|\n|t:|1733795855\n|move|p2a: Ho-Oh|Sacred Fire|p1a: Giratina\n|-resisted|p1a: Giratina\n|-damage|p1a: Giratina|287/335\n|move|p1a: Giratina|Dragon Tail|p2a: Ho-Oh\n|-damage|p2a: Ho-Oh|187/268\n|drag|p2a: Sunflora|Sunflora, M|312/312\n|\n|upkeep\n|turn|2\n|\n|t:|1733795872\n|move|p2a: Sunflora|Sunny Day|p2a: Sunflora\n|-weather|SunnyDay\n|move|p1a: Giratina|Dragon Tail|p2a: Sunflora\n|-damage|p2a: Sunflora|227/312\n|drag|p2a: Eternatus|Eternatus, L69|308/308\n|-ability|p2a: Eternatus|Pressure\n|\n|-weather|SunnyDay|[upkeep]\n|upkeep\n|turn|3\n|\n|t:|1733795884\n|move|p2a: Eternatus|Dynamax Cannon|p1a: Giratina\n|-supereffective|p1a: Giratina\n|-damage|p1a: Giratina|93/335\n|move|p1a: Giratina|Draco Meteor|p2a: Eternatus\n|-supereffective|p2a: Eternatus\n|-damage|p2a: Eternatus|0 fnt\n|-unboost|p1a: Giratina|spa|2\n|faint|p2a: Eternatus\n|\n|-weather|SunnyDay|[upkeep]\n|upkeep\n|\n|t:|1733795895\n|switch|p2a: Sunflora|Sunflora, M|227/312\n|turn|4\n|inactive|Hosm190 has 120 seconds left.\n|\n|t:|1733795925\n|move|p2a: Sunflora|Solar Beam||[still]\n|-prepare|p2a: Sunflora|Solar Beam\n|-anim|p2a: Sunflora|Solar Beam|p1a: Giratina\n|-resisted|p1a: Giratina\n|-crit|p1a: Giratina\n|-damage|p1a: Giratina|0 fnt\n|faint|p1a: Giratina\n|-damage|p2a: Sunflora|196/312|[from] item: Life Orb\n|\n|-weather|SunnyDay|[upkeep]\n|upkeep\n|inactive|Hosm190 has 120 seconds left.\n|\n|t:|1733795933\n|switch|p1a: Girafarig|Girafarig, L89, M|269/269\n|turn|5\n|inactive|Hosm190 has 120 seconds left.\n|\n|t:|1733795951\n|move|p2a: Sunflora|Weather Ball|p1a: Girafarig\n|-damage|p1a: Girafarig|110/269\n|-damage|p2a: Sunflora|165/312|[from] item: Life Orb\n|move|p1a: Girafarig|Psyshock|p2a: Sunflora\n|-damage|p2a: Sunflora|68/312\n|\n|-weather|SunnyDay|[upkeep]\n|upkeep\n|turn|6\n|inactive|Hosm190 has 120 seconds left.\n|\n|t:|1733795959\n|move|p2a: Sunflora|Weather Ball|p1a: Girafarig\n|-damage|p1a: Girafarig|0 fnt\n|faint|p1a: Girafarig\n|-damage|p2a: Sunflora|37/312|[from] item: Life Orb\n|\n|-weather|none\n|upkeep\n|inactive|Hosm190 has 120 seconds left.\n|\n|t:|1733795972\n|switch|p1a: Pawmot|Pawmot, L80, M|243/243\n|turn|7\n|\n|t:|1733795976\n|move|p1a: Pawmot|Knock Off|p2a: Sunflora\n|-damage|p2a: Sunflora|0 fnt\n|-enditem|p2a: Sunflora|Life Orb|[from] move: Knock Off|[of] p1a: Pawmot\n|faint|p2a: Sunflora\n|-damage|p1a: Pawmot|219/243|[from] item: Life Orb\n|\n|upkeep\n|\n|t:|1733795982\n|switch|p2a: Ho-Oh|Ho-Oh, L71|268/268\n|turn|8\n|\n|t:|1733795986\n|-terastallize|p1a: Pawmot|Electric\n|-terastallize|p2a: Ho-Oh|Steel\n|move|p1a: Pawmot|Double Shock|p2a: Ho-Oh\n|-damage|p2a: Ho-Oh|13/268\n|-start|p1a: Pawmot|typechange|Electric|[from] move: Double Shock\n|-damage|p1a: Pawmot|195/243|[from] item: Life Orb\n|move|p2a: Ho-Oh|Earthquake|p1a: Pawmot\n|-supereffective|p1a: Pawmot\n|-damage|p1a: Pawmot|41/243\n|\n|upkeep\n|turn|9\n|\n|t:|1733795999\n|switch|p2a: Hitmontop|Hitmontop, L88, M|231/231\n|move|p1a: Pawmot|Knock Off|p2a: Hitmontop\n|-resisted|p2a: Hitmontop\n|-damage|p2a: Hitmontop|189/231\n|-enditem|p2a: Hitmontop|Leftovers|[from] move: Knock Off|[of] p1a: Pawmot\n|-damage|p1a: Pawmot|17/243|[from] item: Life Orb\n|\n|upkeep\n|turn|10\n|\n|t:|1733796021\n|switch|p1a: Ogerpon|Ogerpon, L80, F|259/259\n|move|p2a: Hitmontop|Rapid Spin|p1a: Ogerpon\n|-damage|p1a: Ogerpon|200/259\n|-boost|p2a: Hitmontop|spe|1\n|\n|upkeep\n|turn|11\n|\n|t:|1733796028\n|move|p2a: Hitmontop|Triple Axel|p1a: Ogerpon\n|-supereffective|p1a: Ogerpon\n|-damage|p1a: Ogerpon|148/259\n|-hitcount|p1a: Ogerpon|1\n|move|p1a: Ogerpon|Ivy Cudgel|p2a: Hitmontop\n|-crit|p2a: Hitmontop\n|-damage|p2a: Hitmontop|0 fnt\n|faint|p2a: Hitmontop\n|-damage|p1a: Ogerpon|123/259|[from] item: Life Orb\n|\n|upkeep\n|\n|t:|1733796042\n|switch|p2a: Ho-Oh|Ho-Oh, L71, tera:Steel|102/268\n|turn|12\n|\n|t:|1733796046\n|switch|p2a: Lunala|Lunala, L70|308/308\n|move|p1a: Ogerpon|Superpower|p2a: Lunala\n|-immune|p2a: Lunala\n|\n|upkeep\n|turn|13\n|\n|t:|1733796054\n|move|p1a: Ogerpon|Knock Off|p2a: Lunala\n|-supereffective|p2a: Lunala\n|-damage|p2a: Lunala|95/308\n|-enditem|p2a: Lunala|Leftovers|[from] move: Knock Off|[of] p1a: Ogerpon\n|-damage|p1a: Ogerpon|98/259|[from] item: Life Orb\n|move|p2a: Lunala|Moongeist Beam|p1a: Ogerpon\n|-damage|p1a: Ogerpon|7/259\n|\n|upkeep\n|turn|14\n|\n|t:|1733796069\n|move|p1a: Ogerpon|Knock Off|p2a: Lunala\n|-supereffective|p2a: Lunala\n|-damage|p2a: Lunala|0 fnt\n|faint|p2a: Lunala\n|-damage|p1a: Ogerpon|0 fnt|[from] item: Life Orb\n|faint|p1a: Ogerpon\n|\n|upkeep\n|\n|t:|1733796082\n|switch|p1a: Malamar|Malamar, L82, F|275/275\n|switch|p2a: Ho-Oh|Ho-Oh, L71, tera:Steel|191/268\n|turn|15\n|\n|t:|1733796090\n|move|p2a: Ho-Oh|Sacred Fire|p1a: Malamar\n|-damage|p1a: Malamar|178/275\n|move|p1a: Malamar|Superpower|p2a: Ho-Oh\n|-supereffective|p2a: Ho-Oh\n|-damage|p2a: Ho-Oh|11/268\n|-boost|p1a: Malamar|atk|1\n|-boost|p1a: Malamar|def|1\n|\n|-heal|p1a: Malamar|195/275|[from] item: Leftovers\n|upkeep\n|turn|16\n|\n|t:|1733796100\n|move|p2a: Ho-Oh|Sacred Fire|p1a: Malamar\n|-damage|p1a: Malamar|129/275\n|-status|p1a: Malamar|brn\n|move|p1a: Malamar|Knock Off|p2a: Ho-Oh\n|-damage|p2a: Ho-Oh|0 fnt\n|-enditem|p2a: Ho-Oh|Heavy-Duty Boots|[from] move: Knock Off|[of] p1a: Malamar\n|faint|p2a: Ho-Oh\n|\n|-heal|p1a: Malamar|146/275 brn|[from] item: Leftovers\n|-damage|p1a: Malamar|129/275 brn|[from] brn\n|upkeep\n|\n|t:|1733796110\n|switch|p2a: Golduck|Golduck, L90, M|290/290\n|-ability|p2a: Golduck|Cloud Nine\n|turn|17\n|\n|t:|1733796118\n|move|p2a: Golduck|Nasty Plot|p2a: Golduck\n|-boost|p2a: Golduck|spa|2\n|move|p1a: Malamar|Rest|p1a: Malamar\n|-status|p1a: Malamar|slp|[from] move: Rest\n|-heal|p1a: Malamar|275/275 slp|[silent]\n|\n|upkeep\n|turn|18\n|\n|t:|1733796125\n|move|p2a: Golduck|Hydro Pump|p1a: Malamar|[miss]\n|-miss|p2a: Golduck|p1a: Malamar\n|cant|p1a: Malamar|slp\n|move|p1a: Malamar|Sleep Talk|p1a: Malamar\n|move|p1a: Malamar|Knock Off|p2a: Golduck|[from]move: Sleep Talk\n|-damage|p2a: Golduck|154/290\n|-enditem|p2a: Golduck|Life Orb|[from] move: Knock Off|[of] p1a: Malamar\n|\n|upkeep\n|turn|19\n|\n|t:|1733796133\n|move|p2a: Golduck|Hydro Pump|p1a: Malamar\n|-damage|p1a: Malamar|0 fnt\n|faint|p1a: Malamar\n|\n|upkeep\n|\n|t:|1733796138\n|switch|p1a: Pawmot|Pawmot, L80, M, tera:Electric|17/243\n|turn|20\n|c|\u2606Hosm190|gg\n|\n|t:|1733796142\n|move|p1a: Pawmot|Double Shock|p2a: Golduck\n|-supereffective|p2a: Golduck\n|-damage|p2a: Golduck|0 fnt\n|-start|p1a: Pawmot|typechange|Electric|[from] move: Double Shock\n|faint|p2a: Golduck\n|-damage|p1a: Pawmot|0 fnt|[from] item: Life Orb\n|faint|p1a: Pawmot\n|\n|win|Hosm190\n|raw|Hosm190's rating: 1281 &rarr; <strong>1308</strong><br />(+27 for winning)\n|raw|7t6yghbnm's rating: 1313 &rarr; <strong>1291</strong><br />(-22 for losing)\n|c|\u26067t6yghbnm|gg\n|l|\u26067t6yghbnm\n|player|p2|\n", "inputlog": ">version bfd83cad13791eb5a5a409923076391caf6fb4d4\n>start {\"formatid\":\"gen9randombattle\",\"seed\":[62973,7543,30955,64043],\"rated\":\"Rated battle\"}\n>player p1 {\"name\":\"Hosm190\",\"avatar\":\"cynthia\",\"rating\":1281,\"seed\":[23590,30795,62388,19845]}\n>player p2 {\"name\":\"7t6yghbnm\",\"avatar\":\"2\",\"rating\":1313,\"seed\":[50976,30286,33049,37714]}\n>p1 move dragontail\n>p2 move sacredfire\n>p1 move dragontail\n>p2 move sunnyday\n>p1 move dracometeor\n>p2 move dynamaxcannon\n>p2 switch 5\n>p1 move dragontail\n>p2 move solarbeam\n>p1 switch 2\n>p1 move psyshock\n>p2 move weatherball\n>p1 move psyshock\n>p2 move weatherball\n>p1 switch 4\n>p1 move knockoff\n>p2 move earthpower\n>p2 switch 4\n>p1 move doubleshock terastallize\n>p2 move earthquake terastallize\n>p1 move knockoff\n>p2 switch 2\n>p1 switch 3\n>p2 move rapidspin\n>p1 move ivycudgel\n>p2 move tripleaxel\n>p2 switch 2\n>p1 move superpower\n>p2 switch 6\n>p1 move knockoff\n>p2 move moongeistbeam\n>p1 move knockoff\n>p2 move moonlight\n>p1 switch 6\n>p2 switch 6\n>p1 move superpower\n>p2 move sacredfire\n>p1 move knockoff\n>p2 move sacredfire\n>p2 switch 3\n>p1 move rest\n>p2 move nastyplot\n>p1 move sleeptalk\n>p2 move hydropump\n>p1 move sleeptalk\n>p2 move hydropump\n>p1 switch 3\n>chat \u2606Hosm190|gg\n>p1 move doubleshock\n>p2 move icebeam", "uploadtime": 1733796156, "views": 5, "formatid": "gen9randombattle", "rating": 1291, "private": 0, "password": null}