{"id": "gen9randombattle-2260515660", "format": "[Gen 9] Random Battle", "players": ["hot limon", "tolotelli"], "log": "|j|\u2606hot limon\n|j|\u2606tolotelli\n|t:|1733859111\n|gametype|singles\n|player|p1|hot limon|169|1411\n|player|p2|tolotelli|265|1412\n|teamsize|p1|6\n|teamsize|p2|6\n|gen|9\n|tier|[Gen 9] Random Battle\n|rated|\n|rule|Species Clause: Limit one of each Pok\u00e9mon\n|rule|HP Percentage Mod: HP is shown in percentages\n|rule|Sleep Clause Mod: Limit one foe put to sleep\n|rule|Illusion Level Mod: Illusion disguises the Pok\u00e9mon's true level\n|\n|t:|1733859111\n|start\n|switch|p1a: Baxcalibur|Baxcalibur, L75, M|295/295\n|switch|p2a: Iron Hands|Iron Hands, L79|373/373\n|turn|1\n|inactive|Battle timer is ON: inactive players will automatically lose when time's up. (requested by hot limon)\n|inactive|tolotelli has 120 seconds left.\n|\n|t:|1733859152\n|switch|p1a: Victreebel|Victreebel, L90, F|290/290\n|move|p2a: Iron Hands|Drain Punch|p1a: Victreebel\n|-resisted|p1a: Victreebel\n|-damage|p1a: Victreebel|236/290\n|\n|upkeep\n|turn|2\n|\n|t:|1733859160\n|move|p1a: Victreebel|Swords Dance|p1a: Victreebel\n|-boost|p1a: Victreebel|atk|2\n|move|p2a: Iron Hands|Ice Punch|p1a: Victreebel\n|-supereffective|p1a: Victreebel\n|-damage|p1a: Victreebel|94/290\n|\n|upkeep\n|turn|3\n|\n|t:|1733859169\n|move|p1a: Victreebel|Power Whip|p2a: Iron Hands|[miss]\n|-miss|p1a: Victreebel|p2a: Iron Hands\n|move|p2a: Iron Hands|Ice Punch|p1a: Victreebel\n|-supereffective|p1a: Victreebel\n|-damage|p1a: Victreebel|0 fnt\n|faint|p1a: Victreebel\n|\n|upkeep\n|inactive|hot limon has 120 seconds left.\n|inactive|hot limon has 90 seconds left.\n|inactive|hot limon has 60 seconds left.\n|inactive|hot limon has 30 seconds left.\n|\n|t:|1733859290\n|switch|p1a: Hariyama|Hariyama, L87, F|392/392\n|turn|4\n|\n|t:|1733859311\n|move|p1a: Hariyama|Close Combat|p2a: Iron Hands\n|-damage|p2a: Iron Hands|220/373\n|-unboost|p1a: Hariyama|def|1\n|-unboost|p1a: Hariyama|spd|1\n|move|p2a: Iron Hands|Drain Punch|p1a: Hariyama\n|-damage|p1a: Hariyama|220/392\n|-heal|p2a: Iron Hands|306/373|[from] drain|[of] p1a: Hariyama\n|\n|-heal|p2a: Iron Hands|329/373|[from] item: Leftovers\n|upkeep\n|turn|5\n|\n|t:|1733859322\n|move|p1a: Hariyama|Close Combat|p2a: Iron Hands\n|-damage|p2a: Iron Hands|194/373\n|-unboost|p1a: Hariyama|def|1\n|-unboost|p1a: Hariyama|spd|1\n|move|p2a: Iron Hands|Drain Punch|p1a: Hariyama\n|-damage|p1a: Hariyama|0 fnt\n|-heal|p2a: Iron Hands|304/373|[from] drain|[of] p1a: Hariyama\n|faint|p1a: Hariyama\n|\n|-heal|p2a: Iron Hands|327/373|[from] item: Leftovers\n|upkeep\n|inactive|hot limon has 30 seconds left.\n|\n|t:|1733859338\n|switch|p1a: Baxcalibur|Baxcalibur, L75, M|295/295\n|turn|6\n|inactive|hot limon has 30 seconds left.\n|inactive|tolotelli has 120 seconds left.\n|\n|t:|1733859379\n|-terastallize|p1a: Baxcalibur|Dragon\n|move|p1a: Baxcalibur|Swords Dance|p1a: Baxcalibur\n|-boost|p1a: Baxcalibur|atk|2\n|move|p2a: Iron Hands|Swords Dance|p2a: Iron Hands\n|-boost|p2a: Iron Hands|atk|2\n|\n|-heal|p2a: Iron Hands|350/373|[from] item: Leftovers\n|upkeep\n|turn|7\n|inactive|hot limon has 30 seconds left.\n|\n|t:|1733859390\n|move|p1a: Baxcalibur|Earthquake|p2a: Iron Hands\n|-supereffective|p2a: Iron Hands\n|-damage|p2a: Iron Hands|58/373\n|move|p2a: Iron Hands|Ice Punch|p1a: Baxcalibur\n|-supereffective|p1a: Baxcalibur\n|-damage|p1a: Baxcalibur|43/295\n|\n|-heal|p2a: Iron Hands|81/373|[from] item: Leftovers\n|upkeep\n|turn|8\n|\n|t:|1733859401\n|-end|p2a: Iron Hands|Quark Drive|[silent]\n|switch|p2a: Bombirdier|Bombirdier, L85, F|258/258\n|move|p1a: Baxcalibur|Scale Shot|p2a: Bombirdier\n|-damage|p2a: Bombirdier|182/258\n|-damage|p2a: Bombirdier|94/258\n|-damage|p2a: Bombirdier|16/258\n|-damage|p2a: Bombirdier|0 fnt\n|faint|p2a: Bombirdier\n|-hitcount|p2: Bombirdier|4\n|-unboost|p1a: Baxcalibur|def|1\n|-boost|p1a: Baxcalibur|spe|1\n|\n|upkeep\n|inactive|tolotelli has 90 seconds left.\n|\n|t:|1733859427\n|switch|p2a: Gastrodon|Gastrodon, L86, F|331/331\n|turn|9\n|\n|t:|1733859434\n|move|p1a: Baxcalibur|Scale Shot|p2a: Gastrodon\n|-damage|p2a: Gastrodon|235/331\n|-damage|p2a: Gastrodon|135/331\n|-damage|p2a: Gastrodon|45/331\n|-damage|p2a: Gastrodon|0 fnt\n|faint|p2a: Gastrodon\n|-hitcount|p2: Gastrodon|4\n|-unboost|p1a: Baxcalibur|def|1\n|-boost|p1a: Baxcalibur|spe|1\n|\n|upkeep\n|inactive|tolotelli has 90 seconds left.\n|\n|t:|1733859452\n|switch|p2a: Overqwil|Overqwil, L82, M|274/274\n|-ability|p2a: Overqwil|Intimidate|boost\n|-unboost|p1a: Baxcalibur|atk|1\n|turn|10\n|\n|t:|1733859462\n|-terastallize|p2a: Overqwil|Dragon\n|move|p1a: Baxcalibur|Earthquake|p2a: Overqwil\n|-damage|p2a: Overqwil|151/274\n|move|p2a: Overqwil|Crunch|p1a: Baxcalibur\n|-damage|p1a: Baxcalibur|0 fnt\n|faint|p1a: Baxcalibur\n|\n|upkeep\n|\n|t:|1733859487\n|switch|p1a: Rhydon|Rhydon, L85, F|317/317\n|turn|11\n|\n|t:|1733859498\n|move|p2a: Overqwil|Swords Dance|p2a: Overqwil\n|-boost|p2a: Overqwil|atk|2\n|move|p1a: Rhydon|Swords Dance|p1a: Rhydon\n|-boost|p1a: Rhydon|atk|2\n|\n|upkeep\n|turn|12\n|\n|t:|1733859504\n|move|p2a: Overqwil|Scale Shot|p1a: Rhydon\n|-damage|p1a: Rhydon|286/317\n|-damage|p1a: Rhydon|258/317\n|-damage|p1a: Rhydon|230/317\n|-damage|p1a: Rhydon|202/317\n|-hitcount|p1a: Rhydon|4\n|-unboost|p2a: Overqwil|def|1\n|-boost|p2a: Overqwil|spe|1\n|move|p1a: Rhydon|Earthquake|p2a: Overqwil\n|-damage|p2a: Overqwil|0 fnt\n|faint|p2a: Overqwil\n|\n|upkeep\n|\n|t:|1733859522\n|switch|p2a: Iron Hands|Iron Hands, L79|81/373\n|turn|13\n|\n|t:|1733859528\n|move|p2a: Iron Hands|Drain Punch|p1a: Rhydon\n|-supereffective|p1a: Rhydon\n|-damage|p1a: Rhydon|110/317\n|-heal|p2a: Iron Hands|127/373|[from] drain|[of] p1a: Rhydon\n|move|p1a: Rhydon|Earthquake|p2a: Iron Hands\n|-supereffective|p2a: Iron Hands\n|-damage|p2a: Iron Hands|0 fnt\n|faint|p2a: Iron Hands\n|-end|p2a: Iron Hands|Quark Drive|[silent]\n|\n|upkeep\n|\n|t:|1733859538\n|switch|p2a: Iron Moth|Iron Moth, L78|253/253\n|turn|14\n|\n|t:|1733859547\n|move|p2a: Iron Moth|Energy Ball|p1a: Rhydon\n|-supereffective|p1a: Rhydon\n|-damage|p1a: Rhydon|0 fnt\n|faint|p1a: Rhydon\n|\n|upkeep\n|\n|t:|1733859557\n|switch|p1a: Heatran|Heatran, L79, F|273/273\n|-item|p1a: Heatran|Air Balloon\n|turn|15\n|inactive|tolotelli has 120 seconds left.\n|\n|t:|1733859568\n|-end|p2a: Iron Moth|Quark Drive|[silent]\n|switch|p2a: Toucannon|Toucannon, L88, F|284/284\n|move|p1a: Heatran|Earth Power|p2a: Toucannon\n|-immune|p2a: Toucannon\n|\n|upkeep\n|turn|16\n|inactive|tolotelli has 120 seconds left.\n|\n|t:|1733859580\n|move|p1a: Heatran|Lava Plume|p2a: Toucannon\n|-damage|p2a: Toucannon|187/284\n|-status|p2a: Toucannon|brn\n|move|p2a: Toucannon|Knock Off|p1a: Heatran\n|-damage|p1a: Heatran|230/273\n|-enditem|p1a: Heatran|Air Balloon\n|\n|-damage|p2a: Toucannon|170/284 brn|[from] brn\n|upkeep\n|turn|17\n|inactive|tolotelli has 120 seconds left.\n|\n|t:|1733859592\n|switch|p1a: Regieleki|Regieleki, L79|256/256\n|move|p2a: Toucannon|Boomburst|p1a: Regieleki\n|-damage|p1a: Regieleki|39/256\n|\n|-damage|p2a: Toucannon|153/284 brn|[from] brn\n|upkeep\n|turn|18\n|inactive|tolotelli has 120 seconds left.\n|\n|t:|1733859605\n|move|p1a: Regieleki|Thunderbolt|p2a: Toucannon\n|-supereffective|p2a: Toucannon\n|-damage|p2a: Toucannon|0 fnt\n|faint|p2a: Toucannon\n|\n|upkeep\n|\n|t:|1733859610\n|switch|p2a: Iron Moth|Iron Moth, L78|253/253\n|turn|19\n|inactive|hot limon has 90 seconds left.\n|\n|t:|1733859617\n|move|p1a: Regieleki|Volt Switch|p2a: Iron Moth\n|-damage|p2a: Iron Moth|151/253\n|\n|t:|1733859620\n|switch|p1a: Heatran|Heatran, L79, F|230/273|[from] Volt Switch\n|move|p2a: Iron Moth|Energy Ball|p1a: Heatran\n|-resisted|p1a: Heatran\n|-damage|p1a: Heatran|212/273\n|\n|upkeep\n|turn|20\n|\n|t:|1733859628\n|move|p2a: Iron Moth|Energy Ball|p1a: Heatran\n|-resisted|p1a: Heatran\n|-damage|p1a: Heatran|194/273\n|move|p1a: Heatran|Earth Power|p2a: Iron Moth\n|-supereffective|p2a: Iron Moth\n|-damage|p2a: Iron Moth|0 fnt\n|faint|p2a: Iron Moth\n|-end|p2a: Iron Moth|Quark Drive|[silent]\n|\n|win|hot limon\n|raw|hot limon's rating: 1411 &rarr; <strong>1431</strong><br />(+20 for winning)\n|raw|tolotelli's rating: 1412 &rarr; <strong>1392</strong><br />(-20 for losing)\n|l|\u2606hot limon\n|player|p1|\n", "inputlog": ">version bfd83cad13791eb5a5a409923076391caf6fb4d4\n>start {\"formatid\":\"gen9randombattle\",\"seed\":[22337,56685,61430,43690],\"rated\":\"Rated battle\"}\n>player p1 {\"name\":\"hot limon\",\"avatar\":\"169\",\"rating\":1411,\"seed\":[59766,2541,54502,47206]}\n>player p2 {\"name\":\"tolotelli\",\"avatar\":\"265\",\"rating\":1412,\"seed\":[29030,44208,6161,8439]}\n>p1 switch 4\n>p2 move drainpunch\n>p1 move swordsdance\n>p2 move icepunch\n>p1 move powerwhip\n>p2 move icepunch\n>p1 switch 5\n>p1 move closecombat\n>p2 move drainpunch\n>p1 move closecombat\n>p2 move drainpunch\n>p1 switch 4\n>p1 move swordsdance terastallize\n>p2 move swordsdance\n>p1 move earthquake\n>p2 move icepunch\n>p1 move scaleshot\n>p2 switch 3\n>p2 switch 6\n>p1 move scaleshot\n>p2 move earthquake\n>p2 switch 4\n>p1 move earthquake\n>p2 move crunch terastallize\n>p1 switch 6\n>p1 move swordsdance\n>p2 move swordsdance\n>p1 move earthquake\n>p2 move scaleshot\n>p2 switch 3\n>p1 move earthquake\n>p2 move drainpunch\n>p2 switch 5\n>p1 move earthquake\n>p2 move energyball\n>p1 switch 2\n>p1 move earthpower\n>p2 switch 2\n>p1 move lavaplume\n>p2 move knockoff\n>p1 switch 3\n>p2 move boomburst\n>p1 move thunderbolt\n>p2 move roost\n>p2 switch 2\n>p1 move voltswitch\n>p2 move energyball\n>p1 switch 3\n>p1 move earthpower\n>p2 move energyball", "uploadtime": 1733859816, "views": 1, "formatid": "gen9randombattle", "rating": 1392, "private": 0, "password": null}