{"id": "gen9randombattle-2260315007", "format": "[Gen 9] Random Battle", "players": ["mdodnxb", "Chadwick Daddykins"], "log": "|j|\u2606mdodnxb\n|j|\u2606Chadwick Daddykins\n|t:|1733838893\n|gametype|singles\n|player|p1|mdodnxb|169|1000\n|player|p2|Chadwick Daddykins|101|1026\n|teamsize|p1|6\n|teamsize|p2|6\n|gen|9\n|tier|[Gen 9] Random Battle\n|rated|\n|rule|Species Clause: Limit one of each Pok\u00e9mon\n|rule|HP Percentage Mod: HP is shown in percentages\n|rule|Sleep Clause Mod: Limit one foe put to sleep\n|rule|Illusion Level Mod: Illusion disguises the Pok\u00e9mon's true level\n|\n|t:|1733838893\n|start\n|switch|p1a: Registeel|Registeel, L81|262/262\n|switch|p2a: Iron Leaves|Iron Leaves, L80|275/275\n|turn|1\n|\n|t:|1733838912\n|move|p2a: Iron Leaves|Swords Dance|p2a: Iron Leaves\n|-boost|p2a: Iron Leaves|atk|2\n|move|p1a: Registeel|Iron Defense|p1a: Registeel\n|-boost|p1a: Registeel|def|2\n|\n|upkeep\n|turn|2\n|\n|t:|1733838921\n|move|p2a: Iron Leaves|Swords Dance|p2a: Iron Leaves\n|-boost|p2a: Iron Leaves|atk|2\n|move|p1a: Registeel|Iron Defense|p1a: Registeel\n|-boost|p1a: Registeel|def|2\n|\n|upkeep\n|turn|3\n|\n|t:|1733838924\n|move|p2a: Iron Leaves|Swords Dance|p2a: Iron Leaves\n|-boost|p2a: Iron Leaves|atk|2\n|move|p1a: Registeel|Iron Defense|p1a: Registeel\n|-boost|p1a: Registeel|def|2\n|\n|upkeep\n|turn|4\n|\n|t:|1733838926\n|move|p2a: Iron Leaves|Swords Dance|p2a: Iron Leaves\n|-boost|p2a: Iron Leaves|atk|0\n|move|p1a: Registeel|Body Press|p2a: Iron Leaves\n|-resisted|p2a: Iron Leaves\n|-damage|p2a: Iron Leaves|121/275\n|\n|upkeep\n|turn|5\n|\n|t:|1733838928\n|move|p2a: Iron Leaves|Close Combat|p1a: Registeel\n|-supereffective|p1a: Registeel\n|-damage|p1a: Registeel|83/262\n|-unboost|p2a: Iron Leaves|def|1\n|-unboost|p2a: Iron Leaves|spd|1\n|-damage|p2a: Iron Leaves|94/275|[from] item: Life Orb\n|move|p1a: Registeel|Body Press|p2a: Iron Leaves\n|-resisted|p2a: Iron Leaves\n|-damage|p2a: Iron Leaves|0 fnt\n|faint|p2a: Iron Leaves\n|-end|p2a: Iron Leaves|Quark Drive|[silent]\n|\n|upkeep\n|c|\u2606Chadwick Daddykins|That was a bad misclick\n|\n|t:|1733838949\n|switch|p2a: Venomoth|Venomoth, L84, M|255/255\n|turn|6\n|\n|t:|1733838954\n|move|p2a: Venomoth|Sleep Powder|p1a: Registeel\n|-status|p1a: Registeel|slp|[from] move: Sleep Powder\n|-enditem|p1a: Registeel|Chesto Berry|[eat]\n|-curestatus|p1a: Registeel|slp|[msg]\n|move|p1a: Registeel|Body Press|p2a: Venomoth\n|-resisted|p2a: Venomoth\n|-damage|p2a: Venomoth|159/255\n|\n|upkeep\n|turn|7\n|\n|t:|1733838960\n|switch|p1a: Miraidon|Miraidon, L65|238/238\n|-fieldstart|move: Electric Terrain|[from] ability: Hadron Engine|[of] p1a: Miraidon\n|move|p2a: Venomoth|Sleep Powder|p1a: Miraidon\n|-activate|p1a: Miraidon|move: Electric Terrain\n|\n|upkeep\n|turn|8\n|-message|Chadwick Daddykins forfeited.\n|\n|win|mdodnxb\n|raw|mdodnxb's rating: 1000 &rarr; <strong>1043</strong><br />(+43 for winning)\n|raw|Chadwick Daddykins's rating: 1026 &rarr; <strong>1011</strong><br />(-15 for losing)\n|l|\u2606Chadwick Daddykins\n|player|p2|\n", "inputlog": ">version bfd83cad13791eb5a5a409923076391caf6fb4d4\n>start {\"formatid\":\"gen9randombattle\",\"seed\":[61719,54893,18509,14865],\"rated\":\"Rated battle\"}\n>player p1 {\"name\":\"mdodnxb\",\"avatar\":\"169\",\"rating\":1000,\"seed\":[55760,14850,62357,14022]}\n>player p2 {\"name\":\"Chadwick Daddykins\",\"avatar\":\"101\",\"rating\":1026,\"seed\":[38791,2976,5017,24647]}\n>p1 move irondefense\n>p2 move swordsdance\n>p1 move irondefense\n>p2 move swordsdance\n>p1 move irondefense\n>p2 move swordsdance\n>p1 move bodypress\n>p2 move swordsdance\n>p1 move bodypress\n>p2 move closecombat\n>chat \u2606Chadwick Daddykins|That was a bad misclick\n>p2 switch 4\n>p1 move bodypress\n>p2 move sleeppowder\n>p1 switch 3\n>p2 move sleeppowder\n>forcelose p2", "uploadtime": 1733838972, "views": 3, "formatid": "gen9randombattle", "rating": 1011, "private": 0, "password": null}