{"id": "gen9randombattle-2260748026", "format": "[Gen 9] Random Battle", "players": ["ewokking0", "Djdifjendnd"], "log": "|j|\u2606ewokking0\n|j|\u2606Djdifjendnd\n|t:|1733886381\n|gametype|singles\n|player|p1|ewokking0|169|1137\n|player|p2|Djdifjendnd|guitarist|1129\n|teamsize|p1|6\n|teamsize|p2|6\n|gen|9\n|tier|[Gen 9] Random Battle\n|rated|\n|rule|Species Clause: Limit one of each Pok\u00e9mon\n|rule|HP Percentage Mod: HP is shown in percentages\n|rule|Sleep Clause Mod: Limit one foe put to sleep\n|rule|Illusion Level Mod: Illusion disguises the Pok\u00e9mon's true level\n|\n|t:|1733886381\n|start\n|switch|p1a: Eiscue|Eiscue, L88, F|272/272\n|switch|p2a: Cacturne|Cacturne, L92, M|278/278\n|turn|1\n|inactive|Battle timer is ON: inactive players will automatically lose when time's up. (requested by Djdifjendnd)\n|\n|t:|1733886391\n|move|p2a: Cacturne|Swords Dance|p2a: Cacturne\n|-boost|p2a: Cacturne|atk|2\n|move|p1a: Eiscue|Belly Drum|p1a: Eiscue\n|-damage|p1a: Eiscue|136/272\n|-setboost|p1a: Eiscue|atk|6|[from] move: Belly Drum\n|\n|upkeep\n|turn|2\n|\n|t:|1733886399\n|move|p2a: Cacturne|Sucker Punch||[still]\n|-fail|p2a: Cacturne\n|move|p1a: Eiscue|Substitute|p1a: Eiscue\n|-start|p1a: Eiscue|Substitute\n|-damage|p1a: Eiscue|68/272\n|-enditem|p1a: Eiscue|Salac Berry|[eat]\n|-boost|p1a: Eiscue|spe|1|[from] item: Salac Berry\n|\n|upkeep\n|turn|3\n|\n|t:|1733886403\n|move|p1a: Eiscue|Ice Spinner|p2a: Cacturne\n|-supereffective|p2a: Cacturne\n|-damage|p2a: Cacturne|0 fnt\n|faint|p2a: Cacturne\n|\n|upkeep\n|\n|t:|1733886415\n|switch|p2a: Polteageist|Polteageist-Antique, L79|224/224\n|turn|4\n|\n|t:|1733886423\n|-terastallize|p2a: Polteageist|Fighting\n|move|p1a: Eiscue|Liquidation|p2a: Polteageist\n|-damage|p2a: Polteageist|0 fnt\n|faint|p2a: Polteageist\n|\n|upkeep\n|\n|t:|1733886428\n|switch|p2a: Falinks|Falinks, L84|246/246\n|turn|5\n|\n|t:|1733886431\n|move|p1a: Eiscue|Liquidation|p2a: Falinks\n|-damage|p2a: Falinks|43/246\n|-unboost|p2a: Falinks|def|1\n|-ability|p2a: Falinks|Defiant|boost\n|-boost|p2a: Falinks|atk|2\n|move|p2a: Falinks|No Retreat|p2a: Falinks\n|-boost|p2a: Falinks|atk|1\n|-boost|p2a: Falinks|def|1\n|-boost|p2a: Falinks|spa|1\n|-boost|p2a: Falinks|spd|1\n|-boost|p2a: Falinks|spe|1\n|-start|p2a: Falinks|move: No Retreat\n|\n|upkeep\n|turn|6\n|\n|t:|1733886436\n|move|p2a: Falinks|Iron Head|p1a: Eiscue\n|-supereffective|p1a: Eiscue\n|-end|p1a: Eiscue|Substitute\n|-damage|p2a: Falinks|19/246|[from] item: Life Orb\n|move|p1a: Eiscue|Liquidation|p2a: Falinks\n|-crit|p2a: Falinks\n|-damage|p2a: Falinks|0 fnt\n|faint|p2a: Falinks\n|\n|upkeep\n|\n|t:|1733886439\n|switch|p2a: Spidops|Spidops, L96, M|271/271\n|turn|7\n|\n|t:|1733886454\n|move|p1a: Eiscue|Ice Spinner|p2a: Spidops\n|-damage|p2a: Spidops|0 fnt\n|faint|p2a: Spidops\n|\n|upkeep\n|\n|t:|1733886456\n|switch|p2a: Gouging Fire|Gouging Fire, L74|277/277\n|turn|8\n|\n|t:|1733886464\n|move|p1a: Eiscue|Ice Spinner|p2a: Gouging Fire\n|-damage|p2a: Gouging Fire|7/277\n|move|p2a: Gouging Fire|Dragon Dance|p2a: Gouging Fire\n|-boost|p2a: Gouging Fire|atk|1\n|-boost|p2a: Gouging Fire|spe|1\n|\n|upkeep\n|turn|9\n|\n|t:|1733886469\n|move|p2a: Gouging Fire|Heat Crash|p1a: Eiscue\n|-activate|p1a: Eiscue|ability: Ice Face\n|-damage|p1a: Eiscue|68/272\n|detailschange|p1a: Eiscue|Eiscue-Noice, L88, F\n|move|p1a: Eiscue|Ice Spinner|p2a: Gouging Fire\n|-damage|p2a: Gouging Fire|0 fnt\n|faint|p2a: Gouging Fire\n|-end|p2a: Gouging Fire|Protosynthesis|[silent]\n|\n|upkeep\n|\n|t:|1733886472\n|switch|p2a: Metagross|Metagross, L79|256/256\n|turn|10\n|\n|t:|1733886479\n|move|p1a: Eiscue|Ice Spinner|p2a: Metagross\n|-resisted|p2a: Metagross\n|-crit|p2a: Metagross\n|-damage|p2a: Metagross|73/256\n|move|p2a: Metagross|Agility|p2a: Metagross\n|-boost|p2a: Metagross|spe|2\n|\n|upkeep\n|turn|11\n|\n|t:|1733886483\n|move|p1a: Eiscue|Ice Spinner|p2a: Metagross\n|-resisted|p2a: Metagross\n|-crit|p2a: Metagross\n|-damage|p2a: Metagross|0 fnt\n|faint|p2a: Metagross\n|\n|win|ewokking0\n|raw|ewokking0's rating: 1137 &rarr; <strong>1161</strong><br />(+24 for winning)\n|raw|Djdifjendnd's rating: 1129 &rarr; <strong>1105</strong><br />(-24 for losing)\n|l|\u2606Djdifjendnd\n|player|p2|\n", "inputlog": ">version bfd83cad13791eb5a5a409923076391caf6fb4d4\n>start {\"formatid\":\"gen9randombattle\",\"seed\":[53091,13009,59073,34067],\"rated\":\"Rated battle\"}\n>player p1 {\"name\":\"ewokking0\",\"avatar\":\"169\",\"rating\":1137,\"seed\":[64462,33121,9021,63516]}\n>player p2 {\"name\":\"Djdifjendnd\",\"avatar\":\"guitarist\",\"rating\":1129,\"seed\":[1391,36375,61569,13250]}\n>p1 move bellydrum\n>p2 move swordsdance\n>p1 move substitute\n>p2 move suckerpunch\n>p1 move icespinner\n>p2 move drainpunch\n>p2 switch 3\n>p1 move liquidation\n>p2 move shellsmash terastallize\n>p2 switch 2\n>p1 move liquidation\n>p2 move noretreat\n>p1 move liquidation\n>p2 move ironhead\n>p2 switch 4\n>p1 move icespinner\n>p2 move stickyweb\n>p2 switch 5\n>p1 move icespinner\n>p2 move dragondance\n>p1 move icespinner\n>p2 move heatcrash\n>p2 switch 6\n>p1 move icespinner\n>p2 move agility\n>p1 move icespinner\n>p2 move heavyslam", "uploadtime": 1733886501, "views": 7, "formatid": "gen9randombattle", "rating": 1105, "private": 0, "password": null}