{"id": "gen9randombattle-2260573768", "format": "[Gen 9] Random Battle", "players": ["ChikenRun67", "trying_toget_tough"], "log": "|j|\u203dChikenRun67\n|j|\u2606trying_toget_tough\n|t:|1733865008\n|gametype|singles\n|player|p1|ChikenRun67|alder|1656\n|player|p2|trying_toget_tough|1|1704\n|teamsize|p1|6\n|teamsize|p2|6\n|gen|9\n|tier|[Gen 9] Random Battle\n|rated|\n|rule|Species Clause: Limit one of each Pok\u00e9mon\n|rule|HP Percentage Mod: HP is shown in percentages\n|rule|Sleep Clause Mod: Limit one foe put to sleep\n|rule|Illusion Level Mod: Illusion disguises the Pok\u00e9mon's true level\n|\n|t:|1733865008\n|start\n|switch|p1a: Meganium|Meganium, L90, F|290/290\n|switch|p2a: Maushold|Maushold-Four, L76|238/238\n|turn|1\n|inactive|Battle timer is ON: inactive players will automatically lose when time's up. (requested by trying_toget_tough)\n|\n|t:|1733865026\n|move|p2a: Maushold|Tidy Up|p2a: Maushold\n|-boost|p2a: Maushold|atk|1\n|-boost|p2a: Maushold|spe|1\n|move|p1a: Meganium|Leech Seed|p2a: Maushold\n|-start|p2a: Maushold|move: Leech Seed\n|\n|-damage|p2a: Maushold|209/238|[from] Leech Seed|[of] p1a: Meganium\n|upkeep\n|turn|2\n|\n|t:|1733865038\n|move|p2a: Maushold|Encore|p1a: Meganium\n|-start|p1a: Meganium|Encore\n|move|p1a: Meganium|Leech Seed||[still]\n|-fail|p1a: Meganium\n|\n|-damage|p2a: Maushold|180/238|[from] Leech Seed|[of] p1a: Meganium\n|upkeep\n|turn|3\n|\n|t:|1733865049\n|switch|p1a: Mimikyu|Mimikyu, L79, F|216/216\n|move|p2a: Maushold|Population Bomb|p1a: Mimikyu\n|-immune|p1a: Mimikyu\n|\n|-damage|p2a: Maushold|151/238|[from] Leech Seed|[of] p1a: Mimikyu\n|upkeep\n|turn|4\n|\n|t:|1733865062\n|switch|p1a: Meganium|Meganium, L90, F|290/290\n|move|p2a: Maushold|Bite|p1a: Meganium\n|-damage|p1a: Meganium|236/290\n|\n|-heal|p1a: Meganium|254/290|[from] item: Leftovers\n|-damage|p2a: Maushold|122/238|[from] Leech Seed|[of] p1a: Meganium\n|-heal|p1a: Meganium|283/290|[silent]\n|upkeep\n|turn|5\n|\n|t:|1733865073\n|switch|p2a: Flapple|Flapple, L88, F|266/266\n|move|p1a: Meganium|Energy Ball|p2a: Flapple\n|-resisted|p2a: Flapple\n|-crit|p2a: Flapple\n|-damage|p2a: Flapple|220/266\n|\n|-heal|p1a: Meganium|290/290|[from] item: Leftovers\n|upkeep\n|turn|6\n|\n|t:|1733865083\n|move|p1a: Meganium|Knock Off|p2a: Flapple\n|-crit|p2a: Flapple\n|-damage|p2a: Flapple|120/266\n|-enditem|p2a: Flapple|Wide Lens|[from] move: Knock Off|[of] p1a: Meganium\n|move|p2a: Flapple|Grav Apple|p1a: Meganium\n|-resisted|p1a: Meganium\n|-damage|p1a: Meganium|221/290\n|-unboost|p1a: Meganium|def|1\n|\n|-heal|p1a: Meganium|239/290|[from] item: Leftovers\n|upkeep\n|turn|7\n|\n|t:|1733865098\n|switch|p1a: Leavanny|Leavanny, L86, F|269/269\n|move|p2a: Flapple|Outrage|p1a: Leavanny\n|-damage|p1a: Leavanny|34/269\n|\n|upkeep\n|turn|8\n|\n|t:|1733865113\n|move|p1a: Leavanny|Lunge|p2a: Flapple\n|-supereffective|p2a: Flapple\n|-damage|p2a: Flapple|0 fnt\n|faint|p2a: Flapple\n|\n|upkeep\n|inactive|trying_toget_tough has 120 seconds left.\n|\n|t:|1733865160\n|switch|p2a: Raikou|Raikou, L81|278/278\n|-ability|p2a: Raikou|Pressure\n|turn|9\n|\n|t:|1733865168\n|move|p2a: Raikou|Volt Switch|p1a: Leavanny\n|-resisted|p1a: Leavanny\n|-damage|p1a: Leavanny|0 fnt\n|faint|p1a: Leavanny\n|inactive|trying_toget_tough has 90 seconds left.\n|\n|t:|1733865204\n|switch|p2a: Maushold|Maushold-Four, L76|122/238|[from] Volt Switch\n|\n|upkeep\n|\n|t:|1733865217\n|switch|p1a: Meganium|Meganium, L90, F|239/290\n|turn|10\n|inactive|trying_toget_tough has 90 seconds left.\n|\n|t:|1733865235\n|move|p2a: Maushold|Population Bomb|p1a: Meganium\n|-damage|p1a: Meganium|221/290\n|-damage|p1a: Meganium|202/290\n|-damage|p1a: Meganium|181/290\n|-damage|p1a: Meganium|160/290\n|-damage|p1a: Meganium|139/290\n|-damage|p1a: Meganium|118/290\n|-damage|p1a: Meganium|97/290\n|-damage|p1a: Meganium|76/290\n|-damage|p1a: Meganium|57/290\n|-damage|p1a: Meganium|36/290\n|-hitcount|p1a: Meganium|10\n|move|p1a: Meganium|Energy Ball|p2a: Maushold\n|-damage|p2a: Maushold|0 fnt\n|faint|p2a: Maushold\n|\n|-heal|p1a: Meganium|54/290|[from] item: Leftovers\n|upkeep\n|inactive|trying_toget_tough has 60 seconds left.\n|\n|t:|1733865268\n|switch|p2a: Wugtrio|Wugtrio, L91, M|212/212\n|turn|11\n|\n|t:|1733865289\n|switch|p1a: Chimecho|Chimecho, L93, F|290/290\n|move|p2a: Wugtrio|Throat Chop|p1a: Chimecho\n|-supereffective|p1a: Chimecho\n|-damage|p1a: Chimecho|92/290\n|-start|p1a: Chimecho|Throat Chop|[silent]\n|\n|-heal|p1a: Chimecho|110/290|[from] item: Leftovers\n|upkeep\n|turn|12\n|inactive|ChikenRun67 has 120 seconds left.\n|\n|t:|1733865314\n|move|p2a: Wugtrio|Throat Chop|p1a: Chimecho\n|-supereffective|p1a: Chimecho\n|-damage|p1a: Chimecho|0 fnt\n|faint|p1a: Chimecho\n|\n|upkeep\n|\n|t:|1733865322\n|switch|p1a: Seviper|Seviper, L93, M|287/287\n|turn|13\n|inactive|ChikenRun67 has 120 seconds left.\n|\n|t:|1733865332\n|move|p2a: Wugtrio|Throat Chop|p1a: Seviper\n|-damage|p1a: Seviper|171/287\n|-start|p1a: Seviper|Throat Chop|[silent]\n|move|p1a: Seviper|Switcheroo|p2a: Wugtrio\n|-activate|p1a: Seviper|move: Trick|[of] p2a: Wugtrio\n|-item|p2a: Wugtrio|Choice Scarf|[from] move: Switcheroo\n|-item|p1a: Seviper|Choice Band|[from] move: Switcheroo\n|\n|upkeep\n|turn|14\n|\n|t:|1733865340\n|move|p2a: Wugtrio|Stomping Tantrum|p1a: Seviper\n|-supereffective|p1a: Seviper\n|-damage|p1a: Seviper|29/287\n|move|p1a: Seviper|Gunk Shot|p2a: Wugtrio\n|-damage|p2a: Wugtrio|0 fnt\n|faint|p2a: Wugtrio\n|\n|-end|p1a: Seviper|Throat Chop|[silent]\n|upkeep\n|\n|t:|1733865358\n|switch|p2a: Raikou|Raikou, L81|278/278\n|-ability|p2a: Raikou|Pressure\n|turn|15\n|\n|t:|1733865365\n|move|p2a: Raikou|Shadow Ball|p1a: Seviper\n|-crit|p1a: Seviper\n|-damage|p1a: Seviper|0 fnt\n|faint|p1a: Seviper\n|\n|upkeep\n|\n|t:|1733865373\n|switch|p1a: Dragalge|Dragalge, L88, M|258/258\n|turn|16\n|\n|t:|1733865377\n|move|p2a: Raikou|Shadow Ball|p1a: Dragalge\n|-damage|p1a: Dragalge|196/258\n|move|p1a: Dragalge|Toxic Spikes|p2a: Raikou\n|-sidestart|p2: trying_toget_tough|move: Toxic Spikes\n|\n|-heal|p1a: Dragalge|212/258|[from] item: Leftovers\n|upkeep\n|turn|17\n|\n|t:|1733865386\n|switch|p2a: Gurdurr|Gurdurr, L85, M|283/283\n|-status|p2a: Gurdurr|psn\n|move|p1a: Dragalge|Sludge Wave|p2a: Gurdurr\n|-damage|p2a: Gurdurr|131/283 psn\n|\n|-heal|p1a: Dragalge|228/258|[from] item: Leftovers\n|-damage|p2a: Gurdurr|96/283 psn|[from] psn\n|upkeep\n|turn|18\n|\n|t:|1733865401\n|switch|p1a: Meganium|Meganium, L90, F|54/290\n|-terastallize|p2a: Gurdurr|Steel\n|move|p2a: Gurdurr|Drain Punch|p1a: Meganium\n|-damage|p1a: Meganium|0 fnt\n|-heal|p2a: Gurdurr|123/283 psn|[from] drain|[of] p1a: Meganium\n|faint|p1a: Meganium\n|\n|-damage|p2a: Gurdurr|88/283 psn|[from] psn\n|upkeep\n|\n|t:|1733865413\n|switch|p1a: Mimikyu|Mimikyu, L79, F|216/216\n|turn|19\n|\n|t:|1733865419\n|move|p1a: Mimikyu|Swords Dance|p1a: Mimikyu\n|-boost|p1a: Mimikyu|atk|2\n|move|p2a: Gurdurr|Knock Off|p1a: Mimikyu\n|-activate|p1a: Mimikyu|ability: Disguise\n|-damage|p1a: Mimikyu|216/216\n|-enditem|p1a: Mimikyu|Life Orb|[from] move: Knock Off|[of] p2a: Gurdurr\n|detailschange|p1a: Mimikyu|Mimikyu-Busted, L79, F\n|-damage|p1a: Mimikyu|189/216|[from] pokemon: Mimikyu-Busted\n|\n|-damage|p2a: Gurdurr|53/283 psn|[from] psn\n|upkeep\n|turn|20\n|\n|t:|1733865432\n|move|p1a: Mimikyu|Swords Dance|p1a: Mimikyu\n|-boost|p1a: Mimikyu|atk|2\n|move|p2a: Gurdurr|Knock Off|p1a: Mimikyu\n|-damage|p1a: Mimikyu|98/216\n|\n|-damage|p2a: Gurdurr|18/283 psn|[from] psn\n|upkeep\n|turn|21\n|inactive|trying_toget_tough has 120 seconds left.\n|\n|t:|1733865441\n|move|p1a: Mimikyu|Shadow Claw|p2a: Gurdurr\n|-crit|p2a: Gurdurr\n|-damage|p2a: Gurdurr|0 fnt\n|faint|p2a: Gurdurr\n|\n|upkeep\n|inactive|trying_toget_tough has 120 seconds left.\n|\n|t:|1733865470\n|switch|p2a: Articuno|Articuno, L86|295/295\n|-ability|p2a: Articuno|Pressure\n|turn|22\n|inactive|ChikenRun67 has 120 seconds left.\n|\n|t:|1733865503\n|move|p1a: Mimikyu|Play Rough|p2a: Articuno\n|-damage|p2a: Articuno|73/295\n|move|p2a: Articuno|Brave Bird|p1a: Mimikyu\n|-damage|p1a: Mimikyu|0 fnt\n|faint|p1a: Mimikyu\n|-damage|p2a: Articuno|41/295|[from] Recoil\n|\n|upkeep\n|inactive|ChikenRun67 has 120 seconds left.\n|\n|t:|1733865515\n|switch|p1a: Dragalge|Dragalge, L88, M|228/258\n|turn|23\n|inactive|ChikenRun67 has 120 seconds left.\n|\n|t:|1733865526\n|move|p2a: Articuno|Freeze-Dry|p1a: Dragalge\n|-supereffective|p1a: Dragalge\n|-damage|p1a: Dragalge|114/258\n|move|p1a: Dragalge|Sludge Wave|p2a: Articuno\n|-damage|p2a: Articuno|0 fnt\n|faint|p2a: Articuno\n|\n|-heal|p1a: Dragalge|130/258|[from] item: Leftovers\n|upkeep\n|\n|t:|1733865535\n|switch|p2a: Raikou|Raikou, L81|278/278\n|-status|p2a: Raikou|psn\n|-ability|p2a: Raikou|Pressure\n|turn|24\n|inactive|ChikenRun67 has 120 seconds left.\n|\n|t:|1733865557\n|move|p2a: Raikou|Shadow Ball|p1a: Dragalge\n|-damage|p1a: Dragalge|57/258\n|-unboost|p1a: Dragalge|spd|1\n|move|p1a: Dragalge|Sludge Wave|p2a: Raikou\n|-damage|p2a: Raikou|144/278 psn\n|\n|-heal|p1a: Dragalge|73/258|[from] item: Leftovers\n|-damage|p2a: Raikou|110/278 psn|[from] psn\n|upkeep\n|turn|25\n|\n|t:|1733865573\n|move|p2a: Raikou|Shadow Ball|p1a: Dragalge\n|-damage|p1a: Dragalge|0 fnt\n|faint|p1a: Dragalge\n|\n|win|trying_toget_tough\n|raw|ChikenRun67's rating: 1656 &rarr; <strong>1639</strong><br />(-17 for losing)\n|raw|trying_toget_tough's rating: 1704 &rarr; <strong>1721</strong><br />(+17 for winning)\n|c|\u2606trying_toget_tough|gg\n|l|\u203dChikenRun67\n|player|p1|\n", "inputlog": ">version bfd83cad13791eb5a5a409923076391caf6fb4d4\n>start {\"formatid\":\"gen9randombattle\",\"seed\":[25821,10256,2151,2823],\"rated\":\"Rated battle\"}\n>player p1 {\"name\":\"ChikenRun67\",\"avatar\":\"alder\",\"rating\":1656,\"seed\":[47277,4879,25554,16028]}\n>player p2 {\"name\":\"trying_toget_tough\",\"avatar\":\"1\",\"rating\":1704,\"seed\":[14818,49846,51759,19441]}\n>p1 move leechseed\n>p2 move tidyup\n>p1 move synthesis\n>p2 move encore\n>p1 switch 3\n>p2 move populationbomb\n>p1 switch 3\n>p2 move bite\n>p1 move energyball\n>p2 switch 3\n>p1 move knockoff\n>p2 move gravapple\n>p1 switch 6\n>p2 move outrage\n>p1 move lunge\n>p2 move outrage\n>p2 switch 4\n>p1 move knockoff\n>p2 move voltswitch\n>p2 switch 3\n>p1 switch 6\n>p1 move energyball\n>p2 move populationbomb\n>p2 switch 2\n>p1 switch 4\n>p2 move throatchop\n>p1 move recover\n>p2 move throatchop\n>p1 switch 5\n>p1 move switcheroo\n>p2 move throatchop\n>p1 move gunkshot\n>p2 move stompingtantrum\n>p2 switch 3\n>p1 move gunkshot\n>p2 move shadowball\n>p1 switch 2\n>p1 move toxicspikes\n>p2 move shadowball\n>p1 move sludgewave\n>p2 switch 6\n>p1 switch 4\n>p2 move drainpunch terastallize\n>p1 switch 3\n>p1 move swordsdance\n>p2 move knockoff\n>p1 move swordsdance\n>p2 move knockoff\n>p1 move shadowclaw\n>p2 move knockoff\n>p2 switch 5\n>p1 move playrough\n>p2 move bravebird\n>p1 switch 4\n>p1 move sludgewave\n>p2 move freezedry\n>p2 switch 6\n>p1 move sludgewave\n>p2 move shadowball\n>p1 move dracometeor\n>p2 move shadowball", "uploadtime": 1733865579, "views": 1, "formatid": "gen9randombattle", "rating": 1639, "private": 0, "password": null}