{"id": "gen9randombattle-2094536203", "format": "[Gen 9] Random Battle", "players": ["Norman2!", "MichaelderBeste2"], "log": "|uhtml|medal-msg|<div class=\"broadcast-blue\">Curious what those medals under the avatar are? PS now has Ladder Seasons! For more information, check out the <a href=\"https://www.smogon.com/forums/threads/3740067/\">thread on Smogon.</a></div>\n|badge|p2|gold|gen9randombattle|3-1\n|uhtml|medal-msg|<div class=\"broadcast-blue\">Curious what those medals under the avatar are? PS now has Ladder Seasons! For more information, check out the <a href=\"https://www.smogon.com/forums/threads/3740067/\">thread on Smogon.</a></div>\n|j|\u203dNorman2!\n|j|\u2606MichaelderBeste2\n|t:|1712085348\n|gametype|singles\n|player|p1|Norman2!|266|2273\n|player|p2|MichaelderBeste2|#rbtt7teamdarkrai|2496\n|teamsize|p1|6\n|teamsize|p2|6\n|gen|9\n|tier|[Gen 9] Random Battle\n|rated|\n|rule|Species Clause: Limit one of each Pok\u00e9mon\n|rule|HP Percentage Mod: HP is shown in percentages\n|rule|Sleep Clause Mod: Limit one foe put to sleep\n|rule|Illusion Level Mod: Illusion disguises the Pok\u00e9mon's true level\n|\n|t:|1712085348\n|start\n|switch|p1a: Azelf|Azelf, L82|257/257\n|switch|p2a: Milotic|Milotic, L83, F|293/293\n|turn|1\n|\n|t:|1712085356\n|move|p1a: Azelf|Stealth Rock|p2a: Milotic\n|-sidestart|p2: MichaelderBeste2|move: Stealth Rock\n|move|p2a: Milotic|Scald|p1a: Azelf\n|-damage|p1a: Azelf|155/257\n|\n|upkeep\n|turn|2\n|\n|t:|1712085367\n|switch|p1a: Blissey|Blissey, L84, F|566/566\n|move|p2a: Milotic|Scald|p1a: Blissey\n|-damage|p1a: Blissey|506/566\n|\n|-heal|p1a: Blissey|541/566|[from] item: Leftovers\n|upkeep\n|turn|3\n|\n|t:|1712085376\n|switch|p1a: Skuntank|Skuntank, L84, M|310/310\n|move|p2a: Milotic|Scald|p1a: Skuntank\n|-damage|p1a: Skuntank|201/310\n|\n|-heal|p1a: Skuntank|220/310|[from] item: Leftovers\n|upkeep\n|turn|4\n|\n|t:|1712085382\n|move|p1a: Skuntank|Toxic Spikes|p2a: Milotic\n|-sidestart|p2: MichaelderBeste2|move: Toxic Spikes\n|move|p2a: Milotic|Scald|p1a: Skuntank\n|-damage|p1a: Skuntank|117/310\n|\n|-heal|p1a: Skuntank|136/310|[from] item: Leftovers\n|upkeep\n|turn|5\n|\n|t:|1712085385\n|switch|p1a: Blissey|Blissey, L84, F|541/566\n|move|p2a: Milotic|Scald|p1a: Blissey\n|-damage|p1a: Blissey|474/566\n|-status|p1a: Blissey|brn\n|\n|-heal|p1a: Blissey|509/566 brn|[from] item: Leftovers\n|-damage|p1a: Blissey|474/566 brn|[from] brn\n|upkeep\n|turn|6\n|\n|t:|1712085387\n|switch|p2a: Hitmontop|Hitmontop, L88, M|231/231\n|-damage|p2a: Hitmontop|217/231|[from] Stealth Rock\n|-status|p2a: Hitmontop|psn\n|-ability|p2a: Hitmontop|Intimidate|boost\n|-unboost|p1a: Blissey|atk|1\n|move|p1a: Blissey|Thunder Wave||[still]\n|-fail|p1a: Blissey\n|\n|-heal|p1a: Blissey|509/566 brn|[from] item: Leftovers\n|-damage|p2a: Hitmontop|189/231 psn|[from] psn\n|-damage|p1a: Blissey|474/566 brn|[from] brn\n|upkeep\n|turn|7\n|\n|t:|1712085395\n|-terastallize|p1a: Blissey|Ghost\n|move|p2a: Hitmontop|Rapid Spin|p1a: Blissey\n|-immune|p1a: Blissey\n|move|p1a: Blissey|Seismic Toss|p2a: Hitmontop\n|-damage|p2a: Hitmontop|105/231 psn\n|\n|-heal|p1a: Blissey|509/566 brn|[from] item: Leftovers\n|-damage|p2a: Hitmontop|77/231 psn|[from] psn\n|-damage|p1a: Blissey|474/566 brn|[from] brn\n|upkeep\n|turn|8\n|\n|t:|1712085405\n|move|p2a: Hitmontop|Sucker Punch|p1a: Blissey\n|-supereffective|p1a: Blissey\n|-crit|p1a: Blissey\n|-damage|p1a: Blissey|20/566 brn\n|move|p1a: Blissey|Seismic Toss|p2a: Hitmontop\n|-damage|p2a: Hitmontop|0 fnt\n|faint|p2a: Hitmontop\n|\n|-heal|p1a: Blissey|55/566 brn|[from] item: Leftovers\n|-damage|p1a: Blissey|20/566 brn|[from] brn\n|upkeep\n|\n|t:|1712085412\n|switch|p2a: Glaceon|Glaceon, L94, F|275/275\n|turn|9\n|\n|t:|1712085418\n|-curestatus|p1a: Blissey|brn|[from] ability: Natural Cure\n|switch|p1a: Scizor|Scizor, L79, F|240/240\n|move|p2a: Glaceon|Freeze-Dry|p1a: Scizor\n|-resisted|p1a: Scizor\n|-damage|p1a: Scizor|171/240\n|\n|upkeep\n|turn|10\n|\n|t:|1712085425\n|move|p2a: Glaceon|Protect|p2a: Glaceon\n|-singleturn|p2a: Glaceon|Protect\n|move|p1a: Scizor|Close Combat|p2a: Glaceon\n|-activate|p2a: Glaceon|move: Protect\n|\n|upkeep\n|turn|11\n|\n|t:|1712085429\n|switch|p2a: Primarina|Primarina, L83, M|268/268\n|-damage|p2a: Primarina|235/268|[from] Stealth Rock\n|-status|p2a: Primarina|psn\n|move|p1a: Scizor|Close Combat|p2a: Primarina\n|-resisted|p2a: Primarina\n|-damage|p2a: Primarina|165/268 psn\n|-unboost|p1a: Scizor|def|1\n|-unboost|p1a: Scizor|spd|1\n|-damage|p1a: Scizor|147/240|[from] item: Life Orb\n|\n|-heal|p2a: Primarina|181/268 psn|[from] item: Leftovers\n|-damage|p2a: Primarina|148/268 psn|[from] psn\n|upkeep\n|turn|12\n|\n|t:|1712085437\n|switch|p1a: Blissey|Blissey, L84, F, tera:Ghost|20/566\n|move|p2a: Primarina|Sparkling Aria|p1a: Blissey\n|-damage|p1a: Blissey|0 fnt\n|faint|p1a: Blissey\n|\n|-heal|p2a: Primarina|164/268 psn|[from] item: Leftovers\n|-damage|p2a: Primarina|131/268 psn|[from] psn\n|upkeep\n|\n|t:|1712085452\n|switch|p1a: Skuntank|Skuntank, L84, M|136/310\n|turn|13\n|j| shadowhb14\n|\n|t:|1712085468\n|move|p1a: Skuntank|Gunk Shot|p2a: Primarina\n|-supereffective|p2a: Primarina\n|-damage|p2a: Primarina|0 fnt\n|faint|p2a: Primarina\n|\n|-heal|p1a: Skuntank|155/310|[from] item: Leftovers\n|upkeep\n|\n|t:|1712085472\n|switch|p2a: Lokix|Lokix, L82, F|251/251\n|-damage|p2a: Lokix|189/251|[from] Stealth Rock\n|-status|p2a: Lokix|psn\n|turn|14\n|\n|t:|1712085478\n|switch|p1a: Rhyperior|Rhyperior, L83, F|327/327\n|move|p2a: Lokix|First Impression|p1a: Rhyperior\n|-damage|p1a: Rhyperior|240/327\n|\n|-damage|p2a: Lokix|158/251 psn|[from] psn\n|upkeep\n|turn|15\n|\n|t:|1712085484\n|move|p2a: Lokix|U-turn|p1a: Rhyperior\n|-damage|p1a: Rhyperior|179/327\n|\n|t:|1712085486\n|switch|p2a: Milotic|Milotic, L83, F|293/293|[from] U-turn\n|-damage|p2a: Milotic|257/293|[from] Stealth Rock\n|-status|p2a: Milotic|psn\n|move|p1a: Rhyperior|Stone Edge|p2a: Milotic\n|-damage|p2a: Milotic|34/293 psn\n|\n|-heal|p2a: Milotic|52/293 psn|[from] item: Leftovers\n|-damage|p2a: Milotic|16/293 psn|[from] psn\n|upkeep\n|turn|16\n|\n|t:|1712085497\n|switch|p1a: Noctowl|Noctowl, L95, M|344/344\n|move|p2a: Milotic|Scald|p1a: Noctowl\n|-damage|p1a: Noctowl|277/344\n|\n|-heal|p2a: Milotic|34/293 psn|[from] item: Leftovers\n|-damage|p2a: Milotic|0 fnt|[from] psn\n|faint|p2a: Milotic\n|upkeep\n|\n|t:|1712085504\n|switch|p2a: Glaceon|Glaceon, L94, F|275/275\n|turn|17\n|\n|t:|1712085516\n|switch|p1a: Azelf|Azelf, L82|155/257\n|move|p2a: Glaceon|Yawn|p1a: Azelf\n|-start|p1a: Azelf|move: Yawn|[of] p2a: Glaceon\n|\n|upkeep\n|turn|18\n|\n|t:|1712085526\n|switch|p1a: Scizor|Scizor, L79, F|147/240\n|move|p2a: Glaceon|Freeze-Dry|p1a: Scizor\n|-resisted|p1a: Scizor\n|-damage|p1a: Scizor|83/240\n|\n|upkeep\n|turn|19\n|\n|t:|1712085534\n|-terastallize|p2a: Glaceon|Water\n|move|p2a: Glaceon|Wish|p2a: Glaceon\n|move|p1a: Scizor|Close Combat|p2a: Glaceon\n|-damage|p2a: Glaceon|185/275\n|-unboost|p1a: Scizor|def|1\n|-unboost|p1a: Scizor|spd|1\n|-damage|p1a: Scizor|59/240|[from] item: Life Orb\n|\n|upkeep\n|turn|20\n|inactive|Battle timer is ON: inactive players will automatically lose when time's up. (requested by MichaelderBeste2)\n|j| nodnarb142\n|\n|t:|1712085582\n|switch|p1a: Noctowl|Noctowl, L95, M|277/344\n|move|p2a: Glaceon|Freeze-Dry|p1a: Noctowl\n|-supereffective|p1a: Noctowl\n|-damage|p1a: Noctowl|67/344\n|\n|-heal|p2a: Glaceon|275/275|[from] move: Wish|[wisher] Glaceon\n|upkeep\n|turn|21\n|\n|t:|1712085589\n|move|p1a: Noctowl|Hurricane|p2a: Glaceon|[miss]\n|-miss|p1a: Noctowl|p2a: Glaceon\n|move|p2a: Glaceon|Freeze-Dry|p1a: Noctowl\n|-supereffective|p1a: Noctowl\n|-damage|p1a: Noctowl|0 fnt\n|faint|p1a: Noctowl\n|\n|upkeep\n|\n|t:|1712085605\n|switch|p1a: Azelf|Azelf, L82|155/257\n|turn|22\n|\n|t:|1712085610\n|move|p2a: Glaceon|Protect|p2a: Glaceon\n|-singleturn|p2a: Glaceon|Protect\n|move|p1a: Azelf|Knock Off|p2a: Glaceon\n|-activate|p2a: Glaceon|move: Protect\n|\n|upkeep\n|turn|23\n|l|nodnarb142\n|\n|t:|1712085621\n|switch|p2a: Lokix|Lokix, L82, F|158/251 psn\n|-damage|p2a: Lokix|96/251 psn|[from] Stealth Rock\n|move|p1a: Azelf|Encore||[still]\n|-fail|p1a: Azelf\n|\n|-damage|p2a: Lokix|65/251 psn|[from] psn\n|upkeep\n|turn|24\n|\n|t:|1712085631\n|switch|p1a: Rhyperior|Rhyperior, L83, F|179/327\n|move|p2a: Lokix|First Impression|p1a: Rhyperior\n|-damage|p1a: Rhyperior|100/327\n|\n|-damage|p2a: Lokix|34/251 psn|[from] psn\n|upkeep\n|turn|25\n|\n|t:|1712085640\n|move|p2a: Lokix|Knock Off|p1a: Rhyperior\n|-damage|p1a: Rhyperior|19/327\n|-enditem|p1a: Rhyperior|Choice Band|[from] move: Knock Off|[of] p2a: Lokix\n|move|p1a: Rhyperior|Earthquake|p2a: Lokix\n|-resisted|p2a: Lokix\n|-damage|p2a: Lokix|0 fnt\n|faint|p2a: Lokix\n|\n|upkeep\n|\n|t:|1712085644\n|switch|p2a: Glaceon|Glaceon, L94, F, tera:Water|275/275\n|turn|26\n|\n|t:|1712085654\n|move|p2a: Glaceon|Freeze-Dry|p1a: Rhyperior\n|-supereffective|p1a: Rhyperior\n|-damage|p1a: Rhyperior|0 fnt\n|faint|p1a: Rhyperior\n|\n|upkeep\n|j| Azirafale96\n|\n|t:|1712085674\n|switch|p1a: Skuntank|Skuntank, L84, M|155/310\n|turn|27\n|\n|t:|1712085679\n|move|p1a: Skuntank|Gunk Shot|p2a: Glaceon\n|-damage|p2a: Glaceon|188/275\n|move|p2a: Glaceon|Yawn|p1a: Skuntank\n|-start|p1a: Skuntank|move: Yawn|[of] p2a: Glaceon\n|\n|-heal|p1a: Skuntank|174/310|[from] item: Leftovers\n|upkeep\n|turn|28\n|\n|t:|1712085690\n|switch|p1a: Scizor|Scizor, L79, F|59/240\n|move|p2a: Glaceon|Freeze-Dry|p1a: Scizor\n|-resisted|p1a: Scizor\n|-damage|p1a: Scizor|0 fnt\n|faint|p1a: Scizor\n|\n|upkeep\n|\n|t:|1712085700\n|switch|p1a: Skuntank|Skuntank, L84, M|174/310\n|turn|29\n|\n|t:|1712085705\n|move|p1a: Skuntank|Gunk Shot|p2a: Glaceon\n|-damage|p2a: Glaceon|91/275\n|-status|p2a: Glaceon|psn\n|move|p2a: Glaceon|Wish|p2a: Glaceon\n|\n|-heal|p1a: Skuntank|193/310|[from] item: Leftovers\n|-damage|p2a: Glaceon|57/275 psn|[from] psn\n|upkeep\n|turn|30\n|\n|t:|1712085712\n|switch|p1a: Azelf|Azelf, L82|155/257\n|move|p2a: Glaceon|Protect||[still]\n|-fail|p2a: Glaceon\n|\n|-heal|p2a: Glaceon|194/275 psn|[from] move: Wish|[wisher] Glaceon\n|-damage|p2a: Glaceon|160/275 psn|[from] psn\n|upkeep\n|turn|31\n|\n|t:|1712085717\n|switch|p2a: Dudunsparce|Dudunsparce, L82, F|339/339\n|-damage|p2a: Dudunsparce|297/339|[from] Stealth Rock\n|-status|p2a: Dudunsparce|psn\n|move|p1a: Azelf|Psychic|p2a: Dudunsparce\n|-damage|p2a: Dudunsparce|162/339 psn\n|\n|-heal|p2a: Dudunsparce|183/339 psn|[from] item: Leftovers\n|-damage|p2a: Dudunsparce|141/339 psn|[from] psn\n|upkeep\n|turn|32\n|inactive|Norman2! has 120 seconds left.\n|\n|t:|1712085756\n|move|p1a: Azelf|Psychic|p2a: Dudunsparce\n|-damage|p2a: Dudunsparce|21/339 psn\n|move|p2a: Dudunsparce|Roost|p2a: Dudunsparce\n|-heal|p2a: Dudunsparce|191/339 psn\n|-singleturn|p2a: Dudunsparce|move: Roost\n|\n|-heal|p2a: Dudunsparce|212/339 psn|[from] item: Leftovers\n|-damage|p2a: Dudunsparce|170/339 psn|[from] psn\n|upkeep\n|turn|33\n|inactive|Norman2! has 120 seconds left.\n|\n|t:|1712085772\n|move|p1a: Azelf|Encore|p2a: Dudunsparce\n|-start|p2a: Dudunsparce|Encore\n|move|p2a: Dudunsparce|Roost|p2a: Dudunsparce\n|-heal|p2a: Dudunsparce|339/339 psn\n|-singleturn|p2a: Dudunsparce|move: Roost\n|\n|-damage|p2a: Dudunsparce|297/339 psn|[from] psn\n|upkeep\n|turn|34\n|\n|t:|1712085789\n|switch|p2a: Glaceon|Glaceon, L94, F, tera:Water|160/275 psn\n|move|p1a: Azelf|Knock Off|p2a: Glaceon\n|-damage|p2a: Glaceon|99/275 psn\n|-enditem|p2a: Glaceon|Heavy-Duty Boots|[from] move: Knock Off|[of] p1a: Azelf\n|\n|-damage|p2a: Glaceon|65/275 psn|[from] psn\n|upkeep\n|turn|35\n|\n|t:|1712085796\n|move|p1a: Azelf|Psychic|p2a: Glaceon\n|-damage|p2a: Glaceon|0 fnt\n|faint|p2a: Glaceon\n|\n|upkeep\n|\n|t:|1712085799\n|switch|p2a: Dudunsparce|Dudunsparce, L82, F|297/339 psn\n|-damage|p2a: Dudunsparce|255/339 psn|[from] Stealth Rock\n|turn|36\n|l| shadowhb14\n|\n|t:|1712085809\n|move|p1a: Azelf|Knock Off|p2a: Dudunsparce\n|-damage|p2a: Dudunsparce|171/339 psn\n|-enditem|p2a: Dudunsparce|Leftovers|[from] move: Knock Off|[of] p1a: Azelf\n|move|p2a: Dudunsparce|Glare|p1a: Azelf\n|-status|p1a: Azelf|par\n|\n|-damage|p2a: Dudunsparce|129/339 psn|[from] psn\n|upkeep\n|turn|37\n|\n|t:|1712085816\n|move|p2a: Dudunsparce|Headbutt|p1a: Azelf\n|-damage|p1a: Azelf|71/257 par\n|cant|p1a: Azelf|flinch\n|\n|-damage|p2a: Dudunsparce|87/339 psn|[from] psn\n|upkeep\n|turn|38\n|\n|t:|1712085823\n|move|p2a: Dudunsparce|Roost|p2a: Dudunsparce\n|-heal|p2a: Dudunsparce|257/339 psn\n|-singleturn|p2a: Dudunsparce|move: Roost\n|move|p1a: Azelf|Encore|p2a: Dudunsparce\n|-start|p2a: Dudunsparce|Encore\n|\n|-damage|p2a: Dudunsparce|215/339 psn|[from] psn\n|upkeep\n|turn|39\n|\n|t:|1712085834\n|move|p2a: Dudunsparce|Roost|p2a: Dudunsparce\n|-heal|p2a: Dudunsparce|339/339 psn\n|-singleturn|p2a: Dudunsparce|move: Roost\n|move|p1a: Azelf|Psychic|p2a: Dudunsparce\n|-damage|p2a: Dudunsparce|219/339 psn\n|\n|-damage|p2a: Dudunsparce|177/339 psn|[from] psn\n|upkeep\n|turn|40\n|\n|t:|1712085851\n|move|p2a: Dudunsparce|Roost|p2a: Dudunsparce\n|-heal|p2a: Dudunsparce|339/339 psn\n|-singleturn|p2a: Dudunsparce|move: Roost\n|move|p1a: Azelf|Psychic|p2a: Dudunsparce\n|-damage|p2a: Dudunsparce|221/339 psn\n|\n|-damage|p2a: Dudunsparce|179/339 psn|[from] psn\n|upkeep\n|turn|41\n|\n|t:|1712085856\n|move|p2a: Dudunsparce|Roost|p2a: Dudunsparce\n|-heal|p2a: Dudunsparce|339/339 psn\n|-singleturn|p2a: Dudunsparce|move: Roost\n|cant|p1a: Azelf|par\n|\n|-damage|p2a: Dudunsparce|297/339 psn|[from] psn\n|-end|p2a: Dudunsparce|Encore\n|upkeep\n|turn|42\n|\n|t:|1712085862\n|move|p2a: Dudunsparce|Headbutt|p1a: Azelf\n|-damage|p1a: Azelf|0 fnt\n|faint|p1a: Azelf\n|\n|-damage|p2a: Dudunsparce|255/339 psn|[from] psn\n|upkeep\n|\n|t:|1712085865\n|switch|p1a: Skuntank|Skuntank, L84, M|193/310\n|turn|43\n|\n|t:|1712085873\n|move|p1a: Skuntank|Taunt|p2a: Dudunsparce\n|-start|p2a: Dudunsparce|move: Taunt\n|cant|p2a: Dudunsparce|move: Taunt|Glare\n|\n|-heal|p1a: Skuntank|212/310|[from] item: Leftovers\n|-damage|p2a: Dudunsparce|213/339 psn|[from] psn\n|upkeep\n|turn|44\n|\n|t:|1712085878\n|move|p1a: Skuntank|Gunk Shot|p2a: Dudunsparce\n|-damage|p2a: Dudunsparce|77/339 psn\n|move|p2a: Dudunsparce|Earthquake|p1a: Skuntank\n|-supereffective|p1a: Skuntank\n|-damage|p1a: Skuntank|30/310\n|\n|-heal|p1a: Skuntank|49/310|[from] item: Leftovers\n|-damage|p2a: Dudunsparce|35/339 psn|[from] psn\n|upkeep\n|turn|45\n|\n|t:|1712085887\n|move|p1a: Skuntank|Knock Off|p2a: Dudunsparce\n|-damage|p2a: Dudunsparce|0 fnt\n|faint|p2a: Dudunsparce\n|\n|win|Norman2!\n|raw|Norman2!'s rating: 2273 &rarr; <strong>2304</strong><br />(+31 for winning)\n|raw|MichaelderBeste2's rating: 2496 &rarr; <strong>2465</strong><br />(-31 for losing)\n", "inputlog": ">version 5e6884075e425dc5b64255756e621f094dcccacd\n>start {\"formatid\":\"gen9randombattle\",\"seed\":[6475,61752,19152,28949],\"rated\":\"Rated battle\"}\n>player p1 {\"name\":\"Norman2!\",\"avatar\":\"266\",\"rating\":2273,\"seed\":[62254,22953,48769,43666]}\n>player p2 {\"name\":\"MichaelderBeste2\",\"avatar\":\"#rbtt7teamdarkrai\",\"rating\":2496,\"seed\":[16384,14709,58939,65027]}\n>p1 move stealthrock\n>p2 move scald\n>p1 switch 5\n>p2 move scald\n>p1 switch 2\n>p2 move scald\n>p1 move toxicspikes\n>p2 move scald\n>p1 switch 2\n>p2 move scald\n>p1 move thunderwave\n>p2 switch 5\n>p1 move seismictoss terastallize\n>p2 move rapidspin\n>p1 move seismictoss\n>p2 move suckerpunch\n>p2 switch 6\n>p1 switch 3\n>p2 move freezedry\n>p1 move closecombat\n>p2 move protect\n>p1 move closecombat\n>p2 switch 3\n>p1 switch 3\n>p2 move sparklingaria\n>p1 switch 2\n>p1 move gunkshot\n>p2 move sparklingaria\n>p2 switch 2\n>p1 switch 6\n>p2 move firstimpression\n>p1 move stoneedge\n>p2 move uturn\n>p2 switch 5\n>p1 switch 4\n>p2 move scald\n>p2 switch 3\n>p1 switch 5\n>p2 move yawn\n>p1 switch 3\n>p2 move freezedry\n>p1 move closecombat\n>p2 move wish terastallize\n>p1 switch 5\n>p2 move freezedry\n>p1 move hurricane\n>p2 move freezedry\n>p1 switch 3\n>p1 move knockoff\n>p2 move protect\n>p1 move encore\n>p2 switch 5\n>p1 switch 4\n>p2 move firstimpression\n>p1 move earthquake\n>p2 move knockoff\n>p2 switch 5\n>p1 move stoneedge\n>p2 move freezedry\n>p1 switch 6\n>p1 move gunkshot\n>p2 move yawn\n>p1 switch 5\n>p2 move freezedry\n>p1 switch 5\n>p1 move gunkshot\n>p2 move wish\n>p1 switch 4\n>p2 move protect\n>p1 move psychic\n>p2 switch 4\n>p1 move psychic\n>p2 move roost\n>p1 move encore\n>p2 move glare\n>p1 move knockoff\n>p2 switch 4\n>p1 move psychic\n>p2 move freezedry\n>p2 switch 4\n>p1 move knockoff\n>p2 move glare\n>p1 move encore\n>p2 move headbutt\n>p1 move encore\n>p2 move roost\n>p1 move psychic\n>p2 move roost\n>p1 move psychic\n>p2 move roost\n>p1 move psychic\n>p2 move roost\n>p1 move psychic\n>p2 move headbutt\n>p1 switch 4\n>p1 move taunt\n>p2 move glare\n>p1 move gunkshot\n>p2 move earthquake\n>p1 move knockoff\n>p2 move earthquake", "uploadtime": 1712085891, "views": 276, "formatid": "gen9randombattle", "rating": 2304, "private": 0, "password": null}