{"id": "gen9randombattle-2260626188", "format": "[Gen 9] Random Battle", "players": ["TrashPanda1", "durit"], "log": "|j|\u2606TrashPanda1\n|j|\u2606durit\n|t:|1733870861\n|gametype|singles\n|player|p1|TrashPanda1|1|1443\n|player|p2|durit|265|1427\n|teamsize|p1|6\n|teamsize|p2|6\n|gen|9\n|tier|[Gen 9] Random Battle\n|rated|\n|rule|Species Clause: Limit one of each Pok\u00e9mon\n|rule|HP Percentage Mod: HP is shown in percentages\n|rule|Sleep Clause Mod: Limit one foe put to sleep\n|rule|Illusion Level Mod: Illusion disguises the Pok\u00e9mon's true level\n|\n|t:|1733870861\n|start\n|switch|p1a: Kleavor|Kleavor, L78, M|237/237\n|switch|p2a: Politoed|Politoed, L88, M|302/302\n|-weather|RainDance|[from] ability: Drizzle|[of] p2a: Politoed\n|turn|1\n|inactive|Battle timer is ON: inactive players will automatically lose when time's up. (requested by TrashPanda1)\n|\n|t:|1733870871\n|move|p1a: Kleavor|U-turn|p2a: Politoed\n|-damage|p2a: Politoed|176/302\n|\n|t:|1733870877\n|switch|p1a: Bruxish|Bruxish, L85, F|254/254|[from] U-turn\n|move|p2a: Politoed|Hypnosis|p1a: Bruxish\n|-status|p1a: Bruxish|slp|[from] move: Hypnosis\n|\n|-weather|RainDance|[upkeep]\n|-heal|p2a: Politoed|194/302|[from] item: Leftovers\n|upkeep\n|turn|2\n|\n|t:|1733870893\n|switch|p2a: Reshiram|Reshiram, L76|277/277\n|-ability|p2a: Reshiram|Turboblaze\n|cant|p1a: Bruxish|slp\n|\n|-weather|RainDance|[upkeep]\n|upkeep\n|turn|3\n|\n|t:|1733870903\n|cant|p1a: Bruxish|slp\n|move|p2a: Reshiram|Dragon Dance|p2a: Reshiram\n|-boost|p2a: Reshiram|atk|1\n|-boost|p2a: Reshiram|spe|1\n|\n|-weather|RainDance|[upkeep]\n|upkeep\n|turn|4\n|\n|t:|1733870909\n|move|p2a: Reshiram|Dragon Dance|p2a: Reshiram\n|-boost|p2a: Reshiram|atk|1\n|-boost|p2a: Reshiram|spe|1\n|cant|p1a: Bruxish|slp\n|\n|-weather|RainDance|[upkeep]\n|upkeep\n|turn|5\n|\n|t:|1733870914\n|move|p2a: Reshiram|Dragon Dance|p2a: Reshiram\n|-boost|p2a: Reshiram|atk|1\n|-boost|p2a: Reshiram|spe|1\n|-curestatus|p1a: Bruxish|slp|[msg]\n|move|p1a: Bruxish|Wave Crash|p2a: Reshiram\n|-damage|p2a: Reshiram|12/277\n|-damage|p1a: Bruxish|167/254|[from] Recoil\n|-damage|p1a: Bruxish|142/254|[from] item: Life Orb\n|\n|-weather|none\n|upkeep\n|turn|6\n|\n|t:|1733870928\n|move|p2a: Reshiram|Outrage|p1a: Bruxish\n|-damage|p1a: Bruxish|0 fnt\n|faint|p1a: Bruxish\n|\n|upkeep\n|\n|t:|1733870939\n|switch|p1a: Rillaboom|Rillaboom, L79, F|288/288\n|-fieldstart|move: Grassy Terrain|[from] ability: Grassy Surge|[of] p1a: Rillaboom\n|turn|7\n|\n|t:|1733870944\n|move|p1a: Rillaboom|Grassy Glide|p2a: Reshiram\n|-resisted|p2a: Reshiram\n|-damage|p2a: Reshiram|0 fnt\n|faint|p2a: Reshiram\n|\n|upkeep\n|\n|t:|1733870954\n|switch|p2a: Flapple|Flapple, L88, M|266/266\n|turn|8\n|\n|t:|1733870960\n|switch|p1a: Kleavor|Kleavor, L78, M|237/237\n|move|p2a: Flapple|Dragon Dance|p2a: Flapple\n|-boost|p2a: Flapple|atk|1\n|-boost|p2a: Flapple|spe|1\n|\n|upkeep\n|turn|9\n|\n|t:|1733870972\n|move|p2a: Flapple|Dragon Dance|p2a: Flapple\n|-boost|p2a: Flapple|atk|1\n|-boost|p2a: Flapple|spe|1\n|move|p1a: Kleavor|X-Scissor|p2a: Flapple\n|-supereffective|p2a: Flapple\n|-damage|p2a: Flapple|0 fnt\n|faint|p2a: Flapple\n|\n|upkeep\n|c|\u2606TrashPanda1|??\n|inactive|durit has 120 seconds left.\n|c|\u2606durit|shi im cooked\n|\n|t:|1733871006\n|switch|p2a: Comfey|Comfey, L85, F|225/225\n|turn|10\n|inactive|durit has 120 seconds left.\n|\n|t:|1733871018\n|switch|p1a: Rillaboom|Rillaboom, L79, F|288/288\n|move|p2a: Comfey|Calm Mind|p2a: Comfey\n|-boost|p2a: Comfey|spa|1\n|-boost|p2a: Comfey|spd|1\n|\n|upkeep\n|turn|11\n|\n|t:|1733871027\n|move|p2a: Comfey|Draining Kiss|p1a: Rillaboom\n|-damage|p1a: Rillaboom|203/288\n|move|p1a: Rillaboom|Wood Hammer|p2a: Comfey\n|-crit|p2a: Comfey\n|-damage|p2a: Comfey|0 fnt\n|faint|p2a: Comfey\n|-damage|p1a: Rillaboom|129/288|[from] Recoil\n|\n|-heal|p1a: Rillaboom|147/288|[from] Grassy Terrain\n|-fieldend|move: Grassy Terrain\n|upkeep\n|inactive|durit has 120 seconds left.\n|\n|t:|1733871044\n|switch|p2a: Meganium|Meganium, L90, M|290/290\n|turn|12\n|inactive|durit has 120 seconds left.\n|\n|t:|1733871061\n|switch|p1a: Kleavor|Kleavor, L78, M|237/237\n|move|p2a: Meganium|Swords Dance|p2a: Meganium\n|-boost|p2a: Meganium|atk|2\n|\n|upkeep\n|turn|13\n|\n|t:|1733871076\n|move|p2a: Meganium|Petal Blizzard|p1a: Kleavor\n|-damage|p1a: Kleavor|0 fnt\n|faint|p1a: Kleavor\n|-damage|p2a: Meganium|261/290|[from] item: Life Orb\n|\n|upkeep\n|\n|t:|1733871084\n|switch|p1a: Kyurem|Kyurem-Black, L71|295/295\n|-ability|p1a: Kyurem|Teravolt\n|turn|14\n|\n|t:|1733871096\n|-terastallize|p2a: Meganium|Ground\n|move|p2a: Meganium|Earthquake|p1a: Kyurem\n|-damage|p1a: Kyurem|0 fnt\n|faint|p1a: Kyurem\n|-damage|p2a: Meganium|232/290|[from] item: Life Orb\n|\n|upkeep\n|c|\u2606durit|?\n|c|\u2606TrashPanda1|uh oh\n|c|\u2606durit|dumb fuck\n|\n|t:|1733871109\n|switch|p1a: Hawlucha|Hawlucha, L80, F|256/256\n|turn|15\n|\n|t:|1733871124\n|move|p1a: Hawlucha|Swords Dance|p1a: Hawlucha\n|-boost|p1a: Hawlucha|atk|2\n|move|p2a: Meganium|Knock Off|p1a: Hawlucha\n|-resisted|p1a: Hawlucha\n|-damage|p1a: Hawlucha|140/256\n|-enditem|p1a: Hawlucha|White Herb|[from] move: Knock Off|[of] p2a: Meganium\n|-damage|p2a: Meganium|203/290|[from] item: Life Orb\n|\n|upkeep\n|turn|16\n|\n|t:|1733871134\n|move|p1a: Hawlucha|Close Combat|p2a: Meganium\n|-damage|p2a: Meganium|14/290\n|-unboost|p1a: Hawlucha|def|1\n|-unboost|p1a: Hawlucha|spd|1\n|move|p2a: Meganium|Petal Blizzard|p1a: Hawlucha\n|-resisted|p1a: Hawlucha\n|-damage|p1a: Hawlucha|0 fnt\n|faint|p1a: Hawlucha\n|-damage|p2a: Meganium|0 fnt|[from] item: Life Orb\n|faint|p2a: Meganium\n|\n|upkeep\n|c|\u2606durit|u fucking suck lil bro\n|\n|t:|1733871158\n|switch|p1a: Rillaboom|Rillaboom, L79, F|147/288\n|switch|p2a: Rampardos|Rampardos, L90, M|321/321\n|-fieldstart|move: Grassy Terrain|[from] ability: Grassy Surge|[of] p1a: Rillaboom\n|turn|17\n|\n|t:|1733871166\n|move|p2a: Rampardos|Fire Punch|p1a: Rillaboom\n|-supereffective|p1a: Rillaboom\n|-damage|p1a: Rillaboom|0 fnt\n|faint|p1a: Rillaboom\n|\n|upkeep\n|c|\u2606durit|????\n|\n|t:|1733871172\n|switch|p1a: Mabosstiff|Mabosstiff, L86, M|278/278\n|turn|18\n|\n|t:|1733871182\n|-terastallize|p1a: Mabosstiff|Dark\n|move|p1a: Mabosstiff|Crunch|p2a: Rampardos\n|-damage|p2a: Rampardos|133/321\n|move|p2a: Rampardos|Fire Punch|p1a: Mabosstiff\n|-damage|p1a: Mabosstiff|157/278\n|\n|-heal|p1a: Mabosstiff|174/278|[from] Grassy Terrain\n|-heal|p2a: Rampardos|153/321|[from] Grassy Terrain\n|upkeep\n|turn|19\n|c|\u2606durit|oh shit\n|c|\u2606durit|wait i take that back\n|c|\u2606durit|im cooked xd\n|\n|t:|1733871204\n|move|p1a: Mabosstiff|Crunch|p2a: Rampardos\n|-damage|p2a: Rampardos|0 fnt\n|faint|p2a: Rampardos\n|\n|-heal|p1a: Mabosstiff|191/278|[from] Grassy Terrain\n|upkeep\n|c|\u2606TrashPanda1|womp womp\n|c|\u2606durit|feelsbadman\n|\n|t:|1733871213\n|switch|p2a: Politoed|Politoed, L88, M|194/302\n|-weather|RainDance|[from] ability: Drizzle|[of] p2a: Politoed\n|turn|20\n|\n|t:|1733871218\n|move|p1a: Mabosstiff|Crunch|p2a: Politoed\n|-damage|p2a: Politoed|40/302\n|move|p2a: Politoed|Hypnosis|p1a: Mabosstiff\n|-status|p1a: Mabosstiff|slp|[from] move: Hypnosis\n|\n|-weather|RainDance|[upkeep]\n|-heal|p1a: Mabosstiff|208/278 slp|[from] Grassy Terrain\n|-heal|p2a: Politoed|58/302|[from] Grassy Terrain\n|-heal|p2a: Politoed|76/302|[from] item: Leftovers\n|upkeep\n|turn|21\n|\n|t:|1733871229\n|cant|p1a: Mabosstiff|slp\n|move|p2a: Politoed|Surf|p1a: Mabosstiff\n|-crit|p1a: Mabosstiff\n|-damage|p1a: Mabosstiff|0 fnt\n|faint|p1a: Mabosstiff\n|\n|win|durit\n", "inputlog": ">version bfd83cad13791eb5a5a409923076391caf6fb4d4\n>start {\"formatid\":\"gen9randombattle\",\"seed\":[18224,10525,36866,12379],\"rated\":\"Rated battle\"}\n>player p1 {\"name\":\"TrashPanda1\",\"avatar\":\"1\",\"rating\":1443,\"seed\":[47532,20025,4926,33697]}\n>player p2 {\"name\":\"durit\",\"avatar\":\"265\",\"rating\":1427,\"seed\":[17605,43187,54319,34468]}\n>p1 move uturn\n>p2 move hypnosis\n>p1 switch 2\n>p1 move psychicfangs\n>p2 switch 2\n>p1 move wavecrash\n>p2 move dragondance\n>p1 move wavecrash\n>p2 move dragondance\n>p1 move wavecrash\n>p2 move dragondance\n>p1 move wavecrash\n>p2 move outrage\n>p1 switch 3\n>p1 move grassyglide\n>p2 move outrage\n>p2 switch 4\n>p1 switch 2\n>p2 move dragondance\n>p1 move xscissor\n>p2 move dragondance\n>chat \u2606TrashPanda1|??\n>chat \u2606durit|shi im cooked\n>p2 switch 3\n>p1 switch 2\n>p2 move calmmind\n>p1 move woodhammer\n>p2 move drainingkiss\n>p2 switch 6\n>p1 switch 2\n>p2 move swordsdance\n>p1 move xscissor\n>p2 move petalblizzard\n>p1 switch 5\n>p1 move dragondance\n>p2 move earthquake terastallize\n>chat \u2606durit|?\n>chat \u2606TrashPanda1|uh oh\n>chat \u2606durit|dumb fuck\n>p1 switch 6\n>p1 move swordsdance\n>p2 move knockoff\n>p1 move closecombat\n>p2 move petalblizzard\n>chat \u2606durit|u fucking suck lil bro\n>p1 switch 2\n>p2 switch 5\n>p1 move woodhammer\n>p2 move firepunch\n>chat \u2606durit|????\n>p1 switch 4\n>p1 move crunch terastallize\n>p2 move firepunch\n>chat \u2606durit|oh shit\n>chat \u2606durit|wait i take that back\n>chat \u2606durit|im cooked xd\n>p1 move crunch\n>p2 move firepunch\n>chat \u2606TrashPanda1|womp womp\n>chat \u2606durit|feelsbadman\n>p2 switch 2\n>p1 move crunch\n>p2 move hypnosis\n>p1 move crunch\n>p2 move surf", "uploadtime": 1733871108, "views": 1, "formatid": "gen9randombattle", "rating": null, "private": 0, "password": null}