{"id": "gen9randombattle-2260527917", "format": "[Gen 9] Random Battle", "players": ["AnonymousBW", "romv"], "log": "|j|\u2606AnonymousBW\n|j|\u2606romv\n|t:|1733860309\n|gametype|singles\n|player|p1|AnonymousBW|lucas|1591\n|player|p2|romv|266|1615\n|teamsize|p1|6\n|teamsize|p2|6\n|gen|9\n|tier|[Gen 9] Random Battle\n|rated|\n|rule|Species Clause: Limit one of each Pok\u00e9mon\n|rule|HP Percentage Mod: HP is shown in percentages\n|rule|Sleep Clause Mod: Limit one foe put to sleep\n|rule|Illusion Level Mod: Illusion disguises the Pok\u00e9mon's true level\n|\n|t:|1733860309\n|start\n|switch|p1a: Alomomola|Alomomola, L87, M|429/429\n|switch|p2a: Lunala|Lunala, L70|308/308\n|turn|1\n|inactive|Battle timer is ON: inactive players will automatically lose when time's up. (requested by romv)\n|\n|t:|1733860353\n|move|p2a: Lunala|Moongeist Beam|p1a: Alomomola\n|-damage|p1a: Alomomola|288/429\n|move|p1a: Alomomola|Flip Turn|p2a: Lunala\n|-damage|p2a: Lunala|275/308\n|\n|t:|1733860369\n|switch|p1a: Groudon|Groudon, L72|263/263|[from] Flip Turn\n|-weather|SunnyDay|[from] ability: Drought|[of] p1a: Groudon\n|\n|-weather|SunnyDay|[upkeep]\n|-heal|p2a: Lunala|294/308|[from] item: Leftovers\n|upkeep\n|turn|2\n|\n|t:|1733860382\n|switch|p2a: Beartic|Beartic, L91, M|321/321\n|move|p1a: Groudon|Heat Crash|p2a: Beartic\n|-supereffective|p2a: Beartic\n|-damage|p2a: Beartic|131/321\n|\n|-weather|SunnyDay|[upkeep]\n|upkeep\n|turn|3\n|\n|t:|1733860392\n|switch|p2a: Tauros|Tauros-Paldea-Aqua, L81, M|254/254\n|-ability|p2a: Tauros|Intimidate|boost\n|-unboost|p1a: Groudon|atk|1\n|move|p1a: Groudon|Heat Crash|p2a: Tauros\n|-resisted|p2a: Tauros\n|-damage|p2a: Tauros|215/254\n|\n|-weather|SunnyDay|[upkeep]\n|upkeep\n|turn|4\n|\n|t:|1733860406\n|switch|p1a: Iron Hands|Iron Hands, L79|373/373\n|move|p2a: Tauros|Wave Crash|p1a: Iron Hands\n|-damage|p1a: Iron Hands|280/373\n|-damage|p2a: Tauros|184/254|[from] Recoil\n|\n|-weather|SunnyDay|[upkeep]\n|-heal|p1a: Iron Hands|303/373|[from] item: Leftovers\n|upkeep\n|turn|5\n|\n|t:|1733860412\n|switch|p2a: Donphan|Donphan, L84, F|288/288\n|move|p1a: Iron Hands|Swords Dance|p1a: Iron Hands\n|-boost|p1a: Iron Hands|atk|2\n|\n|-weather|none\n|-heal|p1a: Iron Hands|326/373|[from] item: Leftovers\n|upkeep\n|turn|6\n|\n|t:|1733860419\n|move|p2a: Donphan|Earthquake|p1a: Iron Hands\n|-supereffective|p1a: Iron Hands\n|-damage|p1a: Iron Hands|92/373\n|move|p1a: Iron Hands|Ice Punch|p2a: Donphan\n|-supereffective|p2a: Donphan\n|-crit|p2a: Donphan\n|-ability|p2a: Donphan|Sturdy\n|-damage|p2a: Donphan|1/288\n|\n|-heal|p2a: Donphan|19/288|[from] item: Leftovers\n|-heal|p1a: Iron Hands|115/373|[from] item: Leftovers\n|upkeep\n|turn|7\n|\n|t:|1733860428\n|move|p2a: Donphan|Earthquake|p1a: Iron Hands\n|-supereffective|p1a: Iron Hands\n|-damage|p1a: Iron Hands|0 fnt\n|faint|p1a: Iron Hands\n|-end|p1a: Iron Hands|Quark Drive|[silent]\n|\n|-heal|p2a: Donphan|37/288|[from] item: Leftovers\n|upkeep\n|\n|t:|1733860430\n|switch|p1a: Alomomola|Alomomola, L87, M|429/429\n|turn|8\n|\n|t:|1733860435\n|move|p1a: Alomomola|Flip Turn|p2a: Donphan\n|-supereffective|p2a: Donphan\n|-damage|p2a: Donphan|0 fnt\n|faint|p2a: Donphan\n|\n|t:|1733860438\n|switch|p1a: Groudon|Groudon, L72|263/263|[from] Flip Turn\n|-weather|SunnyDay|[from] ability: Drought|[of] p1a: Groudon\n|\n|-weather|SunnyDay|[upkeep]\n|upkeep\n|\n|t:|1733860443\n|switch|p2a: Tauros|Tauros-Paldea-Aqua, L81, M|184/254\n|-ability|p2a: Tauros|Intimidate|boost\n|-unboost|p1a: Groudon|atk|1\n|turn|9\n|\n|t:|1733860448\n|switch|p1a: Alomomola|Alomomola, L87, M|429/429\n|move|p2a: Tauros|Wave Crash|p1a: Alomomola\n|-resisted|p1a: Alomomola\n|-damage|p1a: Alomomola|379/429\n|-damage|p2a: Tauros|167/254|[from] Recoil\n|\n|-weather|SunnyDay|[upkeep]\n|upkeep\n|turn|10\n|\n|t:|1733860455\n|switch|p2a: Pikachu|Pikachu-Original, L93, M|216/216\n|move|p1a: Alomomola|Flip Turn|p2a: Pikachu\n|-damage|p2a: Pikachu|174/216\n|\n|t:|1733860458\n|switch|p1a: Groudon|Groudon, L72|263/263|[from] Flip Turn\n|\n|-weather|SunnyDay|[upkeep]\n|upkeep\n|turn|11\n|\n|t:|1733860478\n|move|p2a: Pikachu|Surf|p1a: Groudon\n|-supereffective|p1a: Groudon\n|-damage|p1a: Groudon|159/263\n|move|p1a: Groudon|Spikes|p2a: Pikachu\n|-sidestart|p2: romv|Spikes\n|\n|-weather|SunnyDay|[upkeep]\n|-heal|p1a: Groudon|175/263|[from] item: Leftovers\n|upkeep\n|turn|12\n|\n|t:|1733860483\n|move|p2a: Pikachu|Surf|p1a: Groudon\n|-supereffective|p1a: Groudon\n|-damage|p1a: Groudon|67/263\n|move|p1a: Groudon|Spikes|p2a: Pikachu\n|-sidestart|p2: romv|Spikes\n|\n|-weather|none\n|-heal|p1a: Groudon|83/263|[from] item: Leftovers\n|upkeep\n|turn|13\n|\n|t:|1733860487\n|switch|p1a: Koraidon|Koraidon, L64|235/235\n|-weather|SunnyDay|[from] ability: Orichalcum Pulse|[of] p1a: Koraidon\n|-activate|p1a: Koraidon|Orichalcum Pulse|[source]\n|move|p2a: Pikachu|Surf|p1a: Koraidon\n|-resisted|p1a: Koraidon\n|-damage|p1a: Koraidon|209/235\n|\n|-weather|SunnyDay|[upkeep]\n|upkeep\n|turn|14\n|\n|t:|1733860493\n|move|p2a: Pikachu|Volt Switch|p1a: Koraidon\n|-resisted|p1a: Koraidon\n|-damage|p1a: Koraidon|136/235\n|\n|t:|1733860497\n|switch|p2a: Beartic|Beartic, L91, M|131/321|[from] Volt Switch\n|move|p1a: Koraidon|U-turn|p2a: Beartic\n|-damage|p2a: Beartic|60/321\n|\n|t:|1733860504\n|switch|p1a: Groudon|Groudon, L72|83/263|[from] U-turn\n|\n|-weather|SunnyDay|[upkeep]\n|-heal|p1a: Groudon|99/263|[from] item: Leftovers\n|upkeep\n|turn|15\n|\n|t:|1733860522\n|move|p2a: Beartic|Aqua Jet|p1a: Groudon\n|-supereffective|p1a: Groudon\n|-damage|p1a: Groudon|69/263\n|move|p1a: Groudon|Spikes|p2a: Beartic\n|-sidestart|p2: romv|Spikes\n|\n|-weather|SunnyDay|[upkeep]\n|-heal|p1a: Groudon|85/263|[from] item: Leftovers\n|upkeep\n|turn|16\n|\n|t:|1733860529\n|move|p2a: Beartic|Aqua Jet|p1a: Groudon\n|-supereffective|p1a: Groudon\n|-damage|p1a: Groudon|51/263\n|move|p1a: Groudon|Precipice Blades|p2a: Beartic\n|-damage|p2a: Beartic|0 fnt\n|faint|p2a: Beartic\n|\n|-weather|SunnyDay|[upkeep]\n|-heal|p1a: Groudon|67/263|[from] item: Leftovers\n|upkeep\n|\n|t:|1733860537\n|switch|p2a: Suicune|Suicune, L82|298/298\n|-damage|p2a: Suicune|224/298|[from] Spikes\n|-ability|p2a: Suicune|Pressure\n|turn|17\n|\n|t:|1733860541\n|move|p2a: Suicune|Scald|p1a: Groudon\n|-supereffective|p1a: Groudon\n|-damage|p1a: Groudon|0 fnt\n|faint|p1a: Groudon\n|\n|-weather|none\n|-heal|p2a: Suicune|242/298|[from] item: Leftovers\n|upkeep\n|\n|t:|1733860545\n|switch|p1a: Koraidon|Koraidon, L64|136/235\n|-weather|SunnyDay|[from] ability: Orichalcum Pulse|[of] p1a: Koraidon\n|-activate|p1a: Koraidon|Orichalcum Pulse|[source]\n|turn|18\n|\n|t:|1733860565\n|move|p1a: Koraidon|U-turn|p2a: Suicune\n|-crit|p2a: Suicune\n|-damage|p2a: Suicune|154/298\n|\n|t:|1733860568\n|switch|p1a: Alomomola|Alomomola, L87, M|429/429|[from] U-turn\n|move|p2a: Suicune|Scald|p1a: Alomomola\n|-resisted|p1a: Alomomola\n|-damage|p1a: Alomomola|400/429\n|\n|-weather|SunnyDay|[upkeep]\n|-heal|p2a: Suicune|172/298|[from] item: Leftovers\n|upkeep\n|turn|19\n|\n|t:|1733860577\n|move|p2a: Suicune|Scald|p1a: Alomomola\n|-resisted|p1a: Alomomola\n|-damage|p1a: Alomomola|369/429\n|move|p1a: Alomomola|Flip Turn|p2a: Suicune\n|-resisted|p2a: Suicune\n|-damage|p2a: Suicune|160/298\n|\n|t:|1733860584\n|switch|p1a: Koraidon|Koraidon, L64|136/235|[from] Flip Turn\n|-activate|p1a: Koraidon|ability: Orichalcum Pulse\n|\n|-weather|SunnyDay|[upkeep]\n|-heal|p2a: Suicune|178/298|[from] item: Leftovers\n|upkeep\n|turn|20\n|\n|t:|1733860588\n|move|p2a: Suicune|Protect|p2a: Suicune\n|-singleturn|p2a: Suicune|Protect\n|move|p1a: Koraidon|Close Combat|p2a: Suicune\n|-activate|p2a: Suicune|move: Protect\n|\n|-weather|SunnyDay|[upkeep]\n|-heal|p2a: Suicune|196/298|[from] item: Leftovers\n|upkeep\n|turn|21\n|\n|t:|1733860593\n|switch|p1a: Alomomola|Alomomola, L87, M|429/429\n|move|p2a: Suicune|Scald|p1a: Alomomola\n|-resisted|p1a: Alomomola\n|-damage|p1a: Alomomola|400/429\n|-status|p1a: Alomomola|brn\n|\n|-weather|SunnyDay|[upkeep]\n|-heal|p2a: Suicune|214/298|[from] item: Leftovers\n|-damage|p1a: Alomomola|374/429 brn|[from] brn\n|upkeep\n|turn|22\n|\n|t:|1733860597\n|move|p2a: Suicune|Substitute|p2a: Suicune\n|-start|p2a: Suicune|Substitute\n|-damage|p2a: Suicune|140/298\n|move|p1a: Alomomola|Wish|p1a: Alomomola\n|\n|-weather|none\n|-heal|p2a: Suicune|158/298|[from] item: Leftovers\n|-damage|p1a: Alomomola|348/429 brn|[from] brn\n|upkeep\n|turn|23\n|\n|t:|1733860600\n|move|p2a: Suicune|Calm Mind|p2a: Suicune\n|-boost|p2a: Suicune|spa|1\n|-boost|p2a: Suicune|spd|1\n|move|p1a: Alomomola|Flip Turn|p2a: Suicune\n|-resisted|p2a: Suicune\n|-activate|p2a: Suicune|move: Substitute|[damage]\n|\n|t:|1733860603\n|switch|p1a: Koraidon|Koraidon, L64|136/235|[from] Flip Turn\n|-weather|SunnyDay|[from] ability: Orichalcum Pulse|[of] p1a: Koraidon\n|-activate|p1a: Koraidon|Orichalcum Pulse|[source]\n|\n|-weather|SunnyDay|[upkeep]\n|-heal|p1a: Koraidon|235/235|[from] move: Wish|[wisher] Alomomola\n|-heal|p2a: Suicune|176/298|[from] item: Leftovers\n|upkeep\n|turn|24\n|\n|t:|1733860609\n|move|p2a: Suicune|Protect|p2a: Suicune\n|-singleturn|p2a: Suicune|Protect\n|move|p1a: Koraidon|Outrage|p2a: Suicune\n|-activate|p2a: Suicune|move: Protect\n|\n|-weather|SunnyDay|[upkeep]\n|-heal|p2a: Suicune|194/298|[from] item: Leftovers\n|upkeep\n|turn|25\n|\n|t:|1733860617\n|move|p1a: Koraidon|Outrage|p2a: Suicune\n|-end|p2a: Suicune|Substitute\n|move|p2a: Suicune|Scald|p1a: Koraidon\n|-resisted|p1a: Koraidon\n|-damage|p1a: Koraidon|202/235\n|\n|-weather|SunnyDay|[upkeep]\n|-heal|p2a: Suicune|212/298|[from] item: Leftovers\n|upkeep\n|turn|26\n|\n|t:|1733860624\n|move|p2a: Suicune|Protect|p2a: Suicune\n|-singleturn|p2a: Suicune|Protect\n|move|p1a: Koraidon|Outrage|p2a: Suicune|[from]lockedmove\n|-activate|p2a: Suicune|move: Protect\n|-start|p1a: Koraidon|confusion|[fatigue]\n|\n|-weather|SunnyDay|[upkeep]\n|-heal|p2a: Suicune|230/298|[from] item: Leftovers\n|upkeep\n|turn|27\n|\n|t:|1733860631\n|-activate|p1a: Koraidon|confusion\n|-damage|p1a: Koraidon|179/235|[from] confusion\n|move|p2a: Suicune|Scald|p1a: Koraidon\n|-resisted|p1a: Koraidon\n|-damage|p1a: Koraidon|145/235\n|-status|p1a: Koraidon|brn\n|\n|-weather|none\n|-heal|p2a: Suicune|248/298|[from] item: Leftovers\n|-damage|p1a: Koraidon|131/235 brn|[from] brn\n|upkeep\n|turn|28\n|\n|t:|1733860636\n|-activate|p1a: Koraidon|confusion\n|-damage|p1a: Koraidon|107/235 brn|[from] confusion\n|move|p2a: Suicune|Substitute|p2a: Suicune\n|-start|p2a: Suicune|Substitute\n|-damage|p2a: Suicune|174/298\n|\n|-heal|p2a: Suicune|192/298|[from] item: Leftovers\n|-damage|p1a: Koraidon|93/235 brn|[from] brn\n|upkeep\n|turn|29\n|\n|t:|1733860639\n|switch|p1a: Alomomola|Alomomola, L87, M|429/429 brn\n|move|p2a: Suicune|Calm Mind|p2a: Suicune\n|-boost|p2a: Suicune|spa|1\n|-boost|p2a: Suicune|spd|1\n|\n|-heal|p2a: Suicune|210/298|[from] item: Leftovers\n|-damage|p1a: Alomomola|403/429 brn|[from] brn\n|upkeep\n|turn|30\n|\n|t:|1733860642\n|move|p2a: Suicune|Calm Mind|p2a: Suicune\n|-boost|p2a: Suicune|spa|1\n|-boost|p2a: Suicune|spd|1\n|move|p1a: Alomomola|Wish|p1a: Alomomola\n|\n|-heal|p2a: Suicune|228/298|[from] item: Leftovers\n|-damage|p1a: Alomomola|377/429 brn|[from] brn\n|upkeep\n|turn|31\n|\n|t:|1733860645\n|move|p2a: Suicune|Calm Mind|p2a: Suicune\n|-boost|p2a: Suicune|spa|1\n|-boost|p2a: Suicune|spd|1\n|move|p1a: Alomomola|Flip Turn|p2a: Suicune\n|-resisted|p2a: Suicune\n|-activate|p2a: Suicune|move: Substitute|[damage]\n|\n|t:|1733860647\n|switch|p1a: Koraidon|Koraidon, L64|93/235 brn|[from] Flip Turn\n|-weather|SunnyDay|[from] ability: Orichalcum Pulse|[of] p1a: Koraidon\n|-activate|p1a: Koraidon|Orichalcum Pulse|[source]\n|\n|-weather|SunnyDay|[upkeep]\n|-heal|p1a: Koraidon|235/235 brn|[from] move: Wish|[wisher] Alomomola\n|-heal|p2a: Suicune|246/298|[from] item: Leftovers\n|-damage|p1a: Koraidon|221/235 brn|[from] brn\n|upkeep\n|turn|32\n|\n|t:|1733860652\n|move|p1a: Koraidon|Outrage|p2a: Suicune\n|-end|p2a: Suicune|Substitute\n|move|p2a: Suicune|Scald|p1a: Koraidon\n|-resisted|p1a: Koraidon\n|-damage|p1a: Koraidon|158/235 brn\n|\n|-weather|SunnyDay|[upkeep]\n|-heal|p2a: Suicune|264/298|[from] item: Leftovers\n|-damage|p1a: Koraidon|144/235 brn|[from] brn\n|upkeep\n|turn|33\n|\n|t:|1733860654\n|move|p1a: Koraidon|Outrage|p2a: Suicune|[from]lockedmove\n|-damage|p2a: Suicune|177/298\n|move|p2a: Suicune|Scald|p1a: Koraidon\n|-resisted|p1a: Koraidon\n|-damage|p1a: Koraidon|84/235 brn\n|\n|-weather|SunnyDay|[upkeep]\n|-heal|p2a: Suicune|195/298|[from] item: Leftovers\n|-damage|p1a: Koraidon|70/235 brn|[from] brn\n|upkeep\n|turn|34\n|\n|t:|1733860658\n|move|p2a: Suicune|Protect|p2a: Suicune\n|-singleturn|p2a: Suicune|Protect\n|move|p1a: Koraidon|Outrage|p2a: Suicune|[from]lockedmove\n|-activate|p2a: Suicune|move: Protect\n|-start|p1a: Koraidon|confusion|[fatigue]\n|\n|-weather|SunnyDay|[upkeep]\n|-heal|p2a: Suicune|213/298|[from] item: Leftovers\n|-damage|p1a: Koraidon|56/235 brn|[from] brn\n|upkeep\n|turn|35\n|\n|t:|1733860661\n|-activate|p1a: Koraidon|confusion\n|-damage|p1a: Koraidon|32/235 brn|[from] confusion\n|move|p2a: Suicune|Scald|p1a: Koraidon\n|-resisted|p1a: Koraidon\n|-damage|p1a: Koraidon|0 fnt\n|faint|p1a: Koraidon\n|\n|-weather|none\n|-heal|p2a: Suicune|231/298|[from] item: Leftovers\n|upkeep\n|\n|t:|1733860673\n|switch|p1a: Glastrier|Glastrier, L86|312/312\n|turn|36\n|\n|t:|1733860678\n|move|p2a: Suicune|Scald|p1a: Glastrier\n|-damage|p1a: Glastrier|125/312\n|-status|p1a: Glastrier|brn\n|move|p1a: Glastrier|High Horsepower|p2a: Suicune\n|-damage|p2a: Suicune|191/298\n|\n|-heal|p2a: Suicune|209/298|[from] item: Leftovers\n|-damage|p1a: Glastrier|106/312 brn|[from] brn\n|upkeep\n|turn|37\n|\n|t:|1733860685\n|move|p2a: Suicune|Scald|p1a: Glastrier\n|-damage|p1a: Glastrier|0 fnt\n|faint|p1a: Glastrier\n|\n|-heal|p2a: Suicune|227/298|[from] item: Leftovers\n|upkeep\n|\n|t:|1733860686\n|switch|p1a: Alomomola|Alomomola, L87, M|429/429 brn\n|turn|38\n|\n|t:|1733860690\n|move|p2a: Suicune|Substitute|p2a: Suicune\n|-start|p2a: Suicune|Substitute\n|-damage|p2a: Suicune|153/298\n|move|p1a: Alomomola|Wish|p1a: Alomomola\n|\n|-heal|p2a: Suicune|171/298|[from] item: Leftovers\n|-damage|p1a: Alomomola|403/429 brn|[from] brn\n|upkeep\n|turn|39\n|\n|t:|1733860692\n|move|p2a: Suicune|Calm Mind|p2a: Suicune\n|-boost|p2a: Suicune|spa|1\n|-boost|p2a: Suicune|spd|1\n|move|p1a: Alomomola|Scald|p2a: Suicune\n|-resisted|p2a: Suicune\n|-activate|p2a: Suicune|move: Substitute|[damage]\n|\n|-heal|p1a: Alomomola|429/429 brn|[from] move: Wish|[wisher] Alomomola\n|-heal|p2a: Suicune|189/298|[from] item: Leftovers\n|-damage|p1a: Alomomola|403/429 brn|[from] brn\n|upkeep\n|turn|40\n|\n|t:|1733860696\n|move|p2a: Suicune|Calm Mind|p2a: Suicune\n|-boost|p2a: Suicune|spa|1\n|-boost|p2a: Suicune|spd|1\n|move|p1a: Alomomola|Scald|p2a: Suicune\n|-resisted|p2a: Suicune\n|-activate|p2a: Suicune|move: Substitute|[damage]\n|\n|-heal|p2a: Suicune|207/298|[from] item: Leftovers\n|-damage|p1a: Alomomola|377/429 brn|[from] brn\n|upkeep\n|turn|41\n|\n|t:|1733860704\n|move|p2a: Suicune|Protect|p2a: Suicune\n|-singleturn|p2a: Suicune|Protect\n|move|p1a: Alomomola|Wish|p1a: Alomomola\n|\n|-heal|p2a: Suicune|225/298|[from] item: Leftovers\n|-damage|p1a: Alomomola|351/429 brn|[from] brn\n|upkeep\n|turn|42\n|\n|t:|1733860711\n|move|p2a: Suicune|Scald|p1a: Alomomola\n|-resisted|p1a: Alomomola\n|-damage|p1a: Alomomola|102/429 brn\n|move|p1a: Alomomola|Scald|p2a: Suicune\n|-resisted|p2a: Suicune\n|-activate|p2a: Suicune|move: Substitute|[damage]\n|\n|-heal|p1a: Alomomola|316/429 brn|[from] move: Wish|[wisher] Alomomola\n|-heal|p2a: Suicune|243/298|[from] item: Leftovers\n|-damage|p1a: Alomomola|290/429 brn|[from] brn\n|upkeep\n|turn|43\n|\n|t:|1733860716\n|move|p1a: Alomomola|Protect|p1a: Alomomola\n|-singleturn|p1a: Alomomola|Protect\n|move|p2a: Suicune|Scald|p1a: Alomomola\n|-activate|p1a: Alomomola|move: Protect\n|\n|-heal|p2a: Suicune|261/298|[from] item: Leftovers\n|-damage|p1a: Alomomola|264/429 brn|[from] brn\n|upkeep\n|turn|44\n|c|\u2606AnonymousBW|gg\n|\n|t:|1733860726\n|switch|p2a: Pikachu|Pikachu-Original, L93, M|174/216\n|-damage|p2a: Pikachu|120/216|[from] Spikes\n|move|p1a: Alomomola|Wish|p1a: Alomomola\n|\n|-damage|p1a: Alomomola|238/429 brn|[from] brn\n|upkeep\n|turn|45\n|\n|t:|1733860734\n|switch|p1a: Ursaluna|Ursaluna-Bloodmoon, L79, M|308/308\n|move|p2a: Pikachu|Volt Tackle|p1a: Ursaluna\n|-immune|p1a: Ursaluna\n|\n|upkeep\n|turn|46\n|\n|t:|1733860743\n|switch|p1a: Alomomola|Alomomola, L87, M|381/429 brn\n|move|p2a: Pikachu|Surf|p1a: Alomomola\n|-resisted|p1a: Alomomola\n|-damage|p1a: Alomomola|308/429 brn\n|\n|-damage|p1a: Alomomola|282/429 brn|[from] brn\n|upkeep\n|turn|47\n|\n|t:|1733860749\n|move|p2a: Pikachu|Knock Off|p1a: Alomomola\n|-damage|p1a: Alomomola|167/429 brn\n|-enditem|p1a: Alomomola|Heavy-Duty Boots|[from] move: Knock Off|[of] p2a: Pikachu\n|move|p1a: Alomomola|Wish|p1a: Alomomola\n|\n|-damage|p1a: Alomomola|141/429 brn|[from] brn\n|upkeep\n|turn|48\n|\n|t:|1733860754\n|move|p2a: Pikachu|Surf|p1a: Alomomola\n|-resisted|p1a: Alomomola\n|-damage|p1a: Alomomola|65/429 brn\n|move|p1a: Alomomola|Flip Turn|p2a: Pikachu\n|-damage|p2a: Pikachu|73/216\n|\n|t:|1733860759\n|switch|p1a: Ursaluna|Ursaluna-Bloodmoon, L79, M|308/308|[from] Flip Turn\n|\n|upkeep\n|turn|49\n|\n|t:|1733860769\n|move|p2a: Pikachu|Surf|p1a: Ursaluna\n|-supereffective|p1a: Ursaluna\n|-damage|p1a: Ursaluna|52/308\n|move|p1a: Ursaluna|Calm Mind|p1a: Ursaluna\n|-boost|p1a: Ursaluna|spa|1\n|-boost|p1a: Ursaluna|spd|1\n|\n|-heal|p1a: Ursaluna|71/308|[from] item: Leftovers\n|upkeep\n|turn|50\n|\n|t:|1733860776\n|move|p1a: Ursaluna|Vacuum Wave|p2a: Pikachu\n|-damage|p2a: Pikachu|9/216\n|move|p2a: Pikachu|Surf|p1a: Ursaluna\n|-supereffective|p1a: Ursaluna\n|-damage|p1a: Ursaluna|0 fnt\n|faint|p1a: Ursaluna\n|\n|upkeep\n|\n|t:|1733860780\n|switch|p1a: Alomomola|Alomomola, L87, M|208/429 brn\n|turn|51\n|\n|t:|1733860783\n|move|p2a: Pikachu|Volt Tackle|p1a: Alomomola\n|-supereffective|p1a: Alomomola\n|-damage|p1a: Alomomola|0 fnt\n|faint|p1a: Alomomola\n|-damage|p2a: Pikachu|0 fnt|[from] Recoil\n|faint|p2a: Pikachu\n|\n|win|romv\n|raw|AnonymousBW's rating: 1591 &rarr; <strong>1572</strong><br />(-19 for losing)\n|raw|romv's rating: 1615 &rarr; <strong>1634</strong><br />(+19 for winning)\n", "inputlog": ">version bfd83cad13791eb5a5a409923076391caf6fb4d4\n>start {\"formatid\":\"gen9randombattle\",\"seed\":[32251,64619,53607,45132],\"rated\":\"Rated battle\"}\n>player p1 {\"name\":\"AnonymousBW\",\"avatar\":\"lucas\",\"rating\":1591,\"seed\":[41204,23036,52101,3515]}\n>player p2 {\"name\":\"romv\",\"avatar\":\"266\",\"rating\":1615,\"seed\":[15241,55556,56506,63950]}\n>p1 move flipturn\n>p2 move moongeistbeam\n>p1 switch 3\n>p1 move heatcrash\n>p2 switch 5\n>p1 move heatcrash\n>p2 switch 4\n>p1 switch 2\n>p2 move wavecrash\n>p1 move swordsdance\n>p2 switch 3\n>p1 move icepunch\n>p2 move earthquake\n>p1 move drainpunch\n>p2 move earthquake\n>p1 switch 3\n>p1 move flipturn\n>p2 move stealthrock\n>p1 switch 2\n>p2 switch 3\n>p1 switch 2\n>p2 move wavecrash\n>p1 move flipturn\n>p2 switch 6\n>p1 switch 2\n>p1 move spikes\n>p2 move surf\n>p1 move spikes\n>p2 move surf\n>p1 switch 6\n>p2 move surf\n>p1 move uturn\n>p2 move voltswitch\n>p2 switch 4\n>p1 switch 6\n>p1 move spikes\n>p2 move aquajet\n>p1 move precipiceblades\n>p2 move aquajet\n>p2 switch 2\n>p1 move precipiceblades\n>p2 move scald\n>p1 switch 6\n>p1 move uturn\n>p2 move scald\n>p1 switch 2\n>p1 move flipturn\n>p2 move scald\n>p1 switch 2\n>p1 move closecombat\n>p2 move protect\n>p1 switch 2\n>p2 move scald\n>p1 move wish\n>p2 move substitute\n>p1 move flipturn\n>p2 move calmmind\n>p1 switch 2\n>p1 move outrage\n>p2 move protect\n>p1 move outrage\n>p2 move scald\n>p1 move outrage\n>p2 move protect\n>p1 move outrage\n>p2 move scald\n>p1 move outrage\n>p2 move substitute\n>p1 switch 2\n>p2 move calmmind\n>p1 move wish\n>p2 move calmmind\n>p1 move flipturn\n>p2 move calmmind\n>p1 switch 2\n>p1 move outrage\n>p2 move scald\n>p1 move outrage\n>p2 move scald\n>p1 move outrage\n>p2 move protect\n>p1 move outrage\n>p2 move scald\n>p1 switch 5\n>p1 move highhorsepower\n>p2 move scald\n>p1 move highhorsepower\n>p2 move scald\n>p1 switch 2\n>p1 move wish\n>p2 move substitute\n>p1 move scald\n>p2 move calmmind\n>p1 move scald\n>p2 move calmmind\n>p1 move wish\n>p2 move protect\n>p1 move scald\n>p2 move scald\n>p1 move protect\n>p2 move scald\n>chat \u2606AnonymousBW|gg\n>p1 move wish\n>p2 switch 4\n>p1 switch 4\n>p2 move volttackle\n>p1 switch 4\n>p2 move surf\n>p1 move wish\n>p2 move knockoff\n>p1 move flipturn\n>p2 move surf\n>p1 switch 4\n>p1 move calmmind\n>p2 move surf\n>p1 move vacuumwave\n>p2 move surf\n>p1 switch 4\n>p1 move scald\n>p2 move volttackle", "uploadtime": 1733860785, "views": 1, "formatid": "gen9randombattle", "rating": 1572, "private": 0, "password": null}