{"id": "gen9randombattle-2259984820", "format": "[Gen 9] Random Battle", "players": ["trying_toget_tough", "Malog7"], "log": "|j|\u2606trying_toget_tough\n|j|\u2606Malog7\n|t:|1733787557\n|gametype|singles\n|player|p1|trying_toget_tough|102|1697\n|player|p2|Malog7|steven|1745\n|teamsize|p1|6\n|teamsize|p2|6\n|gen|9\n|tier|[Gen 9] Random Battle\n|rated|\n|rule|Species Clause: Limit one of each Pok\u00e9mon\n|rule|HP Percentage Mod: HP is shown in percentages\n|rule|Sleep Clause Mod: Limit one foe put to sleep\n|rule|Illusion Level Mod: Illusion disguises the Pok\u00e9mon's true level\n|\n|t:|1733787557\n|start\n|switch|p1a: Lokix|Lokix, L82, M|251/251\n|switch|p2a: Heracross|Heracross, L80, F|259/259\n|turn|1\n|inactive|Battle timer is ON: inactive players will automatically lose when time's up. (requested by Malog7)\n|inactive|trying_toget_tough has 120 seconds left.\n|\n|t:|1733787599\n|move|p1a: Lokix|Knock Off|p2a: Heracross\n|-resisted|p2a: Heracross\n|-damage|p2a: Heracross|141/259\n|-enditem|p2a: Heracross|Flame Orb|[from] move: Knock Off|[of] p1a: Lokix\n|move|p2a: Heracross|Trailblaze|p1a: Lokix\n|-resisted|p1a: Lokix\n|-damage|p1a: Lokix|230/251\n|-boost|p2a: Heracross|spe|1\n|\n|upkeep\n|turn|2\n|\n|t:|1733787616\n|switch|p1a: Gardevoir|Gardevoir, L83, F|249/249\n|-ability|p1a: Gardevoir|Guts|[from] ability: Trace|[of] p2a: Heracross\n|move|p2a: Heracross|Close Combat|p1a: Gardevoir\n|-resisted|p1a: Gardevoir\n|-crit|p1a: Gardevoir\n|-damage|p1a: Gardevoir|179/249\n|-unboost|p2a: Heracross|def|1\n|-unboost|p2a: Heracross|spd|1\n|\n|upkeep\n|turn|3\n|\n|t:|1733787627\n|move|p2a: Heracross|Knock Off|p1a: Gardevoir\n|-damage|p1a: Gardevoir|77/249\n|-enditem|p1a: Gardevoir|Choice Scarf|[from] move: Knock Off|[of] p2a: Heracross\n|move|p1a: Gardevoir|Moonblast|p2a: Heracross\n|-supereffective|p2a: Heracross\n|-damage|p2a: Heracross|0 fnt\n|faint|p2a: Heracross\n|\n|upkeep\n|\n|t:|1733787646\n|switch|p2a: Pikachu|Pikachu-Alola, L93, M|216/216\n|turn|4\n|inactive|trying_toget_tough has 120 seconds left.\n|\n|t:|1733787699\n|switch|p1a: Raikou|Raikou, L81|278/278\n|-ability|p1a: Raikou|Pressure\n|move|p2a: Pikachu|Volt Tackle|p1a: Raikou\n|-resisted|p1a: Raikou\n|-damage|p1a: Raikou|149/278\n|-damage|p2a: Pikachu|173/216|[from] Recoil\n|\n|upkeep\n|turn|5\n|inactive|trying_toget_tough has 90 seconds left.\n|\n|t:|1733787744\n|switch|p2a: Scream Tail|Scream Tail, L84|330/330\n|move|p1a: Raikou|Scald|p2a: Scream Tail\n|-damage|p2a: Scream Tail|254/330\n|\n|-heal|p2a: Scream Tail|274/330|[from] item: Leftovers\n|upkeep\n|turn|6\n|\n|t:|1733787757\n|switch|p1a: Lokix|Lokix, L82, M|230/251\n|move|p2a: Scream Tail|Dazzling Gleam|p1a: Lokix\n|-supereffective|p1a: Lokix\n|-damage|p1a: Lokix|44/251\n|\n|-heal|p2a: Scream Tail|294/330|[from] item: Leftovers\n|upkeep\n|turn|7\n|c|\u2606trying_toget_tough|picked the wrong move last second\n|\n|t:|1733787766\n|move|p1a: Lokix|Sucker Punch|p2a: Scream Tail\n|-damage|p2a: Scream Tail|227/330\n|move|p2a: Scream Tail|Dazzling Gleam|p1a: Lokix\n|-supereffective|p1a: Lokix\n|-damage|p1a: Lokix|0 fnt\n|faint|p1a: Lokix\n|\n|-heal|p2a: Scream Tail|247/330|[from] item: Leftovers\n|upkeep\n|inactive|trying_toget_tough has 60 seconds left.\n|\n|t:|1733787801\n|switch|p1a: Raikou|Raikou, L81|149/278\n|-ability|p1a: Raikou|Pressure\n|turn|8\n|\n|t:|1733787804\n|move|p2a: Scream Tail|Dazzling Gleam|p1a: Raikou\n|-damage|p1a: Raikou|86/278\n|move|p1a: Raikou|Shadow Ball|p2a: Scream Tail\n|-supereffective|p2a: Scream Tail\n|-damage|p2a: Scream Tail|101/330\n|-unboost|p2a: Scream Tail|spd|1\n|\n|-heal|p2a: Scream Tail|121/330|[from] item: Leftovers\n|upkeep\n|turn|9\n|inactive|trying_toget_tough has 60 seconds left.\n|\n|t:|1733787813\n|-end|p2a: Scream Tail|Protosynthesis|[silent]\n|switch|p2a: Pikachu|Pikachu-Alola, L93, M|173/216\n|move|p1a: Raikou|Shadow Ball|p2a: Pikachu\n|-damage|p2a: Pikachu|59/216\n|-unboost|p2a: Pikachu|spd|1\n|\n|upkeep\n|turn|10\n|\n|t:|1733787818\n|switch|p1a: Gardevoir|Gardevoir, L83, F|77/249\n|-ability|p1a: Gardevoir|Lightning Rod|[from] ability: Trace|[of] p2a: Pikachu\n|move|p2a: Pikachu|Fake Out|p1a: Gardevoir\n|-damage|p1a: Gardevoir|19/249\n|\n|upkeep\n|turn|11\n|\n|t:|1733787829\n|move|p2a: Pikachu|Surf|p1a: Gardevoir\n|-damage|p1a: Gardevoir|0 fnt\n|faint|p1a: Gardevoir\n|\n|upkeep\n|\n|t:|1733787837\n|switch|p1a: Raikou|Raikou, L81|86/278\n|-ability|p1a: Raikou|Pressure\n|turn|12\n|\n|t:|1733787845\n|move|p1a: Raikou|Shadow Ball|p2a: Pikachu\n|-damage|p2a: Pikachu|0 fnt\n|faint|p2a: Pikachu\n|\n|upkeep\n|\n|t:|1733787850\n|switch|p2a: Hypno|Hypno, L95, M|315/315\n|turn|13\n|\n|t:|1733787854\n|move|p1a: Raikou|Shadow Ball|p2a: Hypno\n|-supereffective|p2a: Hypno\n|-damage|p2a: Hypno|185/315\n|move|p2a: Hypno|Psychic Noise|p1a: Raikou\n|-damage|p1a: Raikou|11/278\n|-start|p1a: Raikou|move: Heal Block\n|\n|-heal|p2a: Hypno|204/315|[from] item: Leftovers\n|upkeep\n|turn|14\n|\n|t:|1733787863\n|move|p1a: Raikou|Shadow Ball|p2a: Hypno\n|-supereffective|p2a: Hypno\n|-damage|p2a: Hypno|82/315\n|move|p2a: Hypno|Psychic Noise|p1a: Raikou\n|-damage|p1a: Raikou|0 fnt\n|faint|p1a: Raikou\n|\n|-heal|p2a: Hypno|101/315|[from] item: Leftovers\n|upkeep\n|\n|t:|1733787870\n|switch|p1a: Heracross|Heracross, L80, M|259/259\n|turn|15\n|\n|t:|1733787896\n|switch|p2a: Zebstrika|Zebstrika, L87, M|272/272\n|-terastallize|p1a: Heracross|Normal\n|move|p1a: Heracross|Trailblaze|p2a: Zebstrika\n|-ability|p2a: Zebstrika|Sap Sipper|boost\n|-boost|p2a: Zebstrika|atk|1\n|\n|-status|p1a: Heracross|brn|[from] item: Flame Orb\n|upkeep\n|turn|16\n|\n|t:|1733787905\n|move|p2a: Zebstrika|Supercell Slam|p1a: Heracross\n|-damage|p1a: Heracross|0 fnt\n|faint|p1a: Heracross\n|-damage|p2a: Zebstrika|245/272|[from] item: Life Orb\n|\n|upkeep\n|\n|t:|1733787912\n|switch|p1a: Sableye|Sableye, L89, F|234/234\n|turn|17\n|\n|t:|1733787917\n|move|p1a: Sableye|Will-O-Wisp|p2a: Zebstrika\n|-status|p2a: Zebstrika|brn\n|move|p2a: Zebstrika|Supercell Slam|p1a: Sableye\n|-damage|p1a: Sableye|125/234\n|-damage|p2a: Zebstrika|218/272 brn|[from] item: Life Orb\n|\n|-heal|p1a: Sableye|139/234|[from] item: Leftovers\n|-damage|p2a: Zebstrika|201/272 brn|[from] brn\n|upkeep\n|turn|18\n|\n|t:|1733787928\n|move|p1a: Sableye|Recover|p1a: Sableye\n|-heal|p1a: Sableye|234/234\n|move|p2a: Zebstrika|Volt Switch|p1a: Sableye\n|-damage|p1a: Sableye|137/234\n|-damage|p2a: Zebstrika|174/272 brn|[from] item: Life Orb\n|\n|t:|1733787939\n|switch|p2a: Chien-Pao|Chien-Pao, L72|234/234|[from] Volt Switch\n|-ability|p2a: Chien-Pao|Sword of Ruin\n|\n|-heal|p1a: Sableye|151/234|[from] item: Leftovers\n|upkeep\n|turn|19\n|inactive|trying_toget_tough has 120 seconds left.\n|\n|t:|1733787950\n|move|p2a: Chien-Pao|Icicle Crash|p1a: Sableye\n|-damage|p1a: Sableye|0 fnt\n|faint|p1a: Sableye\n|\n|upkeep\n|\n|t:|1733787953\n|switch|p1a: Delphox|Delphox, L84, F|263/263\n|turn|20\n|\n|t:|1733787961\n|switch|p2a: Zebstrika|Zebstrika, L87, M|174/272 brn\n|move|p1a: Delphox|Fire Blast|p2a: Zebstrika\n|-damage|p2a: Zebstrika|21/272 brn\n|\n|-damage|p2a: Zebstrika|4/272 brn|[from] brn\n|upkeep\n|turn|21\n|c|\u2606trying_toget_tough|why\n|\n|t:|1733787977\n|move|p2a: Zebstrika|Supercell Slam|p1a: Delphox|[miss]\n|-miss|p2a: Zebstrika|p1a: Delphox\n|-damage|p2a: Zebstrika|0 fnt|[from] supercellslam\n|faint|p2a: Zebstrika\n|move|p1a: Delphox|Nasty Plot|p1a: Delphox\n|-boost|p1a: Delphox|spa|2\n|\n|upkeep\n|\n|t:|1733787984\n|switch|p2a: Chien-Pao|Chien-Pao, L72|234/234\n|-ability|p2a: Chien-Pao|Sword of Ruin\n|turn|22\n|\n|t:|1733787988\n|-terastallize|p2a: Chien-Pao|Dark\n|move|p2a: Chien-Pao|Crunch|p1a: Delphox\n|-supereffective|p1a: Delphox\n|-crit|p1a: Delphox\n|-damage|p1a: Delphox|0 fnt\n|faint|p1a: Delphox\n|\n|win|Malog7\n|raw|trying_toget_tough's rating: 1697 &rarr; <strong>1681</strong><br />(-16 for losing)\n|raw|Malog7's rating: 1766 &rarr; <strong>1782</strong><br />(+16 for winning)\n|l|\u2606Malog7\n|player|p2|\n", "inputlog": ">version bfd83cad13791eb5a5a409923076391caf6fb4d4\n>start {\"formatid\":\"gen9randombattle\",\"seed\":[43691,38965,2030,29885],\"rated\":\"Rated battle\"}\n>player p1 {\"name\":\"trying_toget_tough\",\"avatar\":\"102\",\"rating\":1697,\"seed\":[18468,37190,64212,12717]}\n>player p2 {\"name\":\"Malog7\",\"avatar\":\"steven\",\"rating\":1745,\"seed\":[9374,55386,37820,27507]}\n>p1 move knockoff\n>p2 move trailblaze\n>p1 switch 5\n>p2 move closecombat\n>p1 move moonblast\n>p2 move knockoff\n>p2 switch 4\n>p1 switch 4\n>p2 move volttackle\n>p1 move scald\n>p2 switch 5\n>p1 switch 5\n>p2 move dazzlinggleam\n>chat \u2606trying_toget_tough|picked the wrong move last second\n>p1 move suckerpunch\n>p2 move dazzlinggleam\n>p1 switch 5\n>p1 move shadowball\n>p2 move dazzlinggleam\n>p1 move shadowball\n>p2 switch 5\n>p1 switch 4\n>p2 move fakeout\n>p1 move moonblast\n>p2 move surf\n>p1 switch 4\n>p1 move shadowball\n>p2 move playrough\n>p2 switch 3\n>p1 move shadowball\n>p2 move psychicnoise\n>p1 move shadowball\n>p2 move psychicnoise\n>p1 switch 3\n>p1 move trailblaze terastallize\n>p2 switch 6\n>p1 move facade\n>p2 move supercellslam\n>p1 switch 2\n>p1 move willowisp\n>p2 move supercellslam\n>p1 move recover\n>p2 move voltswitch\n>p2 switch 2\n>p1 move knockoff\n>p2 move iciclecrash\n>p1 switch 6\n>p1 move fireblast\n>p2 switch 2\n>chat \u2606trying_toget_tough|why\n>p1 move nastyplot\n>p2 move supercellslam\n>p2 switch 2\n>p1 move fireblast\n>p2 move crunch terastallize", "uploadtime": 1733787997, "views": 1, "formatid": "gen9randombattle", "rating": 1681, "private": 0, "password": null}