{"id": "gen9randombattle-2260622440", "format": "[Gen 9] Random Battle", "players": ["AstroLuvsMemes", "Yes Indubitably"], "log": "|j|\u2606AstroLuvsMemes\n|j|\u2606Yes Indubitably\n|t:|1733870424\n|gametype|singles\n|player|p1|AstroLuvsMemes|clair|2183\n|player|p2|Yes Indubitably|unknown|2151\n|teamsize|p1|6\n|teamsize|p2|6\n|gen|9\n|tier|[Gen 9] Random Battle\n|rated|\n|rule|Species Clause: Limit one of each Pok\u00e9mon\n|rule|HP Percentage Mod: HP is shown in percentages\n|rule|Sleep Clause Mod: Limit one foe put to sleep\n|rule|Illusion Level Mod: Illusion disguises the Pok\u00e9mon's true level\n|\n|t:|1733870424\n|start\n|switch|p1a: Golurk|Golurk, L87|297/297\n|switch|p2a: Cinccino|Cinccino, L83, M|260/260\n|turn|1\n|inactive|Battle timer is ON: inactive players will automatically lose when time's up. (requested by Yes Indubitably)\n|\n|t:|1733870452\n|switch|p2a: Venusaur|Venusaur, L84, F|272/272\n|switch|p1a: Pincurchin|Pincurchin, F|258/258\n|-fieldstart|move: Electric Terrain|[from] ability: Electric Surge|[of] p1a: Pincurchin\n|\n|upkeep\n|turn|2\n|\n|t:|1733870465\n|move|p2a: Venusaur|Toxic|p1a: Pincurchin\n|-status|p1a: Pincurchin|tox\n|move|p1a: Pincurchin|Discharge|p2a: Venusaur\n|-resisted|p2a: Venusaur\n|-damage|p2a: Venusaur|210/272\n|-status|p2a: Venusaur|par\n|\n|-heal|p2a: Venusaur|227/272 par|[from] item: Leftovers\n|-damage|p1a: Pincurchin|242/258 tox|[from] psn\n|upkeep\n|turn|3\n|\n|t:|1733870487\n|move|p2a: Venusaur|Knock Off|p1a: Pincurchin\n|-damage|p1a: Pincurchin|195/258 tox\n|-enditem|p1a: Pincurchin|Leftovers|[from] move: Knock Off|[of] p2a: Venusaur\n|move|p1a: Pincurchin|Spikes|p2a: Venusaur\n|-sidestart|p2: Yes Indubitably|Spikes\n|\n|-heal|p2a: Venusaur|244/272 par|[from] item: Leftovers\n|-damage|p1a: Pincurchin|163/258 tox|[from] psn\n|upkeep\n|turn|4\n|\n|t:|1733870497\n|move|p2a: Venusaur|Sludge Bomb|p1a: Pincurchin\n|-damage|p1a: Pincurchin|87/258 tox\n|move|p1a: Pincurchin|Spikes|p2a: Venusaur\n|-sidestart|p2: Yes Indubitably|Spikes\n|\n|-heal|p2a: Venusaur|261/272 par|[from] item: Leftovers\n|-damage|p1a: Pincurchin|39/258 tox|[from] psn\n|upkeep\n|turn|5\n|\n|t:|1733870505\n|move|p2a: Venusaur|Sludge Bomb|p1a: Pincurchin\n|-damage|p1a: Pincurchin|0 fnt\n|faint|p1a: Pincurchin\n|\n|-heal|p2a: Venusaur|272/272 par|[from] item: Leftovers\n|-fieldend|move: Electric Terrain\n|upkeep\n|\n|t:|1733870518\n|switch|p1a: Golurk|Golurk, L87|297/297\n|turn|6\n|\n|t:|1733870525\n|move|p1a: Golurk|Poltergeist|p2a: Venusaur\n|-activate|p2a: Venusaur|move: Poltergeist|Leftovers\n|-damage|p2a: Venusaur|49/272 par\n|cant|p2a: Venusaur|par\n|\n|-heal|p2a: Venusaur|66/272 par|[from] item: Leftovers\n|upkeep\n|turn|7\n|\n|t:|1733870531\n|move|p1a: Golurk|Poltergeist|p2a: Venusaur\n|-activate|p2a: Venusaur|move: Poltergeist|Leftovers\n|-damage|p2a: Venusaur|0 fnt\n|faint|p2a: Venusaur\n|\n|upkeep\n|\n|t:|1733870539\n|switch|p2a: Rillaboom|Rillaboom, L79, M|288/288\n|-damage|p2a: Rillaboom|240/288|[from] Spikes\n|-fieldstart|move: Grassy Terrain|[from] ability: Grassy Surge|[of] p2a: Rillaboom\n|turn|8\n|\n|t:|1733870546\n|switch|p1a: Clefable|Clefable, L83, M|293/293\n|move|p2a: Rillaboom|Wood Hammer|p1a: Clefable\n|-damage|p1a: Clefable|0 fnt\n|faint|p1a: Clefable\n|-damage|p2a: Rillaboom|143/288|[from] Recoil\n|\n|-heal|p2a: Rillaboom|161/288|[from] Grassy Terrain\n|upkeep\n|\n|t:|1733870552\n|switch|p1a: Deoxys|Deoxys-Defense, L84|221/221\n|-ability|p1a: Deoxys|Pressure\n|turn|9\n|\n|t:|1733870560\n|switch|p2a: Piloswine|Piloswine, L85, F|309/309\n|-damage|p2a: Piloswine|258/309|[from] Spikes\n|-terastallize|p1a: Deoxys|Steel\n|move|p1a: Deoxys|Cosmic Power|p1a: Deoxys\n|-boost|p1a: Deoxys|def|1\n|-boost|p1a: Deoxys|spd|1\n|\n|-heal|p2a: Piloswine|277/309|[from] Grassy Terrain\n|upkeep\n|turn|10\n|\n|t:|1733870567\n|move|p1a: Deoxys|Night Shade|p2a: Piloswine\n|-damage|p2a: Piloswine|193/309\n|move|p2a: Piloswine|Roar|p1a: Deoxys\n|drag|p1a: Golurk|Golurk, L87|297/297\n|\n|-heal|p2a: Piloswine|212/309|[from] Grassy Terrain\n|upkeep\n|turn|11\n|\n|t:|1733870577\n|move|p1a: Golurk|Dynamic Punch|p2a: Piloswine\n|-supereffective|p2a: Piloswine\n|-damage|p2a: Piloswine|12/309\n|-start|p2a: Piloswine|confusion\n|-activate|p2a: Piloswine|confusion\n|-damage|p2a: Piloswine|0 fnt|[from] confusion\n|faint|p2a: Piloswine\n|\n|upkeep\n|\n|t:|1733870599\n|switch|p2a: Rillaboom|Rillaboom, L79, M|161/288\n|-damage|p2a: Rillaboom|113/288|[from] Spikes\n|turn|12\n|\n|t:|1733870603\n|switch|p1a: Deoxys|Deoxys-Defense, L84, tera:Steel|221/221\n|-ability|p1a: Deoxys|Pressure\n|move|p2a: Rillaboom|Knock Off|p1a: Deoxys\n|-damage|p1a: Deoxys|152/221\n|-enditem|p1a: Deoxys|Leftovers|[from] move: Knock Off|[of] p2a: Rillaboom\n|\n|-heal|p1a: Deoxys|165/221|[from] Grassy Terrain\n|-heal|p2a: Rillaboom|131/288|[from] Grassy Terrain\n|-fieldend|move: Grassy Terrain\n|upkeep\n|turn|13\n|\n|t:|1733870610\n|switch|p2a: Heatran|Heatran, L79, F|273/273\n|-item|p2a: Heatran|Air Balloon\n|move|p1a: Deoxys|Cosmic Power|p1a: Deoxys\n|-boost|p1a: Deoxys|def|1\n|-boost|p1a: Deoxys|spd|1\n|\n|upkeep\n|turn|14\n|\n|t:|1733870619\n|switch|p1a: Politoed|Politoed, L88, F|302/302\n|-weather|RainDance|[from] ability: Drizzle|[of] p1a: Politoed\n|move|p2a: Heatran|Magma Storm|p1a: Politoed|[miss]\n|-miss|p2a: Heatran|p1a: Politoed\n|\n|-weather|RainDance|[upkeep]\n|upkeep\n|turn|15\n|\n|t:|1733870633\n|switch|p2a: Hitmonlee|Hitmonlee, L85, M|224/224\n|-damage|p2a: Hitmonlee|187/224|[from] Spikes\n|move|p1a: Politoed|Weather Ball|p2a: Hitmonlee\n|-crit|p2a: Hitmonlee\n|-damage|p2a: Hitmonlee|0 fnt\n|faint|p2a: Hitmonlee\n|\n|-weather|RainDance|[upkeep]\n|upkeep\n|\n|t:|1733870655\n|switch|p2a: Cinccino|Cinccino, L83, M|260/260\n|-damage|p2a: Cinccino|217/260|[from] Spikes\n|turn|16\n|\n|t:|1733870659\n|switch|p1a: Deoxys|Deoxys-Defense, L84, tera:Steel|165/221\n|-ability|p1a: Deoxys|Pressure\n|move|p2a: Cinccino|Tidy Up|p2a: Cinccino\n|-sideend|p2: Yes Indubitably|Spikes\n|-activate|p2a: Cinccino|move: Tidy Up\n|-boost|p2a: Cinccino|atk|1\n|-boost|p2a: Cinccino|spe|1\n|\n|-weather|RainDance|[upkeep]\n|upkeep\n|turn|17\n|\n|t:|1733870671\n|-terastallize|p2a: Cinccino|Normal\n|move|p2a: Cinccino|Tail Slap|p1a: Deoxys\n|-resisted|p1a: Deoxys\n|-crit|p1a: Deoxys\n|-damage|p1a: Deoxys|127/221\n|-resisted|p1a: Deoxys\n|-damage|p1a: Deoxys|103/221\n|-resisted|p1a: Deoxys\n|-crit|p1a: Deoxys\n|-damage|p1a: Deoxys|68/221\n|-resisted|p1a: Deoxys\n|-damage|p1a: Deoxys|43/221\n|-resisted|p1a: Deoxys\n|-damage|p1a: Deoxys|18/221\n|-hitcount|p1a: Deoxys|5\n|move|p1a: Deoxys|Cosmic Power|p1a: Deoxys\n|-boost|p1a: Deoxys|def|1\n|-boost|p1a: Deoxys|spd|1\n|\n|-weather|RainDance|[upkeep]\n|upkeep\n|turn|18\n|\n|t:|1733870685\n|move|p2a: Cinccino|Tail Slap|p1a: Deoxys\n|-resisted|p1a: Deoxys\n|-damage|p1a: Deoxys|1/221\n|-resisted|p1a: Deoxys\n|-damage|p1a: Deoxys|0 fnt\n|faint|p1a: Deoxys\n|-hitcount|p1: Deoxys|2\n|\n|-weather|none\n|upkeep\n|\n|t:|1733870692\n|switch|p1a: Golurk|Golurk, L87|297/297\n|turn|19\n|\n|t:|1733870700\n|move|p2a: Cinccino|Bullet Seed|p1a: Golurk\n|-supereffective|p1a: Golurk\n|-damage|p1a: Golurk|213/297\n|-supereffective|p1a: Golurk\n|-damage|p1a: Golurk|139/297\n|-supereffective|p1a: Golurk\n|-damage|p1a: Golurk|53/297\n|-supereffective|p1a: Golurk\n|-damage|p1a: Golurk|0 fnt\n|faint|p1a: Golurk\n|-hitcount|p1: Golurk|4\n|\n|upkeep\n|\n|t:|1733870707\n|switch|p1a: Politoed|Politoed, L88, F|302/302\n|-weather|RainDance|[from] ability: Drizzle|[of] p1a: Politoed\n|turn|20\n|\n|t:|1733870713\n|move|p2a: Cinccino|Bullet Seed|p1a: Politoed\n|-supereffective|p1a: Politoed\n|-damage|p1a: Politoed|222/302\n|-supereffective|p1a: Politoed\n|-damage|p1a: Politoed|138/302\n|-supereffective|p1a: Politoed\n|-damage|p1a: Politoed|58/302\n|-supereffective|p1a: Politoed\n|-damage|p1a: Politoed|0 fnt\n|faint|p1a: Politoed\n|-hitcount|p1: Politoed|4\n|\n|-weather|RainDance|[upkeep]\n|upkeep\n|\n|t:|1733870715\n|switch|p1a: Drednaw|Drednaw, L81, F|278/278\n|turn|21\n|\n|t:|1733870720\n|move|p2a: Cinccino|Bullet Seed|p1a: Drednaw\n|-supereffective|p1a: Drednaw\n|-damage|p1a: Drednaw|122/278\n|-supereffective|p1a: Drednaw\n|-damage|p1a: Drednaw|0 fnt\n|faint|p1a: Drednaw\n|-hitcount|p1: Drednaw|2\n|\n|win|Yes Indubitably\n|raw|AstroLuvsMemes's rating: 2183 &rarr; <strong>2161</strong><br />(-22 for losing)\n|raw|Yes Indubitably's rating: 2151 &rarr; <strong>2173</strong><br />(+22 for winning)\n|l|\u2606AstroLuvsMemes\n|player|p1|\n", "inputlog": ">version bfd83cad13791eb5a5a409923076391caf6fb4d4\n>start {\"formatid\":\"gen9randombattle\",\"seed\":[64475,23761,27012,61592],\"rated\":\"Rated battle\"}\n>player p1 {\"name\":\"AstroLuvsMemes\",\"avatar\":\"clair\",\"rating\":2183,\"seed\":[54520,16736,56232,18659]}\n>player p2 {\"name\":\"Yes Indubitably\",\"avatar\":\"unknown\",\"rating\":2151,\"seed\":[59322,15064,4623,60207]}\n>p1 switch 6\n>p2 switch 3\n>p1 move discharge\n>p2 move toxic\n>p1 move spikes\n>p2 move knockoff\n>p1 move spikes\n>p2 move sludgebomb\n>p1 move spikes\n>p2 move sludgebomb\n>p1 switch 6\n>p1 move poltergeist\n>p2 move knockoff\n>p1 move poltergeist\n>p2 move knockoff\n>p2 switch 6\n>p1 switch 2\n>p2 move woodhammer\n>p1 switch 4\n>p1 move cosmicpower terastallize\n>p2 switch 2\n>p1 move nightshade\n>p2 move roar\n>p1 move dynamicpunch\n>p2 move iciclecrash\n>p2 switch 2\n>p1 switch 2\n>p2 move knockoff\n>p1 move cosmicpower\n>p2 switch 4\n>p1 switch 3\n>p2 move magmastorm\n>p1 move weatherball\n>p2 switch 5\n>p2 switch 3\n>p1 switch 3\n>p2 move tidyup\n>p1 move cosmicpower\n>p2 move tailslap terastallize\n>p1 move recover\n>p2 move tailslap\n>p1 switch 2\n>p1 move dynamicpunch\n>p2 move bulletseed\n>p1 switch 3\n>p1 move weatherball\n>p2 move bulletseed\n>p1 switch 5\n>p1 move shellsmash\n>p2 move bulletseed", "uploadtime": 1733870732, "views": 1, "formatid": "gen9randombattle", "rating": 2161, "private": 0, "password": null}