{"id": "gen9randombattle-2260617008", "format": "[Gen 9] Random Battle", "players": ["ratburg007", "Chris-cod"], "log": "|j|\u2606ratburg007\n|j|\u2606Chris-cod\n|t:|1733869763\n|gametype|singles\n|player|p1|ratburg007|lucas|1197\n|player|p2|Chris-cod|266|1229\n|teamsize|p1|6\n|teamsize|p2|6\n|gen|9\n|tier|[Gen 9] Random Battle\n|rated|\n|rule|Species Clause: Limit one of each Pok\u00e9mon\n|rule|HP Percentage Mod: HP is shown in percentages\n|rule|Sleep Clause Mod: Limit one foe put to sleep\n|rule|Illusion Level Mod: Illusion disguises the Pok\u00e9mon's true level\n|\n|t:|1733869763\n|start\n|switch|p1a: Komala|Komala, L89, M|260/260\n|switch|p2a: Froslass|Froslass, L87, F|263/263\n|-ability|p1a: Komala|Comatose\n|turn|1\n|inactive|Battle timer is ON: inactive players will automatically lose when time's up. (requested by ratburg007)\n|\n|t:|1733869789\n|switch|p2a: Eelektross|Eelektross, L87, M|290/290\n|move|p1a: Komala|Knock Off|p2a: Eelektross\n|-crit|p2a: Eelektross\n|-damage|p2a: Eelektross|70/290\n|-enditem|p2a: Eelektross|Leftovers|[from] move: Knock Off|[of] p1a: Komala\n|\n|upkeep\n|turn|2\n|inactive|Chris-cod has 120 seconds left.\n|\n|t:|1733869843\n|switch|p1a: Furret|Furret, L94, M|312/312\n|move|p2a: Eelektross|Drain Punch|p1a: Furret\n|-supereffective|p1a: Furret\n|-damage|p1a: Furret|162/312\n|-heal|p2a: Eelektross|145/290|[from] drain|[of] p1a: Furret\n|\n|upkeep\n|turn|3\n|\n|t:|1733869848\n|move|p1a: Furret|Double-Edge|p2a: Eelektross\n|-damage|p2a: Eelektross|0 fnt\n|faint|p2a: Eelektross\n|-damage|p1a: Furret|114/312|[from] Recoil\n|\n|upkeep\n|inactive|Chris-cod has 90 seconds left.\n|\n|t:|1733869895\n|switch|p2a: Cresselia|Cresselia, L80, F|323/323\n|turn|4\n|\n|t:|1733869899\n|move|p1a: Furret|Double-Edge|p2a: Cresselia\n|-damage|p2a: Cresselia|154/323\n|-damage|p1a: Furret|58/312|[from] Recoil\n|move|p2a: Cresselia|Psyshock|p1a: Furret\n|-damage|p1a: Furret|0 fnt\n|faint|p1a: Furret\n|\n|-heal|p2a: Cresselia|174/323|[from] item: Leftovers\n|upkeep\n|\n|t:|1733869908\n|switch|p1a: Komala|Komala, L89, M|260/260\n|-ability|p1a: Komala|Comatose\n|turn|5\n|inactive|Chris-cod has 90 seconds left.\n|\n|t:|1733869914\n|move|p2a: Cresselia|Psyshock|p1a: Komala\n|-damage|p1a: Komala|179/260\n|move|p1a: Komala|U-turn|p2a: Cresselia\n|-supereffective|p2a: Cresselia\n|-damage|p2a: Cresselia|8/323\n|\n|t:|1733869924\n|switch|p1a: Palafin|Palafin, L77, F|281/281|[from] U-turn\n|\n|-heal|p2a: Cresselia|28/323|[from] item: Leftovers\n|upkeep\n|turn|6\n|inactive|Chris-cod has 90 seconds left.\n|\n|t:|1733869954\n|move|p1a: Palafin|Flip Turn|p2a: Cresselia\n|-damage|p2a: Cresselia|0 fnt\n|faint|p2a: Cresselia\n|\n|t:|1733869961\n|detailschange|p1a: Palafin|Palafin-Hero, L77, F\n|switch|p1a: Komala|Komala, L89, M|179/260|[from] Flip Turn\n|-ability|p1a: Komala|Comatose\n|\n|upkeep\n|\n|t:|1733869969\n|switch|p2a: Garganacl|Garganacl, L80, F|291/291\n|turn|7\n|\n|t:|1733869990\n|move|p1a: Komala|Wood Hammer|p2a: Garganacl\n|-supereffective|p2a: Garganacl\n|-damage|p2a: Garganacl|35/291\n|-damage|p1a: Komala|95/260|[from] Recoil\n|move|p2a: Garganacl|Body Press|p1a: Komala\n|-supereffective|p1a: Komala\n|-damage|p1a: Komala|0 fnt\n|faint|p1a: Komala\n|\n|-heal|p2a: Garganacl|53/291|[from] item: Leftovers\n|upkeep\n|\n|t:|1733869999\n|switch|p1a: Palafin|Palafin-Hero, L77, F|281/281\n|-activate|p1a: Palafin|ability: Zero to Hero\n|turn|8\n|\n|t:|1733870009\n|move|p1a: Palafin|Flip Turn|p2a: Garganacl\n|-supereffective|p2a: Garganacl\n|-damage|p2a: Garganacl|0 fnt\n|faint|p2a: Garganacl\n|\n|t:|1733870015\n|switch|p1a: Bastiodon|Bastiodon, L89, M|252/252|[from] Flip Turn\n|\n|upkeep\n|\n|t:|1733870020\n|switch|p2a: Groudon|Groudon, L72|263/263\n|-weather|SunnyDay|[from] ability: Drought|[of] p2a: Groudon\n|turn|9\n|\n|t:|1733870031\n|switch|p1a: Serperior|Serperior, L79, M|248/248\n|move|p2a: Groudon|Precipice Blades|p1a: Serperior\n|-resisted|p1a: Serperior\n|-damage|p1a: Serperior|177/248\n|\n|-weather|SunnyDay|[upkeep]\n|-heal|p1a: Serperior|192/248|[from] item: Leftovers\n|upkeep\n|turn|10\n|inactive|Chris-cod has 120 seconds left.\n|\n|t:|1733870040\n|move|p1a: Serperior|Substitute|p1a: Serperior\n|-start|p1a: Serperior|Substitute\n|-damage|p1a: Serperior|130/248\n|move|p2a: Groudon|Heat Crash|p1a: Serperior\n|-supereffective|p1a: Serperior\n|-end|p1a: Serperior|Substitute\n|\n|-weather|SunnyDay|[upkeep]\n|-heal|p1a: Serperior|145/248|[from] item: Leftovers\n|upkeep\n|turn|11\n|\n|t:|1733870045\n|-terastallize|p2a: Groudon|Fire\n|move|p1a: Serperior|Leaf Storm|p2a: Groudon\n|-resisted|p2a: Groudon\n|-damage|p2a: Groudon|202/263\n|-boost|p1a: Serperior|spa|2\n|move|p2a: Groudon|Heat Crash|p1a: Serperior\n|-supereffective|p1a: Serperior\n|-damage|p1a: Serperior|0 fnt\n|faint|p1a: Serperior\n|\n|-weather|SunnyDay|[upkeep]\n|-heal|p2a: Groudon|218/263|[from] item: Leftovers\n|upkeep\n|\n|t:|1733870048\n|switch|p1a: Palafin|Palafin-Hero, L77, F|281/281\n|turn|12\n|\n|t:|1733870053\n|-terastallize|p1a: Palafin|Water\n|move|p1a: Palafin|Wave Crash|p2a: Groudon\n|-supereffective|p2a: Groudon\n|-crit|p2a: Groudon\n|-damage|p2a: Groudon|0 fnt\n|faint|p2a: Groudon\n|-damage|p1a: Palafin|209/281|[from] Recoil\n|\n|-weather|SunnyDay|[upkeep]\n|upkeep\n|-message|Chris-cod forfeited.\n|\n|win|ratburg007\n|raw|ratburg007's rating: 1197 &rarr; <strong>1224</strong><br />(+27 for winning)\n|raw|Chris-cod's rating: 1229 &rarr; <strong>1202</strong><br />(-27 for losing)\n|l|\u2606Chris-cod\n|player|p2|\n", "inputlog": ">version bfd83cad13791eb5a5a409923076391caf6fb4d4\n>start {\"formatid\":\"gen9randombattle\",\"seed\":[1179,28231,43664,11899],\"rated\":\"Rated battle\"}\n>player p1 {\"name\":\"ratburg007\",\"avatar\":\"lucas\",\"rating\":1197,\"seed\":[61614,3670,30329,52495]}\n>player p2 {\"name\":\"Chris-cod\",\"avatar\":\"266\",\"rating\":1229,\"seed\":[26086,39143,53638,23199]}\n>p1 move knockoff\n>p2 switch 4\n>p1 switch 4\n>p2 move drainpunch\n>p1 move doubleedge\n>p2 move drainpunch\n>p2 switch 2\n>p1 move doubleedge\n>p2 move psyshock\n>p1 switch 4\n>p1 move uturn\n>p2 move psyshock\n>p1 switch 2\n>p1 move flipturn\n>p2 move thunderbolt\n>p1 switch 2\n>p2 switch 6\n>p1 move woodhammer\n>p2 move bodypress\n>p1 switch 2\n>p1 move flipturn\n>p2 move saltcure\n>p1 switch 3\n>p2 switch 5\n>p1 switch 6\n>p2 move precipiceblades\n>p1 move substitute\n>p2 move heatcrash\n>p1 move leafstorm\n>p2 move heatcrash terastallize\n>p1 switch 3\n>p1 move wavecrash terastallize\n>p2 move precipiceblades\n>forcelose p2", "uploadtime": 1733870072, "views": 2, "formatid": "gen9randombattle", "rating": 1202, "private": 0, "password": null}