{"id": "gen9randombattle-2259906217", "format": "[Gen 9] Random Battle", "players": ["PThort", "nahurjustbad"], "log": "|j|\u2606PThort\n|j|\u2606nahurjustbad\n|t:|1733778582\n|gametype|singles\n|player|p1|PThort|265|1142\n|player|p2|nahurjustbad|2|1163\n|teamsize|p1|6\n|teamsize|p2|6\n|gen|9\n|tier|[Gen 9] Random Battle\n|rated|\n|rule|Species Clause: Limit one of each Pok\u00e9mon\n|rule|HP Percentage Mod: HP is shown in percentages\n|rule|Sleep Clause Mod: Limit one foe put to sleep\n|rule|Illusion Level Mod: Illusion disguises the Pok\u00e9mon's true level\n|\n|t:|1733778582\n|start\n|switch|p1a: Oricorio|Oricorio-Pom-Pom, L82, F|257/257\n|switch|p2a: Ampharos|Ampharos, L88, M|302/302\n|turn|1\n|\n|t:|1733778615\n|switch|p2a: Breloom|Breloom, L82, F|233/233\n|move|p1a: Oricorio|Quiver Dance|p1a: Oricorio\n|-boost|p1a: Oricorio|spa|1\n|-boost|p1a: Oricorio|spd|1\n|-boost|p1a: Oricorio|spe|1\n|\n|upkeep\n|turn|2\n|\n|t:|1733778622\n|-terastallize|p2a: Breloom|Rock\n|move|p1a: Oricorio|Hurricane|p2a: Breloom\n|-resisted|p2a: Breloom\n|-damage|p2a: Breloom|126/233\n|-start|p2a: Breloom|confusion\n|-activate|p2a: Breloom|confusion\n|move|p2a: Breloom|Spore|p1a: Oricorio\n|-status|p1a: Oricorio|slp|[from] move: Spore\n|\n|upkeep\n|turn|3\n|\n|t:|1733778633\n|switch|p1a: Lilligant|Lilligant, L86, F|261/261\n|-activate|p2a: Breloom|confusion\n|move|p2a: Breloom|Rock Tomb|p1a: Lilligant|[miss]\n|-miss|p2a: Breloom|p1a: Lilligant\n|\n|upkeep\n|turn|4\n|\n|t:|1733778642\n|move|p1a: Lilligant|Quiver Dance|p1a: Lilligant\n|-boost|p1a: Lilligant|spa|1\n|-boost|p1a: Lilligant|spd|1\n|-boost|p1a: Lilligant|spe|1\n|-end|p2a: Breloom|confusion\n|move|p2a: Breloom|Rock Tomb|p1a: Lilligant\n|-damage|p1a: Lilligant|92/261\n|-unboost|p1a: Lilligant|spe|1\n|-damage|p2a: Breloom|103/233|[from] item: Life Orb\n|\n|upkeep\n|turn|5\n|inactive|Battle timer is ON: inactive players will automatically lose when time's up. (requested by nahurjustbad)\n|\n|t:|1733778656\n|switch|p2a: Ludicolo|Ludicolo, L90, M|290/290\n|move|p1a: Lilligant|Alluring Voice|p2a: Ludicolo\n|-damage|p2a: Ludicolo|186/290\n|-damage|p1a: Lilligant|66/261|[from] item: Life Orb\n|\n|upkeep\n|turn|6\n|\n|t:|1733778665\n|move|p1a: Lilligant|Petal Dance|p2a: Ludicolo\n|-damage|p2a: Ludicolo|0 fnt\n|faint|p2a: Ludicolo\n|-damage|p1a: Lilligant|40/261|[from] item: Life Orb\n|\n|upkeep\n|\n|t:|1733778671\n|switch|p2a: Scream Tail|Scream Tail, L84|330/330\n|turn|7\n|\n|t:|1733778676\n|move|p2a: Scream Tail|Thunder Wave|p1a: Lilligant\n|-status|p1a: Lilligant|par\n|cant|p1a: Lilligant|par\n|\n|upkeep\n|turn|8\n|\n|t:|1733778680\n|move|p2a: Scream Tail|Dazzling Gleam|p1a: Lilligant\n|-damage|p1a: Lilligant|0 fnt\n|faint|p1a: Lilligant\n|\n|upkeep\n|\n|t:|1733778685\n|switch|p1a: Oricorio|Oricorio-Pom-Pom, L82, F|257/257 slp\n|turn|9\n|\n|t:|1733778695\n|move|p2a: Scream Tail|Dazzling Gleam|p1a: Oricorio\n|-damage|p1a: Oricorio|179/257 slp\n|cant|p1a: Oricorio|slp\n|\n|upkeep\n|turn|10\n|\n|t:|1733778699\n|-end|p2a: Scream Tail|Protosynthesis|[silent]\n|switch|p2a: Breloom|Breloom, L82, F, tera:Rock|103/233\n|cant|p1a: Oricorio|slp\n|\n|upkeep\n|turn|11\n|\n|t:|1733778703\n|cant|p1a: Oricorio|slp\n|move|p2a: Breloom|Rock Tomb|p1a: Oricorio|[miss]\n|-miss|p2a: Breloom|p1a: Oricorio\n|\n|upkeep\n|turn|12\n|\n|t:|1733778707\n|-curestatus|p1a: Oricorio|slp|[msg]\n|move|p1a: Oricorio|Quiver Dance|p1a: Oricorio\n|-boost|p1a: Oricorio|spa|1\n|-boost|p1a: Oricorio|spd|1\n|-boost|p1a: Oricorio|spe|1\n|move|p2a: Breloom|Spore|p1a: Oricorio\n|-status|p1a: Oricorio|slp|[from] move: Spore\n|\n|upkeep\n|turn|13\n|n|!PThort|pthort\n|-message|PThort forfeited.\n|\n|win|nahurjustbad\n", "inputlog": ">version bfd83cad13791eb5a5a409923076391caf6fb4d4\n>start {\"formatid\":\"gen9randombattle\",\"seed\":[53983,32786,8556,37013],\"rated\":\"Rated battle\"}\n>player p1 {\"name\":\"PThort\",\"avatar\":\"265\",\"rating\":1142,\"seed\":[14827,41480,51636,43471]}\n>player p2 {\"name\":\"nahurjustbad\",\"avatar\":\"2\",\"rating\":1163,\"seed\":[64108,59695,19552,52468]}\n>p1 move quiverdance\n>p2 switch 3\n>p1 move hurricane\n>p2 move spore terastallize\n>p1 switch 5\n>p2 move rocktomb\n>p1 move quiverdance\n>p2 move rocktomb\n>p1 move alluringvoice\n>p2 switch 6\n>p1 move petaldance\n>p2 move icebeam\n>p2 switch 2\n>p1 move petaldance\n>p2 move thunderwave\n>p1 move sleeppowder\n>p2 move dazzlinggleam\n>p1 switch 5\n>p1 move quiverdance\n>p2 move dazzlinggleam\n>p1 move quiverdance\n>p2 switch 6\n>p1 move quiverdance\n>p2 move rocktomb\n>p1 move quiverdance\n>p2 move spore\n>chat \u2606PThort|honestly fuck you\n>forcelose p1", "uploadtime": 1733778722, "views": 1, "formatid": "gen9randombattle", "rating": null, "private": 0, "password": null}