{"id": "gen9randombattle-2260495103", "format": "[Gen 9] Random Battle", "players": ["Echo Rise", "BigBossJnack"], "log": "|j|\u2606Echo Rise\n|j|\u2606BigBossJnack\n|t:|1733857093\n|gametype|singles\n|player|p1|Echo Rise|169|1982\n|player|p2|BigBossJnack|169|1957\n|teamsize|p1|6\n|teamsize|p2|6\n|gen|9\n|tier|[Gen 9] Random Battle\n|rated|\n|rule|Species Clause: Limit one of each Pok\u00e9mon\n|rule|HP Percentage Mod: HP is shown in percentages\n|rule|Sleep Clause Mod: Limit one foe put to sleep\n|rule|Illusion Level Mod: Illusion disguises the Pok\u00e9mon's true level\n|\n|t:|1733857093\n|start\n|switch|p1a: Iron Leaves|Iron Leaves, L80|275/275\n|switch|p2a: Kleavor|Kleavor, L78, M|237/237\n|turn|1\n|\n|t:|1733857126\n|-end|p1a: Iron Leaves|Quark Drive|[silent]\n|switch|p1a: Toxapex|Toxapex, L82, F|216/216\n|move|p2a: Kleavor|X-Scissor|p1a: Toxapex\n|-resisted|p1a: Toxapex\n|-damage|p1a: Toxapex|168/216\n|\n|-heal|p1a: Toxapex|181/216|[from] item: Leftovers\n|upkeep\n|turn|2\n|\n|t:|1733857133\n|switch|p2a: Deoxys|Deoxys-Attack, L72|191/191\n|-ability|p2a: Deoxys|Pressure\n|move|p1a: Toxapex|Liquidation|p2a: Deoxys\n|-damage|p2a: Deoxys|23/191\n|\n|-heal|p1a: Toxapex|194/216|[from] item: Leftovers\n|upkeep\n|turn|3\n|\n|t:|1733857150\n|switch|p1a: Grimmsnarl|Grimmsnarl, L83, M|293/293\n|move|p2a: Deoxys|Knock Off|p1a: Grimmsnarl\n|-resisted|p1a: Grimmsnarl\n|-damage|p1a: Grimmsnarl|258/293\n|-enditem|p1a: Grimmsnarl|Light Clay|[from] move: Knock Off|[of] p2a: Deoxys\n|-damage|p2a: Deoxys|4/191|[from] item: Life Orb\n|\n|upkeep\n|turn|4\n|\n|t:|1733857156\n|switch|p2a: Granbull|Granbull, L88, M|302/302\n|-ability|p2a: Granbull|Intimidate|boost\n|-unboost|p1a: Grimmsnarl|atk|1\n|move|p1a: Grimmsnarl|Reflect|p1a: Grimmsnarl\n|-sidestart|p1: Echo Rise|Reflect\n|\n|upkeep\n|turn|5\n|\n|t:|1733857164\n|switch|p1a: Altaria|Altaria, L88, M|275/275\n|move|p2a: Granbull|Encore||[still]\n|-fail|p2a: Granbull\n|\n|upkeep\n|turn|6\n|\n|t:|1733857168\n|move|p1a: Altaria|Brave Bird|p2a: Granbull\n|-damage|p2a: Granbull|188/302\n|-damage|p1a: Altaria|237/275|[from] Recoil\n|move|p2a: Granbull|Play Rough|p1a: Altaria\n|-supereffective|p1a: Altaria\n|-damage|p1a: Altaria|119/275\n|\n|-heal|p2a: Granbull|206/302|[from] item: Leftovers\n|upkeep\n|turn|7\n|\n|t:|1733857187\n|move|p1a: Altaria|Roost|p1a: Altaria\n|-heal|p1a: Altaria|257/275\n|-singleturn|p1a: Altaria|move: Roost\n|move|p2a: Granbull|Play Rough|p1a: Altaria|[miss]\n|-miss|p2a: Granbull|p1a: Altaria\n|\n|-heal|p2a: Granbull|224/302|[from] item: Leftovers\n|upkeep\n|turn|8\n|\n|t:|1733857191\n|move|p1a: Altaria|Brave Bird|p2a: Granbull\n|-crit|p2a: Granbull\n|-damage|p2a: Granbull|35/302\n|-damage|p1a: Altaria|195/275|[from] Recoil\n|move|p2a: Granbull|Play Rough|p1a: Altaria\n|-supereffective|p1a: Altaria\n|-damage|p1a: Altaria|86/275\n|\n|-heal|p2a: Granbull|53/302|[from] item: Leftovers\n|-sideend|p1: Echo Rise|Reflect\n|upkeep\n|turn|9\n|\n|t:|1733857195\n|switch|p2a: Azumarill|Azumarill, L82, F|298/298\n|move|p1a: Altaria|Brave Bird|p2a: Azumarill\n|-damage|p2a: Azumarill|175/298\n|-damage|p1a: Altaria|45/275|[from] Recoil\n|\n|upkeep\n|turn|10\n|\n|t:|1733857204\n|switch|p2a: Granbull|Granbull, L88, M|53/302\n|-ability|p2a: Granbull|Intimidate|boost\n|-unboost|p1a: Altaria|atk|1\n|move|p1a: Altaria|Brave Bird|p2a: Granbull\n|-damage|p2a: Granbull|0 fnt\n|faint|p2a: Granbull\n|-damage|p1a: Altaria|28/275|[from] Recoil\n|\n|upkeep\n|\n|t:|1733857207\n|switch|p2a: Kleavor|Kleavor, L78, M|237/237\n|turn|11\n|\n|t:|1733857212\n|move|p1a: Altaria|Roost|p1a: Altaria\n|-heal|p1a: Altaria|166/275\n|-singleturn|p1a: Altaria|move: Roost\n|move|p2a: Kleavor|Stone Axe|p1a: Altaria\n|-damage|p1a: Altaria|52/275\n|-sidestart|p1: Echo Rise|move: Stealth Rock\n|\n|upkeep\n|turn|12\n|\n|t:|1733857224\n|switch|p1a: Toxapex|Toxapex, L82, F|216/216\n|-damage|p1a: Toxapex|189/216|[from] Stealth Rock\n|move|p2a: Kleavor|Stone Axe|p1a: Toxapex\n|-damage|p1a: Toxapex|108/216\n|\n|-heal|p1a: Toxapex|121/216|[from] item: Leftovers\n|upkeep\n|turn|13\n|\n|t:|1733857233\n|move|p2a: Kleavor|Stone Axe|p1a: Toxapex\n|-damage|p1a: Toxapex|43/216\n|move|p1a: Toxapex|Liquidation|p2a: Kleavor\n|-supereffective|p2a: Kleavor\n|-damage|p2a: Kleavor|109/237\n|\n|-heal|p1a: Toxapex|56/216|[from] item: Leftovers\n|upkeep\n|turn|14\n|\n|t:|1733857267\n|move|p2a: Kleavor|Stone Axe|p1a: Toxapex|[miss]\n|-miss|p2a: Kleavor|p1a: Toxapex\n|move|p1a: Toxapex|Liquidation|p2a: Kleavor\n|-supereffective|p2a: Kleavor\n|-crit|p2a: Kleavor\n|-damage|p2a: Kleavor|0 fnt\n|faint|p2a: Kleavor\n|\n|-heal|p1a: Toxapex|69/216|[from] item: Leftovers\n|upkeep\n|\n|t:|1733857273\n|switch|p2a: Iron Leaves|Iron Leaves, L80|275/275\n|turn|15\n|\n|t:|1733857281\n|move|p2a: Iron Leaves|Swords Dance|p2a: Iron Leaves\n|-boost|p2a: Iron Leaves|atk|2\n|move|p1a: Toxapex|Haze|p1a: Toxapex\n|-clearallboost\n|\n|-heal|p1a: Toxapex|82/216|[from] item: Leftovers\n|upkeep\n|turn|16\n|\n|t:|1733857287\n|move|p2a: Iron Leaves|Psyblade|p1a: Toxapex\n|-supereffective|p1a: Toxapex\n|-damage|p1a: Toxapex|0 fnt\n|faint|p1a: Toxapex\n|-damage|p2a: Iron Leaves|248/275|[from] item: Life Orb\n|\n|upkeep\n|\n|t:|1733857303\n|switch|p1a: Garganacl|Garganacl, L80, M|291/291\n|-damage|p1a: Garganacl|255/291|[from] Stealth Rock\n|turn|17\n|\n|t:|1733857315\n|-terastallize|p2a: Iron Leaves|Fighting\n|-terastallize|p1a: Garganacl|Dragon\n|move|p2a: Iron Leaves|Close Combat|p1a: Garganacl\n|-damage|p1a: Garganacl|119/291\n|-unboost|p2a: Iron Leaves|def|1\n|-unboost|p2a: Iron Leaves|spd|1\n|-damage|p2a: Iron Leaves|221/275|[from] item: Life Orb\n|move|p1a: Garganacl|Iron Defense|p1a: Garganacl\n|-boost|p1a: Garganacl|def|2\n|\n|-heal|p1a: Garganacl|137/291|[from] item: Leftovers\n|upkeep\n|turn|18\n|\n|t:|1733857328\n|-end|p2a: Iron Leaves|Quark Drive|[silent]\n|switch|p2a: Azumarill|Azumarill, L82, F|175/298\n|move|p1a: Garganacl|Recover|p1a: Garganacl\n|-heal|p1a: Garganacl|283/291\n|\n|-heal|p1a: Garganacl|291/291|[from] item: Leftovers\n|upkeep\n|turn|19\n|\n|t:|1733857341\n|switch|p1a: Grimmsnarl|Grimmsnarl, L83, M|258/293\n|-damage|p1a: Grimmsnarl|222/293|[from] Stealth Rock\n|move|p2a: Azumarill|Belly Drum|p2a: Azumarill\n|-damage|p2a: Azumarill|26/298\n|-setboost|p2a: Azumarill|atk|6|[from] move: Belly Drum\n|-enditem|p2a: Azumarill|Sitrus Berry|[eat]\n|-heal|p2a: Azumarill|100/298|[from] item: Sitrus Berry\n|\n|upkeep\n|turn|20\n|\n|t:|1733857351\n|move|p1a: Grimmsnarl|Reflect|p1a: Grimmsnarl\n|-sidestart|p1: Echo Rise|Reflect\n|move|p2a: Azumarill|Aqua Jet|p1a: Grimmsnarl\n|-damage|p1a: Grimmsnarl|102/293\n|\n|upkeep\n|turn|21\n|\n|t:|1733857356\n|move|p1a: Grimmsnarl|Thunder Wave|p2a: Azumarill\n|-status|p2a: Azumarill|par\n|move|p2a: Azumarill|Aqua Jet|p1a: Grimmsnarl\n|-damage|p1a: Grimmsnarl|0 fnt\n|faint|p1a: Grimmsnarl\n|\n|upkeep\n|\n|t:|1733857359\n|switch|p1a: Altaria|Altaria, L88, M|52/275\n|turn|22\n|\n|t:|1733857367\n|cant|p2a: Azumarill|par\n|move|p1a: Altaria|Brave Bird|p2a: Azumarill\n|-damage|p2a: Azumarill|0 fnt\n|faint|p2a: Azumarill\n|-damage|p1a: Altaria|19/275|[from] Recoil\n|\n|upkeep\n|\n|t:|1733857372\n|switch|p2a: Keldeo|Keldeo-Resolute, L79|273/273\n|turn|23\n|\n|t:|1733857385\n|move|p2a: Keldeo|Secret Sword|p1a: Altaria\n|-resisted|p1a: Altaria\n|-crit|p1a: Altaria\n|-damage|p1a: Altaria|0 fnt\n|faint|p1a: Altaria\n|\n|upkeep\n|\n|t:|1733857391\n|switch|p1a: Iron Leaves|Iron Leaves, L80|275/275\n|-damage|p1a: Iron Leaves|241/275|[from] Stealth Rock\n|turn|24\n|\n|t:|1733857403\n|move|p2a: Keldeo|Secret Sword|p1a: Iron Leaves\n|-resisted|p1a: Iron Leaves\n|-damage|p1a: Iron Leaves|166/275\n|move|p1a: Iron Leaves|Psyblade|p2a: Keldeo\n|-supereffective|p2a: Keldeo\n|-damage|p2a: Keldeo|0 fnt\n|faint|p2a: Keldeo\n|\n|-sideend|p1: Echo Rise|Reflect\n|upkeep\n|\n|t:|1733857411\n|switch|p2a: Deoxys|Deoxys-Attack, L72|4/191\n|-ability|p2a: Deoxys|Pressure\n|turn|25\n|\n|t:|1733857436\n|move|p2a: Deoxys|Knock Off|p1a: Iron Leaves\n|-supereffective|p1a: Iron Leaves\n|-damage|p1a: Iron Leaves|0 fnt\n|-enditem|p1a: Iron Leaves|Choice Band|[from] move: Knock Off|[of] p2a: Deoxys\n|faint|p1a: Iron Leaves\n|-end|p1a: Iron Leaves|Quark Drive|[silent]\n|-damage|p2a: Deoxys|0 fnt|[from] item: Life Orb\n|faint|p2a: Deoxys\n|\n|upkeep\n|\n|t:|1733857439\n|switch|p2a: Iron Leaves|Iron Leaves, L80, tera:Fighting|221/275\n|switch|p1a: Dewgong|Dewgong, L94, M|322/322\n|-damage|p1a: Dewgong|242/322|[from] Stealth Rock\n|turn|26\n|\n|t:|1733857446\n|move|p2a: Iron Leaves|Swords Dance|p2a: Iron Leaves\n|-boost|p2a: Iron Leaves|atk|2\n|move|p1a: Dewgong|Surf|p2a: Iron Leaves\n|-damage|p2a: Iron Leaves|136/275\n|\n|upkeep\n|turn|27\n|\n|t:|1733857450\n|move|p2a: Iron Leaves|Close Combat|p1a: Dewgong\n|-supereffective|p1a: Dewgong\n|-damage|p1a: Dewgong|0 fnt\n|-unboost|p2a: Iron Leaves|def|1\n|-unboost|p2a: Iron Leaves|spd|1\n|faint|p1a: Dewgong\n|-damage|p2a: Iron Leaves|109/275|[from] item: Life Orb\n|\n|upkeep\n|\n|t:|1733857452\n|switch|p1a: Garganacl|Garganacl, L80, M, tera:Dragon|291/291\n|-damage|p1a: Garganacl|255/291|[from] Stealth Rock\n|turn|28\n|\n|t:|1733857457\n|move|p2a: Iron Leaves|Close Combat|p1a: Garganacl\n|-damage|p1a: Garganacl|0 fnt\n|-unboost|p2a: Iron Leaves|def|1\n|-unboost|p2a: Iron Leaves|spd|1\n|faint|p1a: Garganacl\n|-damage|p2a: Iron Leaves|82/275|[from] item: Life Orb\n|\n|win|BigBossJnack\n|raw|Echo Rise's rating: 1982 &rarr; <strong>1961</strong><br />(-21 for losing)\n|raw|BigBossJnack's rating: 1957 &rarr; <strong>1978</strong><br />(+21 for winning)\n", "inputlog": ">version bfd83cad13791eb5a5a409923076391caf6fb4d4\n>start {\"formatid\":\"gen9randombattle\",\"seed\":[60613,37450,55660,21732],\"rated\":\"Rated battle\"}\n>player p1 {\"name\":\"Echo Rise\",\"avatar\":\"169\",\"rating\":1982,\"seed\":[36718,2267,30693,3817]}\n>player p2 {\"name\":\"BigBossJnack\",\"avatar\":\"169\",\"rating\":1957,\"seed\":[63924,58112,12600,63162]}\n>p1 switch 5\n>p2 move xscissor\n>p1 move liquidation\n>p2 switch 3\n>p1 switch 6\n>p2 move knockoff\n>p1 move reflect\n>p2 switch 2\n>p1 switch 3\n>p2 move encore\n>p1 move bravebird\n>p2 move playrough\n>p1 move roost\n>p2 move playrough\n>p1 move bravebird\n>p2 move playrough\n>p1 move bravebird\n>p2 switch 4\n>p1 move bravebird\n>p2 switch 4\n>p2 switch 3\n>p1 move roost\n>p2 move stoneaxe\n>p1 switch 6\n>p2 move stoneaxe\n>p1 move liquidation\n>p2 move stoneaxe\n>p1 move liquidation\n>p2 move stoneaxe\n>p2 switch 5\n>p1 move haze\n>p2 move swordsdance\n>p1 move haze\n>p2 move psyblade\n>p1 switch 4\n>p1 move irondefense terastallize\n>p2 move closecombat terastallize\n>p1 move recover\n>p2 switch 4\n>p1 switch 3\n>p2 move bellydrum\n>p1 move reflect\n>p2 move aquajet\n>p1 move thunderwave\n>p2 move aquajet\n>p1 switch 6\n>p1 move bravebird\n>p2 move aquajet\n>p2 switch 6\n>p1 move bravebird\n>p2 move secretsword\n>p1 switch 5\n>p1 move psyblade\n>p2 move secretsword\n>p2 switch 2\n>p1 move psyblade\n>p2 move knockoff\n>p1 switch 2\n>p2 switch 4\n>p1 move surf\n>p2 move swordsdance\n>p1 move surf\n>p2 move closecombat\n>p1 switch 3\n>p1 move bodypress\n>p2 move closecombat", "uploadtime": 1733857460, "views": 1, "formatid": "gen9randombattle", "rating": 1961, "private": 0, "password": null}