{"id": "gen9randombattle-2071960301", "format": "[Gen 9] Random Battle", "players": ["pokeblade\u2606101", "Aqua"], "log": "|j|\u2606pokeblade\u2606101\n|j|\u2606Aqua\n|t:|1709408336\n|gametype|singles\n|player|p1|pokeblade\u2606101|#rbtt7teamchiyu|2259\n|player|p2|Aqua|#rbtt6teamlatiasf|2264\n|teamsize|p1|6\n|teamsize|p2|6\n|gen|9\n|tier|[Gen 9] Random Battle\n|rated|\n|rule|Species Clause: Limit one of each Pok\u00e9mon\n|rule|HP Percentage Mod: HP is shown in percentages\n|rule|Sleep Clause Mod: Limit one foe put to sleep\n|rule|Illusion Level Mod: Illusion disguises the Pok\u00e9mon's true level\n|\n|t:|1709408336\n|start\n|switch|p1a: Breloom|Breloom, L82, M|233/233\n|switch|p2a: Spidops|Spidops, L96, F|271/271\n|turn|1\n|c|\u2606pokeblade\u2606101|oh\n|c|\u2606pokeblade\u2606101|oops\n|c|\u2606Aqua|ah\n|c|\u2606pokeblade\u2606101|probably should have given it a few\n|c|\u2606pokeblade\u2606101|but that tauros just ruined my game\n|c|\u2606pokeblade\u2606101|i should have just gone to wugtrio immediately\n|c|\u2606Aqua|rip\n|c|\u2606pokeblade\u2606101|this is what happens when u rely on tera\n|\n|t:|1709408384\n|move|p1a: Breloom|Rock Tomb|p2a: Spidops\n|-supereffective|p2a: Spidops\n|-damage|p2a: Spidops|102/271\n|-unboost|p2a: Spidops|spe|1\n|-damage|p1a: Breloom|210/233|[from] item: Life Orb\n|move|p2a: Spidops|U-turn|p1a: Breloom\n|-damage|p1a: Breloom|111/233\n|\n|t:|1709408393\n|switch|p2a: Mesprit|Mesprit, L85|275/275|[from] U-turn\n|\n|upkeep\n|turn|2\n|\n|t:|1709408406\n|switch|p1a: Sableye|Sableye, L90, F|236/236\n|move|p2a: Mesprit|Psychic Noise|p1a: Sableye\n|-immune|p1a: Sableye\n|\n|upkeep\n|turn|3\n|\n|t:|1709408441\n|move|p2a: Mesprit|U-turn|p1a: Sableye\n|-damage|p1a: Sableye|175/236\n|\n|t:|1709408444\n|switch|p2a: Archaludon|Archaludon, L79, M|272/272|[from] U-turn\n|move|p1a: Sableye|Foul Play|p2a: Archaludon\n|-damage|p2a: Archaludon|206/272\n|-ability|p2a: Archaludon|Stamina|boost\n|-boost|p2a: Archaludon|def|1\n|\n|-heal|p1a: Sableye|189/236|[from] item: Leftovers\n|upkeep\n|turn|4\n|\n|t:|1709408459\n|switch|p1a: Milotic|Milotic, L83, M|293/293\n|move|p2a: Archaludon|Thunderbolt|p1a: Milotic\n|-supereffective|p1a: Milotic\n|-damage|p1a: Milotic|181/293\n|\n|-heal|p1a: Milotic|199/293|[from] item: Leftovers\n|upkeep\n|turn|5\n|\n|t:|1709408466\n|switch|p2a: Blissey|Blissey, L84, F|566/566\n|move|p1a: Milotic|Scald|p2a: Blissey\n|-damage|p2a: Blissey|503/566\n|\n|-heal|p1a: Milotic|217/293|[from] item: Leftovers\n|-heal|p2a: Blissey|538/566|[from] item: Leftovers\n|upkeep\n|turn|6\n|\n|t:|1709408475\n|switch|p1a: Bellibolt|Bellibolt, L84, M|320/320\n|move|p2a: Blissey|Stealth Rock|p1a: Bellibolt\n|-sidestart|p1: pokeblade\u2606101|move: Stealth Rock\n|\n|-heal|p2a: Blissey|566/566|[from] item: Leftovers\n|upkeep\n|turn|7\n|\n|t:|1709408480\n|move|p2a: Blissey|Thunder Wave|p1a: Bellibolt\n|-immune|p1a: Bellibolt\n|move|p1a: Bellibolt|Thunderbolt|p2a: Blissey\n|-damage|p2a: Blissey|493/566\n|\n|-heal|p2a: Blissey|528/566|[from] item: Leftovers\n|upkeep\n|turn|8\n|c|\u2606Aqua|oh oops\n|c|\u2606Aqua|I forgot she's fast\n|\n|t:|1709408497\n|move|p2a: Blissey|Seismic Toss|p1a: Bellibolt\n|-damage|p1a: Bellibolt|236/320\n|-start|p1a: Bellibolt|Charge|Seismic Toss|[from] ability: Electromorphosis\n|move|p1a: Bellibolt|Toxic|p2a: Blissey|[miss]\n|-miss|p1a: Bellibolt|p2a: Blissey\n|\n|-heal|p2a: Blissey|563/566|[from] item: Leftovers\n|-heal|p1a: Bellibolt|256/320|[from] item: Leftovers\n|upkeep\n|turn|9\n|\n|t:|1709408503\n|move|p2a: Blissey|Seismic Toss|p1a: Bellibolt\n|-damage|p1a: Bellibolt|172/320\n|-start|p1a: Bellibolt|Charge|Seismic Toss|[from] ability: Electromorphosis\n|move|p1a: Bellibolt|Toxic|p2a: Blissey\n|-status|p2a: Blissey|tox\n|\n|-heal|p2a: Blissey|566/566 tox|[from] item: Leftovers\n|-heal|p1a: Bellibolt|192/320|[from] item: Leftovers\n|-damage|p2a: Blissey|531/566 tox|[from] psn\n|upkeep\n|turn|10\n|\n|t:|1709408510\n|move|p2a: Blissey|Seismic Toss|p1a: Bellibolt\n|-damage|p1a: Bellibolt|108/320\n|-start|p1a: Bellibolt|Charge|Seismic Toss|[from] ability: Electromorphosis\n|move|p1a: Bellibolt|Thunderbolt|p2a: Blissey\n|-damage|p2a: Blissey|386/566 tox\n|-end|p1a: Bellibolt|Charge|[silent]\n|\n|-heal|p2a: Blissey|421/566 tox|[from] item: Leftovers\n|-heal|p1a: Bellibolt|128/320|[from] item: Leftovers\n|-damage|p2a: Blissey|351/566 tox|[from] psn\n|upkeep\n|turn|11\n|\n|t:|1709408520\n|-curestatus|p2a: Blissey|tox|[from] ability: Natural Cure\n|switch|p2a: Goodra|Goodra-Hisui, L82, M|265/265\n|move|p1a: Bellibolt|Slack Off|p1a: Bellibolt\n|-heal|p1a: Bellibolt|288/320\n|\n|-heal|p1a: Bellibolt|308/320|[from] item: Leftovers\n|upkeep\n|turn|12\n|\n|t:|1709408534\n|move|p2a: Goodra|Draco Meteor|p1a: Bellibolt\n|-damage|p1a: Bellibolt|166/320\n|-unboost|p2a: Goodra|spa|2\n|-start|p1a: Bellibolt|Charge|Draco Meteor|[from] ability: Electromorphosis\n|move|p1a: Bellibolt|Thunderbolt|p2a: Goodra\n|-resisted|p2a: Goodra\n|-damage|p2a: Goodra|223/265\n|-end|p1a: Bellibolt|Charge|[silent]\n|\n|-heal|p1a: Bellibolt|186/320|[from] item: Leftovers\n|upkeep\n|turn|13\n|\n|t:|1709408539\n|move|p2a: Goodra|Earthquake|p1a: Bellibolt\n|-supereffective|p1a: Bellibolt\n|-damage|p1a: Bellibolt|56/320\n|-start|p1a: Bellibolt|Charge|Earthquake|[from] ability: Electromorphosis\n|move|p1a: Bellibolt|Slack Off|p1a: Bellibolt\n|-heal|p1a: Bellibolt|216/320\n|\n|-heal|p1a: Bellibolt|236/320|[from] item: Leftovers\n|upkeep\n|turn|14\n|\n|t:|1709408546\n|switch|p2a: Blissey|Blissey, L84, F|351/566\n|switch|p1a: Milotic|Milotic, L83, M|217/293\n|-damage|p1a: Milotic|181/293|[from] Stealth Rock\n|\n|-heal|p1a: Milotic|199/293|[from] item: Leftovers\n|-heal|p2a: Blissey|386/566|[from] item: Leftovers\n|upkeep\n|turn|15\n|\n|t:|1709408553\n|switch|p1a: Bellibolt|Bellibolt, L84, M|236/320\n|-damage|p1a: Bellibolt|196/320|[from] Stealth Rock\n|move|p2a: Blissey|Soft-Boiled|p2a: Blissey\n|-heal|p2a: Blissey|566/566\n|\n|-heal|p1a: Bellibolt|216/320|[from] item: Leftovers\n|upkeep\n|turn|16\n|\n|t:|1709408558\n|move|p2a: Blissey|Seismic Toss|p1a: Bellibolt\n|-damage|p1a: Bellibolt|132/320\n|-start|p1a: Bellibolt|Charge|Seismic Toss|[from] ability: Electromorphosis\n|move|p1a: Bellibolt|Toxic|p2a: Blissey\n|-status|p2a: Blissey|tox\n|\n|-heal|p1a: Bellibolt|152/320|[from] item: Leftovers\n|-damage|p2a: Blissey|531/566 tox|[from] psn\n|upkeep\n|turn|17\n|\n|t:|1709408562\n|move|p2a: Blissey|Seismic Toss|p1a: Bellibolt\n|-damage|p1a: Bellibolt|68/320\n|-start|p1a: Bellibolt|Charge|Seismic Toss|[from] ability: Electromorphosis\n|move|p1a: Bellibolt|Slack Off|p1a: Bellibolt\n|-heal|p1a: Bellibolt|228/320\n|\n|-heal|p2a: Blissey|566/566 tox|[from] item: Leftovers\n|-heal|p1a: Bellibolt|248/320|[from] item: Leftovers\n|-damage|p2a: Blissey|496/566 tox|[from] psn\n|upkeep\n|turn|18\n|\n|t:|1709408576\n|-curestatus|p2a: Blissey|tox|[from] ability: Natural Cure\n|switch|p2a: Goodra|Goodra-Hisui, L82, M|223/265\n|switch|p1a: Sableye|Sableye, L90, F|189/236\n|-damage|p1a: Sableye|160/236|[from] Stealth Rock\n|\n|-heal|p1a: Sableye|174/236|[from] item: Leftovers\n|upkeep\n|turn|19\n|j| hanjinlong1\n|\n|t:|1709408603\n|move|p1a: Sableye|Will-O-Wisp|p2a: Goodra\n|-status|p2a: Goodra|brn\n|move|p2a: Goodra|Draco Meteor|p1a: Sableye\n|-damage|p1a: Sableye|14/236\n|-unboost|p2a: Goodra|spa|2\n|\n|-heal|p1a: Sableye|28/236|[from] item: Leftovers\n|-damage|p2a: Goodra|207/265 brn|[from] brn\n|upkeep\n|turn|20\n|\n|t:|1709408613\n|switch|p2a: Archaludon|Archaludon, L79, M|206/272\n|move|p1a: Sableye|Recover|p1a: Sableye\n|-heal|p1a: Sableye|146/236\n|\n|-heal|p1a: Sableye|160/236|[from] item: Leftovers\n|upkeep\n|turn|21\n|\n|t:|1709408621\n|switch|p1a: Milotic|Milotic, L83, M|199/293\n|-damage|p1a: Milotic|163/293|[from] Stealth Rock\n|move|p2a: Archaludon|Flash Cannon|p1a: Milotic\n|-resisted|p1a: Milotic\n|-damage|p1a: Milotic|128/293\n|\n|-heal|p1a: Milotic|146/293|[from] item: Leftovers\n|upkeep\n|turn|22\n|\n|t:|1709408626\n|switch|p2a: Spidops|Spidops, L96, F|102/271\n|move|p1a: Milotic|Recover|p1a: Milotic\n|-heal|p1a: Milotic|293/293\n|\n|upkeep\n|turn|23\n|\n|t:|1709408631\n|move|p1a: Milotic|Scald|p2a: Spidops\n|-damage|p2a: Spidops|20/271\n|move|p2a: Spidops|Sticky Web|p1a: Milotic\n|-sidestart|p1: pokeblade\u2606101|move: Sticky Web\n|\n|upkeep\n|turn|24\n|\n|t:|1709408636\n|switch|p2a: Blissey|Blissey, L84, F|496/566\n|move|p1a: Milotic|Dragon Tail|p2a: Blissey\n|-damage|p2a: Blissey|415/566\n|drag|p2a: Keldeo|Keldeo-Resolute, L79|273/273\n|\n|upkeep\n|turn|25\n|\n|t:|1709408648\n|switch|p2a: Blissey|Blissey, L84, F|415/566\n|switch|p1a: Sableye|Sableye, L90, F|160/236\n|-damage|p1a: Sableye|131/236|[from] Stealth Rock\n|-activate|p1a: Sableye|move: Sticky Web\n|-unboost|p1a: Sableye|spe|1\n|\n|-heal|p2a: Blissey|450/566|[from] item: Leftovers\n|-heal|p1a: Sableye|145/236|[from] item: Leftovers\n|upkeep\n|turn|26\n|\n|t:|1709408654\n|move|p1a: Sableye|Taunt|p2a: Blissey\n|-start|p2a: Blissey|move: Taunt\n|cant|p2a: Blissey|move: Taunt|Thunder Wave\n|\n|-heal|p2a: Blissey|485/566|[from] item: Leftovers\n|-heal|p1a: Sableye|159/236|[from] item: Leftovers\n|upkeep\n|turn|27\n|\n|t:|1709408668\n|switch|p2a: Spidops|Spidops, L96, F|20/271\n|move|p1a: Sableye|Foul Play|p2a: Spidops\n|-damage|p2a: Spidops|0 fnt\n|faint|p2a: Spidops\n|\n|-heal|p1a: Sableye|173/236|[from] item: Leftovers\n|upkeep\n|\n|t:|1709408679\n|switch|p2a: Archaludon|Archaludon, L79, M|206/272\n|turn|28\n|\n|t:|1709408694\n|switch|p1a: Forretress|Forretress, L84, F|263/263\n|-damage|p1a: Forretress|231/263|[from] Stealth Rock\n|-activate|p1a: Forretress|move: Sticky Web\n|-unboost|p1a: Forretress|spe|1\n|move|p2a: Archaludon|Draco Meteor|p1a: Forretress\n|-resisted|p1a: Forretress\n|-damage|p1a: Forretress|137/263\n|-unboost|p2a: Archaludon|spa|2\n|\n|-heal|p1a: Forretress|153/263|[from] item: Leftovers\n|upkeep\n|turn|29\n|\n|t:|1709408713\n|switch|p2a: Mesprit|Mesprit, L85|275/275\n|move|p1a: Forretress|Rapid Spin|p2a: Mesprit\n|-damage|p2a: Mesprit|247/275\n|-boost|p1a: Forretress|spe|1\n|-sideend|p1: pokeblade\u2606101|Stealth Rock|[from] move: Rapid Spin|[of] p1a: Forretress\n|-sideend|p1: pokeblade\u2606101|Sticky Web|[from] move: Rapid Spin|[of] p1a: Forretress\n|\n|-heal|p2a: Mesprit|264/275|[from] item: Leftovers\n|-heal|p1a: Forretress|169/263|[from] item: Leftovers\n|upkeep\n|turn|30\n|\n|t:|1709408720\n|move|p2a: Mesprit|Knock Off|p1a: Forretress\n|-damage|p1a: Forretress|118/263\n|-enditem|p1a: Forretress|Leftovers|[from] move: Knock Off|[of] p2a: Mesprit\n|move|p1a: Forretress|Stealth Rock|p2a: Mesprit\n|-sidestart|p2: Aqua|move: Stealth Rock\n|\n|-heal|p2a: Mesprit|275/275|[from] item: Leftovers\n|upkeep\n|turn|31\n|\n|t:|1709408737\n|move|p2a: Mesprit|Knock Off|p1a: Forretress\n|-damage|p1a: Forretress|83/263\n|move|p1a: Forretress|Volt Switch|p2a: Mesprit\n|-damage|p2a: Mesprit|245/275\n|\n|t:|1709408744\n|switch|p1a: Sableye|Sableye, L90, F|173/236|[from] Volt Switch\n|\n|-heal|p2a: Mesprit|262/275|[from] item: Leftovers\n|-heal|p1a: Sableye|187/236|[from] item: Leftovers\n|upkeep\n|turn|32\n|\n|t:|1709408784\n|move|p2a: Mesprit|Knock Off|p1a: Sableye\n|-damage|p1a: Sableye|100/236\n|-enditem|p1a: Sableye|Leftovers|[from] move: Knock Off|[of] p2a: Mesprit\n|move|p1a: Sableye|Foul Play|p2a: Mesprit\n|-supereffective|p2a: Mesprit\n|-damage|p2a: Mesprit|50/275\n|\n|-heal|p2a: Mesprit|67/275|[from] item: Leftovers\n|upkeep\n|turn|33\n|\n|t:|1709408793\n|move|p1a: Sableye|Will-O-Wisp|p2a: Mesprit\n|-status|p2a: Mesprit|brn\n|move|p2a: Mesprit|Encore|p1a: Sableye\n|-start|p1a: Sableye|Encore\n|\n|-heal|p2a: Mesprit|84/275 brn|[from] item: Leftovers\n|-damage|p2a: Mesprit|67/275 brn|[from] brn\n|upkeep\n|turn|34\n|\n|t:|1709408799\n|move|p1a: Sableye|Will-O-Wisp|p2a: Mesprit\n|-fail|p2a: Mesprit|brn\n|move|p2a: Mesprit|U-turn|p1a: Sableye\n|-damage|p1a: Sableye|72/236\n|c|\u2606Aqua|!randbats blissey\n\n|c|+Aqua|/raw <div class=\"infobox\"><span style=\"color:#999999;\">Moves for Blissey in [Gen 9] Random Battle:</span><br/><b>Level</b>: 84<details open><summary>Bulky Support</summary><b>Tera Types</b>: Fairy, Ghost, Poison, Steel<br/><b>Moves</b>: <a href=\"https://dex.pokemonshowdown.com/moves/healbell\" target=\"_blank\" class=\"subtle\" style=\"white-space:nowrap\">Heal Bell</a>, <a href=\"https://dex.pokemonshowdown.com/moves/seismictoss\" target=\"_blank\" class=\"subtle\" style=\"white-space:nowrap\">Seismic Toss</a>, <a href=\"https://dex.pokemonshowdown.com/moves/softboiled\" target=\"_blank\" class=\"subtle\" style=\"white-space:nowrap\">Soft-Boiled</a>, <a href=\"https://dex.pokemonshowdown.com/moves/stealthrock\" target=\"_blank\" class=\"subtle\" style=\"white-space:nowrap\">Stealth Rock</a>, <a href=\"https://dex.pokemonshowdown.com/moves/thunderwave\" target=\"_blank\" class=\"subtle\" style=\"white-space:nowrap\">Thunder Wave</a></details></div>\n|j| PeaTSD\n|c|\u2606Aqua|I never see this thing with heal bell\n|c|\u2606pokeblade\u2606101|i have\n|\n|t:|1709408870\n|switch|p2a: Blissey|Blissey, L84, F|485/566|[from] U-turn\n|-damage|p2a: Blissey|415/566|[from] Stealth Rock\n|\n|-heal|p2a: Blissey|450/566|[from] item: Leftovers\n|upkeep\n|turn|35\n|\n|t:|1709408878\n|switch|p1a: Forretress|Forretress, L84, F|83/263\n|move|p2a: Blissey|Stealth Rock|p1a: Forretress\n|-sidestart|p1: pokeblade\u2606101|move: Stealth Rock\n|\n|-heal|p2a: Blissey|485/566|[from] item: Leftovers\n|upkeep\n|turn|36\n|\n|t:|1709408883\n|move|p2a: Blissey|Seismic Toss|p1a: Forretress\n|-damage|p1a: Forretress|0 fnt\n|faint|p1a: Forretress\n|\n|-heal|p2a: Blissey|520/566|[from] item: Leftovers\n|upkeep\n|c|\u2606pokeblade\u2606101|whoops\n|c|\u2606pokeblade\u2606101|i didnt check that\n|\n|t:|1709408899\n|switch|p1a: Breloom|Breloom, L82, M|111/233\n|-damage|p1a: Breloom|97/233|[from] Stealth Rock\n|turn|37\n|\n|t:|1709408927\n|move|p1a: Breloom|Mach Punch|p2a: Blissey\n|-supereffective|p2a: Blissey\n|-damage|p2a: Blissey|0 fnt\n|faint|p2a: Blissey\n|-damage|p1a: Breloom|74/233|[from] item: Life Orb\n|\n|upkeep\n|\n|t:|1709408939\n|switch|p2a: Archaludon|Archaludon, L79, M|206/272\n|-damage|p2a: Archaludon|189/272|[from] Stealth Rock\n|turn|38\n|\n|t:|1709408959\n|switch|p1a: Milotic|Milotic, L83, M|293/293\n|-damage|p1a: Milotic|257/293|[from] Stealth Rock\n|move|p2a: Archaludon|Flash Cannon|p1a: Milotic\n|-resisted|p1a: Milotic\n|-damage|p1a: Milotic|218/293\n|\n|-heal|p1a: Milotic|236/293|[from] item: Leftovers\n|upkeep\n|turn|39\n|\n|t:|1709408962\n|move|p1a: Milotic|Scald|p2a: Archaludon\n|-resisted|p2a: Archaludon\n|-damage|p2a: Archaludon|151/272\n|-status|p2a: Archaludon|brn\n|-ability|p2a: Archaludon|Stamina|boost\n|-boost|p2a: Archaludon|def|1\n|move|p2a: Archaludon|Thunderbolt|p1a: Milotic\n|-supereffective|p1a: Milotic\n|-damage|p1a: Milotic|132/293\n|\n|-heal|p1a: Milotic|150/293|[from] item: Leftovers\n|-damage|p2a: Archaludon|134/272 brn|[from] brn\n|upkeep\n|turn|40\n|\n|t:|1709408968\n|move|p1a: Milotic|Scald|p2a: Archaludon\n|-resisted|p2a: Archaludon\n|-damage|p2a: Archaludon|97/272 brn\n|-ability|p2a: Archaludon|Stamina|boost\n|-boost|p2a: Archaludon|def|1\n|move|p2a: Archaludon|Thunderbolt|p1a: Milotic\n|-supereffective|p1a: Milotic\n|-damage|p1a: Milotic|40/293\n|-status|p1a: Milotic|par\n|\n|-heal|p1a: Milotic|58/293 par|[from] item: Leftovers\n|-damage|p2a: Archaludon|80/272 brn|[from] brn\n|upkeep\n|turn|41\n|\n|t:|1709408972\n|move|p2a: Archaludon|Thunderbolt|p1a: Milotic\n|-supereffective|p1a: Milotic\n|-damage|p1a: Milotic|0 fnt\n|faint|p1a: Milotic\n|\n|-damage|p2a: Archaludon|63/272 brn|[from] brn\n|upkeep\n|\n|t:|1709408978\n|switch|p1a: Sableye|Sableye, L90, F|72/236\n|-damage|p1a: Sableye|43/236|[from] Stealth Rock\n|turn|42\n|\n|t:|1709408985\n|move|p1a: Sableye|Recover|p1a: Sableye\n|-heal|p1a: Sableye|161/236\n|move|p2a: Archaludon|Flash Cannon|p1a: Sableye\n|-damage|p1a: Sableye|61/236\n|\n|-damage|p2a: Archaludon|46/272 brn|[from] brn\n|upkeep\n|turn|43\n|\n|t:|1709409009\n|move|p1a: Sableye|Recover|p1a: Sableye\n|-heal|p1a: Sableye|179/236\n|move|p2a: Archaludon|Flash Cannon|p1a: Sableye\n|-damage|p1a: Sableye|77/236\n|\n|-damage|p2a: Archaludon|29/272 brn|[from] brn\n|upkeep\n|turn|44\n|\n|t:|1709409019\n|switch|p1a: Bellibolt|Bellibolt, L84, M|248/320\n|-damage|p1a: Bellibolt|208/320|[from] Stealth Rock\n|move|p2a: Archaludon|Flash Cannon|p1a: Bellibolt\n|-resisted|p1a: Bellibolt\n|-damage|p1a: Bellibolt|157/320\n|-start|p1a: Bellibolt|Charge|Flash Cannon|[from] ability: Electromorphosis\n|\n|-heal|p1a: Bellibolt|177/320|[from] item: Leftovers\n|-damage|p2a: Archaludon|12/272 brn|[from] brn\n|upkeep\n|turn|45\n|\n|t:|1709409036\n|switch|p2a: Mesprit|Mesprit, L85|67/275 brn\n|-damage|p2a: Mesprit|33/275 brn|[from] Stealth Rock\n|move|p1a: Bellibolt|Slack Off|p1a: Bellibolt\n|-heal|p1a: Bellibolt|320/320\n|\n|-heal|p2a: Mesprit|50/275 brn|[from] item: Leftovers\n|-damage|p2a: Mesprit|33/275 brn|[from] brn\n|upkeep\n|turn|46\n|\n|t:|1709409045\n|switch|p1a: Sableye|Sableye, L90, F|77/236\n|-damage|p1a: Sableye|48/236|[from] Stealth Rock\n|move|p2a: Mesprit|Encore||[still]\n|-fail|p2a: Mesprit\n|\n|-heal|p2a: Mesprit|50/275 brn|[from] item: Leftovers\n|-damage|p2a: Mesprit|33/275 brn|[from] brn\n|upkeep\n|turn|47\n|\n|t:|1709409070\n|move|p1a: Sableye|Taunt|p2a: Mesprit\n|-start|p2a: Mesprit|move: Taunt\n|move|p2a: Mesprit|U-turn|p1a: Sableye\n|-damage|p1a: Sableye|20/236\n|\n|t:|1709409076\n|switch|p2a: Goodra|Goodra-Hisui, L82, M|207/265 brn|[from] U-turn\n|-damage|p2a: Goodra|191/265 brn|[from] Stealth Rock\n|\n|-damage|p2a: Goodra|175/265 brn|[from] brn\n|upkeep\n|turn|48\n|\n|t:|1709409095\n|move|p1a: Sableye|Recover|p1a: Sableye\n|-heal|p1a: Sableye|138/236\n|move|p2a: Goodra|Draco Meteor|p1a: Sableye\n|-damage|p1a: Sableye|0 fnt\n|-unboost|p2a: Goodra|spa|2\n|faint|p1a: Sableye\n|\n|-damage|p2a: Goodra|159/265 brn|[from] brn\n|upkeep\n|\n|t:|1709409178\n|switch|p1a: Breloom|Breloom, L82, M|74/233\n|-damage|p1a: Breloom|60/233|[from] Stealth Rock\n|turn|49\n|\n|t:|1709409230\n|switch|p2a: Archaludon|Archaludon, L79, M|12/272 brn\n|-damage|p2a: Archaludon|0 fnt|[from] Stealth Rock\n|faint|p2a: Archaludon\n|move|p1a: Breloom|Mach Punch|p2: Archaludon|[notarget]\n|-fail|p1a: Breloom\n|\n|upkeep\n|\n|t:|1709409235\n|switch|p2a: Keldeo|Keldeo-Resolute, L79|273/273\n|-damage|p2a: Keldeo|256/273|[from] Stealth Rock\n|turn|50\n|j| ixcesnate\n|l| ixcesnate\n|l| hanjinlong1\n|j| hanjinlong1\n|\n|t:|1709409310\n|-terastallize|p1a: Breloom|Fighting\n|move|p2a: Keldeo|Vacuum Wave|p1a: Breloom\n|-damage|p1a: Breloom|0 fnt\n|faint|p1a: Breloom\n|-damage|p2a: Keldeo|229/273|[from] item: Life Orb\n|\n|upkeep\n|c|\u2606pokeblade\u2606101|oh\n|c|\u2606pokeblade\u2606101|right\n|\n|t:|1709409320\n|switch|p1a: Mew|Mew, L82|298/298\n|-damage|p1a: Mew|261/298|[from] Stealth Rock\n|turn|51\n|\n|t:|1709409332\n|-terastallize|p2a: Keldeo|Water\n|move|p2a: Keldeo|Calm Mind|p2a: Keldeo\n|-boost|p2a: Keldeo|spa|1\n|-boost|p2a: Keldeo|spd|1\n|move|p1a: Mew|Psychic Fangs|p2a: Keldeo\n|-damage|p2a: Keldeo|115/273\n|-damage|p1a: Mew|232/298|[from] item: Life Orb\n|\n|upkeep\n|turn|52\n|\n|t:|1709409338\n|move|p2a: Keldeo|Hydro Pump|p1a: Mew\n|-damage|p1a: Mew|0 fnt\n|faint|p1a: Mew\n|-damage|p2a: Keldeo|88/273|[from] item: Life Orb\n|\n|upkeep\n|\n|t:|1709409340\n|switch|p1a: Bellibolt|Bellibolt, L84, M|320/320\n|-damage|p1a: Bellibolt|280/320|[from] Stealth Rock\n|turn|53\n|c|\u2606pokeblade\u2606101|idk why i forgot about vacuum wave lmao fuck\n|c|\u2606Aqua|mmm\n|\n|t:|1709409447\n|move|p2a: Keldeo|Secret Sword|p1a: Bellibolt\n|-damage|p1a: Bellibolt|99/320\n|-start|p1a: Bellibolt|Charge|Secret Sword|[from] ability: Electromorphosis\n|-damage|p2a: Keldeo|61/273|[from] item: Life Orb\n|move|p1a: Bellibolt|Thunderbolt|p2a: Keldeo\n|-supereffective|p2a: Keldeo\n|-damage|p2a: Keldeo|0 fnt\n|faint|p2a: Keldeo\n|-end|p1a: Bellibolt|Charge|[silent]\n|\n|-heal|p1a: Bellibolt|119/320|[from] item: Leftovers\n|upkeep\n|\n|t:|1709409461\n|switch|p2a: Goodra|Goodra-Hisui, L82, M|159/265 brn\n|-damage|p2a: Goodra|143/265 brn|[from] Stealth Rock\n|turn|54\n|j| lucas_needahug\n|\n|t:|1709409465\n|move|p2a: Goodra|Draco Meteor|p1a: Bellibolt\n|-damage|p1a: Bellibolt|0 fnt\n|-unboost|p2a: Goodra|spa|2\n|faint|p1a: Bellibolt\n|\n|win|Aqua\n|raw|pokeblade\u2606101's rating: 2259 &rarr; <strong>2239</strong><br />(-20 for losing)\n|raw|Aqua's rating: 2264 &rarr; <strong>2284</strong><br />(+20 for winning)\n|l| hanjinlong1\n", "inputlog": ">version c4ae0cf9f41f905e887269426d9f7fc3e478d0c6\n>start {\"formatid\":\"gen9randombattle\",\"seed\":[25082,62654,6731,13011],\"rated\":\"Rated battle\"}\n>player p1 {\"name\":\"pokeblade\u2606101\",\"avatar\":\"#rbtt7teamchiyu\",\"rating\":2259,\"seed\":[60453,12846,9062,11943]}\n>player p2 {\"name\":\"Aqua\",\"avatar\":\"#rbtt6teamlatiasf\",\"rating\":2264,\"seed\":[64372,29239,16592,21782]}\n>chat \u2606pokeblade\u2606101|oh\n>chat \u2606pokeblade\u2606101|oops\n>chat \u2606Aqua|ah\n>chat \u2606pokeblade\u2606101|probably should have given it a few\n>chat \u2606pokeblade\u2606101|but that tauros just ruined my game\n>chat \u2606pokeblade\u2606101|i should have just gone to wugtrio immediately\n>chat \u2606Aqua|rip\n>chat \u2606pokeblade\u2606101|this is what happens when u rely on tera\n>p1 move rocktomb\n>p2 move uturn\n>p2 switch 4\n>p1 switch 5\n>p2 move psychicnoise\n>p1 move foulplay\n>p2 move uturn\n>p2 switch 3\n>p1 switch 3\n>p2 move thunderbolt\n>p1 move scald\n>p2 switch 2\n>p1 switch 6\n>p2 move stealthrock\n>p1 move thunderbolt\n>p2 move thunderwave\n>chat \u2606Aqua|oh oops\n>chat \u2606Aqua|I forgot she's fast\n>p1 move toxic\n>p2 move seismictoss\n>p1 move toxic\n>p2 move seismictoss\n>p1 move thunderbolt\n>p2 move seismictoss\n>p1 move slackoff\n>p2 switch 6\n>p1 move thunderbolt\n>p2 move dracometeor\n>p1 move slackoff\n>p2 move earthquake\n>p1 switch 6\n>p2 switch 6\n>p1 switch 6\n>p2 move softboiled\n>p1 move toxic\n>p2 move seismictoss\n>p1 move slackoff\n>p2 move seismictoss\n>p1 switch 3\n>p2 switch 6\n>p1 move willowisp\n>p2 move dracometeor\n>p1 move recover\n>p2 switch 2\n>p1 switch 6\n>p2 move flashcannon\n>p1 move recover\n>p2 switch 4\n>p1 move scald\n>p2 move stickyweb\n>p1 move dragontail\n>p2 switch 6\n>p1 switch 6\n>p2 switch 5\n>p1 move taunt\n>p2 move thunderwave\n>p1 move foulplay\n>p2 switch 6\n>p2 switch 4\n>p1 switch 2\n>p2 move dracometeor\n>p1 move rapidspin\n>p2 switch 3\n>p1 move stealthrock\n>p2 move knockoff\n>p1 move voltswitch\n>p2 move knockoff\n>p1 switch 2\n>p1 move foulplay\n>p2 move knockoff\n>p1 move willowisp\n>p2 move encore\n>p1 move willowisp\n>p2 move uturn\n>chat \u2606Aqua|!randbats blissey\n>chat \u2606Aqua|I never see this thing with heal bell\n>chat \u2606pokeblade\u2606101|i have\n>p2 switch 6\n>p1 switch 2\n>p2 move stealthrock\n>p1 move rapidspin\n>p2 move seismictoss\n>chat \u2606pokeblade\u2606101|whoops\n>chat \u2606pokeblade\u2606101|i didnt check that\n>p1 switch 5\n>p1 move machpunch\n>p2 move seismictoss\n>p2 switch 3\n>p1 switch 6\n>p2 move flashcannon\n>p1 move scald\n>p2 move thunderbolt\n>p1 move scald\n>p2 move thunderbolt\n>p1 move scald\n>p2 move thunderbolt\n>p1 switch 2\n>p1 move recover\n>p2 move flashcannon\n>p1 move recover\n>p2 move flashcannon\n>p1 switch 3\n>p2 move flashcannon\n>p1 move slackoff\n>p2 switch 6\n>p1 switch 3\n>p2 move encore\n>p1 move taunt\n>p2 move uturn\n>p2 switch 2\n>p1 move recover\n>p2 move dracometeor\n>p1 switch 6\n>p1 move machpunch\n>p2 switch 6\n>p2 switch 5\n>p1 move machpunch terastallize\n>p2 move vacuumwave\n>chat \u2606pokeblade\u2606101|oh\n>chat \u2606pokeblade\u2606101|right\n>p1 switch 4\n>p1 move psychicfangs\n>p2 move calmmind terastallize\n>p1 move psychicfangs\n>p2 move hydropump\n>p1 switch 3\n>chat \u2606pokeblade\u2606101|idk why i forgot about vacuum wave lmao fuck\n>chat \u2606Aqua|mmm\n>p1 move thunderbolt\n>p2 move secretsword\n>p2 switch 6\n>p1 move slackoff\n>p2 move dracometeor", "uploadtime": 1709409483, "views": 265, "formatid": "gen9randombattle", "rating": 2239, "private": 0, "password": null}