{"id": "gen9randombattle-2260777453", "format": "[Gen 9] Random Battle", "players": ["SageKaiju", "Meats N Balls"], "log": "|j|\u2606SageKaiju\n|j|\u2606Meats N Balls\n|t:|1733890518\n|gametype|singles\n|player|p1|SageKaiju|ghetsis-gen5bw|1576\n|player|p2|Meats N Balls|n|1580\n|teamsize|p1|6\n|teamsize|p2|6\n|gen|9\n|tier|[Gen 9] Random Battle\n|rated|\n|rule|Species Clause: Limit one of each Pok\u00e9mon\n|rule|HP Percentage Mod: HP is shown in percentages\n|rule|Sleep Clause Mod: Limit one foe put to sleep\n|rule|Illusion Level Mod: Illusion disguises the Pok\u00e9mon's true level\n|\n|t:|1733890518\n|start\n|switch|p1a: Zekrom|Zekrom, L71|259/259\n|switch|p2a: Honchkrow|Honchkrow, L86, F|312/312\n|-ability|p1a: Zekrom|Teravolt\n|turn|1\n|inactive|Battle timer is ON: inactive players will automatically lose when time's up. (requested by SageKaiju)\n|\n|t:|1733890544\n|move|p2a: Honchkrow|Lash Out|p1a: Zekrom\n|-damage|p1a: Zekrom|163/259\n|move|p1a: Zekrom|Substitute|p1a: Zekrom\n|-start|p1a: Zekrom|Substitute\n|-damage|p1a: Zekrom|99/259\n|\n|-heal|p1a: Zekrom|115/259|[from] item: Leftovers\n|upkeep\n|turn|2\n|\n|t:|1733890555\n|move|p2a: Honchkrow|Lash Out|p1a: Zekrom\n|-end|p1a: Zekrom|Substitute\n|move|p1a: Zekrom|Dragon Dance|p1a: Zekrom\n|-boost|p1a: Zekrom|atk|1\n|-boost|p1a: Zekrom|spe|1\n|\n|-heal|p1a: Zekrom|131/259|[from] item: Leftovers\n|upkeep\n|turn|3\n|\n|t:|1733890561\n|move|p1a: Zekrom|Substitute|p1a: Zekrom\n|-start|p1a: Zekrom|Substitute\n|-damage|p1a: Zekrom|67/259\n|move|p2a: Honchkrow|Lash Out|p1a: Zekrom\n|-end|p1a: Zekrom|Substitute\n|\n|-heal|p1a: Zekrom|83/259|[from] item: Leftovers\n|upkeep\n|turn|4\n|\n|t:|1733890566\n|move|p2a: Honchkrow|Sucker Punch|p1a: Zekrom\n|-crit|p1a: Zekrom\n|-damage|p1a: Zekrom|0 fnt\n|faint|p1a: Zekrom\n|-ability|p2a: Honchkrow|Moxie|boost\n|-boost|p2a: Honchkrow|atk|1\n|\n|upkeep\n|\n|t:|1733890569\n|switch|p1a: Pawmot|Pawmot, L80, M|243/243\n|turn|5\n|\n|t:|1733890576\n|move|p1a: Pawmot|Double Shock|p2a: Honchkrow\n|-supereffective|p2a: Honchkrow\n|-damage|p2a: Honchkrow|0 fnt\n|-start|p1a: Pawmot|typechange|???/Fighting|[from] move: Double Shock\n|faint|p2a: Honchkrow\n|-damage|p1a: Pawmot|219/243|[from] item: Life Orb\n|\n|upkeep\n|\n|t:|1733890580\n|switch|p2a: Noivern|Noivern, L82, M|274/274\n|turn|6\n|\n|t:|1733890582\n|move|p2a: Noivern|Hurricane|p1a: Pawmot\n|-supereffective|p1a: Pawmot\n|-damage|p1a: Pawmot|0 fnt\n|faint|p1a: Pawmot\n|\n|upkeep\n|\n|t:|1733890586\n|switch|p1a: Chandelure|Chandelure, L83, M|235/235\n|turn|7\n|\n|t:|1733890601\n|switch|p2a: Chansey|Chansey, L85, F|564/564\n|move|p1a: Chandelure|Shadow Ball|p2a: Chansey\n|-immune|p2a: Chansey\n|\n|upkeep\n|turn|8\n|\n|t:|1733890613\n|move|p1a: Chandelure|Calm Mind|p1a: Chandelure\n|-boost|p1a: Chandelure|spa|1\n|-boost|p1a: Chandelure|spd|1\n|move|p2a: Chansey|Thunder Wave|p1a: Chandelure\n|-status|p1a: Chandelure|par\n|\n|upkeep\n|turn|9\n|\n|t:|1733890624\n|switch|p2a: Hitmonchan|Hitmonchan, L87, M|229/229\n|move|p1a: Chandelure|Calm Mind|p1a: Chandelure\n|-boost|p1a: Chandelure|spa|1\n|-boost|p1a: Chandelure|spd|1\n|\n|upkeep\n|turn|10\n|\n|t:|1733890627\n|move|p2a: Hitmonchan|Knock Off|p1a: Chandelure\n|-supereffective|p1a: Chandelure\n|-damage|p1a: Chandelure|45/235 par\n|-enditem|p1a: Chandelure|Heavy-Duty Boots|[from] move: Knock Off|[of] p2a: Hitmonchan\n|-damage|p2a: Hitmonchan|207/229|[from] item: Life Orb\n|cant|p1a: Chandelure|par\n|\n|upkeep\n|turn|11\n|\n|t:|1733890631\n|move|p2a: Hitmonchan|Knock Off|p1a: Chandelure\n|-supereffective|p1a: Chandelure\n|-damage|p1a: Chandelure|0 fnt\n|-status|p2a: Hitmonchan|brn|[from] ability: Flame Body|[of] p1a: Chandelure\n|faint|p1a: Chandelure\n|-damage|p2a: Hitmonchan|185/229 brn|[from] item: Life Orb\n|\n|-damage|p2a: Hitmonchan|171/229 brn|[from] brn\n|upkeep\n|\n|t:|1733890644\n|switch|p1a: Wugtrio|Wugtrio, L91, F|212/212\n|turn|12\n|\n|t:|1733890657\n|move|p1a: Wugtrio|Liquidation|p2a: Hitmonchan\n|-damage|p2a: Hitmonchan|9/229 brn\n|move|p2a: Hitmonchan|Knock Off|p1a: Wugtrio\n|-damage|p1a: Wugtrio|138/212\n|-ability|p1a: Wugtrio|Gooey\n|-unboost|p2a: Hitmonchan|spe|1\n|-enditem|p1a: Wugtrio|Choice Band|[from] move: Knock Off|[of] p2a: Hitmonchan\n|-damage|p2a: Hitmonchan|0 fnt|[from] item: Life Orb\n|faint|p2a: Hitmonchan\n|\n|upkeep\n|\n|t:|1733890669\n|switch|p2a: Metagross|Metagross, L79|256/256\n|turn|13\n|\n|t:|1733890673\n|move|p1a: Wugtrio|Stomping Tantrum|p2a: Metagross\n|-supereffective|p2a: Metagross\n|-damage|p2a: Metagross|162/256\n|-enditem|p2a: Metagross|Weakness Policy\n|-boost|p2a: Metagross|atk|2|[from] item: Weakness Policy\n|-boost|p2a: Metagross|spa|2|[from] item: Weakness Policy\n|move|p2a: Metagross|Agility|p2a: Metagross\n|-boost|p2a: Metagross|spe|2\n|\n|upkeep\n|turn|14\n|\n|t:|1733890677\n|move|p2a: Metagross|Psychic Fangs|p1a: Wugtrio\n|-damage|p1a: Wugtrio|0 fnt\n|-ability|p1a: Wugtrio|Gooey\n|-fail|p2a: Metagross|unboost|[from] ability: Clear Body|[of] p2a: Metagross\n|faint|p1a: Wugtrio\n|\n|upkeep\n|\n|t:|1733890683\n|switch|p1a: Barraskewda|Barraskewda, L81, F|231/231\n|turn|15\n|inactive|Meats N Balls has 120 seconds left.\n|\n|t:|1733890728\n|move|p2a: Metagross|Psychic Fangs|p1a: Barraskewda\n|-damage|p1a: Barraskewda|0 fnt\n|faint|p1a: Barraskewda\n|\n|upkeep\n|\n|t:|1733890742\n|switch|p1a: Hoopa|Hoopa-Unbound, L80|259/259\n|turn|16\n|inactive|Meats N Balls has 120 seconds left.\n|\n|t:|1733890757\n|-terastallize|p2a: Metagross|Ground\n|move|p2a: Metagross|Earthquake|p1a: Hoopa\n|-damage|p1a: Hoopa|0 fnt\n|faint|p1a: Hoopa\n|\n|win|Meats N Balls\n|raw|SageKaiju's rating: 1576 &rarr; <strong>1556</strong><br />(-20 for losing)\n|raw|Meats N Balls's rating: 1580 &rarr; <strong>1600</strong><br />(+20 for winning)\n", "inputlog": ">version bfd83cad13791eb5a5a409923076391caf6fb4d4\n>start {\"formatid\":\"gen9randombattle\",\"seed\":[54855,23694,43368,12311],\"rated\":\"Rated battle\"}\n>player p1 {\"name\":\"SageKaiju\",\"avatar\":\"ghetsis-gen5bw\",\"rating\":1576,\"seed\":[56111,28608,15446,45682]}\n>player p2 {\"name\":\"Meats N Balls\",\"avatar\":\"n\",\"rating\":1580,\"seed\":[47017,31334,57526,11955]}\n>p1 move substitute\n>p2 move lashout\n>p1 move dragondance\n>p2 move lashout\n>p1 move substitute\n>p2 move lashout\n>p1 move outrage\n>p2 move suckerpunch\n>p1 switch 3\n>p1 move doubleshock\n>p2 move bravebird\n>p2 switch 2\n>p1 move revivalblessing\n>p2 move hurricane\n>p1 switch 6\n>p1 move shadowball\n>p2 switch 5\n>p1 move calmmind\n>p2 move thunderwave\n>p1 move calmmind\n>p2 switch 3\n>p1 move shadowball\n>p2 move knockoff\n>p1 move fireblast\n>p2 move knockoff\n>p1 switch 4\n>p1 move liquidation\n>p2 move knockoff\n>p2 switch 4\n>p1 move stompingtantrum\n>p2 move agility\n>p1 move stompingtantrum\n>p2 move psychicfangs\n>p1 switch 2\n>p1 move waterfall\n>p2 move psychicfangs\n>p1 switch 5\n>p1 move hyperspacefury\n>p2 move earthquake terastallize", "uploadtime": 1733890761, "views": 12, "formatid": "gen9randombattle", "rating": 1556, "private": 0, "password": null}