{"id": "gen9randombattle-2142324510", "format": "[Gen 9] Random Battle", "players": ["LT_Alt1", "Superpascal"], "log": "|badge|p1|bronze|gen9randombattle|100-1\n|uhtml|medal-msg|<div class=\"broadcast-blue\">Curious what those medals under the avatar are? PS now has Ladder Seasons! For more information, check out the <a href=\"https://www.smogon.com/forums/threads/3740067/\">thread on Smogon.</a></div>\n|j|\u203dLT_Alt1\n|j|\u2606Superpascal\n|t:|1718250644\n|gametype|singles\n|player|p1|LT_Alt1|265|2308\n|player|p2|Superpascal|blue|2240\n|teamsize|p1|6\n|teamsize|p2|6\n|gen|9\n|tier|[Gen 9] Random Battle\n|rated|\n|rule|Species Clause: Limit one of each Pok\u00e9mon\n|rule|HP Percentage Mod: HP is shown in percentages\n|rule|Sleep Clause Mod: Limit one foe put to sleep\n|rule|Illusion Level Mod: Illusion disguises the Pok\u00e9mon's true level\n|\n|t:|1718250644\n|start\n|switch|p1a: Darkrai|Darkrai, L76|231/231\n|switch|p2a: Barraskewda|Barraskewda, L81, M|231/231\n|turn|1\n|inactive|Battle timer is ON: inactive players will automatically lose when time's up. (requested by LT_Alt1)\n|\n|t:|1718250658\n|switch|p1a: Torkoal|Torkoal, L88, M|266/266\n|-weather|SunnyDay|[from] ability: Drought|[of] p1a: Torkoal\n|move|p2a: Barraskewda|Close Combat|p1a: Torkoal\n|-damage|p1a: Torkoal|167/266\n|-unboost|p2a: Barraskewda|def|1\n|-unboost|p2a: Barraskewda|spd|1\n|\n|-weather|SunnyDay|[upkeep]\n|upkeep\n|turn|2\n|\n|t:|1718250688\n|switch|p2a: Delphox|Delphox, L84, F|263/263\n|move|p1a: Torkoal|Lava Plume|p2a: Delphox\n|-resisted|p2a: Delphox\n|-damage|p2a: Delphox|206/263\n|\n|-weather|SunnyDay|[upkeep]\n|upkeep\n|turn|3\n|\n|t:|1718250701\n|move|p2a: Delphox|Fire Blast|p1a: Torkoal\n|-resisted|p1a: Torkoal\n|-damage|p1a: Torkoal|63/266\n|move|p1a: Torkoal|Earthquake|p2a: Delphox\n|-supereffective|p2a: Delphox\n|-crit|p2a: Delphox\n|-damage|p2a: Delphox|0 fnt\n|faint|p2a: Delphox\n|\n|-weather|SunnyDay|[upkeep]\n|upkeep\n|inactive|Superpascal has 120 seconds left.\n|\n|t:|1718250721\n|switch|p2a: Barraskewda|Barraskewda, L81, M|231/231\n|turn|4\n|\n|t:|1718250733\n|switch|p1a: Armarouge|Armarouge, L81, F|270/270\n|move|p2a: Barraskewda|Waterfall|p1a: Armarouge\n|-supereffective|p1a: Armarouge\n|-damage|p1a: Armarouge|130/270\n|-ability|p1a: Armarouge|Weak Armor|boost\n|-unboost|p1a: Armarouge|def|1\n|-boost|p1a: Armarouge|spe|2\n|\n|-weather|SunnyDay|[upkeep]\n|upkeep\n|turn|5\n|\n|t:|1718250762\n|switch|p2a: Jumpluff|Jumpluff, L87, F|271/271\n|move|p1a: Armarouge|Armor Cannon|p2a: Jumpluff\n|-supereffective|p2a: Jumpluff\n|-damage|p2a: Jumpluff|0 fnt\n|-unboost|p1a: Armarouge|def|1\n|-unboost|p1a: Armarouge|spd|1\n|faint|p2a: Jumpluff\n|\n|-weather|none\n|upkeep\n|inactive|Superpascal has 90 seconds left.\n|\n|t:|1718250792\n|switch|p2a: Mimikyu|Mimikyu, L79, M|216/216\n|turn|6\n|\n|t:|1718250797\n|move|p1a: Armarouge|Armor Cannon|p2a: Mimikyu\n|-activate|p2a: Mimikyu|ability: Disguise\n|-damage|p2a: Mimikyu|216/216\n|-unboost|p1a: Armarouge|def|1\n|-unboost|p1a: Armarouge|spd|1\n|detailschange|p2a: Mimikyu|Mimikyu-Busted, L79, M\n|-damage|p2a: Mimikyu|189/216|[from] pokemon: Mimikyu-Busted\n|move|p2a: Mimikyu|Swords Dance|p2a: Mimikyu\n|-boost|p2a: Mimikyu|atk|2\n|\n|upkeep\n|turn|7\n|\n|t:|1718250802\n|switch|p1a: Torkoal|Torkoal, L88, M|63/266\n|-weather|SunnyDay|[from] ability: Drought|[of] p1a: Torkoal\n|move|p2a: Mimikyu|Shadow Sneak|p1a: Torkoal\n|-damage|p1a: Torkoal|5/266\n|-damage|p2a: Mimikyu|168/216|[from] item: Life Orb\n|\n|-weather|SunnyDay|[upkeep]\n|upkeep\n|turn|8\n|\n|t:|1718250807\n|move|p2a: Mimikyu|Shadow Sneak|p1a: Torkoal\n|-damage|p1a: Torkoal|0 fnt\n|faint|p1a: Torkoal\n|-damage|p2a: Mimikyu|147/216|[from] item: Life Orb\n|\n|-weather|SunnyDay|[upkeep]\n|upkeep\n|\n|t:|1718250821\n|switch|p1a: Virizion|Virizion, L82|283/283\n|turn|9\n|\n|t:|1718250825\n|move|p1a: Virizion|Leaf Blade|p2a: Mimikyu\n|-damage|p2a: Mimikyu|25/216\n|-damage|p1a: Virizion|255/283|[from] item: Life Orb\n|move|p2a: Mimikyu|Play Rough|p1a: Virizion\n|-supereffective|p1a: Virizion\n|-damage|p1a: Virizion|0 fnt\n|faint|p1a: Virizion\n|-damage|p2a: Mimikyu|4/216|[from] item: Life Orb\n|\n|-weather|SunnyDay|[upkeep]\n|upkeep\n|\n|t:|1718250832\n|switch|p1a: Darkrai|Darkrai, L76|231/231\n|turn|10\n|\n|t:|1718250839\n|move|p2a: Mimikyu|Shadow Sneak|p1a: Darkrai\n|-resisted|p1a: Darkrai\n|-damage|p1a: Darkrai|186/231\n|-damage|p2a: Mimikyu|0 fnt|[from] item: Life Orb\n|faint|p2a: Mimikyu\n|move|p1a: Darkrai|Nasty Plot|p1a: Darkrai\n|-boost|p1a: Darkrai|spa|2\n|\n|-weather|SunnyDay|[upkeep]\n|upkeep\n|inactive|Superpascal has 120 seconds left.\n|\n|t:|1718250851\n|switch|p2a: Magearna|Magearna-Original, L77|250/250\n|turn|11\n|\n|t:|1718250859\n|move|p1a: Darkrai|Focus Blast|p2a: Magearna\n|-damage|p2a: Magearna|45/250\n|-damage|p1a: Darkrai|163/231|[from] item: Life Orb\n|move|p2a: Magearna|Shift Gear|p2a: Magearna\n|-boost|p2a: Magearna|spe|2\n|-boost|p2a: Magearna|atk|1\n|\n|-weather|none\n|upkeep\n|turn|12\n|\n|t:|1718250872\n|move|p2a: Magearna|Fleur Cannon|p1a: Darkrai\n|-supereffective|p1a: Darkrai\n|-damage|p1a: Darkrai|0 fnt\n|-unboost|p2a: Magearna|spa|2\n|faint|p1a: Darkrai\n|-ability|p2a: Magearna|Soul-Heart|boost\n|-boost|p2a: Magearna|spa|1\n|\n|upkeep\n|\n|t:|1718250893\n|switch|p1a: Azumarill|Azumarill, L82, M|298/298\n|turn|13\n|\n|t:|1718250904\n|move|p1a: Azumarill|Aqua Jet|p2a: Magearna\n|-damage|p2a: Magearna|0 fnt\n|faint|p2a: Magearna\n|\n|upkeep\n|inactive|Superpascal has 120 seconds left.\n|\n|t:|1718250933\n|switch|p2a: Whiscash|Whiscash, L88, M|337/337\n|turn|14\n|\n|t:|1718250941\n|move|p2a: Whiscash|Dragon Dance|p2a: Whiscash\n|-boost|p2a: Whiscash|atk|1\n|-boost|p2a: Whiscash|spe|1\n|move|p1a: Azumarill|Belly Drum|p1a: Azumarill\n|-damage|p1a: Azumarill|149/298\n|-setboost|p1a: Azumarill|atk|6|[from] move: Belly Drum\n|-enditem|p1a: Azumarill|Sitrus Berry|[eat]\n|-heal|p1a: Azumarill|223/298|[from] item: Sitrus Berry\n|\n|upkeep\n|turn|15\n|\n|t:|1718250957\n|-terastallize|p1a: Azumarill|Water\n|move|p1a: Azumarill|Aqua Jet|p2a: Whiscash\n|-damage|p2a: Whiscash|69/337\n|move|p2a: Whiscash|Earthquake|p1a: Azumarill\n|-damage|p1a: Azumarill|11/298\n|-damage|p2a: Whiscash|36/337|[from] item: Life Orb\n|\n|upkeep\n|turn|16\n|inactive|Superpascal has 120 seconds left.\n|\n|t:|1718250983\n|move|p1a: Azumarill|Aqua Jet|p2a: Whiscash\n|-damage|p2a: Whiscash|0 fnt\n|faint|p2a: Whiscash\n|\n|upkeep\n|\n|t:|1718250984\n|switch|p2a: Barraskewda|Barraskewda, L81, M|231/231\n|turn|17\n|\n|t:|1718250989\n|move|p1a: Azumarill|Aqua Jet|p2a: Barraskewda\n|-resisted|p2a: Barraskewda\n|-damage|p2a: Barraskewda|63/231\n|move|p2a: Barraskewda|Waterfall|p1a: Azumarill\n|-resisted|p1a: Azumarill\n|-damage|p1a: Azumarill|0 fnt\n|faint|p1a: Azumarill\n|\n|upkeep\n|\n|t:|1718250995\n|switch|p1a: Tyranitar|Tyranitar, L79, M|288/288\n|-weather|Sandstorm|[from] ability: Sand Stream|[of] p1a: Tyranitar\n|turn|18\n|\n|t:|1718251000\n|move|p2a: Barraskewda|Waterfall|p1a: Tyranitar\n|-supereffective|p1a: Tyranitar\n|-damage|p1a: Tyranitar|42/288\n|move|p1a: Tyranitar|Thunder Wave|p2a: Barraskewda\n|-status|p2a: Barraskewda|par\n|\n|-weather|Sandstorm|[upkeep]\n|-damage|p2a: Barraskewda|49/231 par|[from] Sandstorm\n|-heal|p1a: Tyranitar|60/288|[from] item: Leftovers\n|upkeep\n|turn|19\n|\n|t:|1718251005\n|move|p1a: Tyranitar|Knock Off|p2a: Barraskewda\n|-damage|p2a: Barraskewda|0 fnt\n|-enditem|p2a: Barraskewda|Choice Band|[from] move: Knock Off|[of] p1a: Tyranitar\n|faint|p2a: Barraskewda\n|\n|win|LT_Alt1\n|raw|LT_Alt1's rating: 2328 &rarr; <strong>2343</strong><br />(+15 for winning)\n|raw|Superpascal's rating: 2240 &rarr; <strong>2225</strong><br />(-15 for losing)\n|c|\u2606Superpascal|gg\n", "inputlog": ">version e046c5ea766451ca9500a73fe72ec774e92e6f7e\n>start {\"formatid\":\"gen9randombattle\",\"seed\":[28729,11844,16886,34267],\"rated\":\"Rated battle\"}\n>player p1 {\"name\":\"LT_Alt1\",\"avatar\":\"265\",\"rating\":2308,\"seed\":[26333,35467,58675,9817]}\n>player p2 {\"name\":\"Superpascal\",\"avatar\":\"blue\",\"rating\":2240,\"seed\":[30170,22454,15294,22789]}\n>p1 switch 2\n>p2 move closecombat\n>p1 move lavaplume\n>p2 switch 4\n>p1 move earthquake\n>p2 move fireblast\n>p2 switch 4\n>p1 switch 4\n>p2 move waterfall\n>p1 move armorcannon\n>p2 switch 3\n>p2 switch 6\n>p1 move armorcannon\n>p2 move swordsdance\n>p1 switch 4\n>p2 move shadowsneak\n>p1 move lavaplume\n>p2 move shadowsneak\n>p1 switch 5\n>p1 move leafblade\n>p2 move playrough\n>p1 switch 2\n>p1 move nastyplot\n>p2 move shadowsneak\n>p2 switch 2\n>p1 move focusblast\n>p2 move shiftgear\n>p1 move darkpulse\n>p2 move fleurcannon\n>p1 switch 6\n>p1 move aquajet\n>p2 move ironhead\n>p2 switch 5\n>p1 move bellydrum\n>p2 move dragondance\n>p1 move aquajet terastallize\n>p2 move earthquake\n>p1 move aquajet\n>p2 move earthquake\n>p2 switch 3\n>p1 move aquajet\n>p2 move waterfall\n>p1 switch 3\n>p1 move thunderwave\n>p2 move waterfall\n>p1 move knockoff\n>p2 move waterfall", "uploadtime": 1718251017, "views": 188, "formatid": "gen9randombattle", "rating": 2225, "private": 0, "password": null}