{"id": "gen9randombattle-2259952777", "format": "[Gen 9] Random Battle", "players": ["jonimakkaroni", "rood108"], "log": "|j|\u2606jonimakkaroni\n|j|\u2606rood108\n|t:|1733783666\n|gametype|singles\n|player|p1|jonimakkaroni|bruno|1539\n|player|p2|rood108|gentleman-gen4dp|1582\n|teamsize|p1|6\n|teamsize|p2|6\n|gen|9\n|tier|[Gen 9] Random Battle\n|rated|\n|rule|Species Clause: Limit one of each Pok\u00e9mon\n|rule|HP Percentage Mod: HP is shown in percentages\n|rule|Sleep Clause Mod: Limit one foe put to sleep\n|rule|Illusion Level Mod: Illusion disguises the Pok\u00e9mon's true level\n|\n|t:|1733783666\n|start\n|switch|p1a: Baxcalibur|Baxcalibur, L75, F|296/296\n|switch|p2a: Okidogi|Okidogi, L77, M|262/262\n|turn|1\n|\n|t:|1733783678\n|move|p1a: Baxcalibur|Earthquake|p2a: Okidogi\n|-supereffective|p2a: Okidogi\n|-damage|p2a: Okidogi|118/262\n|move|p2a: Okidogi|Drain Punch|p1a: Baxcalibur\n|-supereffective|p1a: Baxcalibur\n|-damage|p1a: Baxcalibur|126/296\n|-heal|p2a: Okidogi|203/262|[from] drain|[of] p1a: Baxcalibur\n|\n|upkeep\n|turn|2\n|inactive|Battle timer is ON: inactive players will automatically lose when time's up. (requested by jonimakkaroni)\n|\n|t:|1733783687\n|switch|p1a: Articuno|Articuno-Galar, L84|288/288\n|move|p2a: Okidogi|Drain Punch|p1a: Articuno\n|-resisted|p1a: Articuno\n|-damage|p1a: Articuno|266/288\n|-heal|p2a: Okidogi|214/262|[from] drain|[of] p1a: Articuno\n|-status|p1a: Articuno|tox|[from] ability: Toxic Chain|[of] p2a: Okidogi\n|\n|-damage|p1a: Articuno|248/288 tox|[from] psn\n|upkeep\n|turn|3\n|\n|t:|1733783693\n|move|p1a: Articuno|Freezing Glare|p2a: Okidogi\n|-supereffective|p2a: Okidogi\n|-damage|p2a: Okidogi|0 fnt\n|faint|p2a: Okidogi\n|\n|-damage|p1a: Articuno|212/288 tox|[from] psn\n|upkeep\n|\n|t:|1733783709\n|switch|p2a: Darkrai|Darkrai, L77|234/234\n|turn|4\n|\n|t:|1733783713\n|move|p2a: Darkrai|Nasty Plot|p2a: Darkrai\n|-boost|p2a: Darkrai|spa|2\n|move|p1a: Articuno|Hurricane|p2a: Darkrai\n|-damage|p2a: Darkrai|92/234\n|\n|-damage|p1a: Articuno|158/288 tox|[from] psn\n|upkeep\n|turn|5\n|\n|t:|1733783721\n|move|p2a: Darkrai|Dark Pulse|p1a: Articuno\n|-supereffective|p1a: Articuno\n|-damage|p1a: Articuno|0 fnt\n|faint|p1a: Articuno\n|-damage|p2a: Darkrai|69/234|[from] item: Life Orb\n|\n|upkeep\n|\n|t:|1733783731\n|switch|p1a: Dondozo|Dondozo, L78, M|362/362\n|turn|6\n|c|\u2606rood108|Ice shard is the play\n|\n|t:|1733783737\n|move|p2a: Darkrai|Hypnosis|p1a: Dondozo\n|-status|p1a: Dondozo|slp|[from] move: Hypnosis\n|cant|p1a: Dondozo|slp\n|\n|-damage|p1a: Dondozo|317/362 slp|[from] ability: Bad Dreams|[of] p2a: Darkrai\n|upkeep\n|turn|7\n|\n|t:|1733783751\n|move|p2a: Darkrai|Dark Pulse|p1a: Dondozo\n|-damage|p1a: Dondozo|168/362 slp\n|-damage|p2a: Darkrai|46/234|[from] item: Life Orb\n|cant|p1a: Dondozo|slp\n|move|p1a: Dondozo|Sleep Talk|p1a: Dondozo\n|move|p1a: Dondozo|Curse|p1a: Dondozo|[from]move: Sleep Talk\n|-unboost|p1a: Dondozo|spe|1\n|-boost|p1a: Dondozo|atk|1\n|-boost|p1a: Dondozo|def|1\n|\n|-heal|p1a: Dondozo|190/362 slp|[from] item: Leftovers\n|-damage|p1a: Dondozo|145/362 slp|[from] ability: Bad Dreams|[of] p2a: Darkrai\n|upkeep\n|turn|8\n|\n|t:|1733783762\n|switch|p1a: Baxcalibur|Baxcalibur, L75, F|126/296\n|move|p2a: Darkrai|Dark Pulse|p1a: Baxcalibur\n|-damage|p1a: Baxcalibur|0 fnt\n|faint|p1a: Baxcalibur\n|-damage|p2a: Darkrai|23/234|[from] item: Life Orb\n|\n|upkeep\n|\n|t:|1733783770\n|switch|p1a: Minun|Minun, L95, M|268/268\n|turn|9\n|\n|t:|1733783776\n|move|p2a: Darkrai|Dark Pulse|p1a: Minun\n|-damage|p1a: Minun|34/268\n|-damage|p2a: Darkrai|0 fnt|[from] item: Life Orb\n|faint|p2a: Darkrai\n|move|p1a: Minun|Nasty Plot|p1a: Minun\n|-boost|p1a: Minun|spa|2\n|\n|upkeep\n|\n|t:|1733783792\n|switch|p2a: Gurdurr|Gurdurr, L85, M|283/283\n|turn|10\n|\n|t:|1733783797\n|move|p2a: Gurdurr|Mach Punch|p1a: Minun\n|-damage|p1a: Minun|0 fnt\n|faint|p1a: Minun\n|\n|upkeep\n|\n|t:|1733783800\n|switch|p1a: Dondozo|Dondozo, L78, M|145/362 slp\n|turn|11\n|\n|t:|1733783807\n|move|p2a: Gurdurr|Knock Off|p1a: Dondozo\n|-damage|p1a: Dondozo|74/362 slp\n|-enditem|p1a: Dondozo|Leftovers|[from] move: Knock Off|[of] p2a: Gurdurr\n|cant|p1a: Dondozo|slp\n|\n|upkeep\n|turn|12\n|\n|t:|1733783814\n|move|p2a: Gurdurr|Drain Punch|p1a: Dondozo\n|-damage|p1a: Dondozo|0 fnt\n|faint|p1a: Dondozo\n|\n|upkeep\n|-message|jonimakkaroni forfeited.\n|\n|win|rood108\n|raw|jonimakkaroni's rating: 1539 &rarr; <strong>1521</strong><br />(-18 for losing)\n|raw|rood108's rating: 1582 &rarr; <strong>1600</strong><br />(+18 for winning)\n|l|\u2606jonimakkaroni\n|player|p1|\n|c|\u2606rood108|gg young'n\n", "inputlog": ">version bfd83cad13791eb5a5a409923076391caf6fb4d4\n>start {\"formatid\":\"gen9randombattle\",\"seed\":[37528,41793,43990,25015],\"rated\":\"Rated battle\"}\n>player p1 {\"name\":\"jonimakkaroni\",\"avatar\":\"bruno\",\"rating\":1539,\"seed\":[25269,51641,47390,2461]}\n>player p2 {\"name\":\"rood108\",\"avatar\":\"gentleman-gen4dp\",\"rating\":1582,\"seed\":[54514,40079,19146,17547]}\n>p1 move earthquake\n>p2 move drainpunch\n>p1 switch 6\n>p2 move drainpunch\n>p1 move freezingglare\n>p2 move knockoff\n>p2 switch 6\n>p1 move hurricane\n>p2 move nastyplot\n>p1 move hurricane\n>p2 move darkpulse\n>p1 switch 2\n>chat \u2606rood108|Ice shard is the play\n>p1 move curse\n>p2 move hypnosis\n>p1 move sleeptalk\n>p2 move darkpulse\n>p1 switch 6\n>p2 move darkpulse\n>p1 switch 5\n>p1 move nastyplot\n>p2 move darkpulse\n>p2 switch 2\n>p1 move thunderbolt\n>p2 move machpunch\n>p1 switch 6\n>p1 move rest\n>p2 move knockoff\n>p1 move rest\n>p2 move drainpunch\n>forcelose p1", "uploadtime": 1733783829, "views": 22, "formatid": "gen9randombattle", "rating": 1521, "private": 0, "password": null}