{"id": "gen9randombattle-2260565210", "format": "[Gen 9] Random Battle", "players": ["Memphis Ursaluna", "davynelly"], "log": "|j|\u2606Memphis Ursaluna\n|j|\u2606davynelly\n|t:|1733864114\n|gametype|singles\n|player|p1|Memphis Ursaluna|266|1339\n|player|p2|davynelly|170|1324\n|teamsize|p1|6\n|teamsize|p2|6\n|gen|9\n|tier|[Gen 9] Random Battle\n|rated|\n|rule|Species Clause: Limit one of each Pok\u00e9mon\n|rule|HP Percentage Mod: HP is shown in percentages\n|rule|Sleep Clause Mod: Limit one foe put to sleep\n|rule|Illusion Level Mod: Illusion disguises the Pok\u00e9mon's true level\n|\n|t:|1733864114\n|start\n|switch|p1a: Salamence|Salamence, L77, F|273/273\n|switch|p2a: Abomasnow|Abomasnow, L85, M|291/291\n|-ability|p1a: Salamence|Intimidate|boost\n|-unboost|p2a: Abomasnow|atk|1\n|-weather|Snow|[from] ability: Snow Warning|[of] p2a: Abomasnow\n|turn|1\n|\n|t:|1733864123\n|-terastallize|p1a: Salamence|Steel\n|move|p1a: Salamence|Dragon Dance|p1a: Salamence\n|-boost|p1a: Salamence|atk|1\n|-boost|p1a: Salamence|spe|1\n|move|p2a: Abomasnow|Aurora Veil|p2a: Abomasnow\n|-sidestart|p2: davynelly|move: Aurora Veil\n|\n|-weather|Snow|[upkeep]\n|upkeep\n|turn|2\n|\n|t:|1733864142\n|move|p1a: Salamence|Dragon Dance|p1a: Salamence\n|-boost|p1a: Salamence|atk|1\n|-boost|p1a: Salamence|spe|1\n|move|p2a: Abomasnow|Earthquake|p1a: Salamence\n|-supereffective|p1a: Salamence\n|-damage|p1a: Salamence|159/273\n|\n|-weather|Snow|[upkeep]\n|upkeep\n|turn|3\n|\n|t:|1733864153\n|move|p1a: Salamence|Outrage|p2a: Abomasnow\n|-damage|p2a: Abomasnow|186/291\n|move|p2a: Abomasnow|Earthquake|p1a: Salamence\n|-supereffective|p1a: Salamence\n|-damage|p1a: Salamence|43/273\n|\n|-weather|Snow|[upkeep]\n|upkeep\n|turn|4\n|\n|t:|1733864159\n|move|p1a: Salamence|Outrage|p2a: Abomasnow|[from]lockedmove\n|-damage|p2a: Abomasnow|77/291\n|move|p2a: Abomasnow|Earthquake|p1a: Salamence\n|-supereffective|p1a: Salamence\n|-damage|p1a: Salamence|0 fnt\n|faint|p1a: Salamence\n|\n|-weather|Snow|[upkeep]\n|upkeep\n|\n|t:|1733864172\n|switch|p1a: Vikavolt|Vikavolt, L83, F|263/263\n|turn|5\n|\n|t:|1733864178\n|move|p2a: Abomasnow|Blizzard|p1a: Vikavolt\n|-damage|p1a: Vikavolt|139/263\n|-status|p1a: Vikavolt|frz\n|cant|p1a: Vikavolt|frz\n|\n|-weather|none\n|upkeep\n|turn|6\n|\n|t:|1733864196\n|switch|p2a: Snorlax|Snorlax, L82, M|397/397\n|cant|p1a: Vikavolt|frz\n|\n|upkeep\n|turn|7\n|inactive|Battle timer is ON: inactive players will automatically lose when time's up. (requested by davynelly)\n|\n|t:|1733864201\n|-curestatus|p1a: Vikavolt|frz|[msg]\n|move|p1a: Vikavolt|Bug Buzz|p2a: Snorlax\n|-damage|p2a: Snorlax|346/397\n|move|p2a: Snorlax|Curse|p2a: Snorlax\n|-unboost|p2a: Snorlax|spe|1\n|-boost|p2a: Snorlax|atk|1\n|-boost|p2a: Snorlax|def|1\n|\n|upkeep\n|turn|8\n|\n|t:|1733864212\n|switch|p1a: Porygon2|Porygon2, L82|274/274\n|-ability|p1a: Porygon2|Download|boost\n|-boost|p1a: Porygon2|spa|1\n|move|p2a: Snorlax|Curse|p2a: Snorlax\n|-unboost|p2a: Snorlax|spe|1\n|-boost|p2a: Snorlax|atk|1\n|-boost|p2a: Snorlax|def|1\n|\n|-sideend|p2: davynelly|move: Aurora Veil\n|upkeep\n|turn|9\n|\n|t:|1733864221\n|move|p1a: Porygon2|Thunder Wave|p2a: Snorlax\n|-status|p2a: Snorlax|par\n|move|p2a: Snorlax|Body Slam|p1a: Porygon2\n|-damage|p1a: Porygon2|154/274\n|\n|upkeep\n|turn|10\n|\n|t:|1733864229\n|move|p1a: Porygon2|Recover|p1a: Porygon2\n|-heal|p1a: Porygon2|274/274\n|move|p2a: Snorlax|Body Slam|p1a: Porygon2\n|-damage|p1a: Porygon2|153/274\n|\n|upkeep\n|turn|11\n|\n|t:|1733864239\n|switch|p1a: Garganacl|Garganacl, L80, M|291/291\n|cant|p2a: Snorlax|par\n|\n|upkeep\n|turn|12\n|\n|t:|1733864246\n|move|p1a: Garganacl|Salt Cure|p2a: Snorlax\n|-damage|p2a: Snorlax|318/397 par\n|-start|p2a: Snorlax|Salt Cure\n|move|p2a: Snorlax|Earthquake|p1a: Garganacl\n|-supereffective|p1a: Garganacl\n|-damage|p1a: Garganacl|49/291\n|\n|-heal|p1a: Garganacl|67/291|[from] item: Leftovers\n|-damage|p2a: Snorlax|269/397 par|[from] Salt Cure\n|upkeep\n|turn|13\n|\n|t:|1733864257\n|switch|p1a: Vikavolt|Vikavolt, L83, F|139/263\n|move|p2a: Snorlax|Earthquake|p1a: Vikavolt\n|-immune|p1a: Vikavolt|[from] ability: Levitate\n|\n|-damage|p2a: Snorlax|220/397 par|[from] Salt Cure\n|upkeep\n|turn|14\n|\n|t:|1733864266\n|switch|p2a: Pecharunt|Pecharunt, L77|262/262\n|move|p1a: Vikavolt|Sticky Web|p2a: Pecharunt\n|-sidestart|p2: davynelly|move: Sticky Web\n|\n|upkeep\n|turn|15\n|\n|t:|1733864273\n|move|p2a: Pecharunt|Malignant Chain|p1a: Vikavolt\n|-damage|p1a: Vikavolt|49/263\n|move|p1a: Vikavolt|Volt Switch|p2a: Pecharunt\n|-damage|p2a: Pecharunt|148/262\n|\n|t:|1733864280\n|switch|p1a: Wyrdeer|Wyrdeer, L87, M|321/321|[from] Volt Switch\n|-ability|p1a: Wyrdeer|Intimidate|boost\n|-unboost|p2a: Pecharunt|atk|1\n|\n|upkeep\n|turn|16\n|\n|t:|1733864294\n|move|p2a: Pecharunt|Parting Shot|p1a: Wyrdeer\n|-unboost|p1a: Wyrdeer|atk|1\n|-unboost|p1a: Wyrdeer|spa|1\n|\n|t:|1733864298\n|switch|p2a: Reuniclus|Reuniclus, L88, F|337/337|[from] Parting Shot\n|-activate|p2a: Reuniclus|move: Sticky Web\n|-unboost|p2a: Reuniclus|spe|1\n|move|p1a: Wyrdeer|Thunder Wave|p2a: Reuniclus\n|-status|p2a: Reuniclus|par\n|\n|upkeep\n|turn|17\n|\n|t:|1733864314\n|switch|p1a: Vespiquen|Vespiquen, L98, F|296/296\n|-ability|p1a: Vespiquen|Pressure\n|move|p2a: Reuniclus|Calm Mind|p2a: Reuniclus\n|-boost|p2a: Reuniclus|spa|1\n|-boost|p2a: Reuniclus|spd|1\n|\n|upkeep\n|turn|18\n|\n|t:|1733864328\n|switch|p2a: Pecharunt|Pecharunt, L77|148/262\n|-activate|p2a: Pecharunt|move: Sticky Web\n|-unboost|p2a: Pecharunt|spe|1\n|move|p1a: Vespiquen|Spikes|p2a: Pecharunt\n|-sidestart|p2: davynelly|Spikes\n|\n|upkeep\n|turn|19\n|\n|t:|1733864337\n|move|p1a: Vespiquen|Air Slash|p2a: Pecharunt\n|-damage|p2a: Pecharunt|42/262\n|move|p2a: Pecharunt|Malignant Chain|p1a: Vespiquen\n|-crit|p1a: Vespiquen\n|-damage|p1a: Vespiquen|196/296\n|\n|upkeep\n|turn|20\n|\n|t:|1733864344\n|move|p1a: Vespiquen|Air Slash|p2a: Pecharunt\n|-damage|p2a: Pecharunt|0 fnt\n|faint|p2a: Pecharunt\n|\n|upkeep\n|\n|t:|1733864358\n|switch|p2a: Snorlax|Snorlax, L82, M|220/397 par\n|-activate|p2a: Snorlax|move: Sticky Web\n|-unboost|p2a: Snorlax|spe|1\n|-damage|p2a: Snorlax|171/397 par|[from] Spikes\n|turn|21\n|\n|t:|1733864365\n|move|p1a: Vespiquen|Spikes|p2a: Snorlax\n|-sidestart|p2: davynelly|Spikes\n|move|p2a: Snorlax|Rest|p2a: Snorlax\n|-status|p2a: Snorlax|slp|[from] move: Rest\n|-heal|p2a: Snorlax|397/397 slp|[silent]\n|-enditem|p2a: Snorlax|Chesto Berry|[eat]\n|-curestatus|p2a: Snorlax|slp|[msg]\n|\n|upkeep\n|turn|22\n|\n|t:|1733864373\n|move|p1a: Vespiquen|Spikes|p2a: Snorlax\n|-sidestart|p2: davynelly|Spikes\n|move|p2a: Snorlax|Curse|p2a: Snorlax\n|-unboost|p2a: Snorlax|spe|1\n|-boost|p2a: Snorlax|atk|1\n|-boost|p2a: Snorlax|def|1\n|\n|upkeep\n|turn|23\n|\n|t:|1733864382\n|move|p1a: Vespiquen|U-turn|p2a: Snorlax\n|-damage|p2a: Snorlax|330/397\n|\n|t:|1733864388\n|switch|p1a: Vikavolt|Vikavolt, L83, F|49/263|[from] U-turn\n|move|p2a: Snorlax|Curse|p2a: Snorlax\n|-unboost|p2a: Snorlax|spe|1\n|-boost|p2a: Snorlax|atk|1\n|-boost|p2a: Snorlax|def|1\n|\n|upkeep\n|turn|24\n|\n|t:|1733864396\n|move|p1a: Vikavolt|Discharge|p2a: Snorlax\n|-damage|p2a: Snorlax|227/397\n|-status|p2a: Snorlax|par\n|move|p2a: Snorlax|Body Slam|p1a: Vikavolt\n|-damage|p1a: Vikavolt|0 fnt\n|faint|p1a: Vikavolt\n|\n|upkeep\n|\n|t:|1733864405\n|switch|p1a: Vespiquen|Vespiquen, L98, F|196/296\n|-ability|p1a: Vespiquen|Pressure\n|turn|25\n|\n|t:|1733864415\n|move|p1a: Vespiquen|Air Slash|p2a: Snorlax\n|-damage|p2a: Snorlax|139/397 par\n|cant|p2a: Snorlax|flinch\n|\n|upkeep\n|turn|26\n|\n|t:|1733864420\n|move|p1a: Vespiquen|Air Slash|p2a: Snorlax\n|-damage|p2a: Snorlax|58/397 par\n|move|p2a: Snorlax|Rest|p2a: Snorlax\n|-status|p2a: Snorlax|slp|[from] move: Rest\n|-heal|p2a: Snorlax|397/397 slp|[silent]\n|\n|upkeep\n|turn|27\n|\n|t:|1733864428\n|move|p1a: Vespiquen|Air Slash|p2a: Snorlax\n|-damage|p2a: Snorlax|318/397 slp\n|cant|p2a: Snorlax|slp\n|\n|upkeep\n|turn|28\n|\n|t:|1733864436\n|move|p1a: Vespiquen|Air Slash|p2a: Snorlax\n|-damage|p2a: Snorlax|243/397 slp\n|cant|p2a: Snorlax|slp\n|\n|upkeep\n|turn|29\n|\n|t:|1733864440\n|move|p1a: Vespiquen|Air Slash|p2a: Snorlax\n|-damage|p2a: Snorlax|159/397 slp\n|-curestatus|p2a: Snorlax|slp|[msg]\n|move|p2a: Snorlax|Body Slam|p1a: Vespiquen\n|-damage|p1a: Vespiquen|39/296\n|\n|upkeep\n|turn|30\n|\n|t:|1733864451\n|move|p1a: Vespiquen|Roost|p1a: Vespiquen\n|-heal|p1a: Vespiquen|187/296\n|-singleturn|p1a: Vespiquen|move: Roost\n|move|p2a: Snorlax|Rest|p2a: Snorlax\n|-status|p2a: Snorlax|slp|[from] move: Rest\n|-heal|p2a: Snorlax|397/397 slp|[silent]\n|\n|upkeep\n|turn|31\n|\n|t:|1733864468\n|move|p1a: Vespiquen|Air Slash|p2a: Snorlax\n|-damage|p2a: Snorlax|312/397 slp\n|cant|p2a: Snorlax|slp\n|\n|upkeep\n|turn|32\n|\n|t:|1733864473\n|move|p1a: Vespiquen|Air Slash|p2a: Snorlax\n|-damage|p2a: Snorlax|228/397 slp\n|cant|p2a: Snorlax|slp\n|\n|upkeep\n|turn|33\n|\n|t:|1733864477\n|move|p1a: Vespiquen|Air Slash|p2a: Snorlax\n|-damage|p2a: Snorlax|144/397 slp\n|-curestatus|p2a: Snorlax|slp|[msg]\n|cant|p2a: Snorlax|flinch\n|\n|upkeep\n|turn|34\n|\n|t:|1733864482\n|move|p1a: Vespiquen|Air Slash|p2a: Snorlax\n|-damage|p2a: Snorlax|68/397\n|cant|p2a: Snorlax|flinch\n|\n|upkeep\n|turn|35\n|\n|t:|1733864491\n|move|p1a: Vespiquen|Air Slash|p2a: Snorlax\n|-damage|p2a: Snorlax|0 fnt\n|faint|p2a: Snorlax\n|\n|upkeep\n|-message|davynelly forfeited.\n|\n|win|Memphis Ursaluna\n|raw|Memphis Ursaluna's rating: 1339 &rarr; <strong>1358</strong><br />(+19 for winning)\n|raw|davynelly's rating: 1324 &rarr; <strong>1305</strong><br />(-19 for losing)\n|l|\u2606davynelly\n|player|p2|\n", "inputlog": ">version bfd83cad13791eb5a5a409923076391caf6fb4d4\n>start {\"formatid\":\"gen9randombattle\",\"seed\":[45829,35912,77,18684],\"rated\":\"Rated battle\"}\n>player p1 {\"name\":\"Memphis Ursaluna\",\"avatar\":\"266\",\"rating\":1339,\"seed\":[31839,34404,15820,42358]}\n>player p2 {\"name\":\"davynelly\",\"avatar\":\"170\",\"rating\":1324,\"seed\":[50680,20023,53379,34693]}\n>p1 move dragondance terastallize\n>p2 move auroraveil\n>p1 move dragondance\n>p2 move earthquake\n>p1 move outrage\n>p2 move earthquake\n>p1 move outrage\n>p2 move earthquake\n>p1 switch 4\n>p1 move bugbuzz\n>p2 move blizzard\n>p1 move bugbuzz\n>p2 switch 4\n>p1 move bugbuzz\n>p2 move curse\n>p1 switch 2\n>p2 move curse\n>p1 move thunderwave\n>p2 move bodyslam\n>p1 move recover\n>p2 move bodyslam\n>p1 switch 3\n>p2 move bodyslam\n>p1 move saltcure\n>p2 move earthquake\n>p1 switch 2\n>p2 move earthquake\n>p1 move stickyweb\n>p2 switch 3\n>p1 move voltswitch\n>p2 move malignantchain\n>p1 switch 6\n>p1 move thunderwave\n>p2 move partingshot\n>p2 switch 2\n>p1 switch 5\n>p2 move calmmind\n>p1 move spikes\n>p2 switch 2\n>p1 move airslash\n>p2 move malignantchain\n>p1 move airslash\n>p2 move malignantchain\n>p2 switch 3\n>p1 move spikes\n>p2 move rest\n>p1 move spikes\n>p2 move curse\n>p1 move uturn\n>p2 move curse\n>p1 switch 6\n>p1 move discharge\n>p2 move bodyslam\n>p1 switch 6\n>p1 move airslash\n>p2 move rest\n>p1 move airslash\n>p2 move rest\n>p1 move airslash\n>p2 move bodyslam\n>p1 move airslash\n>p2 move bodyslam\n>p1 move airslash\n>p2 move bodyslam\n>p1 move roost\n>p2 move rest\n>p1 move airslash\n>p2 move bodyslam\n>p1 move airslash\n>p2 move bodyslam\n>p1 move airslash\n>p2 move bodyslam\n>p1 move airslash\n>p2 move bodyslam\n>p1 move airslash\n>p2 move bodyslam\n>forcelose p2", "uploadtime": 1733864633, "views": 11, "formatid": "gen9randombattle", "rating": 1305, "private": 0, "password": null}