{"id": "gen9randombattle-2260821517", "format": "[Gen 9] Random Battle", "players": ["anathemmma", "Dumpet"], "log": "|j|\u2606anathemmma\n|j|\u2606Dumpet\n|t:|1733898224\n|gametype|singles\n|player|p1|anathemmma|hilda|\n|player|p2|Dumpet|101|\n|teamsize|p1|6\n|teamsize|p2|6\n|gen|9\n|tier|[Gen 9] Random Battle\n|rule|Species Clause: Limit one of each Pok\u00e9mon\n|rule|HP Percentage Mod: HP is shown in percentages\n|rule|Sleep Clause Mod: Limit one foe put to sleep\n|rule|Illusion Level Mod: Illusion disguises the Pok\u00e9mon's true level\n|\n|t:|1733898224\n|start\n|switch|p1a: Walking Wake|Walking Wake, L79|286/286\n|switch|p2a: Flygon|Flygon, L82, F|265/265\n|turn|1\n|inactive|Battle timer is ON: inactive players will automatically lose when time's up. (requested by anathemmma)\n|inactive|anathemmma has 270 seconds left.\n|inactive|Dumpet has 270 seconds left.\n|\n|t:|1733898281\n|-end|p1a: Walking Wake|Protosynthesis|[silent]\n|switch|p1a: Granbull|Granbull, L88, M|302/302\n|-ability|p1a: Granbull|Intimidate|boost\n|-unboost|p2a: Flygon|atk|1\n|move|p2a: Flygon|Dragon Dance|p2a: Flygon\n|-boost|p2a: Flygon|atk|1\n|-boost|p2a: Flygon|spe|1\n|\n|upkeep\n|turn|2\n|inactive|Dumpet has 270 seconds left.\n|\n|t:|1733898323\n|switch|p2a: Florges|Florges-Blue, L85, F|271/271\n|move|p1a: Granbull|Roar|p2a: Florges\n|drag|p2a: Mew|Mew, L82|298/298\n|\n|upkeep\n|turn|3\n|\n|t:|1733898338\n|move|p2a: Mew|Nasty Plot|p2a: Mew\n|-boost|p2a: Mew|spa|2\n|move|p1a: Granbull|Thunder Wave|p2a: Mew\n|-status|p2a: Mew|par\n|-activate|p2a: Mew|ability: Synchronize\n|-status|p1a: Granbull|par\n|\n|upkeep\n|turn|4\n|\n|t:|1733898349\n|move|p2a: Mew|Psychic|p1a: Granbull\n|-damage|p1a: Granbull|0 fnt\n|faint|p1a: Granbull\n|-damage|p2a: Mew|269/298 par|[from] item: Life Orb\n|\n|upkeep\n|\n|t:|1733898359\n|switch|p1a: Corviknight|Corviknight, L80, M|288/288\n|-ability|p1a: Corviknight|Pressure\n|turn|5\n|inactive|Dumpet has 270 seconds left.\n|inactive|Dumpet has 240 seconds left.\n|l|\u2606Dumpet\n|inactive|Dumpet disconnected and has 300 seconds to reconnect!\n|player|p2|\n|j|\u2606Dumpet\n|inactive|Dumpet reconnected and has 225 seconds left.\n|player|p2|Dumpet|101|\n|\n|t:|1733898430\n|move|p1a: Corviknight|U-turn|p2a: Mew\n|-supereffective|p2a: Mew\n|-damage|p2a: Mew|193/298 par\n|\n|t:|1733898437\n|switch|p1a: Spectrier|Spectrier, L75|274/274|[from] U-turn\n|cant|p2a: Mew|par\n|\n|upkeep\n|turn|6\n|\n|t:|1733898445\n|move|p1a: Spectrier|Nasty Plot|p1a: Spectrier\n|-boost|p1a: Spectrier|spa|2\n|move|p2a: Mew|Psychic|p1a: Spectrier\n|-damage|p1a: Spectrier|5/274\n|-damage|p2a: Mew|164/298 par|[from] item: Life Orb\n|\n|upkeep\n|turn|7\n|\n|t:|1733898455\n|move|p1a: Spectrier|Shadow Ball|p2a: Mew\n|-supereffective|p2a: Mew\n|-damage|p2a: Mew|0 fnt\n|faint|p2a: Mew\n|-ability|p1a: Spectrier|Grim Neigh|boost\n|-boost|p1a: Spectrier|spa|1\n|-damage|p1a: Spectrier|0 fnt|[from] item: Life Orb\n|faint|p1a: Spectrier\n|\n|upkeep\n|inactive|Dumpet has 240 seconds left.\n|\n|t:|1733898480\n|switch|p1a: Corviknight|Corviknight, L80, M|288/288\n|switch|p2a: Flygon|Flygon, L82, F|265/265\n|-ability|p1a: Corviknight|Pressure\n|turn|8\n|\n|t:|1733898491\n|move|p2a: Flygon|Dragon Dance|p2a: Flygon\n|-boost|p2a: Flygon|atk|1\n|-boost|p2a: Flygon|spe|1\n|move|p1a: Corviknight|Brave Bird|p2a: Flygon\n|-damage|p2a: Flygon|156/265\n|-damage|p1a: Corviknight|252/288|[from] Recoil\n|\n|upkeep\n|turn|9\n|\n|t:|1733898500\n|move|p2a: Flygon|Stone Edge|p1a: Corviknight\n|-damage|p1a: Corviknight|165/288\n|move|p1a: Corviknight|U-turn|p2a: Flygon\n|-damage|p2a: Flygon|113/265\n|\n|t:|1733898506\n|switch|p1a: Walking Wake|Walking Wake, L79|286/286|[from] U-turn\n|\n|upkeep\n|turn|10\n|inactive|Dumpet has 240 seconds left.\n|\n|t:|1733898518\n|move|p2a: Flygon|Outrage|p1a: Walking Wake\n|-supereffective|p1a: Walking Wake\n|-damage|p1a: Walking Wake|0 fnt\n|faint|p1a: Walking Wake\n|-end|p1a: Walking Wake|Protosynthesis|[silent]\n|\n|upkeep\n|\n|t:|1733898523\n|switch|p1a: Corviknight|Corviknight, L80, M|165/288\n|-ability|p1a: Corviknight|Pressure\n|turn|11\n|inactive|Dumpet has 240 seconds left.\n|\n|t:|1733898534\n|move|p2a: Flygon|Outrage|p1a: Corviknight|[from]lockedmove\n|-resisted|p1a: Corviknight\n|-damage|p1a: Corviknight|85/288\n|-damage|p2a: Flygon|69/265|[from] item: Rocky Helmet|[of] p1a: Corviknight\n|move|p1a: Corviknight|Brave Bird|p2a: Flygon\n|-damage|p2a: Flygon|0 fnt\n|faint|p2a: Flygon\n|-damage|p1a: Corviknight|62/288|[from] Recoil\n|\n|upkeep\n|inactive|Dumpet has 240 seconds left.\n|\n|t:|1733898547\n|switch|p2a: Entei|Entei, L78|307/307\n|turn|12\n|inactive|Dumpet has 240 seconds left.\n|\n|t:|1733898576\n|move|p2a: Entei|Sacred Fire|p1a: Corviknight\n|-supereffective|p1a: Corviknight\n|-damage|p1a: Corviknight|0 fnt\n|faint|p1a: Corviknight\n|\n|upkeep\n|\n|t:|1733898581\n|switch|p1a: Quagsire|Quagsire, L84, M|297/297\n|turn|13\n|\n|t:|1733898602\n|switch|p2a: Florges|Florges-Blue, L85, F|271/271\n|move|p1a: Quagsire|Toxic|p2a: Florges|[miss]\n|-miss|p1a: Quagsire|p2a: Florges\n|\n|upkeep\n|turn|14\n|\n|t:|1733898612\n|move|p2a: Florges|Calm Mind|p2a: Florges\n|-boost|p2a: Florges|spa|1\n|-boost|p2a: Florges|spd|1\n|move|p1a: Quagsire|Toxic|p2a: Florges\n|-status|p2a: Florges|tox\n|\n|-damage|p2a: Florges|255/271 tox|[from] psn\n|upkeep\n|turn|15\n|\n|t:|1733898628\n|move|p2a: Florges|Moonblast|p1a: Quagsire\n|-damage|p1a: Quagsire|147/297\n|move|p1a: Quagsire|Spikes|p2a: Florges\n|-sidestart|p2: Dumpet|Spikes\n|\n|-heal|p2a: Florges|271/271 tox|[from] item: Leftovers\n|-heal|p1a: Quagsire|165/297|[from] item: Leftovers\n|-damage|p2a: Florges|239/271 tox|[from] psn\n|upkeep\n|turn|16\n|\n|t:|1733898637\n|move|p2a: Florges|Moonblast|p1a: Quagsire\n|-damage|p1a: Quagsire|18/297\n|-unboost|p1a: Quagsire|spa|1\n|move|p1a: Quagsire|Recover|p1a: Quagsire\n|-heal|p1a: Quagsire|167/297\n|\n|-heal|p2a: Florges|255/271 tox|[from] item: Leftovers\n|-heal|p1a: Quagsire|185/297|[from] item: Leftovers\n|-damage|p2a: Florges|207/271 tox|[from] psn\n|upkeep\n|turn|17\n|\n|t:|1733898647\n|move|p2a: Florges|Moonblast|p1a: Quagsire\n|-damage|p1a: Quagsire|38/297\n|move|p1a: Quagsire|Recover|p1a: Quagsire\n|-heal|p1a: Quagsire|187/297\n|\n|-heal|p2a: Florges|223/271 tox|[from] item: Leftovers\n|-heal|p1a: Quagsire|205/297|[from] item: Leftovers\n|-damage|p2a: Florges|159/271 tox|[from] psn\n|upkeep\n|turn|18\n|\n|t:|1733898655\n|move|p2a: Florges|Wish|p2a: Florges\n|move|p1a: Quagsire|Recover|p1a: Quagsire\n|-heal|p1a: Quagsire|297/297\n|\n|-heal|p2a: Florges|175/271 tox|[from] item: Leftovers\n|-damage|p2a: Florges|95/271 tox|[from] psn\n|upkeep\n|turn|19\n|\n|t:|1733898668\n|move|p2a: Florges|Calm Mind|p2a: Florges\n|-boost|p2a: Florges|spa|1\n|-boost|p2a: Florges|spd|1\n|move|p1a: Quagsire|Spikes|p2a: Florges\n|-sidestart|p2: Dumpet|Spikes\n|\n|-heal|p2a: Florges|230/271 tox|[from] move: Wish|[wisher] Florges\n|-heal|p2a: Florges|246/271 tox|[from] item: Leftovers\n|-damage|p2a: Florges|150/271 tox|[from] psn\n|upkeep\n|turn|20\n|inactive|Dumpet has 240 seconds left.\n|\n|t:|1733898678\n|move|p2a: Florges|Moonblast|p1a: Quagsire\n|-damage|p1a: Quagsire|158/297\n|move|p1a: Quagsire|Earthquake|p2a: Florges\n|-crit|p2a: Florges\n|-damage|p2a: Florges|0 fnt\n|faint|p2a: Florges\n|\n|-heal|p1a: Quagsire|176/297|[from] item: Leftovers\n|upkeep\n|inactive|Dumpet has 240 seconds left.\n|\n|t:|1733898687\n|switch|p2a: Sunflora|Sunflora, M|312/312\n|-damage|p2a: Sunflora|260/312|[from] Spikes\n|turn|21\n|\n|t:|1733898692\n|move|p2a: Sunflora|Sunny Day|p2a: Sunflora\n|-weather|SunnyDay\n|move|p1a: Quagsire|Toxic|p2a: Sunflora\n|-status|p2a: Sunflora|tox\n|\n|-weather|SunnyDay|[upkeep]\n|-heal|p1a: Quagsire|194/297|[from] item: Leftovers\n|-damage|p2a: Sunflora|241/312 tox|[from] psn\n|upkeep\n|turn|22\n|\n|t:|1733898702\n|switch|p1a: Noctowl|Noctowl, L95, M|344/344\n|move|p2a: Sunflora|Solar Beam||[still]\n|-prepare|p2a: Sunflora|Solar Beam\n|-anim|p2a: Sunflora|Solar Beam|p1a: Noctowl\n|-resisted|p1a: Noctowl\n|-damage|p1a: Noctowl|240/344\n|-damage|p2a: Sunflora|210/312 tox|[from] item: Life Orb\n|\n|-weather|SunnyDay|[upkeep]\n|-damage|p2a: Sunflora|172/312 tox|[from] psn\n|upkeep\n|turn|23\n|\n|t:|1733898715\n|switch|p2a: Meowstic|Meowstic-F, L89, F|277/277\n|-damage|p2a: Meowstic|231/277|[from] Spikes\n|move|p1a: Noctowl|Roost|p1a: Noctowl\n|-heal|p1a: Noctowl|344/344\n|-singleturn|p1a: Noctowl|move: Roost\n|\n|-weather|SunnyDay|[upkeep]\n|upkeep\n|turn|24\n|\n|t:|1733898727\n|move|p2a: Meowstic|Thunderbolt|p1a: Noctowl\n|-supereffective|p1a: Noctowl\n|-damage|p1a: Noctowl|211/344\n|-damage|p2a: Meowstic|204/277|[from] item: Life Orb\n|move|p1a: Noctowl|Nasty Plot|p1a: Noctowl\n|-boost|p1a: Noctowl|spa|2\n|\n|-weather|SunnyDay|[upkeep]\n|upkeep\n|turn|25\n|\n|t:|1733898735\n|move|p2a: Meowstic|Nasty Plot|p2a: Meowstic\n|-boost|p2a: Meowstic|spa|2\n|move|p1a: Noctowl|Roost|p1a: Noctowl\n|-heal|p1a: Noctowl|344/344\n|-singleturn|p1a: Noctowl|move: Roost\n|\n|-weather|none\n|upkeep\n|turn|26\n|\n|t:|1733898748\n|move|p2a: Meowstic|Thunderbolt|p1a: Noctowl\n|-supereffective|p1a: Noctowl\n|-damage|p1a: Noctowl|61/344\n|-damage|p2a: Meowstic|177/277|[from] item: Life Orb\n|move|p1a: Noctowl|Hyper Voice|p2a: Meowstic\n|-damage|p2a: Meowstic|0 fnt\n|faint|p2a: Meowstic\n|\n|upkeep\n|\n|t:|1733898756\n|switch|p2a: Entei|Entei, L78|307/307\n|-damage|p2a: Entei|256/307|[from] Spikes\n|turn|27\n|inactive|Dumpet has 270 seconds left.\n|\n|t:|1733898764\n|move|p2a: Entei|Extreme Speed|p1a: Noctowl\n|-damage|p1a: Noctowl|0 fnt\n|faint|p1a: Noctowl\n|\n|upkeep\n|\n|t:|1733898768\n|switch|p1a: Quagsire|Quagsire, L84, M|194/297\n|turn|28\n|\n|t:|1733898770\n|move|p2a: Entei|Extreme Speed|p1a: Quagsire\n|-damage|p1a: Quagsire|111/297\n|move|p1a: Quagsire|Recover|p1a: Quagsire\n|-heal|p1a: Quagsire|260/297\n|\n|-heal|p1a: Quagsire|278/297|[from] item: Leftovers\n|upkeep\n|turn|29\n|\n|t:|1733898779\n|move|p2a: Entei|Extreme Speed|p1a: Quagsire\n|-damage|p1a: Quagsire|184/297\n|move|p1a: Quagsire|Earthquake|p2a: Entei\n|-supereffective|p2a: Entei\n|-damage|p2a: Entei|58/307\n|\n|-heal|p1a: Quagsire|202/297|[from] item: Leftovers\n|upkeep\n|turn|30\n|\n|t:|1733898786\n|move|p2a: Entei|Extreme Speed|p1a: Quagsire\n|-damage|p1a: Quagsire|122/297\n|move|p1a: Quagsire|Recover|p1a: Quagsire\n|-heal|p1a: Quagsire|271/297\n|\n|-heal|p1a: Quagsire|289/297|[from] item: Leftovers\n|upkeep\n|turn|31\n|\n|t:|1733898794\n|move|p2a: Entei|Extreme Speed|p1a: Quagsire\n|-crit|p1a: Quagsire\n|-damage|p1a: Quagsire|148/297\n|move|p1a: Quagsire|Earthquake|p2a: Entei\n|-supereffective|p2a: Entei\n|-damage|p2a: Entei|0 fnt\n|faint|p2a: Entei\n|\n|-heal|p1a: Quagsire|166/297|[from] item: Leftovers\n|upkeep\n|\n|t:|1733898801\n|switch|p2a: Sunflora|Sunflora, M|172/312 tox\n|-damage|p2a: Sunflora|120/312 tox|[from] Spikes\n|turn|32\n|\n|t:|1733898806\n|move|p2a: Sunflora|Solar Beam||[still]\n|-prepare|p2a: Sunflora|Solar Beam\n|move|p1a: Quagsire|Recover|p1a: Quagsire\n|-heal|p1a: Quagsire|297/297\n|\n|-damage|p2a: Sunflora|101/312 tox|[from] psn\n|upkeep\n|turn|33\n|l|\u2606Dumpet\n|inactive|Dumpet disconnected and has 285 seconds to reconnect!\n|player|p2|\n|inactive|Dumpet has 270 seconds to reconnect!\n|j|\u2606Dumpet\n|inactive|Dumpet reconnected and has 275 seconds left.\n|player|p2|Dumpet|101|\n|\n|t:|1733898874\n|-terastallize|p1a: Quagsire|Poison\n|move|p2a: Sunflora|Solar Beam|p1a: Quagsire|[from]lockedmove\n|-resisted|p1a: Quagsire\n|-damage|p1a: Quagsire|142/297\n|-damage|p2a: Sunflora|70/312 tox|[from] item: Life Orb\n|move|p1a: Quagsire|Recover|p1a: Quagsire\n|-heal|p1a: Quagsire|291/297\n|\n|-heal|p1a: Quagsire|297/297|[from] item: Leftovers\n|-damage|p2a: Sunflora|32/312 tox|[from] psn\n|upkeep\n|turn|34\n|\n|t:|1733898887\n|move|p2a: Sunflora|Earth Power|p1a: Quagsire\n|-supereffective|p1a: Quagsire\n|-damage|p1a: Quagsire|1/297\n|-damage|p2a: Sunflora|1/312 tox|[from] item: Life Orb\n|move|p1a: Quagsire|Earthquake|p2a: Sunflora\n|-resisted|p2a: Sunflora\n|-damage|p2a: Sunflora|0 fnt\n|faint|p2a: Sunflora\n|\n|win|anathemmma\n", "inputlog": ">version bfd83cad13791eb5a5a409923076391caf6fb4d4\n>start {\"formatid\":\"gen9randombattle\",\"seed\":[58969,17533,62844,43305]}\n>player p1 {\"name\":\"anathemmma\",\"avatar\":\"hilda\",\"rating\":0,\"seed\":[39909,43961,40204,59350]}\n>player p2 {\"name\":\"Dumpet\",\"avatar\":\"101\",\"rating\":0,\"seed\":[44909,48168,1595,23811]}\n>p1 switch 2\n>p2 move dragondance\n>p1 move roar\n>p2 switch 5\n>p1 move thunderwave\n>p2 move nastyplot\n>p1 move roar\n>p2 move psychic\n>p1 switch 4\n>p1 move uturn\n>p2 move psychic\n>p1 switch 3\n>p1 move nastyplot\n>p2 move psychic\n>p1 move shadowball\n>p2 move psychic\n>p1 switch 3\n>p2 switch 5\n>p1 move bravebird\n>p2 move dragondance\n>p1 move uturn\n>p2 move stoneedge\n>p1 switch 2\n>p1 move sunnyday\n>p2 move outrage\n>p1 switch 2\n>p1 move bravebird\n>p2 move outrage\n>p2 switch 2\n>p1 move uturn\n>p2 move sacredfire\n>p1 switch 6\n>p1 move toxic\n>p2 switch 4\n>p1 move toxic\n>p2 move calmmind\n>p1 move spikes\n>p2 move moonblast\n>p1 move recover\n>p2 move moonblast\n>p1 move recover\n>p2 move moonblast\n>p1 move recover\n>p2 move wish\n>p1 move spikes\n>p2 move calmmind\n>p1 move earthquake\n>p2 move moonblast\n>p2 switch 6\n>p1 move toxic\n>p2 move sunnyday\n>p1 switch 5\n>p2 move solarbeam\n>p1 move roost\n>p2 switch 3\n>p1 move nastyplot\n>p2 move thunderbolt\n>p1 move roost\n>p2 move nastyplot\n>p1 move hypervoice\n>p2 move thunderbolt\n>p2 switch 4\n>p1 move hurricane\n>p2 move extremespeed\n>p1 switch 5\n>p1 move recover\n>p2 move extremespeed\n>p1 move earthquake\n>p2 move extremespeed\n>p1 move recover\n>p2 move extremespeed\n>p1 move earthquake\n>p2 move extremespeed\n>p2 switch 3\n>p1 move recover\n>p2 move solarbeam\n>p1 move recover terastallize\n>p2 move solarbeam\n>p1 move earthquake\n>p2 move earthpower", "uploadtime": 1733898895, "views": 2, "formatid": "gen9randombattle", "rating": null, "private": 0, "password": null}