{"id": "gen9randombattle-2257829803", "format": "[Gen 9] Random Battle", "players": ["Alfhan", "wanted fame=got it"], "log": "|badge|p2|bronze|gen9randombattle|100-3\n|uhtml|medal-msg|<div class=\"broadcast-blue\">Curious what those medals under the avatar are? PS now has Ladder Seasons! For more information, check out the <a href=\"https://www.smogon.com/forums/threads/3740067/\">thread on Smogon.</a></div>\n|j|\u2606Alfhan\n|j|\u203dwanted fame=got it\n|t:|1733485341\n|gametype|singles\n|player|p1|Alfhan|266|2236\n|player|p2|wanted fame=got it|aromalady|2383\n|teamsize|p1|6\n|teamsize|p2|6\n|gen|9\n|tier|[Gen 9] Random Battle\n|rated|\n|rule|Species Clause: Limit one of each Pok\u00e9mon\n|rule|HP Percentage Mod: HP is shown in percentages\n|rule|Sleep Clause Mod: Limit one foe put to sleep\n|rule|Illusion Level Mod: Illusion disguises the Pok\u00e9mon's true level\n|\n|t:|1733485342\n|start\n|switch|p1a: Porygon-Z|Porygon-Z, L83|277/277\n|switch|p2a: Meowstic|Meowstic-F, L89, F|277/277\n|turn|1\n|inactive|Battle timer is ON: inactive players will automatically lose when time's up. (requested by wanted fame=got it)\n|\n|t:|1733485371\n|switch|p2a: Muk|Muk, L86, M|321/321\n|switch|p1a: Chi-Yu|Chi-Yu, L77|211/211\n|-ability|p1a: Chi-Yu|Beads of Ruin\n|\n|upkeep\n|turn|2\n|\n|t:|1733485385\n|move|p1a: Chi-Yu|Will-O-Wisp|p2a: Muk\n|-status|p2a: Muk|brn\n|move|p2a: Muk|Drain Punch|p1a: Chi-Yu\n|-supereffective|p1a: Chi-Yu\n|-damage|p1a: Chi-Yu|143/211\n|\n|-damage|p2a: Muk|301/321 brn|[from] brn\n|upkeep\n|turn|3\n|\n|t:|1733485397\n|switch|p1a: Azelf|Azelf, L82|257/257\n|move|p2a: Muk|Gunk Shot|p1a: Azelf|[miss]\n|-miss|p2a: Muk|p1a: Azelf\n|\n|-damage|p2a: Muk|281/321 brn|[from] brn\n|upkeep\n|turn|4\n|\n|t:|1733485402\n|switch|p2a: Clodsire|Clodsire, L81, F|238/238\n|move|p1a: Azelf|Nasty Plot|p1a: Azelf\n|-boost|p1a: Azelf|spa|2\n|\n|upkeep\n|turn|5\n|\n|t:|1733485407\n|move|p1a: Azelf|Psyshock|p2a: Clodsire\n|-immune|p2a: Clodsire\n|move|p2a: Clodsire|Dark Pulse|p1a: Azelf\n|-supereffective|p1a: Azelf\n|-damage|p1a: Azelf|0 fnt\n|faint|p1a: Azelf\n|-damage|p2a: Clodsire|215/238|[from] item: Life Orb\n|\n|upkeep\n|c|\u2606Alfhan|in hindsight, that should have been pretty obvious\n|c|\u2606Alfhan|lol\n|\n|t:|1733485434\n|switch|p1a: Enamorus|Enamorus, L79, F|247/247\n|turn|6\n|\n|t:|1733485443\n|-terastallize|p2a: Clodsire|Poison\n|move|p2a: Clodsire|Sludge Bomb|p1a: Enamorus\n|-supereffective|p1a: Enamorus\n|-damage|p1a: Enamorus|0 fnt\n|faint|p1a: Enamorus\n|-damage|p2a: Clodsire|192/238|[from] item: Life Orb\n|\n|upkeep\n|\n|t:|1733485462\n|switch|p1a: Greedent|Greedent, L86, F|347/347\n|turn|7\n|\n|t:|1733485485\n|switch|p2a: Muk|Muk, L86, M|281/321 brn\n|move|p1a: Greedent|Earthquake|p2a: Muk\n|-supereffective|p2a: Muk\n|-damage|p2a: Muk|117/321 brn\n|\n|-damage|p2a: Muk|97/321 brn|[from] brn\n|upkeep\n|turn|8\n|\n|t:|1733485493\n|switch|p1a: Chi-Yu|Chi-Yu, L77|143/211\n|-ability|p1a: Chi-Yu|Beads of Ruin\n|move|p2a: Muk|Knock Off|p1a: Chi-Yu\n|-resisted|p1a: Chi-Yu\n|-damage|p1a: Chi-Yu|123/211\n|-enditem|p1a: Chi-Yu|Heavy-Duty Boots|[from] move: Knock Off|[of] p2a: Muk\n|\n|-damage|p2a: Muk|77/321 brn|[from] brn\n|upkeep\n|turn|9\n|\n|t:|1733485506\n|move|p1a: Chi-Yu|Fire Blast|p2a: Muk\n|-damage|p2a: Muk|0 fnt\n|faint|p2a: Muk\n|\n|upkeep\n|\n|t:|1733485508\n|switch|p2a: Clodsire|Clodsire, L81, F|343/343\n|turn|10\n|\n|t:|1733485511\n|move|p1a: Chi-Yu|Fire Blast|p2a: Clodsire|[miss]\n|-miss|p1a: Chi-Yu|p2a: Clodsire\n|move|p2a: Clodsire|Toxic Spikes|p1a: Chi-Yu\n|-sidestart|p1: Alfhan|move: Toxic Spikes\n|\n|upkeep\n|turn|11\n|\n|t:|1733485514\n|move|p1a: Chi-Yu|Will-O-Wisp|p2a: Clodsire\n|-status|p2a: Clodsire|brn\n|move|p2a: Clodsire|Toxic Spikes|p1a: Chi-Yu\n|-sidestart|p1: Alfhan|move: Toxic Spikes\n|\n|-damage|p2a: Clodsire|322/343 brn|[from] brn\n|upkeep\n|turn|12\n|\n|t:|1733485542\n|move|p1a: Chi-Yu|Dark Pulse|p2a: Clodsire\n|-damage|p2a: Clodsire|205/343 brn\n|move|p2a: Clodsire|Earthquake|p1a: Chi-Yu\n|-supereffective|p1a: Chi-Yu\n|-damage|p1a: Chi-Yu|29/211\n|\n|-heal|p2a: Clodsire|226/343 brn|[from] item: Leftovers\n|-damage|p2a: Clodsire|205/343 brn|[from] brn\n|upkeep\n|turn|13\n|\n|t:|1733485547\n|move|p1a: Chi-Yu|Nasty Plot|p1a: Chi-Yu\n|-boost|p1a: Chi-Yu|spa|2\n|move|p2a: Clodsire|Earthquake|p1a: Chi-Yu\n|-supereffective|p1a: Chi-Yu\n|-crit|p1a: Chi-Yu\n|-damage|p1a: Chi-Yu|0 fnt\n|faint|p1a: Chi-Yu\n|\n|-heal|p2a: Clodsire|226/343 brn|[from] item: Leftovers\n|-damage|p2a: Clodsire|205/343 brn|[from] brn\n|upkeep\n|\n|t:|1733485552\n|switch|p1a: Greedent|Greedent, L86, F|347/347\n|-status|p1a: Greedent|tox\n|turn|14\n|\n|t:|1733485562\n|switch|p2a: Exeggutor|Exeggutor, L89, M|312/312\n|move|p1a: Greedent|Earthquake|p2a: Exeggutor\n|-resisted|p2a: Exeggutor\n|-damage|p2a: Exeggutor|279/312\n|\n|-damage|p1a: Greedent|326/347 tox|[from] psn\n|upkeep\n|turn|15\n|\n|t:|1733485570\n|move|p2a: Exeggutor|Substitute|p2a: Exeggutor\n|-start|p2a: Exeggutor|Substitute\n|-damage|p2a: Exeggutor|201/312\n|move|p1a: Greedent|Knock Off|p2a: Exeggutor\n|-supereffective|p2a: Exeggutor\n|-end|p2a: Exeggutor|Substitute\n|\n|-damage|p1a: Greedent|284/347 tox|[from] psn\n|upkeep\n|turn|16\n|\n|t:|1733485575\n|move|p2a: Exeggutor|Protect|p2a: Exeggutor\n|-singleturn|p2a: Exeggutor|Protect\n|move|p1a: Greedent|Knock Off|p2a: Exeggutor\n|-activate|p2a: Exeggutor|move: Protect\n|\n|-damage|p1a: Greedent|221/347 tox|[from] psn\n|upkeep\n|turn|17\n|-message|Alfhan forfeited.\n|\n|win|wanted fame=got it\n|raw|Alfhan's rating: 2236 &rarr; <strong>2224</strong><br />(-12 for losing)\n|raw|wanted fame=got it's rating: 2383 &rarr; <strong>2395</strong><br />(+12 for winning)\n|l|\u2606Alfhan\n|player|p1|\n", "inputlog": ">version f27bf860d389bcfdfe10192499dbd80f1998dac7\n>start {\"formatid\":\"gen9randombattle\",\"seed\":[29930,63072,30430,13254],\"rated\":\"Rated battle\"}\n>player p1 {\"name\":\"Alfhan\",\"avatar\":\"266\",\"rating\":2236,\"seed\":[38733,33082,28362,20323]}\n>player p2 {\"name\":\"wanted fame=got it\",\"avatar\":\"aromalady\",\"rating\":2383,\"seed\":[35308,53792,4626,8875]}\n>p1 switch 5\n>p2 switch 4\n>p1 move willowisp\n>p2 move drainpunch\n>p1 switch 4\n>p2 move gunkshot\n>p1 move nastyplot\n>p2 switch 5\n>p1 move psyshock\n>p2 move darkpulse\n>chat \u2606Alfhan|in hindsight, that should have been pretty obvious\n>chat \u2606Alfhan|lol\n>p1 switch 3\n>p1 move earthpower\n>p2 move sludgebomb terastallize\n>p1 switch 6\n>p1 move earthquake\n>p2 switch 5\n>p1 switch 4\n>p2 move knockoff\n>p1 move fireblast\n>p2 move drainpunch\n>p2 switch 6\n>p1 move fireblast\n>p2 move toxicspikes\n>p1 move willowisp\n>p2 move toxicspikes\n>p1 move darkpulse\n>p2 move earthquake\n>p1 move nastyplot\n>p2 move earthquake\n>p1 switch 4\n>p1 move earthquake\n>p2 switch 3\n>p1 move knockoff\n>p2 move substitute\n>p1 move knockoff\n>p2 move protect\n>forcelose p1", "uploadtime": 1733485580, "views": 12, "formatid": "gen9randombattle", "rating": 2224, "private": 0, "password": null}