{"id": "gen9randombattle-2206963273", "format": "[Gen 9] Random Battle", "players": ["goobmy", "RB2T Unstoppable"], "log": "|badge|p1|bronze|gen9randombattle|100-2\n|uhtml|medal-msg|<div class=\"broadcast-blue\">Curious what those medals under the avatar are? PS now has Ladder Seasons! For more information, check out the <a href=\"https://www.smogon.com/forums/threads/3740067/\">thread on Smogon.</a></div>\n|badge|p2|silver|gen9randombattle|30-2\n|uhtml|medal-msg|<div class=\"broadcast-blue\">Curious what those medals under the avatar are? PS now has Ladder Seasons! For more information, check out the <a href=\"https://www.smogon.com/forums/threads/3740067/\">thread on Smogon.</a></div>\n|raw|<div class=\"broadcast-blue\"><strong>This battle is required to be public due to a player having a name starting with 'rb2t'.</div>\n|j|\u2606goobmy\n|j|\u203dRB2T Unstoppable\n|t:|1726976751\n|gametype|singles\n|player|p1|goobmy|picnicker|2401\n|player|p2|RB2T Unstoppable|waitress-gen4|2357\n|teamsize|p1|6\n|teamsize|p2|6\n|gen|9\n|tier|[Gen 9] Random Battle\n|rated|\n|rule|Species Clause: Limit one of each Pok\u00e9mon\n|rule|HP Percentage Mod: HP is shown in percentages\n|rule|Sleep Clause Mod: Limit one foe put to sleep\n|rule|Illusion Level Mod: Illusion disguises the Pok\u00e9mon's true level\n|\n|t:|1726976751\n|start\n|switch|p1a: Mienshao|Mienshao, L83, M|244/244\n|switch|p2a: Barraskewda|Barraskewda, L81, M|231/231\n|turn|1\n|inactive|Battle timer is ON: inactive players will automatically lose when time's up. (requested by RB2T Unstoppable)\n|\n|t:|1726976761\n|move|p1a: Mienshao|Fake Out|p2a: Barraskewda\n|-damage|p2a: Barraskewda|183/231\n|cant|p2a: Barraskewda|flinch\n|\n|upkeep\n|turn|2\n|\n|t:|1726976767\n|switch|p1a: Tatsugiri|Tatsugiri, L86, M|257/257\n|move|p2a: Barraskewda|Flip Turn|p1a: Tatsugiri\n|-ability|p1a: Tatsugiri|Storm Drain|boost\n|-boost|p1a: Tatsugiri|spa|1\n|\n|upkeep\n|turn|3\n|\n|t:|1726976789\n|switch|p2a: Bellossom|Bellossom, L84, M|263/263\n|move|p1a: Tatsugiri|Surf|p2a: Bellossom\n|-resisted|p2a: Bellossom\n|-damage|p2a: Bellossom|184/263\n|\n|-heal|p2a: Bellossom|200/263|[from] item: Leftovers\n|upkeep\n|turn|4\n|\n|t:|1726976798\n|-terastallize|p2a: Bellossom|Fairy\n|move|p1a: Tatsugiri|Draco Meteor|p2a: Bellossom\n|-immune|p2a: Bellossom\n|move|p2a: Bellossom|Quiver Dance|p2a: Bellossom\n|-boost|p2a: Bellossom|spa|1\n|-boost|p2a: Bellossom|spd|1\n|-boost|p2a: Bellossom|spe|1\n|\n|-heal|p2a: Bellossom|216/263|[from] item: Leftovers\n|upkeep\n|turn|5\n|j| Ghostilex\n|\n|t:|1726976814\n|switch|p1a: Seviper|Seviper, L93, M|287/287\n|move|p2a: Bellossom|Quiver Dance|p2a: Bellossom\n|-boost|p2a: Bellossom|spa|1\n|-boost|p2a: Bellossom|spd|1\n|-boost|p2a: Bellossom|spe|1\n|\n|-heal|p2a: Bellossom|232/263|[from] item: Leftovers\n|upkeep\n|turn|6\n|\n|t:|1726976824\n|switch|p2a: Swalot|Swalot, L90, F|326/326\n|move|p1a: Seviper|Gunk Shot|p2a: Swalot\n|-resisted|p2a: Swalot\n|-damage|p2a: Swalot|246/326\n|\n|-heal|p2a: Swalot|266/326|[from] item: Leftovers\n|upkeep\n|turn|7\n|\n|t:|1726976836\n|switch|p1a: Stonjourner|Stonjourner, L91, F|330/330\n|move|p2a: Swalot|Earthquake|p1a: Stonjourner\n|-supereffective|p1a: Stonjourner\n|-damage|p1a: Stonjourner|248/330\n|\n|-heal|p2a: Swalot|286/326|[from] item: Leftovers\n|upkeep\n|turn|8\n|inactive|RB2T Unstoppable has 120 seconds left.\n|\n|t:|1726976886\n|switch|p2a: Gyarados|Gyarados, L79, M|280/280\n|-ability|p2a: Gyarados|Intimidate|boost\n|-unboost|p1a: Stonjourner|atk|1\n|move|p1a: Stonjourner|Stealth Rock|p2a: Gyarados\n|-sidestart|p2: RB2T Unstoppable|move: Stealth Rock\n|\n|upkeep\n|turn|9\n|\n|t:|1726976907\n|switch|p2a: Swalot|Swalot, L90, F|286/326\n|-damage|p2a: Swalot|246/326|[from] Stealth Rock\n|move|p1a: Stonjourner|Stone Edge|p2a: Swalot\n|-crit|p2a: Swalot\n|-damage|p2a: Swalot|0 fnt\n|faint|p2a: Swalot\n|-damage|p1a: Stonjourner|215/330|[from] item: Life Orb\n|\n|upkeep\n|\n|t:|1726976924\n|switch|p2a: Bellossom|Bellossom, L84, M, tera:Fairy|232/263\n|-damage|p2a: Bellossom|200/263|[from] Stealth Rock\n|turn|10\n|\n|t:|1726976933\n|switch|p1a: Mienshao|Mienshao, L83, M|244/244\n|move|p2a: Bellossom|Quiver Dance|p2a: Bellossom\n|-boost|p2a: Bellossom|spa|1\n|-boost|p2a: Bellossom|spd|1\n|-boost|p2a: Bellossom|spe|1\n|\n|-heal|p2a: Bellossom|216/263|[from] item: Leftovers\n|upkeep\n|turn|11\n|\n|t:|1726976939\n|move|p1a: Mienshao|Fake Out|p2a: Bellossom\n|-damage|p2a: Bellossom|185/263\n|cant|p2a: Bellossom|flinch\n|\n|-heal|p2a: Bellossom|201/263|[from] item: Leftovers\n|upkeep\n|turn|12\n|\n|t:|1726976942\n|move|p1a: Mienshao|U-turn|p2a: Bellossom\n|-resisted|p2a: Bellossom\n|-damage|p2a: Bellossom|174/263\n|\n|t:|1726976944\n|switch|p1a: Seviper|Seviper, L93, M|287/287|[from] U-turn\n|move|p2a: Bellossom|Quiver Dance|p2a: Bellossom\n|-boost|p2a: Bellossom|spa|1\n|-boost|p2a: Bellossom|spd|1\n|-boost|p2a: Bellossom|spe|1\n|\n|-heal|p2a: Bellossom|190/263|[from] item: Leftovers\n|upkeep\n|turn|13\n|\n|t:|1726976950\n|move|p2a: Bellossom|Strength Sap|p1a: Seviper\n|-unboost|p1a: Seviper|atk|1\n|-heal|p2a: Bellossom|263/263\n|move|p1a: Seviper|Gunk Shot|p2a: Bellossom\n|-supereffective|p2a: Bellossom\n|-damage|p2a: Bellossom|71/263\n|\n|-heal|p2a: Bellossom|87/263|[from] item: Leftovers\n|upkeep\n|turn|14\n|\n|t:|1726976955\n|move|p2a: Bellossom|Strength Sap|p1a: Seviper\n|-unboost|p1a: Seviper|atk|1\n|-heal|p2a: Bellossom|246/263\n|move|p1a: Seviper|Swords Dance|p1a: Seviper\n|-boost|p1a: Seviper|atk|2\n|\n|-heal|p2a: Bellossom|262/263|[from] item: Leftovers\n|upkeep\n|turn|15\n|\n|t:|1726976972\n|switch|p2a: Gyarados|Gyarados, L79, M|280/280\n|-ability|p2a: Gyarados|Intimidate|boost\n|-unboost|p1a: Seviper|atk|1\n|move|p1a: Seviper|Swords Dance|p1a: Seviper\n|-boost|p1a: Seviper|atk|2\n|\n|upkeep\n|turn|16\n|\n|t:|1726976999\n|-terastallize|p1a: Seviper|Grass\n|move|p1a: Seviper|Swords Dance|p1a: Seviper\n|-boost|p1a: Seviper|atk|2\n|move|p2a: Gyarados|Dragon Dance|p2a: Gyarados\n|-boost|p2a: Gyarados|atk|1\n|-boost|p2a: Gyarados|spe|1\n|\n|upkeep\n|turn|17\n|\n|t:|1726977016\n|move|p2a: Gyarados|Temper Flare|p1a: Seviper\n|-supereffective|p1a: Seviper\n|-damage|p1a: Seviper|83/287\n|move|p1a: Seviper|Trailblaze|p2a: Gyarados\n|-damage|p2a: Gyarados|42/280\n|-boost|p1a: Seviper|spe|1\n|\n|-heal|p1a: Seviper|100/287|[from] item: Leftovers\n|upkeep\n|turn|18\n|\n|t:|1726977037\n|switch|p1a: Mienshao|Mienshao, L83, M|244/244\n|move|p2a: Gyarados|Temper Flare|p1a: Mienshao\n|-damage|p1a: Mienshao|120/244\n|\n|upkeep\n|turn|19\n|\n|t:|1726977048\n|move|p1a: Mienshao|Fake Out|p2a: Gyarados\n|-damage|p2a: Gyarados|3/280\n|cant|p2a: Gyarados|flinch\n|\n|upkeep\n|turn|20\n|\n|t:|1726977054\n|switch|p1a: Stonjourner|Stonjourner, L91, F|215/330\n|move|p2a: Gyarados|Earthquake|p1a: Stonjourner\n|-supereffective|p1a: Stonjourner\n|-damage|p1a: Stonjourner|77/330\n|\n|upkeep\n|turn|21\n|\n|t:|1726977062\n|switch|p1a: Mienshao|Mienshao, L83, M|201/244\n|move|p2a: Gyarados|Earthquake|p1a: Mienshao\n|-damage|p1a: Mienshao|36/244\n|\n|upkeep\n|turn|22\n|\n|t:|1726977067\n|move|p1a: Mienshao|Fake Out|p2a: Gyarados\n|-damage|p2a: Gyarados|0 fnt\n|faint|p2a: Gyarados\n|\n|upkeep\n|\n|t:|1726977069\n|switch|p2a: Bellossom|Bellossom, L84, M, tera:Fairy|262/263\n|-damage|p2a: Bellossom|230/263|[from] Stealth Rock\n|turn|23\n|\n|t:|1726977077\n|move|p1a: Mienshao|U-turn|p2a: Bellossom\n|-resisted|p2a: Bellossom\n|-damage|p2a: Bellossom|201/263\n|\n|t:|1726977081\n|switch|p1a: Dedenne|Dedenne, L88, M|261/261|[from] U-turn\n|move|p2a: Bellossom|Quiver Dance|p2a: Bellossom\n|-boost|p2a: Bellossom|spa|1\n|-boost|p2a: Bellossom|spd|1\n|-boost|p2a: Bellossom|spe|1\n|\n|-heal|p2a: Bellossom|217/263|[from] item: Leftovers\n|upkeep\n|turn|24\n|\n|t:|1726977098\n|switch|p2a: Pincurchin|Pincurchin, M|258/258\n|-damage|p2a: Pincurchin|226/258|[from] Stealth Rock\n|-fieldstart|move: Electric Terrain|[from] ability: Electric Surge|[of] p2a: Pincurchin\n|move|p1a: Dedenne|Nuzzle|p2a: Pincurchin\n|-resisted|p2a: Pincurchin\n|-damage|p2a: Pincurchin|217/258\n|\n|-heal|p2a: Pincurchin|233/258|[from] item: Leftovers\n|upkeep\n|turn|25\n|\n|t:|1726977106\n|move|p1a: Dedenne|U-turn|p2a: Pincurchin\n|-damage|p2a: Pincurchin|201/258\n|\n|t:|1726977108\n|switch|p1a: Stonjourner|Stonjourner, L91, F|77/330|[from] U-turn\n|move|p2a: Pincurchin|Curse|p2a: Pincurchin\n|-unboost|p2a: Pincurchin|spe|1\n|-boost|p2a: Pincurchin|atk|1\n|-boost|p2a: Pincurchin|def|1\n|\n|-heal|p2a: Pincurchin|217/258|[from] item: Leftovers\n|upkeep\n|turn|26\n|\n|t:|1726977116\n|move|p1a: Stonjourner|Earthquake|p2a: Pincurchin\n|-supereffective|p2a: Pincurchin\n|-damage|p2a: Pincurchin|71/258\n|-damage|p1a: Stonjourner|44/330|[from] item: Life Orb\n|move|p2a: Pincurchin|Liquidation|p1a: Stonjourner\n|-supereffective|p1a: Stonjourner\n|-damage|p1a: Stonjourner|0 fnt\n|faint|p1a: Stonjourner\n|\n|-heal|p2a: Pincurchin|87/258|[from] item: Leftovers\n|upkeep\n|\n|t:|1726977130\n|switch|p1a: Seviper|Seviper, L93, M, tera:Grass|100/287\n|turn|27\n|\n|t:|1726977133\n|move|p1a: Seviper|Earthquake|p2a: Pincurchin\n|-supereffective|p2a: Pincurchin\n|-damage|p2a: Pincurchin|0 fnt\n|faint|p2a: Pincurchin\n|\n|-heal|p1a: Seviper|117/287|[from] item: Leftovers\n|upkeep\n|\n|t:|1726977147\n|switch|p2a: Barraskewda|Barraskewda, L81, M|183/231\n|-damage|p2a: Barraskewda|155/231|[from] Stealth Rock\n|turn|28\n|\n|t:|1726977152\n|switch|p1a: Dedenne|Dedenne, L88, M|261/261\n|move|p2a: Barraskewda|Poison Jab|p1a: Dedenne\n|-supereffective|p1a: Dedenne\n|-damage|p1a: Dedenne|15/261\n|-enditem|p1a: Dedenne|Sitrus Berry|[eat]\n|-heal|p1a: Dedenne|80/261|[from] item: Sitrus Berry\n|-heal|p1a: Dedenne|167/261|[from] ability: Cheek Pouch\n|\n|-fieldend|move: Electric Terrain\n|upkeep\n|turn|29\n|\n|t:|1726977168\n|switch|p1a: Mienshao|Mienshao, L83, M|117/244\n|move|p2a: Barraskewda|Poison Jab|p1a: Mienshao\n|-damage|p1a: Mienshao|0 fnt\n|faint|p1a: Mienshao\n|\n|upkeep\n|\n|t:|1726977170\n|switch|p1a: Tatsugiri|Tatsugiri, L86, M|257/257\n|turn|30\n|\n|t:|1726977180\n|move|p2a: Barraskewda|Poison Jab|p1a: Tatsugiri\n|-damage|p1a: Tatsugiri|126/257\n|move|p1a: Tatsugiri|Rapid Spin|p2a: Barraskewda\n|-damage|p2a: Barraskewda|125/231\n|-boost|p1a: Tatsugiri|spe|1\n|\n|upkeep\n|turn|31\n|\n|t:|1726977189\n|move|p1a: Tatsugiri|Draco Meteor|p2a: Barraskewda\n|-damage|p2a: Barraskewda|0 fnt\n|-unboost|p1a: Tatsugiri|spa|2\n|faint|p2a: Barraskewda\n|\n|upkeep\n|\n|t:|1726977200\n|switch|p2a: Weavile|Weavile, L79, M|240/240\n|turn|32\n|\n|t:|1726977216\n|move|p1a: Tatsugiri|Nasty Plot|p1a: Tatsugiri\n|-boost|p1a: Tatsugiri|spa|2\n|move|p2a: Weavile|Swords Dance|p2a: Weavile\n|-boost|p2a: Weavile|atk|2\n|\n|upkeep\n|turn|33\n|\n|t:|1726977224\n|move|p1a: Tatsugiri|Draco Meteor|p2a: Weavile\n|-damage|p2a: Weavile|57/240\n|-unboost|p1a: Tatsugiri|spa|2\n|move|p2a: Weavile|Knock Off|p1a: Tatsugiri\n|-damage|p1a: Tatsugiri|0 fnt\n|-enditem|p1a: Tatsugiri|Heavy-Duty Boots|[from] move: Knock Off|[of] p2a: Weavile\n|faint|p1a: Tatsugiri\n|\n|upkeep\n|\n|t:|1726977231\n|switch|p1a: Darkrai|Darkrai, L76|231/231\n|turn|34\n|\n|t:|1726977236\n|move|p2a: Weavile|Triple Axel|p1a: Darkrai\n|-damage|p1a: Darkrai|183/231\n|-damage|p1a: Darkrai|93/231\n|-damage|p1a: Darkrai|0 fnt\n|faint|p1a: Darkrai\n|-hitcount|p1: Darkrai|3\n|\n|upkeep\n|\n|t:|1726977238\n|switch|p1a: Dedenne|Dedenne, L88, M|167/261\n|turn|35\n|\n|t:|1726977243\n|move|p2a: Weavile|Triple Axel|p1a: Dedenne\n|-damage|p1a: Dedenne|103/261\n|-damage|p1a: Dedenne|0 fnt\n|faint|p1a: Dedenne\n|-hitcount|p1: Dedenne|2\n|\n|upkeep\n|\n|t:|1726977245\n|switch|p1a: Seviper|Seviper, L93, M, tera:Grass|117/287\n|turn|36\n|\n|t:|1726977249\n|move|p2a: Weavile|Ice Shard|p1a: Seviper\n|-supereffective|p1a: Seviper\n|-damage|p1a: Seviper|0 fnt\n|faint|p1a: Seviper\n|\n|win|RB2T Unstoppable\n|raw|goobmy's rating: 2401 &rarr; <strong>2378</strong><br />(-23 for losing)\n|raw|RB2T Unstoppable's rating: 2357 &rarr; <strong>2380</strong><br />(+23 for winning)\n", "inputlog": ">version ddf5848a381b6afa3b8db755b9bdef59b522c4eb\n>start {\"formatid\":\"gen9randombattle\",\"seed\":[64474,51274,58442,63649],\"rated\":\"Rated battle\"}\n>player p1 {\"name\":\"goobmy\",\"avatar\":\"picnicker\",\"rating\":2401,\"seed\":[54107,41121,27505,11830]}\n>player p2 {\"name\":\"RB2T Unstoppable\",\"avatar\":\"waitress-gen4\",\"rating\":2357,\"seed\":[16054,10526,48435,57037]}\n>p1 move fakeout\n>p2 move flipturn\n>p1 switch 6\n>p2 move flipturn\n>p1 move surf\n>p2 switch 2\n>p1 move dracometeor\n>p2 move quiverdance terastallize\n>p1 switch 3\n>p2 move quiverdance\n>p1 move gunkshot\n>p2 switch 5\n>p1 switch 4\n>p2 move earthquake\n>p1 move stealthrock\n>p2 switch 4\n>p1 move stoneedge\n>p2 switch 4\n>p2 switch 5\n>p1 switch 6\n>p2 move quiverdance\n>p1 move fakeout\n>p2 move quiverdance\n>p1 move uturn\n>p2 move quiverdance\n>p1 switch 4\n>p1 move gunkshot\n>p2 move strengthsap\n>p1 move swordsdance\n>p2 move strengthsap\n>p1 move swordsdance\n>p2 switch 4\n>p1 move swordsdance terastallize\n>p2 move dragondance\n>p1 move trailblaze\n>p2 move temperflare\n>p1 switch 4\n>p2 move temperflare\n>p1 move fakeout\n>p2 move waterfall\n>p1 switch 6\n>p2 move earthquake\n>p1 switch 6\n>p2 move earthquake\n>p1 move fakeout\n>p2 move earthquake\n>p2 switch 4\n>p1 move uturn\n>p2 move quiverdance\n>p1 switch 2\n>p1 move nuzzle\n>p2 switch 3\n>p1 move uturn\n>p2 move curse\n>p1 switch 6\n>p1 move earthquake\n>p2 move liquidation\n>p1 switch 4\n>p1 move earthquake\n>p2 move zingzap\n>p2 switch 2\n>p1 switch 6\n>p2 move poisonjab\n>p1 switch 2\n>p2 move poisonjab\n>p1 switch 3\n>p1 move rapidspin\n>p2 move poisonjab\n>p1 move dracometeor\n>p2 move poisonjab\n>p2 switch 6\n>p1 move nastyplot\n>p2 move swordsdance\n>p1 move dracometeor\n>p2 move knockoff\n>p1 switch 5\n>p1 move sludgebomb\n>p2 move tripleaxel\n>p1 switch 2\n>p1 move thunderbolt\n>p2 move tripleaxel\n>p1 switch 6\n>p1 move trailblaze\n>p2 move iceshard", "uploadtime": 1726977251, "views": 97, "formatid": "gen9randombattle", "rating": 2378, "private": 0, "password": null}