{"id": "gen9randombattle-2260885929", "format": "[Gen 9] Random Battle", "players": ["ibamakoto", "so6790"], "log": "|j|\u2606ibamakoto\n|j|\u2606so6790\n|t:|1733910841\n|gametype|singles\n|player|p1|ibamakoto|erika|1321\n|player|p2|so6790|shadowtriad|1363\n|teamsize|p1|6\n|teamsize|p2|6\n|gen|9\n|tier|[Gen 9] Random Battle\n|rated|\n|rule|Species Clause: Limit one of each Pok\u00e9mon\n|rule|HP Percentage Mod: HP is shown in percentages\n|rule|Sleep Clause Mod: Limit one foe put to sleep\n|rule|Illusion Level Mod: Illusion disguises the Pok\u00e9mon's true level\n|\n|t:|1733910841\n|start\n|switch|p1a: Urshifu|Urshifu, L74, F|270/270\n|switch|p2a: Clawitzer|Clawitzer, L87, F|265/265\n|turn|1\n|inactive|Battle timer is ON: inactive players will automatically lose when time's up. (requested by so6790)\n|inactive|ibamakoto has 120 seconds left.\n|\n|t:|1733910881\n|move|p1a: Urshifu|U-turn|p2a: Clawitzer\n|-damage|p2a: Clawitzer|221/265\n|\n|t:|1733910895\n|switch|p1a: Passimian|Passimian, L83, F|302/302|[from] U-turn\n|move|p2a: Clawitzer|Aura Sphere|p1a: Passimian\n|-damage|p1a: Passimian|164/302\n|\n|-heal|p1a: Passimian|182/302|[from] item: Leftovers\n|upkeep\n|turn|2\n|\n|t:|1733910912\n|move|p1a: Passimian|Drain Punch|p2a: Clawitzer\n|-damage|p2a: Clawitzer|130/265\n|-heal|p1a: Passimian|228/302|[from] drain|[of] p2a: Clawitzer\n|move|p2a: Clawitzer|Water Pulse|p1a: Passimian\n|-damage|p1a: Passimian|65/302\n|\n|-heal|p1a: Passimian|83/302|[from] item: Leftovers\n|upkeep\n|turn|3\n|\n|t:|1733910925\n|move|p1a: Passimian|Knock Off|p2a: Clawitzer\n|-damage|p2a: Clawitzer|53/265\n|-enditem|p2a: Clawitzer|Assault Vest|[from] move: Knock Off|[of] p1a: Passimian\n|move|p2a: Clawitzer|Water Pulse|p1a: Passimian\n|-damage|p1a: Passimian|0 fnt\n|faint|p1a: Passimian\n|\n|upkeep\n|\n|t:|1733910943\n|switch|p1a: Duraludon|Duraludon, L82, M|249/249\n|turn|4\n|\n|t:|1733910964\n|move|p1a: Duraludon|Body Press|p2a: Clawitzer\n|-damage|p2a: Clawitzer|0 fnt\n|faint|p2a: Clawitzer\n|\n|upkeep\n|\n|t:|1733910969\n|switch|p2a: Dragapult|Dragapult, L77, F|262/262\n|turn|5\n|\n|t:|1733910974\n|move|p2a: Dragapult|Will-O-Wisp|p1a: Duraludon\n|-status|p1a: Duraludon|brn\n|move|p1a: Duraludon|Thunder Wave|p2a: Dragapult\n|-status|p2a: Dragapult|par\n|\n|-damage|p1a: Duraludon|234/249 brn|[from] brn\n|upkeep\n|turn|6\n|\n|t:|1733910988\n|move|p1a: Duraludon|Draco Meteor|p2a: Dragapult\n|-supereffective|p2a: Dragapult\n|-damage|p2a: Dragapult|0 fnt\n|-unboost|p1a: Duraludon|spa|2\n|faint|p2a: Dragapult\n|\n|-damage|p1a: Duraludon|219/249 brn|[from] brn\n|upkeep\n|\n|t:|1733910998\n|switch|p2a: Klawf|Klawf, L90, M|272/272\n|turn|7\n|\n|t:|1733911007\n|move|p1a: Duraludon|Thunder Wave|p2a: Klawf\n|-status|p2a: Klawf|par\n|cant|p2a: Klawf|par\n|\n|-damage|p1a: Duraludon|204/249 brn|[from] brn\n|upkeep\n|turn|8\n|\n|t:|1733911012\n|move|p1a: Duraludon|Flash Cannon|p2a: Klawf\n|-supereffective|p2a: Klawf\n|-damage|p2a: Klawf|150/272 par\n|move|p2a: Klawf|High Horsepower|p1a: Duraludon\n|-supereffective|p1a: Duraludon\n|-damage|p1a: Duraludon|90/249 brn\n|-damage|p2a: Klawf|123/272 par|[from] item: Life Orb\n|\n|-damage|p1a: Duraludon|75/249 brn|[from] brn\n|upkeep\n|turn|9\n|\n|t:|1733911020\n|move|p1a: Duraludon|Body Press|p2a: Klawf\n|-supereffective|p2a: Klawf\n|-damage|p2a: Klawf|77/272 par\n|move|p2a: Klawf|High Horsepower|p1a: Duraludon\n|-supereffective|p1a: Duraludon\n|-damage|p1a: Duraludon|0 fnt\n|faint|p1a: Duraludon\n|-damage|p2a: Klawf|50/272 par|[from] item: Life Orb\n|\n|upkeep\n|\n|t:|1733911034\n|switch|p1a: Zebstrika|Zebstrika, L87, F|272/272\n|turn|10\n|\n|t:|1733911042\n|move|p1a: Zebstrika|High Horsepower|p2a: Klawf\n|-supereffective|p2a: Klawf\n|-damage|p2a: Klawf|0 fnt\n|faint|p2a: Klawf\n|-damage|p1a: Zebstrika|245/272|[from] item: Life Orb\n|\n|upkeep\n|\n|t:|1733911053\n|switch|p2a: Coalossal|Coalossal, L89, F|341/341\n|turn|11\n|\n|t:|1733911068\n|-terastallize|p2a: Coalossal|Ghost\n|move|p1a: Zebstrika|High Horsepower|p2a: Coalossal\n|-damage|p2a: Coalossal|263/341\n|-damage|p1a: Zebstrika|218/272|[from] item: Life Orb\n|move|p2a: Coalossal|Flamethrower|p1a: Zebstrika\n|-damage|p1a: Zebstrika|110/272\n|\n|upkeep\n|turn|12\n|\n|t:|1733911094\n|move|p1a: Zebstrika|Volt Switch|p2a: Coalossal\n|-damage|p2a: Coalossal|173/341\n|-damage|p1a: Zebstrika|83/272|[from] item: Life Orb\n|\n|t:|1733911098\n|switch|p1a: Floatzel|Floatzel, L85, F|283/283|[from] Volt Switch\n|move|p2a: Coalossal|Flamethrower|p1a: Floatzel\n|-resisted|p1a: Floatzel\n|-damage|p1a: Floatzel|214/283\n|\n|upkeep\n|turn|13\n|\n|t:|1733911115\n|switch|p2a: Vespiquen|Vespiquen, L98, F|296/296\n|-ability|p2a: Vespiquen|Pressure\n|move|p1a: Floatzel|Crunch|p2a: Vespiquen\n|-damage|p2a: Vespiquen|228/296\n|\n|upkeep\n|turn|14\n|\n|t:|1733911126\n|switch|p1a: Ditto|Ditto, L87|225/225\n|-transform|p1a: Ditto|p2a: Vespiquen|[from] ability: Imposter\n|-ability|p1a: Ditto|Pressure\n|move|p2a: Vespiquen|Toxic Spikes|p1a: Ditto\n|-sidestart|p1: ibamakoto|move: Toxic Spikes\n|\n|upkeep\n|turn|15\n|\n|t:|1733911144\n|switch|p2a: Coalossal|Coalossal, L89, F, tera:Ghost|173/341\n|move|p1a: Ditto|Air Slash|p2a: Coalossal\n|-damage|p2a: Coalossal|94/341\n|\n|upkeep\n|turn|16\n|\n|t:|1733911157\n|move|p1a: Ditto|Air Slash|p2a: Coalossal\n|-damage|p2a: Coalossal|13/341\n|move|p2a: Coalossal|Stone Edge|p1a: Ditto\n|-supereffective|p1a: Ditto\n|-damage|p1a: Ditto|0 fnt\n|faint|p1a: Ditto\n|\n|upkeep\n|\n|t:|1733911167\n|switch|p1a: Zebstrika|Zebstrika, L87, F|83/272\n|-status|p1a: Zebstrika|psn\n|turn|17\n|\n|t:|1733911173\n|move|p1a: Zebstrika|Volt Switch|p2a: Coalossal\n|-damage|p2a: Coalossal|0 fnt\n|faint|p2a: Coalossal\n|-damage|p1a: Zebstrika|56/272 psn|[from] item: Life Orb\n|\n|t:|1733911181\n|switch|p1a: Floatzel|Floatzel, L85, F|214/283|[from] Volt Switch\n|-status|p1a: Floatzel|psn\n|\n|-damage|p1a: Floatzel|179/283 psn|[from] psn\n|upkeep\n|\n|t:|1733911187\n|switch|p2a: Tauros|Tauros, L82, M|257/257\n|turn|18\n|\n|t:|1733911198\n|-terastallize|p1a: Floatzel|Water\n|move|p1a: Floatzel|Wave Crash|p2a: Tauros\n|-damage|p2a: Tauros|0 fnt\n|faint|p2a: Tauros\n|-damage|p1a: Floatzel|94/283 psn|[from] Recoil\n|\n|-damage|p1a: Floatzel|59/283 psn|[from] psn\n|upkeep\n|\n|t:|1733911202\n|switch|p2a: Vespiquen|Vespiquen, L98, F|228/296\n|-ability|p2a: Vespiquen|Pressure\n|turn|19\n|-message|so6790 forfeited.\n|\n|win|ibamakoto\n|raw|ibamakoto's rating: 1321 &rarr; <strong>1343</strong><br />(+22 for winning)\n|raw|so6790's rating: 1363 &rarr; <strong>1341</strong><br />(-22 for losing)\n|l|\u2606so6790\n|player|p2|\n", "inputlog": ">version bfd83cad13791eb5a5a409923076391caf6fb4d4\n>start {\"formatid\":\"gen9randombattle\",\"seed\":[41070,45244,25347,39830],\"rated\":\"Rated battle\"}\n>player p1 {\"name\":\"ibamakoto\",\"avatar\":\"erika\",\"rating\":1321,\"seed\":[6427,24809,19173,5543]}\n>player p2 {\"name\":\"so6790\",\"avatar\":\"shadowtriad\",\"rating\":1363,\"seed\":[59638,61868,64903,26749]}\n>p1 move uturn\n>p2 move aurasphere\n>p1 switch 6\n>p1 move drainpunch\n>p2 move waterpulse\n>p1 move knockoff\n>p2 move waterpulse\n>p1 switch 3\n>p1 move bodypress\n>p2 move aurasphere\n>p2 switch 3\n>p1 move thunderwave\n>p2 move willowisp\n>p1 move dracometeor\n>p2 move dragondarts\n>p2 switch 2\n>p1 move thunderwave\n>p2 move highhorsepower\n>p1 move flashcannon\n>p2 move highhorsepower\n>p1 move bodypress\n>p2 move highhorsepower\n>p1 switch 4\n>p1 move highhorsepower\n>p2 move highhorsepower\n>p2 switch 5\n>p1 move highhorsepower\n>p2 move flamethrower terastallize\n>p1 move voltswitch\n>p2 move flamethrower\n>p1 switch 5\n>p1 move crunch\n>p2 switch 4\n>p1 switch 2\n>p2 move toxicspikes\n>p1 move airslash\n>p2 switch 4\n>p1 move airslash\n>p2 move stoneedge\n>p1 switch 5\n>p1 move voltswitch\n>p2 move spikes\n>p1 switch 2\n>p2 switch 6\n>p1 move wavecrash terastallize\n>p2 move closecombat\n>p2 switch 4\n>forcelose p2", "uploadtime": 1733911206, "views": 1, "formatid": "gen9randombattle", "rating": 1341, "private": 0, "password": null}