{"id": "gen9randombattle-2260850172", "format": "[Gen 9] Random Battle", "players": ["Jgkhgkuh", "RoboWahbit"], "log": "|j|\u2606Jgkhgkuh\n|j|\u2606RoboWahbit\n|t:|1733903934\n|gametype|singles\n|player|p1|Jgkhgkuh|170|1078\n|player|p2|RoboWahbit|101|1059\n|teamsize|p1|6\n|teamsize|p2|6\n|gen|9\n|tier|[Gen 9] Random Battle\n|rated|\n|rule|Species Clause: Limit one of each Pok\u00e9mon\n|rule|HP Percentage Mod: HP is shown in percentages\n|rule|Sleep Clause Mod: Limit one foe put to sleep\n|rule|Illusion Level Mod: Illusion disguises the Pok\u00e9mon's true level\n|\n|t:|1733903934\n|start\n|switch|p1a: Diancie|Diancie, L82|216/216\n|switch|p2a: Armarouge|Armarouge, L80, M|267/267\n|turn|1\n|c|\u2606RoboWahbit|hf\n|inactive|Battle timer is ON: inactive players will automatically lose when time's up. (requested by RoboWahbit)\n|\n|t:|1733903949\n|move|p2a: Armarouge|Energy Ball|p1a: Diancie\n|-supereffective|p1a: Diancie\n|-damage|p1a: Diancie|74/216\n|move|p1a: Diancie|Stealth Rock|p2a: Armarouge\n|-sidestart|p2: RoboWahbit|move: Stealth Rock\n|\n|-heal|p1a: Diancie|87/216|[from] item: Leftovers\n|upkeep\n|turn|2\n|\n|t:|1733903959\n|switch|p1a: Houndoom|Houndoom, L87, F|272/272\n|move|p2a: Armarouge|Energy Ball|p1a: Houndoom\n|-resisted|p1a: Houndoom\n|-damage|p1a: Houndoom|220/272\n|\n|upkeep\n|turn|3\n|inactive|Jgkhgkuh has 120 seconds left.\n|inactive|Jgkhgkuh has 90 seconds left.\n|\n|t:|1733904041\n|move|p1a: Houndoom|Nasty Plot|p1a: Houndoom\n|-boost|p1a: Houndoom|spa|2\n|move|p2a: Armarouge|Energy Ball|p1a: Houndoom\n|-resisted|p1a: Houndoom\n|-damage|p1a: Houndoom|167/272\n|\n|upkeep\n|turn|4\n|\n|t:|1733904049\n|switch|p2a: Clawitzer|Clawitzer, L87, M|265/265\n|-damage|p2a: Clawitzer|232/265|[from] Stealth Rock\n|move|p1a: Houndoom|Dark Pulse|p2a: Clawitzer\n|-damage|p2a: Clawitzer|27/265\n|\n|upkeep\n|turn|5\n|\n|t:|1733904057\n|switch|p2a: Granbull|Granbull, L88, M|302/302\n|-damage|p2a: Granbull|265/302|[from] Stealth Rock\n|-ability|p2a: Granbull|Intimidate|boost\n|-unboost|p1a: Houndoom|atk|1\n|move|p1a: Houndoom|Dark Pulse|p2a: Granbull\n|-resisted|p2a: Granbull\n|-damage|p2a: Granbull|141/302\n|\n|-heal|p2a: Granbull|159/302|[from] item: Leftovers\n|upkeep\n|turn|6\n|\n|t:|1733904069\n|move|p1a: Houndoom|Sludge Bomb|p2a: Granbull\n|-supereffective|p2a: Granbull\n|-damage|p2a: Granbull|0 fnt\n|faint|p2a: Granbull\n|\n|upkeep\n|\n|t:|1733904070\n|switch|p2a: Sneasler|Sneasler, L74, F|240/240\n|-damage|p2a: Sneasler|225/240|[from] Stealth Rock\n|turn|7\n|inactive|Jgkhgkuh has 90 seconds left.\n|\n|t:|1733904086\n|move|p2a: Sneasler|Dire Claw|p1a: Houndoom\n|-damage|p1a: Houndoom|0 fnt\n|faint|p1a: Houndoom\n|\n|upkeep\n|\n|t:|1733904097\n|switch|p1a: Cramorant|Cramorant, L86, F|261/261\n|turn|8\n|\n|t:|1733904107\n|move|p2a: Sneasler|Dire Claw|p1a: Cramorant\n|-damage|p1a: Cramorant|87/261\n|move|p1a: Cramorant|Brave Bird|p2a: Sneasler\n|-supereffective|p2a: Sneasler\n|-damage|p2a: Sneasler|0 fnt\n|faint|p2a: Sneasler\n|-damage|p1a: Cramorant|13/261|[from] Recoil\n|\n|upkeep\n|\n|t:|1733904107\n|switch|p2a: Zekrom|Zekrom, L71|259/259\n|-damage|p2a: Zekrom|227/259|[from] Stealth Rock\n|-ability|p2a: Zekrom|Teravolt\n|turn|9\n|\n|t:|1733904128\n|move|p1a: Cramorant|Surf|p2a: Zekrom\n|-formechange|p1a: Cramorant|Cramorant-Gorging|\n|-resisted|p2a: Zekrom\n|-damage|p2a: Zekrom|182/259\n|move|p2a: Zekrom|Dragon Dance|p2a: Zekrom\n|-boost|p2a: Zekrom|atk|1\n|-boost|p2a: Zekrom|spe|1\n|\n|-heal|p2a: Zekrom|198/259|[from] item: Leftovers\n|upkeep\n|turn|10\n|inactive|Jgkhgkuh has 60 seconds left.\n|\n|t:|1733904150\n|move|p2a: Zekrom|Dragon Dance|p2a: Zekrom\n|-boost|p2a: Zekrom|atk|1\n|-boost|p2a: Zekrom|spe|1\n|move|p1a: Cramorant|Surf|p2a: Zekrom\n|-resisted|p2a: Zekrom\n|-damage|p2a: Zekrom|153/259\n|\n|-heal|p2a: Zekrom|169/259|[from] item: Leftovers\n|upkeep\n|turn|11\n|inactive|Jgkhgkuh has 60 seconds left.\n|\n|t:|1733904161\n|move|p2a: Zekrom|Bolt Strike|p1a: Cramorant\n|-supereffective|p1a: Cramorant\n|-damage|p1a: Cramorant|0 fnt\n|-damage|p2a: Zekrom|105/259|[from] ability: Gulp Missile|[of] p1a: Cramorant\n|-formechange|p1a: Cramorant|Cramorant|\n|faint|p1a: Cramorant\n|\n|-heal|p2a: Zekrom|121/259|[from] item: Leftovers\n|upkeep\n|inactive|Jgkhgkuh has 60 seconds left.\n|\n|t:|1733904175\n|switch|p1a: Dachsbun|Dachsbun, L92, F|254/254\n|turn|12\n|inactive|Jgkhgkuh has 60 seconds left.\n|\n|t:|1733904182\n|move|p2a: Zekrom|Substitute|p2a: Zekrom\n|-start|p2a: Zekrom|Substitute\n|-damage|p2a: Zekrom|57/259\n|move|p1a: Dachsbun|Stomping Tantrum|p2a: Zekrom\n|-supereffective|p2a: Zekrom\n|-end|p2a: Zekrom|Substitute\n|\n|-heal|p2a: Zekrom|73/259|[from] item: Leftovers\n|upkeep\n|turn|13\n|inactive|Jgkhgkuh has 60 seconds left.\n|\n|t:|1733904193\n|move|p2a: Zekrom|Substitute|p2a: Zekrom\n|-start|p2a: Zekrom|Substitute\n|-damage|p2a: Zekrom|9/259\n|move|p1a: Dachsbun|Play Rough|p2a: Zekrom\n|-supereffective|p2a: Zekrom\n|-end|p2a: Zekrom|Substitute\n|\n|-heal|p2a: Zekrom|25/259|[from] item: Leftovers\n|upkeep\n|turn|14\n|inactive|Jgkhgkuh has 60 seconds left.\n|\n|t:|1733904205\n|move|p2a: Zekrom|Bolt Strike|p1a: Dachsbun\n|-damage|p1a: Dachsbun|52/254\n|move|p1a: Dachsbun|Stomping Tantrum|p2a: Zekrom\n|-supereffective|p2a: Zekrom\n|-crit|p2a: Zekrom\n|-damage|p2a: Zekrom|0 fnt\n|faint|p2a: Zekrom\n|\n|-heal|p1a: Dachsbun|67/254|[from] item: Leftovers\n|upkeep\n|\n|t:|1733904205\n|switch|p2a: Armarouge|Armarouge, L80, M|267/267\n|-damage|p2a: Armarouge|201/267|[from] Stealth Rock\n|turn|15\n|inactive|Jgkhgkuh has 60 seconds left.\n|\n|t:|1733904223\n|move|p1a: Dachsbun|Wish|p1a: Dachsbun\n|move|p2a: Armarouge|Psyshock|p1a: Dachsbun\n|-crit|p1a: Dachsbun\n|-damage|p1a: Dachsbun|0 fnt\n|faint|p1a: Dachsbun\n|\n|upkeep\n|inactive|Jgkhgkuh has 60 seconds left.\n|\n|t:|1733904230\n|switch|p1a: Diancie|Diancie, L82|87/216\n|turn|16\n|\n|t:|1733904236\n|move|p2a: Armarouge|Psyshock|p1a: Diancie\n|-damage|p1a: Diancie|0 fnt\n|faint|p1a: Diancie\n|\n|upkeep\n|\n|t:|1733904241\n|switch|p1a: Polteageist|Polteageist-Antique, L79|224/224\n|turn|17\n|\n|t:|1733904246\n|move|p2a: Armarouge|Psyshock|p1a: Polteageist\n|-damage|p1a: Polteageist|23/224\n|move|p1a: Polteageist|Shell Smash|p1a: Polteageist\n|-unboost|p1a: Polteageist|def|1\n|-unboost|p1a: Polteageist|spd|1\n|-boost|p1a: Polteageist|atk|2\n|-boost|p1a: Polteageist|spa|2\n|-boost|p1a: Polteageist|spe|2\n|-enditem|p1a: Polteageist|White Herb\n|-clearnegativeboost|p1a: Polteageist|[silent]\n|\n|upkeep\n|turn|18\n|\n|t:|1733904256\n|switch|p2a: Clawitzer|Clawitzer, L87, M|27/265\n|-damage|p2a: Clawitzer|0 fnt|[from] Stealth Rock\n|faint|p2a: Clawitzer\n|move|p1a: Polteageist|Shadow Ball|p2: Clawitzer|[notarget]\n|-fail|p1a: Polteageist\n|\n|upkeep\n|\n|t:|1733904256\n|switch|p2a: Armarouge|Armarouge, L80, M|201/267\n|-damage|p2a: Armarouge|135/267|[from] Stealth Rock\n|turn|19\n|\n|t:|1733904267\n|move|p1a: Polteageist|Shadow Ball|p2a: Armarouge\n|-supereffective|p2a: Armarouge\n|-damage|p2a: Armarouge|0 fnt\n|faint|p2a: Armarouge\n|\n|upkeep\n|\n|t:|1733904267\n|switch|p2a: Crabominable|Crabominable, L90, M|321/321\n|-damage|p2a: Crabominable|281/321|[from] Stealth Rock\n|turn|20\n|inactive|Jgkhgkuh has 90 seconds left.\n|\n|t:|1733904276\n|-terastallize|p2a: Crabominable|Fighting\n|move|p1a: Polteageist|Stored Power|p2a: Crabominable\n|-supereffective|p2a: Crabominable\n|-damage|p2a: Crabominable|0 fnt\n|faint|p2a: Crabominable\n|\n|win|Jgkhgkuh\n|raw|Jgkhgkuh's rating: 1078 &rarr; <strong>1105</strong><br />(+27 for winning)\n|raw|RoboWahbit's rating: 1059 &rarr; <strong>1041</strong><br />(-18 for losing)\n|c|\u2606RoboWahbit|gg\n", "inputlog": ">version bfd83cad13791eb5a5a409923076391caf6fb4d4\n>start {\"formatid\":\"gen9randombattle\",\"seed\":[39046,37448,7040,16150],\"rated\":\"Rated battle\"}\n>player p1 {\"name\":\"Jgkhgkuh\",\"avatar\":\"170\",\"rating\":1078,\"seed\":[56003,16887,63605,60279]}\n>player p2 {\"name\":\"RoboWahbit\",\"avatar\":\"101\",\"rating\":1059,\"seed\":[21552,16923,20819,63979]}\n>chat \u2606RoboWahbit|hf\n>p1 move stealthrock\n>p2 move energyball\n>p1 switch 6\n>p2 move energyball\n>p1 move nastyplot\n>p2 move energyball\n>p1 move darkpulse\n>p2 switch 6\n>p1 move darkpulse\n>p2 switch 5\n>p1 move sludgebomb\n>p2 move earthquake\n>p2 switch 4\n>p1 move fireblast\n>p2 move direclaw\n>p1 switch 4\n>p1 move bravebird\n>p2 move direclaw\n>p2 switch 3\n>p1 move surf\n>p2 move dragondance\n>p1 move surf\n>p2 move dragondance\n>p1 move surf\n>p2 move boltstrike\n>p1 switch 2\n>p1 move stompingtantrum\n>p2 move substitute\n>p1 move playrough\n>p2 move substitute\n>p1 move stompingtantrum\n>p2 move boltstrike\n>p2 switch 6\n>p1 move wish\n>p2 move psyshock\n>p1 switch 6\n>p1 move diamondstorm\n>p2 move psyshock\n>p1 switch 5\n>p1 move shellsmash\n>p2 move psyshock\n>p1 move shadowball\n>p2 switch 5\n>p2 switch 5\n>p1 move shadowball\n>p2 move psyshock\n>p2 switch 2\n>p1 move storedpower\n>p2 move icehammer terastallize", "uploadtime": 1733904277, "views": 1, "formatid": "gen9randombattle", "rating": 1041, "private": 0, "password": null}