{"id": "gen9randombattle-2260814875", "format": "[Gen 9] Random Battle", "players": ["xinyazhili", "Zara home 001"], "log": "|j|\u2606xinyazhili\n|j|\u2606Zara home 001\n|t:|1733896941\n|gametype|singles\n|player|p1|xinyazhili|170|\n|player|p2|Zara home 001|266|\n|teamsize|p1|6\n|teamsize|p2|6\n|gen|9\n|tier|[Gen 9] Random Battle\n|rule|Species Clause: Limit one of each Pok\u00e9mon\n|rule|HP Percentage Mod: HP is shown in percentages\n|rule|Sleep Clause Mod: Limit one foe put to sleep\n|rule|Illusion Level Mod: Illusion disguises the Pok\u00e9mon's true level\n|\n|t:|1733896941\n|start\n|switch|p1a: Wo-Chien|Wo-Chien, L83|277/277\n|switch|p2a: Armarouge|Armarouge, L80, F|267/267\n|-ability|p1a: Wo-Chien|Tablets of Ruin\n|turn|1\n|inactive|Battle timer is ON: inactive players will automatically lose when time's up. (requested by xinyazhili)\n|\n|t:|1733896946\n|move|p2a: Armarouge|Armor Cannon|p1a: Wo-Chien\n|-supereffective|p1a: Wo-Chien\n|-damage|p1a: Wo-Chien|65/277\n|-unboost|p2a: Armarouge|def|1\n|-unboost|p2a: Armarouge|spd|1\n|move|p1a: Wo-Chien|Knock Off|p2a: Armarouge\n|-supereffective|p2a: Armarouge\n|-damage|p2a: Armarouge|0 fnt\n|-enditem|p2a: Armarouge|Power Herb|[from] move: Knock Off|[of] p1a: Wo-Chien\n|faint|p2a: Armarouge\n|\n|-heal|p1a: Wo-Chien|82/277|[from] item: Leftovers\n|upkeep\n|\n|t:|1733896957\n|switch|p2a: Mismagius|Mismagius, L86, M|243/243\n|turn|2\n|\n|t:|1733896962\n|move|p1a: Wo-Chien|Protect|p1a: Wo-Chien\n|-singleturn|p1a: Wo-Chien|Protect\n|move|p2a: Mismagius|Dazzling Gleam|p1a: Wo-Chien\n|-activate|p1a: Wo-Chien|move: Protect\n|\n|-heal|p1a: Wo-Chien|99/277|[from] item: Leftovers\n|upkeep\n|turn|3\n|\n|t:|1733896965\n|-terastallize|p1a: Wo-Chien|Poison\n|move|p2a: Mismagius|Dazzling Gleam|p1a: Wo-Chien\n|-resisted|p1a: Wo-Chien\n|-damage|p1a: Wo-Chien|66/277\n|move|p1a: Wo-Chien|Leech Seed|p2a: Mismagius\n|-start|p2a: Mismagius|move: Leech Seed\n|\n|-heal|p1a: Wo-Chien|83/277|[from] item: Leftovers\n|-damage|p2a: Mismagius|213/243|[from] Leech Seed|[of] p1a: Wo-Chien\n|-heal|p1a: Wo-Chien|113/277|[silent]\n|upkeep\n|turn|4\n|\n|t:|1733896968\n|switch|p2a: Braviary|Braviary-Hisui, L85, M|326/326\n|move|p1a: Wo-Chien|Protect||[still]\n|-fail|p1a: Wo-Chien\n|\n|-heal|p1a: Wo-Chien|130/277|[from] item: Leftovers\n|upkeep\n|turn|5\n|\n|t:|1733896973\n|switch|p1a: Pelipper|Pelipper, L86, M|243/243\n|-weather|RainDance|[from] ability: Drizzle|[of] p1a: Pelipper\n|move|p2a: Braviary|Esper Wing|p1a: Pelipper\n|-damage|p1a: Pelipper|65/243\n|-boost|p2a: Braviary|spe|1\n|\n|-weather|RainDance|[upkeep]\n|upkeep\n|turn|6\n|\n|t:|1733896975\n|move|p2a: Braviary|Esper Wing|p1a: Pelipper\n|-damage|p1a: Pelipper|0 fnt\n|-boost|p2a: Braviary|spe|1\n|faint|p1a: Pelipper\n|\n|-weather|RainDance|[upkeep]\n|upkeep\n|\n|t:|1733896979\n|switch|p1a: Bruxish|Bruxish, L85, F|254/254\n|turn|7\n|\n|t:|1733896984\n|move|p2a: Braviary|Esper Wing|p1a: Bruxish\n|-resisted|p1a: Bruxish\n|-crit|p1a: Bruxish\n|-damage|p1a: Bruxish|0 fnt\n|-boost|p2a: Braviary|spe|1\n|faint|p1a: Bruxish\n|\n|-weather|RainDance|[upkeep]\n|upkeep\n|\n|t:|1733896989\n|switch|p1a: Tornadus|Tornadus, L82, M|264/264\n|turn|8\n|\n|t:|1733896994\n|move|p2a: Braviary|Esper Wing|p1a: Tornadus\n|-damage|p1a: Tornadus|92/264\n|-boost|p2a: Braviary|spe|1\n|move|p1a: Tornadus|Knock Off|p2a: Braviary\n|-supereffective|p2a: Braviary\n|-damage|p2a: Braviary|160/326\n|-enditem|p2a: Braviary|Choice Specs|[from] move: Knock Off|[of] p1a: Tornadus\n|\n|-weather|RainDance|[upkeep]\n|upkeep\n|turn|9\n|\n|t:|1733896998\n|move|p2a: Braviary|Vacuum Wave|p1a: Tornadus\n|-resisted|p1a: Tornadus\n|-damage|p1a: Tornadus|52/264\n|move|p1a: Tornadus|U-turn|p2a: Braviary\n|-damage|p2a: Braviary|95/326\n|\n|t:|1733897000\n|switch|p1a: Girafarig|Girafarig, L89, F|269/269|[from] U-turn\n|\n|-weather|none\n|upkeep\n|turn|10\n|\n|t:|1733897005\n|move|p2a: Braviary|Esper Wing|p1a: Girafarig\n|-resisted|p1a: Girafarig\n|-damage|p1a: Girafarig|193/269\n|-boost|p2a: Braviary|spe|1\n|move|p1a: Girafarig|Thunderbolt|p2a: Braviary\n|-supereffective|p2a: Braviary\n|-damage|p2a: Braviary|0 fnt\n|faint|p2a: Braviary\n|\n|upkeep\n|\n|t:|1733897008\n|switch|p2a: Kingambit|Kingambit, L74, F|270/270\n|-activate|p2a: Kingambit|ability: Supreme Overlord\n|-start|p2a: Kingambit|fallen2|[silent]\n|turn|11\n|\n|t:|1733897013\n|move|p1a: Girafarig|Thunderbolt|p2a: Kingambit\n|-damage|p2a: Kingambit|192/270\n|move|p2a: Kingambit|Swords Dance|p2a: Kingambit\n|-boost|p2a: Kingambit|atk|2\n|\n|-heal|p2a: Kingambit|208/270|[from] item: Leftovers\n|upkeep\n|turn|12\n|\n|t:|1733897017\n|move|p1a: Girafarig|Thunderbolt|p2a: Kingambit\n|-damage|p2a: Kingambit|135/270\n|move|p2a: Kingambit|Kowtow Cleave|p1a: Girafarig\n|-supereffective|p1a: Girafarig\n|-damage|p1a: Girafarig|0 fnt\n|faint|p1a: Girafarig\n|\n|-heal|p2a: Kingambit|151/270|[from] item: Leftovers\n|upkeep\n|\n|t:|1733897022\n|switch|p1a: Wo-Chien|Wo-Chien, L83, tera:Poison|130/277\n|-ability|p1a: Wo-Chien|Tablets of Ruin\n|turn|13\n|\n|t:|1733897025\n|move|p1a: Wo-Chien|Leech Seed|p2a: Kingambit\n|-start|p2a: Kingambit|move: Leech Seed\n|move|p2a: Kingambit|Kowtow Cleave|p1a: Wo-Chien\n|-damage|p1a: Wo-Chien|0 fnt\n|faint|p1a: Wo-Chien\n|\n|-heal|p2a: Kingambit|167/270|[from] item: Leftovers\n|upkeep\n|\n|t:|1733897028\n|switch|p1a: Tornadus|Tornadus, L82, M|52/264\n|turn|14\n|\n|t:|1733897032\n|move|p2a: Kingambit|Sucker Punch|p1a: Tornadus\n|-damage|p1a: Tornadus|0 fnt\n|faint|p1a: Tornadus\n|\n|-heal|p2a: Kingambit|183/270|[from] item: Leftovers\n|upkeep\n|\n|t:|1733897034\n|switch|p1a: Arceus|Arceus-Poison, L70|284/284\n|turn|15\n|\n|t:|1733897039\n|move|p1a: Arceus|Earthquake|p2a: Kingambit\n|-supereffective|p2a: Kingambit\n|-damage|p2a: Kingambit|79/270\n|move|p2a: Kingambit|Kowtow Cleave|p1a: Arceus\n|-damage|p1a: Arceus|86/284\n|\n|-heal|p2a: Kingambit|95/270|[from] item: Leftovers\n|-damage|p2a: Kingambit|62/270|[from] Leech Seed|[of] p1a: Arceus\n|-heal|p1a: Arceus|119/284|[silent]\n|upkeep\n|turn|16\n|\n|t:|1733897043\n|move|p1a: Arceus|Swords Dance|p1a: Arceus\n|-boost|p1a: Arceus|atk|2\n|move|p2a: Kingambit|Swords Dance|p2a: Kingambit\n|-boost|p2a: Kingambit|atk|2\n|\n|-heal|p2a: Kingambit|78/270|[from] item: Leftovers\n|-damage|p2a: Kingambit|45/270|[from] Leech Seed|[of] p1a: Arceus\n|-heal|p1a: Arceus|152/284|[silent]\n|upkeep\n|turn|17\n|\n|t:|1733897047\n|move|p1a: Arceus|Extreme Speed|p2a: Kingambit\n|-resisted|p2a: Kingambit\n|-damage|p2a: Kingambit|6/270\n|move|p2a: Kingambit|Sucker Punch||[still]\n|-fail|p2a: Kingambit\n|\n|-heal|p2a: Kingambit|22/270|[from] item: Leftovers\n|-damage|p2a: Kingambit|0 fnt|[from] Leech Seed|[of] p1a: Arceus\n|-heal|p1a: Arceus|174/284|[silent]\n|faint|p2a: Kingambit\n|-end|p2a: Kingambit|fallen2|[silent]\n|upkeep\n|\n|t:|1733897051\n|switch|p2a: Gyarados|Gyarados, L79, M|280/280\n|turn|18\n|\n|t:|1733897057\n|move|p1a: Arceus|Extreme Speed|p2a: Gyarados\n|-damage|p2a: Gyarados|171/280\n|move|p2a: Gyarados|Dragon Dance|p2a: Gyarados\n|-boost|p2a: Gyarados|atk|1\n|-boost|p2a: Gyarados|spe|1\n|\n|upkeep\n|turn|19\n|\n|t:|1733897061\n|-terastallize|p2a: Gyarados|Ground\n|move|p2a: Gyarados|Earthquake|p1a: Arceus\n|-supereffective|p1a: Arceus\n|-damage|p1a: Arceus|0 fnt\n|faint|p1a: Arceus\n|\n|win|Zara home 001\n|l|\u2606xinyazhili\n|player|p1|\n|l|\u2606Zara home 001\n|player|p2|\n|j|\u2606Zara home 001\n|player|p2|Zara home 001|266|\n", "inputlog": ">version bfd83cad13791eb5a5a409923076391caf6fb4d4\n>start {\"formatid\":\"gen9randombattle\",\"seed\":[45169,27485,38521,21112]}\n>player p1 {\"name\":\"xinyazhili\",\"avatar\":\"170\",\"rating\":0,\"seed\":[2914,32527,36915,57875]}\n>player p2 {\"name\":\"Zara home 001\",\"avatar\":\"266\",\"rating\":0,\"seed\":[52806,11691,926,43448]}\n>p1 move knockoff\n>p2 move armorcannon\n>p2 switch 6\n>p1 move protect\n>p2 move dazzlinggleam\n>p1 move leechseed terastallize\n>p2 move dazzlinggleam\n>p1 move protect\n>p2 switch 3\n>p1 switch 6\n>p2 move esperwing\n>p1 move weatherball\n>p2 move esperwing\n>p1 switch 4\n>p1 move icefang\n>p2 move esperwing\n>p1 switch 5\n>p1 move knockoff\n>p2 move esperwing\n>p1 move uturn\n>p2 move vacuumwave\n>p1 switch 2\n>p1 move thunderbolt\n>p2 move esperwing\n>p2 switch 5\n>p1 move thunderbolt\n>p2 move swordsdance\n>p1 move thunderbolt\n>p2 move kowtowcleave\n>p1 switch 6\n>p1 move leechseed\n>p2 move kowtowcleave\n>p1 switch 2\n>p1 move bleakwindstorm\n>p2 move suckerpunch\n>p1 switch 3\n>p1 move earthquake\n>p2 move kowtowcleave\n>p1 move swordsdance\n>p2 move swordsdance\n>p1 move extremespeed\n>p2 move suckerpunch\n>p2 switch 4\n>p1 move extremespeed\n>p2 move dragondance\n>p1 move gunkshot\n>p2 move earthquake terastallize", "uploadtime": 1733897084, "views": 2, "formatid": "gen9randombattle", "rating": null, "private": 0, "password": null}