{"id": "gen9randombattle-2260556064", "format": "[Gen 9] Random Battle", "players": ["the BAWZ", "cripuru"], "log": "|j|\u2606the BAWZ\n|j|\u2606cripuru\n|t:|1733863187\n|gametype|singles\n|player|p1|the BAWZ|marshal|1292\n|player|p2|cripuru|clair|1305\n|teamsize|p1|6\n|teamsize|p2|6\n|gen|9\n|tier|[Gen 9] Random Battle\n|rated|\n|rule|Species Clause: Limit one of each Pok\u00e9mon\n|rule|HP Percentage Mod: HP is shown in percentages\n|rule|Sleep Clause Mod: Limit one foe put to sleep\n|rule|Illusion Level Mod: Illusion disguises the Pok\u00e9mon's true level\n|\n|t:|1733863187\n|start\n|switch|p1a: Cyclizar|Cyclizar, L83, M|252/252\n|switch|p2a: Landorus|Landorus, L75, M|257/257\n|turn|1\n|inactive|Battle timer is ON: inactive players will automatically lose when time's up. (requested by cripuru)\n|inactive|the BAWZ also wants the timer to be on.\n|\n|t:|1733863206\n|move|p1a: Cyclizar|Shed Tail|p1a: Cyclizar\n|-start|p1a: Cyclizar|Substitute|[from] move: Shed Tail\n|-damage|p1a: Cyclizar|126/252\n|\n|t:|1733863216\n|switch|p1a: Piloswine|Piloswine, L85, M|309/309|[from] Shed Tail\n|move|p2a: Landorus|Sludge Wave|p1a: Piloswine\n|-resisted|p1a: Piloswine\n|-activate|p1a: Piloswine|move: Substitute|[damage]\n|\n|upkeep\n|turn|2\n|\n|t:|1733863228\n|switch|p2a: Skarmory|Skarmory, L80, F|235/235\n|move|p1a: Piloswine|Icicle Crash|p2a: Skarmory|[miss]\n|-miss|p1a: Piloswine|p2a: Skarmory\n|\n|upkeep\n|turn|3\n|\n|t:|1733863235\n|move|p2a: Skarmory|Body Press|p1a: Piloswine\n|-supereffective|p1a: Piloswine\n|-end|p1a: Piloswine|Substitute\n|move|p1a: Piloswine|Icicle Crash|p2a: Skarmory\n|-damage|p2a: Skarmory|159/235\n|\n|-heal|p2a: Skarmory|173/235|[from] item: Leftovers\n|upkeep\n|turn|4\n|inactive|the BAWZ has 120 seconds left.\n|\n|t:|1733863265\n|switch|p1a: Emboar|Emboar, L84, M|322/322\n|move|p2a: Skarmory|Body Press|p1a: Emboar\n|-damage|p1a: Emboar|242/322\n|\n|-heal|p2a: Skarmory|187/235|[from] item: Leftovers\n|upkeep\n|turn|5\n|\n|t:|1733863275\n|-terastallize|p1a: Emboar|Fire\n|move|p1a: Emboar|Head Smash|p2a: Skarmory\n|-damage|p2a: Skarmory|76/235\n|-damage|p1a: Emboar|186/322|[from] Recoil\n|move|p2a: Skarmory|Brave Bird|p1a: Emboar\n|-damage|p1a: Emboar|53/322\n|-damage|p2a: Skarmory|32/235|[from] Recoil\n|\n|-heal|p2a: Skarmory|46/235|[from] item: Leftovers\n|upkeep\n|turn|6\n|\n|t:|1733863294\n|switch|p2a: Sceptile|Sceptile, L87, M|264/264\n|move|p1a: Emboar|Head Smash|p2a: Sceptile\n|-damage|p2a: Sceptile|73/264\n|-damage|p1a: Emboar|0 fnt|[from] Recoil\n|faint|p1a: Emboar\n|\n|upkeep\n|\n|t:|1733863305\n|switch|p1a: Piloswine|Piloswine, L85, M|309/309\n|turn|7\n|\n|t:|1733863309\n|move|p1a: Piloswine|Ice Shard|p2a: Sceptile\n|-supereffective|p2a: Sceptile\n|-damage|p2a: Sceptile|0 fnt\n|faint|p2a: Sceptile\n|\n|upkeep\n|\n|t:|1733863312\n|switch|p2a: Skarmory|Skarmory, L80, F|46/235\n|turn|8\n|\n|t:|1733863316\n|move|p1a: Piloswine|Ice Shard|p2a: Skarmory\n|-damage|p2a: Skarmory|12/235\n|move|p2a: Skarmory|Roost|p2a: Skarmory\n|-heal|p2a: Skarmory|130/235\n|-singleturn|p2a: Skarmory|move: Roost\n|\n|-heal|p2a: Skarmory|144/235|[from] item: Leftovers\n|upkeep\n|turn|9\n|\n|t:|1733863326\n|move|p2a: Skarmory|Body Press|p1a: Piloswine\n|-supereffective|p1a: Piloswine\n|-damage|p1a: Piloswine|213/309\n|move|p1a: Piloswine|Icicle Crash|p2a: Skarmory\n|-damage|p2a: Skarmory|77/235\n|\n|-heal|p2a: Skarmory|91/235|[from] item: Leftovers\n|upkeep\n|turn|10\n|\n|t:|1733863337\n|move|p2a: Skarmory|Roost|p2a: Skarmory\n|-heal|p2a: Skarmory|209/235\n|-singleturn|p2a: Skarmory|move: Roost\n|move|p1a: Piloswine|Icicle Crash|p2a: Skarmory\n|-resisted|p2a: Skarmory\n|-damage|p2a: Skarmory|176/235\n|\n|-heal|p2a: Skarmory|190/235|[from] item: Leftovers\n|upkeep\n|turn|11\n|\n|t:|1733863344\n|move|p2a: Skarmory|Body Press|p1a: Piloswine\n|-supereffective|p1a: Piloswine\n|-damage|p1a: Piloswine|113/309\n|move|p1a: Piloswine|Stealth Rock|p2a: Skarmory\n|-sidestart|p2: cripuru|move: Stealth Rock\n|\n|-heal|p2a: Skarmory|204/235|[from] item: Leftovers\n|upkeep\n|turn|12\n|\n|t:|1733863353\n|move|p2a: Skarmory|Body Press|p1a: Piloswine\n|-supereffective|p1a: Piloswine\n|-damage|p1a: Piloswine|19/309\n|move|p1a: Piloswine|Icicle Crash|p2a: Skarmory\n|-damage|p2a: Skarmory|132/235\n|\n|-heal|p2a: Skarmory|146/235|[from] item: Leftovers\n|upkeep\n|turn|13\n|\n|t:|1733863359\n|move|p1a: Piloswine|Ice Shard|p2a: Skarmory\n|-damage|p2a: Skarmory|110/235\n|move|p2a: Skarmory|Body Press|p1a: Piloswine\n|-supereffective|p1a: Piloswine\n|-damage|p1a: Piloswine|0 fnt\n|faint|p1a: Piloswine\n|\n|-heal|p2a: Skarmory|124/235|[from] item: Leftovers\n|upkeep\n|\n|t:|1733863370\n|switch|p1a: Torterra|Torterra, L78, F|276/276\n|turn|14\n|\n|t:|1733863377\n|move|p2a: Skarmory|Brave Bird|p1a: Torterra\n|-supereffective|p1a: Torterra\n|-damage|p1a: Torterra|76/276\n|-damage|p2a: Skarmory|58/235|[from] Recoil\n|move|p1a: Torterra|Rock Blast|p2a: Skarmory\n|-damage|p2a: Skarmory|45/235\n|-damage|p2a: Skarmory|32/235\n|-damage|p2a: Skarmory|20/235\n|-damage|p2a: Skarmory|7/235\n|-hitcount|p2a: Skarmory|4\n|\n|-heal|p2a: Skarmory|21/235|[from] item: Leftovers\n|upkeep\n|turn|15\n|\n|t:|1733863392\n|move|p2a: Skarmory|Roost|p2a: Skarmory\n|-heal|p2a: Skarmory|139/235\n|-singleturn|p2a: Skarmory|move: Roost\n|move|p1a: Torterra|Bullet Seed|p2a: Skarmory\n|-resisted|p2a: Skarmory\n|-damage|p2a: Skarmory|125/235\n|-resisted|p2a: Skarmory\n|-damage|p2a: Skarmory|110/235\n|-resisted|p2a: Skarmory\n|-damage|p2a: Skarmory|95/235\n|-resisted|p2a: Skarmory\n|-crit|p2a: Skarmory\n|-damage|p2a: Skarmory|73/235\n|-hitcount|p2a: Skarmory|4\n|\n|-heal|p2a: Skarmory|87/235|[from] item: Leftovers\n|upkeep\n|turn|16\n|\n|t:|1733863405\n|move|p2a: Skarmory|Brave Bird|p1a: Torterra\n|-supereffective|p1a: Torterra\n|-damage|p1a: Torterra|0 fnt\n|faint|p1a: Torterra\n|-damage|p2a: Skarmory|62/235|[from] Recoil\n|\n|-heal|p2a: Skarmory|76/235|[from] item: Leftovers\n|upkeep\n|\n|t:|1733863412\n|switch|p1a: Cyclizar|Cyclizar, L83, M|210/252\n|turn|17\n|\n|t:|1733863422\n|move|p1a: Cyclizar|Shed Tail|p1a: Cyclizar\n|-start|p1a: Cyclizar|Substitute|[from] move: Shed Tail\n|-damage|p1a: Cyclizar|84/252\n|\n|t:|1733863427\n|switch|p1a: Haxorus|Haxorus, L77, M|244/244|[from] Shed Tail\n|-ability|p1a: Haxorus|Mold Breaker\n|move|p2a: Skarmory|Stealth Rock|p1a: Haxorus\n|-sidestart|p1: the BAWZ|move: Stealth Rock\n|\n|-heal|p2a: Skarmory|90/235|[from] item: Leftovers\n|upkeep\n|turn|18\n|\n|t:|1733863436\n|move|p1a: Haxorus|Dragon Dance|p1a: Haxorus\n|-boost|p1a: Haxorus|atk|1\n|-boost|p1a: Haxorus|spe|1\n|move|p2a: Skarmory|Body Press|p1a: Haxorus\n|-end|p1a: Haxorus|Substitute\n|\n|-heal|p2a: Skarmory|104/235|[from] item: Leftovers\n|upkeep\n|turn|19\n|\n|t:|1733863447\n|move|p1a: Haxorus|Close Combat|p2a: Skarmory\n|-damage|p2a: Skarmory|0 fnt\n|-unboost|p1a: Haxorus|def|1\n|-unboost|p1a: Haxorus|spd|1\n|faint|p2a: Skarmory\n|\n|upkeep\n|\n|t:|1733863451\n|switch|p2a: Arbok|Arbok, L87, F|246/246\n|-damage|p2a: Arbok|216/246|[from] Stealth Rock\n|-ability|p2a: Arbok|Intimidate|boost\n|-unboost|p1a: Haxorus|atk|1\n|turn|20\n|\n|t:|1733863460\n|move|p1a: Haxorus|Iron Head|p2a: Arbok\n|-damage|p2a: Arbok|145/246\n|move|p2a: Arbok|Gunk Shot|p1a: Haxorus\n|-damage|p1a: Haxorus|0 fnt\n|faint|p1a: Haxorus\n|-damage|p2a: Arbok|121/246|[from] item: Life Orb\n|\n|upkeep\n|\n|t:|1733863465\n|switch|p1a: Cyclizar|Cyclizar, L83, M|168/252\n|turn|21\n|\n|t:|1733863471\n|move|p1a: Cyclizar|Shed Tail|p1a: Cyclizar\n|-start|p1a: Cyclizar|Substitute|[from] move: Shed Tail\n|-damage|p1a: Cyclizar|42/252\n|\n|t:|1733863474\n|switch|p1a: Komala|Komala, L89, F|260/260|[from] Shed Tail\n|-damage|p1a: Komala|228/260|[from] Stealth Rock\n|-ability|p1a: Komala|Comatose\n|move|p2a: Arbok|Coil|p2a: Arbok\n|-boost|p2a: Arbok|atk|1\n|-boost|p2a: Arbok|def|1\n|-boost|p2a: Arbok|accuracy|1\n|\n|upkeep\n|turn|22\n|\n|t:|1733863480\n|move|p2a: Arbok|Gunk Shot|p1a: Komala\n|-end|p1a: Komala|Substitute\n|-damage|p2a: Arbok|97/246|[from] item: Life Orb\n|move|p1a: Komala|Knock Off|p2a: Arbok\n|-damage|p2a: Arbok|4/246\n|-enditem|p2a: Arbok|Life Orb|[from] move: Knock Off|[of] p1a: Komala\n|\n|upkeep\n|turn|23\n|\n|t:|1733863488\n|move|p2a: Arbok|Gunk Shot|p1a: Komala\n|-damage|p1a: Komala|0 fnt\n|faint|p1a: Komala\n|\n|upkeep\n|\n|t:|1733863492\n|switch|p1a: Cyclizar|Cyclizar, L83, M|126/252\n|turn|24\n|\n|t:|1733863499\n|move|p2a: Arbok|Sucker Punch|p1a: Cyclizar\n|-damage|p1a: Cyclizar|36/252\n|move|p1a: Cyclizar|Rapid Spin|p2a: Arbok\n|-damage|p2a: Arbok|0 fnt\n|-boost|p1a: Cyclizar|spe|1\n|-sideend|p1: the BAWZ|Stealth Rock|[from] move: Rapid Spin|[of] p1a: Cyclizar\n|faint|p2a: Arbok\n|\n|upkeep\n|\n|t:|1733863510\n|switch|p2a: Landorus|Landorus, L75, M|257/257\n|-damage|p2a: Landorus|225/257|[from] Stealth Rock\n|turn|25\n|\n|t:|1733863516\n|move|p1a: Cyclizar|Draco Meteor|p2a: Landorus\n|-damage|p2a: Landorus|75/257\n|-unboost|p1a: Cyclizar|spa|2\n|move|p2a: Landorus|Psychic|p1a: Cyclizar\n|-damage|p1a: Cyclizar|0 fnt\n|faint|p1a: Cyclizar\n|\n|win|cripuru\n|raw|the BAWZ's rating: 1292 &rarr; <strong>1268</strong><br />(-24 for losing)\n|raw|cripuru's rating: 1305 &rarr; <strong>1324</strong><br />(+19 for winning)\n|l|\u2606the BAWZ\n|player|p1|\n", "inputlog": ">version bfd83cad13791eb5a5a409923076391caf6fb4d4\n>start {\"formatid\":\"gen9randombattle\",\"seed\":[30103,1183,64880,59799],\"rated\":\"Rated battle\"}\n>player p1 {\"name\":\"the BAWZ\",\"avatar\":\"marshal\",\"rating\":1292,\"seed\":[64517,48261,28439,32053]}\n>player p2 {\"name\":\"cripuru\",\"avatar\":\"clair\",\"rating\":1305,\"seed\":[63455,64873,59671,20177]}\n>p1 move shedtail\n>p2 move sludgewave\n>p1 switch 3\n>p1 move iciclecrash\n>p2 switch 2\n>p1 move iciclecrash\n>p2 move bodypress\n>p1 switch 4\n>p2 move bodypress\n>p1 move headsmash terastallize\n>p2 move bravebird\n>p1 move headsmash\n>p2 switch 6\n>p1 switch 4\n>p1 move iceshard\n>p2 move leafstorm\n>p2 switch 6\n>p1 move iceshard\n>p2 move roost\n>p1 move iciclecrash\n>p2 move bodypress\n>p1 move iciclecrash\n>p2 move roost\n>p1 move stealthrock\n>p2 move bodypress\n>p1 move iciclecrash\n>p2 move bodypress\n>p1 move iceshard\n>p2 move bodypress\n>p1 switch 2\n>p1 move rockblast\n>p2 move bravebird\n>p1 move bulletseed\n>p2 move roost\n>p1 move headlongrush\n>p2 move bravebird\n>p1 switch 3\n>p1 move shedtail\n>p2 move stealthrock\n>p1 switch 6\n>p1 move dragondance\n>p2 move bodypress\n>p1 move closecombat\n>p2 move bodypress\n>p2 switch 3\n>p1 move ironhead\n>p2 move gunkshot\n>p1 switch 6\n>p1 move shedtail\n>p2 move coil\n>p1 switch 5\n>p1 move knockoff\n>p2 move gunkshot\n>p1 move knockoff\n>p2 move gunkshot\n>p1 switch 5\n>p1 move rapidspin\n>p2 move suckerpunch\n>p2 switch 2\n>p1 move dracometeor\n>p2 move psychic", "uploadtime": 1733863523, "views": 16, "formatid": "gen9randombattle", "rating": 1268, "private": 0, "password": null}