{"id": "gen9randombattle-2260540639", "format": "[Gen 9] Random Battle", "players": ["ijslostmydaawg", "UselesWaterGoddess"], "log": "|j|\u2606ijslostmydaawg\n|j|\u2606UselesWaterGoddess\n|t:|1733861601\n|gametype|singles\n|player|p1|ijslostmydaawg|101|\n|player|p2|UselesWaterGoddess|winona|\n|teamsize|p1|6\n|teamsize|p2|6\n|gen|9\n|tier|[Gen 9] Random Battle\n|rule|Species Clause: Limit one of each Pok\u00e9mon\n|rule|HP Percentage Mod: HP is shown in percentages\n|rule|Sleep Clause Mod: Limit one foe put to sleep\n|rule|Illusion Level Mod: Illusion disguises the Pok\u00e9mon's true level\n|\n|t:|1733861601\n|start\n|switch|p1a: Swalot|Swalot, L90, M|326/326\n|switch|p2a: Ribombee|Ribombee, L82, M|233/233\n|turn|1\n|j| Izopo\n|\n|t:|1733861610\n|move|p2a: Ribombee|Quiver Dance|p2a: Ribombee\n|-boost|p2a: Ribombee|spa|1\n|-boost|p2a: Ribombee|spd|1\n|-boost|p2a: Ribombee|spe|1\n|move|p1a: Swalot|Ice Beam|p2a: Ribombee\n|-damage|p2a: Ribombee|186/233\n|\n|upkeep\n|turn|2\n|\n|t:|1733861622\n|move|p2a: Ribombee|Quiver Dance|p2a: Ribombee\n|-boost|p2a: Ribombee|spa|1\n|-boost|p2a: Ribombee|spd|1\n|-boost|p2a: Ribombee|spe|1\n|move|p1a: Swalot|Clear Smog|p2a: Ribombee\n|-supereffective|p2a: Ribombee\n|-damage|p2a: Ribombee|120/233\n|-clearboost|p2a: Ribombee\n|\n|upkeep\n|turn|3\n|\n|t:|1733861632\n|-terastallize|p2a: Ribombee|Ground\n|move|p2a: Ribombee|Tera Blast|p1a: Swalot|[anim] Tera Blast Ground\n|-supereffective|p1a: Swalot\n|-damage|p1a: Swalot|228/326\n|move|p1a: Swalot|Sludge Bomb|p2a: Ribombee\n|-resisted|p2a: Ribombee\n|-damage|p2a: Ribombee|63/233\n|\n|upkeep\n|turn|4\n|\n|t:|1733861643\n|move|p2a: Ribombee|Tera Blast|p1a: Swalot|[anim] Tera Blast Ground\n|-supereffective|p1a: Swalot\n|-damage|p1a: Swalot|130/326\n|move|p1a: Swalot|Ice Beam|p2a: Ribombee\n|-supereffective|p2a: Ribombee\n|-damage|p2a: Ribombee|0 fnt\n|faint|p2a: Ribombee\n|\n|upkeep\n|\n|t:|1733861655\n|switch|p2a: Vikavolt|Vikavolt, L83, M|263/263\n|turn|5\n|\n|t:|1733861698\n|move|p1a: Swalot|Clear Smog|p2a: Vikavolt\n|-crit|p2a: Vikavolt\n|-damage|p2a: Vikavolt|169/263\n|-clearboost|p2a: Vikavolt\n|move|p2a: Vikavolt|Sticky Web|p1a: Swalot\n|-sidestart|p1: ijslostmydaawg|move: Sticky Web\n|\n|upkeep\n|turn|6\n|\n|t:|1733861707\n|move|p1a: Swalot|Ice Beam|p2a: Vikavolt\n|-damage|p2a: Vikavolt|101/263\n|move|p2a: Vikavolt|Discharge|p1a: Swalot\n|-damage|p1a: Swalot|48/326\n|-status|p1a: Swalot|par\n|\n|upkeep\n|turn|7\n|\n|t:|1733861717\n|move|p2a: Vikavolt|Discharge|p1a: Swalot\n|-crit|p1a: Swalot\n|-damage|p1a: Swalot|0 fnt\n|faint|p1a: Swalot\n|\n|upkeep\n|\n|t:|1733861737\n|switch|p1a: Politoed|Politoed, L88, M|302/302\n|-activate|p1a: Politoed|move: Sticky Web\n|-unboost|p1a: Politoed|spe|1\n|-weather|RainDance|[from] ability: Drizzle|[of] p1a: Politoed\n|turn|8\n|\n|t:|1733861743\n|move|p2a: Vikavolt|Energy Ball|p1a: Politoed\n|-supereffective|p1a: Politoed\n|-damage|p1a: Politoed|158/302\n|move|p1a: Politoed|Ice Beam|p2a: Vikavolt\n|-damage|p2a: Vikavolt|32/263\n|\n|-weather|RainDance|[upkeep]\n|upkeep\n|turn|9\n|\n|t:|1733861753\n|move|p2a: Vikavolt|Discharge|p1a: Politoed\n|-supereffective|p1a: Politoed\n|-damage|p1a: Politoed|0 fnt\n|faint|p1a: Politoed\n|\n|-weather|RainDance|[upkeep]\n|upkeep\n|\n|t:|1733861757\n|switch|p1a: Alomomola|Alomomola, L87, F|429/429\n|turn|10\n|\n|t:|1733861769\n|switch|p2a: Ampharos|Ampharos, L88, F|302/302\n|move|p1a: Alomomola|Scald|p2a: Ampharos\n|-damage|p2a: Ampharos|226/302\n|-status|p2a: Ampharos|brn\n|\n|-weather|RainDance|[upkeep]\n|-damage|p2a: Ampharos|208/302 brn|[from] brn\n|upkeep\n|turn|11\n|\n|t:|1733861780\n|move|p1a: Alomomola|Flip Turn|p2a: Ampharos\n|-damage|p2a: Ampharos|126/302 brn\n|-status|p1a: Alomomola|par|[from] ability: Static|[of] p2a: Ampharos\n|\n|t:|1733861793\n|switch|p1a: Ceruledge|Ceruledge, L78, M|245/245|[from] Flip Turn\n|move|p2a: Ampharos|Agility|p2a: Ampharos\n|-boost|p2a: Ampharos|spe|2\n|\n|-weather|RainDance|[upkeep]\n|-damage|p2a: Ampharos|108/302 brn|[from] brn\n|upkeep\n|turn|12\n|\n|t:|1733861804\n|move|p2a: Ampharos|Thunderbolt|p1a: Ceruledge\n|-damage|p1a: Ceruledge|103/245\n|-damage|p2a: Ampharos|78/302 brn|[from] item: Life Orb\n|move|p1a: Ceruledge|Bitter Blade|p2a: Ampharos\n|-damage|p2a: Ampharos|30/302 brn\n|-heal|p1a: Ceruledge|127/245|[from] drain|[of] p2a: Ampharos\n|\n|-weather|none\n|-damage|p2a: Ampharos|12/302 brn|[from] brn\n|upkeep\n|turn|13\n|\n|t:|1733861814\n|move|p1a: Ceruledge|Shadow Sneak|p2a: Ampharos\n|-damage|p2a: Ampharos|0 fnt\n|faint|p2a: Ampharos\n|\n|upkeep\n|\n|t:|1733861819\n|switch|p2a: Umbreon|Umbreon, L84, M|297/297\n|turn|14\n|\n|t:|1733861827\n|move|p1a: Ceruledge|Bitter Blade|p2a: Umbreon\n|-damage|p2a: Umbreon|203/297\n|-heal|p1a: Ceruledge|174/245|[from] drain|[of] p2a: Umbreon\n|move|p2a: Umbreon|Foul Play|p1a: Ceruledge\n|-supereffective|p1a: Ceruledge\n|-damage|p1a: Ceruledge|0 fnt\n|faint|p1a: Ceruledge\n|\n|-heal|p2a: Umbreon|221/297|[from] item: Leftovers\n|upkeep\n|\n|t:|1733861832\n|switch|p1a: Alomomola|Alomomola, L87, F|429/429 par\n|turn|15\n|\n|t:|1733861839\n|move|p2a: Umbreon|Toxic|p1a: Alomomola|[miss]\n|-miss|p2a: Umbreon|p1a: Alomomola\n|move|p1a: Alomomola|Scald|p2a: Umbreon\n|-damage|p2a: Umbreon|187/297\n|\n|-heal|p2a: Umbreon|205/297|[from] item: Leftovers\n|upkeep\n|turn|16\n|\n|t:|1733861856\n|move|p2a: Umbreon|Foul Play|p1a: Alomomola\n|-damage|p1a: Alomomola|335/429 par\n|move|p1a: Alomomola|Wish|p1a: Alomomola\n|\n|-heal|p2a: Umbreon|223/297|[from] item: Leftovers\n|upkeep\n|turn|17\n|\n|t:|1733861869\n|move|p2a: Umbreon|Toxic|p1a: Alomomola|[miss]\n|-miss|p2a: Umbreon|p1a: Alomomola\n|move|p1a: Alomomola|Flip Turn|p2a: Umbreon\n|-damage|p2a: Umbreon|172/297\n|\n|t:|1733861875\n|switch|p1a: Regigigas|Regigigas, L84, shiny|322/322|[from] Flip Turn\n|-activate|p1a: Regigigas|move: Sticky Web\n|-unboost|p1a: Regigigas|spe|1\n|-start|p1a: Regigigas|ability: Slow Start\n|\n|-heal|p2a: Umbreon|190/297|[from] item: Leftovers\n|upkeep\n|turn|18\n|\n|t:|1733861884\n|move|p2a: Umbreon|Toxic|p1a: Regigigas\n|-status|p1a: Regigigas|tox\n|move|p1a: Regigigas|Substitute|p1a: Regigigas\n|-start|p1a: Regigigas|Substitute\n|-damage|p1a: Regigigas|242/322 tox\n|\n|-heal|p2a: Umbreon|208/297|[from] item: Leftovers\n|-heal|p1a: Regigigas|262/322 tox|[from] item: Leftovers\n|-damage|p1a: Regigigas|242/322 tox|[from] psn\n|upkeep\n|turn|19\n|\n|t:|1733861895\n|move|p1a: Regigigas|Protect|p1a: Regigigas\n|-singleturn|p1a: Regigigas|Protect\n|move|p2a: Umbreon|Foul Play|p1a: Regigigas\n|-activate|p1a: Regigigas|move: Protect\n|\n|-heal|p2a: Umbreon|226/297|[from] item: Leftovers\n|-heal|p1a: Regigigas|262/322 tox|[from] item: Leftovers\n|-damage|p1a: Regigigas|222/322 tox|[from] psn\n|upkeep\n|turn|20\n|\n|t:|1733861905\n|move|p2a: Umbreon|Foul Play|p1a: Regigigas\n|-end|p1a: Regigigas|Substitute\n|move|p1a: Regigigas|Knock Off|p2a: Umbreon\n|-resisted|p2a: Umbreon\n|-damage|p2a: Umbreon|205/297\n|-enditem|p2a: Umbreon|Leftovers|[from] move: Knock Off|[of] p1a: Regigigas\n|\n|-heal|p1a: Regigigas|242/322 tox|[from] item: Leftovers\n|-damage|p1a: Regigigas|182/322 tox|[from] psn\n|upkeep\n|turn|21\n|\n|t:|1733861915\n|move|p1a: Regigigas|Protect|p1a: Regigigas\n|-singleturn|p1a: Regigigas|Protect\n|move|p2a: Umbreon|Foul Play|p1a: Regigigas\n|-activate|p1a: Regigigas|move: Protect\n|\n|-heal|p1a: Regigigas|202/322 tox|[from] item: Leftovers\n|-damage|p1a: Regigigas|122/322 tox|[from] psn\n|upkeep\n|turn|22\n|\n|t:|1733861923\n|move|p2a: Umbreon|Foul Play|p1a: Regigigas\n|-damage|p1a: Regigigas|0 fnt\n|faint|p1a: Regigigas\n|-end|p1a: Regigigas|Slow Start|[silent]\n|\n|upkeep\n|\n|t:|1733861929\n|switch|p1a: Giratina|Giratina, L75|349/349\n|-activate|p1a: Giratina|move: Sticky Web\n|-unboost|p1a: Giratina|spe|1\n|-ability|p1a: Giratina|Pressure\n|turn|23\n|\n|t:|1733861940\n|-terastallize|p1a: Giratina|Fairy\n|move|p2a: Umbreon|Foul Play|p1a: Giratina\n|-resisted|p1a: Giratina\n|-damage|p1a: Giratina|319/349\n|move|p1a: Giratina|Dragon Pulse|p2a: Umbreon\n|-damage|p2a: Umbreon|148/297\n|\n|-heal|p1a: Giratina|340/349|[from] item: Leftovers\n|upkeep\n|turn|24\n|\n|t:|1733861950\n|move|p2a: Umbreon|Toxic|p1a: Giratina|[miss]\n|-miss|p2a: Umbreon|p1a: Giratina\n|move|p1a: Giratina|Dragon Pulse|p2a: Umbreon\n|-damage|p2a: Umbreon|91/297\n|\n|-heal|p1a: Giratina|349/349|[from] item: Leftovers\n|upkeep\n|turn|25\n|\n|t:|1733861957\n|move|p2a: Umbreon|Toxic|p1a: Giratina\n|-status|p1a: Giratina|tox\n|move|p1a: Giratina|Calm Mind|p1a: Giratina\n|-boost|p1a: Giratina|spa|1\n|-boost|p1a: Giratina|spd|1\n|\n|-damage|p1a: Giratina|328/349 tox|[from] psn\n|upkeep\n|turn|26\n|\n|t:|1733861964\n|move|p2a: Umbreon|Wish|p2a: Umbreon\n|move|p1a: Giratina|Calm Mind|p1a: Giratina\n|-boost|p1a: Giratina|spa|1\n|-boost|p1a: Giratina|spd|1\n|\n|-heal|p1a: Giratina|349/349 tox|[from] item: Leftovers\n|-damage|p1a: Giratina|307/349 tox|[from] psn\n|upkeep\n|turn|27\n|\n|t:|1733861972\n|move|p2a: Umbreon|Protect|p2a: Umbreon\n|-singleturn|p2a: Umbreon|Protect\n|move|p1a: Giratina|Calm Mind|p1a: Giratina\n|-boost|p1a: Giratina|spa|1\n|-boost|p1a: Giratina|spd|1\n|\n|-heal|p2a: Umbreon|239/297|[from] move: Wish|[wisher] Umbreon\n|-heal|p1a: Giratina|328/349 tox|[from] item: Leftovers\n|-damage|p1a: Giratina|265/349 tox|[from] psn\n|upkeep\n|turn|28\n|\n|t:|1733861983\n|move|p2a: Umbreon|Foul Play|p1a: Giratina\n|-resisted|p1a: Giratina\n|-damage|p1a: Giratina|235/349 tox\n|move|p1a: Giratina|Calm Mind|p1a: Giratina\n|-boost|p1a: Giratina|spa|1\n|-boost|p1a: Giratina|spd|1\n|\n|-heal|p1a: Giratina|256/349 tox|[from] item: Leftovers\n|-damage|p1a: Giratina|172/349 tox|[from] psn\n|upkeep\n|turn|29\n|\n|t:|1733861992\n|move|p2a: Umbreon|Foul Play|p1a: Giratina\n|-resisted|p1a: Giratina\n|-damage|p1a: Giratina|142/349 tox\n|move|p1a: Giratina|Rest|p1a: Giratina\n|-status|p1a: Giratina|slp|[from] move: Rest\n|-heal|p1a: Giratina|349/349 slp|[silent]\n|\n|upkeep\n|turn|30\n|\n|t:|1733862002\n|move|p2a: Umbreon|Foul Play|p1a: Giratina\n|-resisted|p1a: Giratina\n|-damage|p1a: Giratina|316/349 slp\n|cant|p1a: Giratina|slp\n|move|p1a: Giratina|Sleep Talk|p1a: Giratina\n|move|p1a: Giratina|Calm Mind|p1a: Giratina|[from]move: Sleep Talk\n|-boost|p1a: Giratina|spa|1\n|-boost|p1a: Giratina|spd|1\n|\n|-heal|p1a: Giratina|337/349 slp|[from] item: Leftovers\n|upkeep\n|turn|31\n|\n|t:|1733862013\n|move|p2a: Umbreon|Foul Play|p1a: Giratina\n|-resisted|p1a: Giratina\n|-damage|p1a: Giratina|307/349 slp\n|cant|p1a: Giratina|slp\n|move|p1a: Giratina|Sleep Talk|p1a: Giratina\n|move|p1a: Giratina|Rest||[from]move: Sleep Talk|[still]\n|-fail|p1a: Giratina\n|\n|-heal|p1a: Giratina|328/349 slp|[from] item: Leftovers\n|upkeep\n|turn|32\n|\n|t:|1733862022\n|move|p2a: Umbreon|Foul Play|p1a: Giratina\n|-resisted|p1a: Giratina\n|-damage|p1a: Giratina|295/349 slp\n|-curestatus|p1a: Giratina|slp|[msg]\n|move|p1a: Giratina|Sleep Talk||[still]\n|-fail|p1a: Giratina\n|\n|-heal|p1a: Giratina|316/349|[from] item: Leftovers\n|upkeep\n|turn|33\n|\n|t:|1733862031\n|move|p2a: Umbreon|Toxic|p1a: Giratina\n|-status|p1a: Giratina|tox\n|move|p1a: Giratina|Calm Mind|p1a: Giratina\n|-boost|p1a: Giratina|spa|1\n|-boost|p1a: Giratina|spd|1\n|\n|-heal|p1a: Giratina|337/349 tox|[from] item: Leftovers\n|-damage|p1a: Giratina|316/349 tox|[from] psn\n|upkeep\n|turn|34\n|\n|t:|1733862041\n|move|p2a: Umbreon|Foul Play|p1a: Giratina\n|-resisted|p1a: Giratina\n|-damage|p1a: Giratina|282/349 tox\n|move|p1a: Giratina|Rest|p1a: Giratina\n|-status|p1a: Giratina|slp|[from] move: Rest\n|-heal|p1a: Giratina|349/349 slp|[silent]\n|\n|upkeep\n|turn|35\n|\n|t:|1733862051\n|move|p2a: Umbreon|Foul Play|p1a: Giratina\n|-resisted|p1a: Giratina\n|-damage|p1a: Giratina|317/349 slp\n|cant|p1a: Giratina|slp\n|move|p1a: Giratina|Sleep Talk|p1a: Giratina\n|move|p1a: Giratina|Dragon Pulse|p2a: Umbreon|[from]move: Sleep Talk\n|-damage|p2a: Umbreon|11/297\n|\n|-heal|p1a: Giratina|338/349 slp|[from] item: Leftovers\n|upkeep\n|turn|36\n|\n|t:|1733862062\n|move|p2a: Umbreon|Wish|p2a: Umbreon\n|cant|p1a: Giratina|slp\n|move|p1a: Giratina|Sleep Talk|p1a: Giratina\n|move|p1a: Giratina|Calm Mind|p1a: Giratina|[from]move: Sleep Talk\n|-boost|p1a: Giratina|spa|0\n|-boost|p1a: Giratina|spd|0\n|\n|-heal|p1a: Giratina|349/349 slp|[from] item: Leftovers\n|upkeep\n|turn|37\n|\n|t:|1733862070\n|move|p2a: Umbreon|Protect|p2a: Umbreon\n|-singleturn|p2a: Umbreon|Protect\n|-curestatus|p1a: Giratina|slp|[msg]\n|move|p1a: Giratina|Sleep Talk||[still]\n|-fail|p1a: Giratina\n|\n|-heal|p2a: Umbreon|159/297|[from] move: Wish|[wisher] Umbreon\n|upkeep\n|turn|38\n|\n|t:|1733862078\n|move|p2a: Umbreon|Toxic|p1a: Giratina\n|-status|p1a: Giratina|tox\n|move|p1a: Giratina|Dragon Pulse|p2a: Umbreon\n|-damage|p2a: Umbreon|0 fnt\n|faint|p2a: Umbreon\n|\n|-damage|p1a: Giratina|328/349 tox|[from] psn\n|upkeep\n|\n|t:|1733862086\n|switch|p2a: Hoopa|Hoopa, L85|275/275\n|turn|39\n|\n|t:|1733862096\n|move|p2a: Hoopa|Shadow Ball|p1a: Giratina\n|-damage|p1a: Giratina|293/349 tox\n|-unboost|p1a: Giratina|spd|1\n|-damage|p2a: Hoopa|248/275|[from] item: Life Orb\n|move|p1a: Giratina|Dragon Pulse|p2a: Hoopa\n|-damage|p2a: Hoopa|23/275\n|\n|-heal|p1a: Giratina|314/349 tox|[from] item: Leftovers\n|-damage|p1a: Giratina|272/349 tox|[from] psn\n|upkeep\n|turn|40\n|\n|t:|1733862108\n|move|p2a: Hoopa|Shadow Ball|p1a: Giratina\n|-crit|p1a: Giratina\n|-damage|p1a: Giratina|72/349 tox\n|-unboost|p1a: Giratina|spd|1\n|-damage|p2a: Hoopa|0 fnt|[from] item: Life Orb\n|faint|p2a: Hoopa\n|move|p1a: Giratina|Calm Mind|p1a: Giratina\n|-boost|p1a: Giratina|spa|0\n|-boost|p1a: Giratina|spd|1\n|\n|-heal|p1a: Giratina|93/349 tox|[from] item: Leftovers\n|-damage|p1a: Giratina|30/349 tox|[from] psn\n|upkeep\n|\n|t:|1733862125\n|switch|p2a: Arceus|Arceus-Fire, L72|291/291\n|turn|41\n|\n|t:|1733862132\n|move|p2a: Arceus|Judgment|p1a: Giratina\n|-damage|p1a: Giratina|2/349 tox\n|move|p1a: Giratina|Rest|p1a: Giratina\n|-status|p1a: Giratina|slp|[from] move: Rest\n|-heal|p1a: Giratina|349/349 slp|[silent]\n|\n|upkeep\n|turn|42\n|\n|t:|1733862145\n|move|p2a: Arceus|Earth Power|p1a: Giratina\n|-damage|p1a: Giratina|334/349 slp\n|cant|p1a: Giratina|slp\n|move|p1a: Giratina|Sleep Talk|p1a: Giratina\n|move|p1a: Giratina|Dragon Pulse|p2a: Arceus|[from]move: Sleep Talk\n|-damage|p2a: Arceus|9/291\n|\n|-heal|p1a: Giratina|349/349 slp|[from] item: Leftovers\n|upkeep\n|turn|43\n|\n|t:|1733862159\n|move|p2a: Arceus|Judgment|p1a: Giratina\n|-damage|p1a: Giratina|321/349 slp\n|cant|p1a: Giratina|slp\n|move|p1a: Giratina|Sleep Talk|p1a: Giratina\n|move|p1a: Giratina|Rest||[from]move: Sleep Talk|[still]\n|-fail|p1a: Giratina\n|\n|-heal|p1a: Giratina|342/349 slp|[from] item: Leftovers\n|upkeep\n|turn|44\n|\n|t:|1733862172\n|move|p2a: Arceus|Judgment|p1a: Giratina\n|-damage|p1a: Giratina|312/349 slp\n|-curestatus|p1a: Giratina|slp|[msg]\n|move|p1a: Giratina|Calm Mind|p1a: Giratina\n|-boost|p1a: Giratina|spa|0\n|-boost|p1a: Giratina|spd|1\n|\n|-heal|p1a: Giratina|333/349|[from] item: Leftovers\n|upkeep\n|turn|45\n|\n|t:|1733862182\n|move|p2a: Arceus|Earth Power|p1a: Giratina\n|-damage|p1a: Giratina|320/349\n|move|p1a: Giratina|Dragon Pulse|p2a: Arceus\n|-damage|p2a: Arceus|0 fnt\n|faint|p2a: Arceus\n|\n|-heal|p1a: Giratina|341/349|[from] item: Leftovers\n|upkeep\n|\n|t:|1733862190\n|switch|p2a: Vikavolt|Vikavolt, L83, M|32/263\n|turn|46\n|\n|t:|1733862199\n|move|p1a: Giratina|Dragon Pulse|p2a: Vikavolt\n|-damage|p2a: Vikavolt|0 fnt\n|faint|p2a: Vikavolt\n|\n|win|ijslostmydaawg\n|l|\u2606UselesWaterGoddess\n|player|p2|\n", "inputlog": ">version bfd83cad13791eb5a5a409923076391caf6fb4d4\n>start {\"formatid\":\"gen9randombattle\",\"seed\":[49745,15486,36818,52763]}\n>player p1 {\"name\":\"ijslostmydaawg\",\"avatar\":\"101\",\"rating\":0,\"seed\":[36897,48129,44699,7121]}\n>player p2 {\"name\":\"UselesWaterGoddess\",\"avatar\":\"winona\",\"rating\":0,\"seed\":[54335,16748,25182,56698]}\n>p1 move icebeam\n>p2 move quiverdance\n>p1 move clearsmog\n>p2 move quiverdance\n>p1 move sludgebomb\n>p2 move terablast terastallize\n>p1 move icebeam\n>p2 move terablast\n>p2 switch 3\n>p1 move clearsmog\n>p2 move stickyweb\n>p1 move icebeam\n>p2 move discharge\n>p1 move clearsmog\n>p2 move discharge\n>p1 switch 5\n>p1 move icebeam\n>p2 move energyball\n>p1 move icebeam\n>p2 move discharge\n>p1 switch 3\n>p1 move scald\n>p2 switch 6\n>p1 move flipturn\n>p2 move agility\n>p1 switch 4\n>p1 move bitterblade\n>p2 move thunderbolt\n>p1 move shadowsneak\n>p2 move thunderbolt\n>p2 switch 2\n>p1 move bitterblade\n>p2 move foulplay\n>p1 switch 4\n>p1 move scald\n>p2 move toxic\n>p1 move wish\n>p2 move foulplay\n>p1 move flipturn\n>p2 move toxic\n>p1 switch 6\n>p1 move substitute\n>p2 move toxic\n>p1 move protect\n>p2 move foulplay\n>p1 move knockoff\n>p2 move foulplay\n>p1 move protect\n>p2 move foulplay\n>p1 move bodyslam\n>p2 move foulplay\n>p1 switch 2\n>p1 move dragonpulse terastallize\n>p2 move foulplay\n>p1 move dragonpulse\n>p2 move toxic\n>p1 move calmmind\n>p2 move toxic\n>p1 move calmmind\n>p2 move wish\n>p1 move calmmind\n>p2 move protect\n>p1 move calmmind\n>p2 move foulplay\n>p1 move rest\n>p2 move foulplay\n>p1 move sleeptalk\n>p2 move foulplay\n>p1 move sleeptalk\n>p2 move foulplay\n>p1 move sleeptalk\n>p2 move foulplay\n>p1 move calmmind\n>p2 move toxic\n>p1 move rest\n>p2 move foulplay\n>p1 move sleeptalk\n>p2 move foulplay\n>p1 move sleeptalk\n>p2 move wish\n>p1 move sleeptalk\n>p2 move protect\n>p1 move dragonpulse\n>p2 move toxic\n>p2 switch 4\n>p1 move dragonpulse\n>p2 move shadowball\n>p1 move calmmind\n>p2 move shadowball\n>p2 switch 5\n>p1 move rest\n>p2 move judgment\n>p1 move sleeptalk\n>p2 move earthpower\n>p1 move sleeptalk\n>p2 move judgment\n>p1 move calmmind\n>p2 move judgment\n>p1 move dragonpulse\n>p2 move earthpower\n>p2 switch 6\n>p1 move dragonpulse\n>p2 move bugbuzz", "uploadtime": 1733862245, "views": 3, "formatid": "gen9randombattle", "rating": null, "private": 0, "password": null}