{"id": "gen9randombattle-2260550401", "format": "[Gen 9] Random Battle", "players": ["Nervoso ofc", "doubleson"], "log": "|j|\u2606Nervoso ofc\n|j|\u2606doubleson\n|t:|1733862611\n|gametype|singles\n|player|p1|Nervoso ofc|hiker-gen4|1095\n|player|p2|doubleson|caitlin|1147\n|teamsize|p1|6\n|teamsize|p2|6\n|gen|9\n|tier|[Gen 9] Random Battle\n|rated|\n|rule|Species Clause: Limit one of each Pok\u00e9mon\n|rule|HP Percentage Mod: HP is shown in percentages\n|rule|Sleep Clause Mod: Limit one foe put to sleep\n|rule|Illusion Level Mod: Illusion disguises the Pok\u00e9mon's true level\n|\n|t:|1733862611\n|start\n|switch|p1a: Mew|Mew, L82|298/298\n|switch|p2a: Volcarona|Volcarona, L77, M|257/257\n|turn|1\n|inactive|Battle timer is ON: inactive players will automatically lose when time's up. (requested by doubleson)\n|\n|t:|1733862623\n|switch|p1a: Garganacl|Garganacl, L80, M|291/291\n|move|p2a: Volcarona|Quiver Dance|p2a: Volcarona\n|-boost|p2a: Volcarona|spa|1\n|-boost|p2a: Volcarona|spd|1\n|-boost|p2a: Volcarona|spe|1\n|\n|upkeep\n|turn|2\n|\n|t:|1733862633\n|move|p2a: Volcarona|Giga Drain|p1a: Garganacl\n|-supereffective|p1a: Garganacl\n|-damage|p1a: Garganacl|111/291\n|move|p1a: Garganacl|Salt Cure|p2a: Volcarona\n|-supereffective|p2a: Volcarona\n|-damage|p2a: Volcarona|49/257\n|-start|p2a: Volcarona|Salt Cure\n|\n|-heal|p1a: Garganacl|129/291|[from] item: Leftovers\n|-damage|p2a: Volcarona|17/257|[from] Salt Cure\n|upkeep\n|turn|3\n|\n|t:|1733862643\n|move|p2a: Volcarona|Giga Drain|p1a: Garganacl\n|-supereffective|p1a: Garganacl\n|-damage|p1a: Garganacl|0 fnt\n|-heal|p2a: Volcarona|82/257|[from] drain|[of] p1a: Garganacl\n|faint|p1a: Garganacl\n|\n|-damage|p2a: Volcarona|50/257|[from] Salt Cure\n|upkeep\n|\n|t:|1733862656\n|switch|p1a: Alomomola|Alomomola, L87, M|429/429\n|turn|4\n|\n|t:|1733862664\n|move|p1a: Alomomola|Protect|p1a: Alomomola\n|-singleturn|p1a: Alomomola|Protect\n|move|p2a: Volcarona|Giga Drain|p1a: Alomomola\n|-activate|p1a: Alomomola|move: Protect\n|\n|-damage|p2a: Volcarona|18/257|[from] Salt Cure\n|upkeep\n|turn|5\n|\n|t:|1733862673\n|move|p2a: Volcarona|Giga Drain|p1a: Alomomola\n|-supereffective|p1a: Alomomola\n|-damage|p1a: Alomomola|175/429\n|-heal|p2a: Volcarona|145/257|[from] drain|[of] p1a: Alomomola\n|move|p1a: Alomomola|Flip Turn|p2a: Volcarona\n|-supereffective|p2a: Volcarona\n|-damage|p2a: Volcarona|0 fnt\n|faint|p2a: Volcarona\n|\n|t:|1733862684\n|switch|p1a: Illumise|Illumise, L91, F|266/266|[from] Flip Turn\n|\n|upkeep\n|\n|t:|1733862703\n|switch|p2a: Squawkabilly|Squawkabilly-Blue, L85, M|278/278\n|turn|6\n|\n|t:|1733862711\n|move|p1a: Illumise|Thunder Wave|p2a: Squawkabilly|[miss]\n|-miss|p1a: Illumise|p2a: Squawkabilly\n|move|p2a: Squawkabilly|Brave Bird|p1a: Illumise\n|-supereffective|p1a: Illumise\n|-damage|p1a: Illumise|12/266\n|-damage|p2a: Squawkabilly|194/278|[from] Recoil\n|\n|-status|p2a: Squawkabilly|brn|[from] item: Flame Orb\n|upkeep\n|turn|7\n|\n|t:|1733862723\n|move|p1a: Illumise|Thunder Wave||[still]\n|-fail|p1a: Illumise\n|move|p2a: Squawkabilly|Facade|p1a: Illumise\n|-damage|p1a: Illumise|0 fnt\n|faint|p1a: Illumise\n|\n|-damage|p2a: Squawkabilly|177/278 brn|[from] brn\n|upkeep\n|\n|t:|1733862733\n|switch|p1a: Houndstone|Houndstone, L86, F|264/264\n|turn|8\n|\n|t:|1733862742\n|move|p2a: Squawkabilly|U-turn|p1a: Houndstone\n|-resisted|p1a: Houndstone\n|-damage|p1a: Houndstone|247/264\n|\n|t:|1733862754\n|switch|p2a: Dudunsparce|Dudunsparce, L83, F|343/343|[from] U-turn\n|move|p1a: Houndstone|Poltergeist|p2a: Dudunsparce\n|-immune|p2a: Dudunsparce\n|\n|-heal|p1a: Houndstone|263/264|[from] item: Leftovers\n|upkeep\n|turn|9\n|\n|t:|1733862767\n|move|p2a: Dudunsparce|Glare|p1a: Houndstone\n|-status|p1a: Houndstone|par\n|move|p1a: Houndstone|Roar|p2a: Dudunsparce\n|drag|p2a: Vileplume|Vileplume, L85, M|266/266\n|\n|-heal|p1a: Houndstone|264/264 par|[from] item: Leftovers\n|upkeep\n|turn|10\n|\n|t:|1733862791\n|move|p2a: Vileplume|Leech Seed|p1a: Houndstone\n|-start|p1a: Houndstone|move: Leech Seed\n|cant|p1a: Houndstone|par\n|\n|-damage|p1a: Houndstone|231/264 par|[from] Leech Seed|[of] p2a: Vileplume\n|upkeep\n|turn|11\n|\n|t:|1733862799\n|switch|p1a: Alomomola|Alomomola, L87, M|318/429\n|move|p2a: Vileplume|Strength Sap|p1a: Alomomola\n|-unboost|p1a: Alomomola|atk|1\n|\n|upkeep\n|turn|12\n|\n|t:|1733862807\n|move|p1a: Alomomola|Wish|p1a: Alomomola\n|move|p2a: Vileplume|Leech Seed|p1a: Alomomola\n|-start|p1a: Alomomola|move: Leech Seed\n|\n|-damage|p1a: Alomomola|265/429|[from] Leech Seed|[of] p2a: Vileplume\n|upkeep\n|turn|13\n|\n|t:|1733862832\n|switch|p1a: Clawitzer|Clawitzer, L87, F|265/265\n|move|p2a: Vileplume|Giga Drain|p1a: Clawitzer\n|-supereffective|p1a: Clawitzer\n|-damage|p1a: Clawitzer|101/265\n|\n|-heal|p1a: Clawitzer|265/265|[from] move: Wish|[wisher] Alomomola\n|upkeep\n|turn|14\n|\n|t:|1733862841\n|move|p1a: Clawitzer|U-turn|p2a: Vileplume\n|-damage|p2a: Vileplume|220/266\n|\n|t:|1733862844\n|switch|p1a: Mew|Mew, L82|298/298|[from] U-turn\n|move|p2a: Vileplume|Leech Seed|p1a: Mew\n|-start|p1a: Mew|move: Leech Seed\n|\n|-heal|p2a: Vileplume|236/266|[from] item: Leftovers\n|-damage|p1a: Mew|261/298|[from] Leech Seed|[of] p2a: Vileplume\n|-heal|p2a: Vileplume|266/266|[silent]\n|upkeep\n|turn|15\n|\n|t:|1733862867\n|move|p1a: Mew|Stealth Rock|p2a: Vileplume\n|-sidestart|p2: doubleson|move: Stealth Rock\n|move|p2a: Vileplume|Strength Sap|p1a: Mew\n|-unboost|p1a: Mew|atk|1\n|\n|-heal|p1a: Mew|279/298|[from] item: Leftovers\n|-damage|p1a: Mew|242/298|[from] Leech Seed|[of] p2a: Vileplume\n|upkeep\n|turn|16\n|\n|t:|1733862876\n|move|p1a: Mew|Psychic|p2a: Vileplume\n|-supereffective|p2a: Vileplume\n|-damage|p2a: Vileplume|90/266\n|move|p2a: Vileplume|Giga Drain|p1a: Mew\n|-damage|p1a: Mew|161/298\n|-heal|p2a: Vileplume|131/266|[from] drain|[of] p1a: Mew\n|\n|-heal|p1a: Mew|179/298|[from] item: Leftovers\n|-heal|p2a: Vileplume|147/266|[from] item: Leftovers\n|-damage|p1a: Mew|142/298|[from] Leech Seed|[of] p2a: Vileplume\n|-heal|p2a: Vileplume|184/266|[silent]\n|upkeep\n|turn|17\n|\n|t:|1733862886\n|move|p1a: Mew|U-turn|p2a: Vileplume\n|-damage|p2a: Vileplume|152/266\n|\n|t:|1733862889\n|switch|p1a: Clawitzer|Clawitzer, L87, F|265/265|[from] U-turn\n|move|p2a: Vileplume|Giga Drain|p1a: Clawitzer\n|-supereffective|p1a: Clawitzer\n|-damage|p1a: Clawitzer|83/265\n|-heal|p2a: Vileplume|243/266|[from] drain|[of] p1a: Clawitzer\n|\n|-heal|p2a: Vileplume|259/266|[from] item: Leftovers\n|upkeep\n|turn|18\n|\n|t:|1733862897\n|move|p1a: Clawitzer|Dark Pulse|p2a: Vileplume\n|-damage|p2a: Vileplume|108/266\n|move|p2a: Vileplume|Giga Drain|p1a: Clawitzer\n|-supereffective|p1a: Clawitzer\n|-damage|p1a: Clawitzer|0 fnt\n|-heal|p2a: Vileplume|150/266|[from] drain|[of] p1a: Clawitzer\n|faint|p1a: Clawitzer\n|\n|-heal|p2a: Vileplume|166/266|[from] item: Leftovers\n|upkeep\n|\n|t:|1733862902\n|switch|p1a: Alomomola|Alomomola, L87, M|408/429\n|turn|19\n|\n|t:|1733862907\n|move|p1a: Alomomola|Wish|p1a: Alomomola\n|move|p2a: Vileplume|Giga Drain|p1a: Alomomola\n|-supereffective|p1a: Alomomola\n|-damage|p1a: Alomomola|112/429\n|-heal|p2a: Vileplume|266/266|[from] drain|[of] p1a: Alomomola\n|\n|upkeep\n|turn|20\n|\n|t:|1733862913\n|move|p1a: Alomomola|Flip Turn|p2a: Vileplume\n|-resisted|p2a: Vileplume\n|-damage|p2a: Vileplume|236/266\n|\n|t:|1733862915\n|switch|p1a: Mew|Mew, L82|142/298|[from] Flip Turn\n|move|p2a: Vileplume|Giga Drain|p1a: Mew\n|-damage|p1a: Mew|63/298\n|-heal|p2a: Vileplume|266/266|[from] drain|[of] p1a: Mew\n|\n|-heal|p1a: Mew|277/298|[from] move: Wish|[wisher] Alomomola\n|-heal|p1a: Mew|295/298|[from] item: Leftovers\n|upkeep\n|turn|21\n|\n|t:|1733862926\n|move|p1a: Mew|Psychic|p2a: Vileplume\n|-supereffective|p2a: Vileplume\n|-damage|p2a: Vileplume|74/266\n|move|p2a: Vileplume|Leech Seed|p1a: Mew\n|-start|p1a: Mew|move: Leech Seed\n|\n|-heal|p1a: Mew|298/298|[from] item: Leftovers\n|-heal|p2a: Vileplume|90/266|[from] item: Leftovers\n|-damage|p1a: Mew|261/298|[from] Leech Seed|[of] p2a: Vileplume\n|-heal|p2a: Vileplume|127/266|[silent]\n|upkeep\n|turn|22\n|\n|t:|1733862935\n|move|p1a: Mew|Psychic|p2a: Vileplume\n|-supereffective|p2a: Vileplume\n|-damage|p2a: Vileplume|0 fnt\n|faint|p2a: Vileplume\n|\n|-heal|p1a: Mew|279/298|[from] item: Leftovers\n|upkeep\n|\n|t:|1733862945\n|switch|p2a: Squawkabilly|Squawkabilly-Blue, L85, M|177/278 brn\n|-damage|p2a: Squawkabilly|108/278 brn|[from] Stealth Rock\n|turn|23\n|\n|t:|1733862953\n|move|p1a: Mew|Psychic|p2a: Squawkabilly\n|-damage|p2a: Squawkabilly|0 fnt\n|faint|p2a: Squawkabilly\n|\n|-heal|p1a: Mew|297/298|[from] item: Leftovers\n|upkeep\n|\n|t:|1733862963\n|switch|p2a: Dudunsparce|Dudunsparce, L83, F|343/343\n|-damage|p2a: Dudunsparce|301/343|[from] Stealth Rock\n|turn|24\n|\n|t:|1733862968\n|move|p1a: Mew|U-turn|p2a: Dudunsparce\n|-damage|p2a: Dudunsparce|251/343\n|\n|t:|1733862970\n|switch|p1a: Houndstone|Houndstone, L86, F|231/264 par|[from] U-turn\n|move|p2a: Dudunsparce|Glare|p1a: Houndstone\n|-fail|p1a: Houndstone|par\n|\n|-heal|p2a: Dudunsparce|272/343|[from] item: Leftovers\n|-heal|p1a: Houndstone|247/264 par|[from] item: Leftovers\n|upkeep\n|turn|25\n|l|\u2606Nervoso ofc\n|inactive|Nervoso ofc disconnected and has a minute to reconnect!\n|player|p1|\n|j|\u2606Nervoso ofc\n|inactive|Nervoso ofc reconnected and has 140 seconds left.\n|player|p1|Nervoso ofc|hiker-gen4|\n|\n|t:|1733862983\n|move|p2a: Dudunsparce|Earthquake|p1a: Houndstone\n|-damage|p1a: Houndstone|186/264 par\n|move|p1a: Houndstone|Body Press|p2a: Dudunsparce\n|-supereffective|p2a: Dudunsparce\n|-damage|p2a: Dudunsparce|136/343\n|\n|-heal|p2a: Dudunsparce|157/343|[from] item: Leftovers\n|-heal|p1a: Houndstone|202/264 par|[from] item: Leftovers\n|upkeep\n|turn|26\n|\n|t:|1733862996\n|move|p2a: Dudunsparce|Roost|p2a: Dudunsparce\n|-heal|p2a: Dudunsparce|329/343\n|-singleturn|p2a: Dudunsparce|move: Roost\n|cant|p1a: Houndstone|par\n|\n|-heal|p2a: Dudunsparce|343/343|[from] item: Leftovers\n|-heal|p1a: Houndstone|218/264 par|[from] item: Leftovers\n|upkeep\n|turn|27\n|\n|t:|1733863004\n|move|p2a: Dudunsparce|Earthquake|p1a: Houndstone\n|-damage|p1a: Houndstone|158/264 par\n|move|p1a: Houndstone|Body Press|p2a: Dudunsparce\n|-supereffective|p2a: Dudunsparce\n|-damage|p2a: Dudunsparce|205/343\n|\n|-heal|p2a: Dudunsparce|226/343|[from] item: Leftovers\n|-heal|p1a: Houndstone|174/264 par|[from] item: Leftovers\n|upkeep\n|turn|28\n|\n|t:|1733863012\n|move|p2a: Dudunsparce|Earthquake|p1a: Houndstone\n|-damage|p1a: Houndstone|112/264 par\n|move|p1a: Houndstone|Roar|p2a: Dudunsparce\n|drag|p2a: Iron Jugulis|Iron Jugulis, L78|275/275\n|-damage|p2a: Iron Jugulis|207/275|[from] Stealth Rock\n|\n|-heal|p1a: Houndstone|128/264 par|[from] item: Leftovers\n|upkeep\n|turn|29\n|\n|t:|1733863034\n|move|p2a: Iron Jugulis|Dark Pulse|p1a: Houndstone\n|-supereffective|p1a: Houndstone\n|-damage|p1a: Houndstone|0 fnt\n|faint|p1a: Houndstone\n|\n|upkeep\n|\n|t:|1733863047\n|switch|p1a: Alomomola|Alomomola, L87, M|255/429\n|turn|30\n|\n|t:|1733863070\n|move|p2a: Iron Jugulis|Hurricane|p1a: Alomomola\n|-damage|p1a: Alomomola|56/429\n|move|p1a: Alomomola|Wish|p1a: Alomomola\n|\n|upkeep\n|turn|31\n|\n|t:|1733863078\n|move|p2a: Iron Jugulis|Dark Pulse|p1a: Alomomola\n|-damage|p1a: Alomomola|0 fnt\n|faint|p1a: Alomomola\n|\n|upkeep\n|\n|t:|1733863083\n|switch|p1a: Mew|Mew, L82|297/298\n|turn|32\n|\n|t:|1733863087\n|-terastallize|p1a: Mew|Steel\n|move|p2a: Iron Jugulis|Dark Pulse|p1a: Mew\n|-damage|p1a: Mew|219/298\n|move|p1a: Mew|Toxic Spikes|p2a: Iron Jugulis\n|-sidestart|p2: doubleson|move: Toxic Spikes\n|\n|-heal|p1a: Mew|237/298|[from] item: Leftovers\n|upkeep\n|turn|33\n|\n|t:|1733863097\n|move|p2a: Iron Jugulis|Earth Power|p1a: Mew\n|-supereffective|p1a: Mew\n|-damage|p1a: Mew|105/298\n|move|p1a: Mew|U-turn|p2a: Iron Jugulis\n|-damage|p2a: Iron Jugulis|149/275\n|\n|-heal|p1a: Mew|123/298|[from] item: Leftovers\n|upkeep\n|turn|34\n|\n|t:|1733863104\n|move|p2a: Iron Jugulis|Earth Power|p1a: Mew\n|-supereffective|p1a: Mew\n|-damage|p1a: Mew|5/298\n|move|p1a: Mew|U-turn|p2a: Iron Jugulis\n|-damage|p2a: Iron Jugulis|99/275\n|\n|-heal|p1a: Mew|23/298|[from] item: Leftovers\n|upkeep\n|turn|35\n|-message|Nervoso ofc forfeited.\n|\n|win|doubleson\n|raw|Nervoso ofc's rating: 1095 &rarr; <strong>1074</strong><br />(-21 for losing)\n|raw|doubleson's rating: 1147 &rarr; <strong>1168</strong><br />(+21 for winning)\n|l|\u2606Nervoso ofc\n|player|p1|\n", "inputlog": ">version bfd83cad13791eb5a5a409923076391caf6fb4d4\n>start {\"formatid\":\"gen9randombattle\",\"seed\":[26509,50141,52096,47262],\"rated\":\"Rated battle\"}\n>player p1 {\"name\":\"Nervoso ofc\",\"avatar\":\"hiker-gen4\",\"rating\":1095,\"seed\":[43493,40125,43802,26318]}\n>player p2 {\"name\":\"doubleson\",\"avatar\":\"caitlin\",\"rating\":1147,\"seed\":[37201,30043,565,53878]}\n>p1 switch 6\n>p2 move quiverdance\n>p1 move saltcure\n>p2 move gigadrain\n>p1 move recover\n>p2 move gigadrain\n>p1 switch 4\n>p1 move protect\n>p2 move gigadrain\n>p1 move flipturn\n>p2 move gigadrain\n>p1 switch 3\n>p2 switch 3\n>p1 move thunderwave\n>p2 move bravebird\n>p1 move thunderwave\n>p2 move facade\n>p1 switch 5\n>p1 move poltergeist\n>p2 move uturn\n>p2 switch 4\n>p1 move roar\n>p2 move glare\n>p1 move bodypress\n>p2 move leechseed\n>p1 switch 3\n>p2 move strengthsap\n>p1 move wish\n>p2 move leechseed\n>p1 switch 2\n>p2 move gigadrain\n>p1 move uturn\n>p2 move leechseed\n>p1 switch 6\n>p1 move stealthrock\n>p2 move strengthsap\n>p1 move psychic\n>p2 move gigadrain\n>p1 move uturn\n>p2 move gigadrain\n>p1 switch 6\n>p1 move darkpulse\n>p2 move gigadrain\n>p1 switch 2\n>p1 move wish\n>p2 move gigadrain\n>p1 move flipturn\n>p2 move gigadrain\n>p1 switch 6\n>p1 move psychic\n>p2 move leechseed\n>p1 move psychic\n>p2 move gigadrain\n>p2 switch 4\n>p1 move psychic\n>p2 move facade\n>p2 switch 6\n>p1 move uturn\n>p2 move glare\n>p1 switch 3\n>p1 move bodypress\n>p2 move earthquake\n>p1 move bodypress\n>p2 move roost\n>p1 move bodypress\n>p2 move earthquake\n>p1 move roar\n>p2 move earthquake\n>p1 move bodypress\n>p2 move darkpulse\n>p1 switch 6\n>p1 move wish\n>p2 move hurricane\n>p1 move scald\n>p2 move darkpulse\n>p1 switch 3\n>p1 move toxicspikes terastallize\n>p2 move darkpulse\n>p1 move uturn\n>p2 move earthpower\n>p1 move uturn\n>p2 move earthpower\n>forcelose p1", "uploadtime": 1733863365, "views": 1, "formatid": "gen9randombattle", "rating": 1074, "private": 0, "password": null}