{"id": "gen9randombattle-2260292705", "format": "[Gen 9] Random Battle", "players": ["useemstohavefun", "CasualCynic"], "log": "|badge|p1|bronze|gen9randombattle|100-3\n|uhtml|medal-msg|<div class=\"broadcast-blue\">Curious what those medals under the avatar are? PS now has Ladder Seasons! For more information, check out the <a href=\"https://www.smogon.com/forums/threads/3740067/\">thread on Smogon.</a></div>\n|badge|p2|bronze|gen9randombattle|100-3\n|uhtml|medal-msg|<div class=\"broadcast-blue\">Curious what those medals under the avatar are? PS now has Ladder Seasons! For more information, check out the <a href=\"https://www.smogon.com/forums/threads/3740067/\">thread on Smogon.</a></div>\n|j|\u2606useemstohavefun\n|j|\u2606CasualCynic\n|t:|1733836130\n|gametype|singles\n|player|p1|useemstohavefun|thorton|2265\n|player|p2|CasualCynic|janitor|2336\n|teamsize|p1|6\n|teamsize|p2|6\n|gen|9\n|tier|[Gen 9] Random Battle\n|rated|\n|rule|Species Clause: Limit one of each Pok\u00e9mon\n|rule|HP Percentage Mod: HP is shown in percentages\n|rule|Sleep Clause Mod: Limit one foe put to sleep\n|rule|Illusion Level Mod: Illusion disguises the Pok\u00e9mon's true level\n|\n|t:|1733836130\n|start\n|switch|p1a: Solgaleo|Solgaleo, L74|325/325\n|switch|p2a: Bronzong|Bronzong, L88|261/261\n|turn|1\n|inactive|Battle timer is ON: inactive players will automatically lose when time's up. (requested by useemstohavefun)\n|\n|t:|1733836136\n|move|p1a: Solgaleo|Knock Off|p2a: Bronzong\n|-supereffective|p2a: Bronzong\n|-damage|p2a: Bronzong|153/261\n|-enditem|p2a: Bronzong|Chesto Berry|[from] move: Knock Off|[of] p1a: Solgaleo\n|move|p2a: Bronzong|Iron Defense|p2a: Bronzong\n|-boost|p2a: Bronzong|def|2\n|\n|upkeep\n|turn|2\n|\n|t:|1733836155\n|switch|p1a: Scream Tail|Scream Tail, L84|330/330\n|move|p2a: Bronzong|Body Press|p1a: Scream Tail\n|-resisted|p1a: Scream Tail\n|-damage|p1a: Scream Tail|297/330\n|\n|-heal|p1a: Scream Tail|317/330|[from] item: Leftovers\n|upkeep\n|turn|3\n|\n|t:|1733836167\n|switch|p2a: Lucario|Lucario, L84, F|255/255\n|move|p1a: Scream Tail|Thunder Wave|p2a: Lucario\n|-status|p2a: Lucario|par\n|\n|-heal|p1a: Scream Tail|330/330|[from] item: Leftovers\n|upkeep\n|turn|4\n|\n|t:|1733836175\n|-end|p1a: Scream Tail|Protosynthesis|[silent]\n|switch|p1a: Solgaleo|Solgaleo, L74|325/325\n|move|p2a: Lucario|Nasty Plot|p2a: Lucario\n|-boost|p2a: Lucario|spa|2\n|\n|upkeep\n|turn|5\n|\n|t:|1733836181\n|move|p1a: Solgaleo|Close Combat|p2a: Lucario\n|-supereffective|p2a: Lucario\n|-damage|p2a: Lucario|65/255 par\n|-unboost|p1a: Solgaleo|def|1\n|-unboost|p1a: Solgaleo|spd|1\n|move|p2a: Lucario|Aura Sphere|p1a: Solgaleo\n|-damage|p1a: Solgaleo|0 fnt\n|faint|p1a: Solgaleo\n|-damage|p2a: Lucario|40/255 par|[from] item: Life Orb\n|\n|upkeep\n|\n|t:|1733836188\n|switch|p1a: Scream Tail|Scream Tail, L84|330/330\n|turn|6\n|\n|t:|1733836193\n|move|p1a: Scream Tail|Dazzling Gleam|p2a: Lucario\n|-damage|p2a: Lucario|0 fnt\n|faint|p2a: Lucario\n|\n|upkeep\n|\n|t:|1733836212\n|switch|p2a: Bronzong|Bronzong, L88|153/261\n|turn|7\n|\n|t:|1733836218\n|move|p1a: Scream Tail|Thunder Wave|p2a: Bronzong\n|-status|p2a: Bronzong|par\n|cant|p2a: Bronzong|par\n|\n|upkeep\n|turn|8\n|\n|t:|1733836222\n|move|p1a: Scream Tail|Dazzling Gleam|p2a: Bronzong\n|-resisted|p2a: Bronzong\n|-crit|p2a: Bronzong\n|-damage|p2a: Bronzong|116/261 par\n|move|p2a: Bronzong|Iron Defense|p2a: Bronzong\n|-boost|p2a: Bronzong|def|2\n|\n|upkeep\n|turn|9\n|\n|t:|1733836230\n|move|p1a: Scream Tail|Dazzling Gleam|p2a: Bronzong\n|-resisted|p2a: Bronzong\n|-damage|p2a: Bronzong|92/261 par\n|move|p2a: Bronzong|Iron Defense|p2a: Bronzong\n|-boost|p2a: Bronzong|def|2\n|\n|upkeep\n|turn|10\n|\n|t:|1733836239\n|move|p1a: Scream Tail|Dazzling Gleam|p2a: Bronzong\n|-resisted|p2a: Bronzong\n|-damage|p2a: Bronzong|68/261 par\n|move|p2a: Bronzong|Rest|p2a: Bronzong\n|-status|p2a: Bronzong|slp|[from] move: Rest\n|-heal|p2a: Bronzong|261/261 slp|[silent]\n|\n|upkeep\n|turn|11\n|\n|t:|1733836253\n|move|p1a: Scream Tail|Dazzling Gleam|p2a: Bronzong\n|-resisted|p2a: Bronzong\n|-damage|p2a: Bronzong|236/261 slp\n|cant|p2a: Bronzong|slp\n|\n|upkeep\n|turn|12\n|\n|t:|1733836258\n|move|p1a: Scream Tail|Dazzling Gleam|p2a: Bronzong\n|-resisted|p2a: Bronzong\n|-damage|p2a: Bronzong|214/261 slp\n|cant|p2a: Bronzong|slp\n|\n|upkeep\n|turn|13\n|\n|t:|1733836261\n|move|p1a: Scream Tail|Wish|p1a: Scream Tail\n|-curestatus|p2a: Bronzong|slp|[msg]\n|move|p2a: Bronzong|Iron Defense|p2a: Bronzong\n|-boost|p2a: Bronzong|def|2\n|\n|upkeep\n|turn|14\n|\n|t:|1733836265\n|move|p1a: Scream Tail|Thunder Wave|p2a: Bronzong|[miss]\n|-miss|p1a: Scream Tail|p2a: Bronzong\n|move|p2a: Bronzong|Body Press|p1a: Scream Tail\n|-resisted|p1a: Scream Tail\n|-damage|p1a: Scream Tail|269/330\n|\n|-heal|p1a: Scream Tail|330/330|[from] move: Wish|[wisher] Scream Tail\n|upkeep\n|turn|15\n|\n|t:|1733836272\n|move|p1a: Scream Tail|Thunder Wave|p2a: Bronzong\n|-status|p2a: Bronzong|par\n|move|p2a: Bronzong|Psychic Noise|p1a: Scream Tail\n|-resisted|p1a: Scream Tail\n|-damage|p1a: Scream Tail|298/330\n|-start|p1a: Scream Tail|move: Heal Block\n|\n|upkeep\n|turn|16\n|\n|t:|1733836278\n|move|p1a: Scream Tail|Dazzling Gleam|p2a: Bronzong\n|-resisted|p2a: Bronzong\n|-damage|p2a: Bronzong|192/261 par\n|move|p2a: Bronzong|Body Press|p1a: Scream Tail\n|-resisted|p1a: Scream Tail\n|-damage|p1a: Scream Tail|230/330\n|\n|-end|p1a: Scream Tail|move: Heal Block\n|upkeep\n|turn|17\n|\n|t:|1733836284\n|move|p1a: Scream Tail|Wish|p1a: Scream Tail\n|move|p2a: Bronzong|Psychic Noise|p1a: Scream Tail\n|-resisted|p1a: Scream Tail\n|-damage|p1a: Scream Tail|200/330\n|-start|p1a: Scream Tail|move: Heal Block\n|\n|upkeep\n|turn|18\n|\n|t:|1733836294\n|-end|p1a: Scream Tail|Protosynthesis|[silent]\n|switch|p1a: Banette|Banette, L93, M|270/270\n|cant|p2a: Bronzong|par\n|\n|upkeep\n|turn|19\n|\n|t:|1733836298\n|switch|p1a: Scream Tail|Scream Tail, L84|200/330\n|move|p2a: Bronzong|Psychic Noise|p1a: Scream Tail\n|-resisted|p1a: Scream Tail\n|-damage|p1a: Scream Tail|170/330\n|-start|p1a: Scream Tail|move: Heal Block\n|\n|upkeep\n|turn|20\n|\n|t:|1733836307\n|move|p1a: Scream Tail|Protect|p1a: Scream Tail\n|-singleturn|p1a: Scream Tail|Protect\n|move|p2a: Bronzong|Body Press|p1a: Scream Tail\n|-activate|p1a: Scream Tail|move: Protect\n|\n|-end|p1a: Scream Tail|move: Heal Block\n|upkeep\n|turn|21\n|\n|t:|1733836313\n|move|p1a: Scream Tail|Dazzling Gleam|p2a: Bronzong\n|-resisted|p2a: Bronzong\n|-damage|p2a: Bronzong|167/261 par\n|move|p2a: Bronzong|Psychic Noise|p1a: Scream Tail\n|-resisted|p1a: Scream Tail\n|-damage|p1a: Scream Tail|137/330\n|-start|p1a: Scream Tail|move: Heal Block\n|\n|upkeep\n|turn|22\n|\n|t:|1733836319\n|move|p1a: Scream Tail|Dazzling Gleam|p2a: Bronzong\n|-resisted|p2a: Bronzong\n|-damage|p2a: Bronzong|145/261 par\n|cant|p2a: Bronzong|par\n|\n|-end|p1a: Scream Tail|move: Heal Block\n|upkeep\n|turn|23\n|\n|t:|1733836324\n|move|p1a: Scream Tail|Wish|p1a: Scream Tail\n|move|p2a: Bronzong|Psychic Noise|p1a: Scream Tail\n|-resisted|p1a: Scream Tail\n|-damage|p1a: Scream Tail|107/330\n|-start|p1a: Scream Tail|move: Heal Block\n|\n|upkeep\n|turn|24\n|\n|t:|1733836329\n|move|p1a: Scream Tail|Protect|p1a: Scream Tail\n|-singleturn|p1a: Scream Tail|Protect\n|cant|p2a: Bronzong|par\n|\n|-end|p1a: Scream Tail|move: Heal Block\n|upkeep\n|turn|25\n|\n|t:|1733836337\n|move|p1a: Scream Tail|Wish|p1a: Scream Tail\n|move|p2a: Bronzong|Psychic Noise|p1a: Scream Tail\n|-resisted|p1a: Scream Tail\n|-damage|p1a: Scream Tail|79/330\n|-start|p1a: Scream Tail|move: Heal Block\n|\n|upkeep\n|turn|26\n|\n|t:|1733836342\n|move|p1a: Scream Tail|Dazzling Gleam|p2a: Bronzong\n|-resisted|p2a: Bronzong\n|-damage|p2a: Bronzong|121/261 par\n|move|p2a: Bronzong|Body Press|p1a: Scream Tail\n|-resisted|p1a: Scream Tail\n|-damage|p1a: Scream Tail|20/330\n|\n|-end|p1a: Scream Tail|move: Heal Block\n|upkeep\n|turn|27\n|\n|t:|1733836350\n|move|p1a: Scream Tail|Wish|p1a: Scream Tail\n|move|p2a: Bronzong|Psychic Noise|p1a: Scream Tail\n|-resisted|p1a: Scream Tail\n|-damage|p1a: Scream Tail|0 fnt\n|faint|p1a: Scream Tail\n|-end|p1a: Scream Tail|Protosynthesis|[silent]\n|\n|upkeep\n|\n|t:|1733836362\n|switch|p1a: Banette|Banette, L93, M|270/270\n|turn|28\n|\n|t:|1733836366\n|move|p1a: Banette|Swords Dance|p1a: Banette\n|-boost|p1a: Banette|atk|2\n|move|p2a: Bronzong|Rest|p2a: Bronzong\n|-status|p2a: Bronzong|slp|[from] move: Rest\n|-heal|p2a: Bronzong|261/261 slp|[silent]\n|\n|upkeep\n|turn|29\n|\n|t:|1733836369\n|move|p1a: Banette|Swords Dance|p1a: Banette\n|-boost|p1a: Banette|atk|2\n|cant|p2a: Bronzong|slp\n|\n|upkeep\n|turn|30\n|\n|t:|1733836373\n|move|p1a: Banette|Swords Dance|p1a: Banette\n|-boost|p1a: Banette|atk|2\n|cant|p2a: Bronzong|slp\n|\n|upkeep\n|turn|31\n|\n|t:|1733836380\n|move|p1a: Banette|Shadow Sneak|p2a: Bronzong\n|-supereffective|p2a: Bronzong\n|-damage|p2a: Bronzong|128/261 slp\n|-damage|p1a: Banette|243/270|[from] item: Life Orb\n|-curestatus|p2a: Bronzong|slp|[msg]\n|move|p2a: Bronzong|Psychic Noise|p1a: Banette\n|-damage|p1a: Banette|152/270\n|-start|p1a: Banette|move: Heal Block\n|\n|upkeep\n|turn|32\n|\n|t:|1733836395\n|move|p1a: Banette|Shadow Sneak|p2a: Bronzong\n|-supereffective|p2a: Bronzong\n|-damage|p2a: Bronzong|11/261\n|-damage|p1a: Banette|125/270|[from] item: Life Orb\n|move|p2a: Bronzong|Psychic Noise|p1a: Banette\n|-damage|p1a: Banette|41/270\n|\n|-end|p1a: Banette|move: Heal Block\n|upkeep\n|turn|33\n|\n|t:|1733836406\n|move|p1a: Banette|Shadow Sneak|p2a: Bronzong\n|-supereffective|p2a: Bronzong\n|-damage|p2a: Bronzong|0 fnt\n|faint|p2a: Bronzong\n|-damage|p1a: Banette|14/270|[from] item: Life Orb\n|\n|upkeep\n|\n|t:|1733836408\n|switch|p2a: Zangoose|Zangoose, L85, M|263/263\n|turn|34\n|\n|t:|1733836414\n|move|p2a: Zangoose|Knock Off|p1a: Banette\n|-supereffective|p1a: Banette\n|-damage|p1a: Banette|0 fnt\n|-enditem|p1a: Banette|Life Orb|[from] move: Knock Off|[of] p2a: Zangoose\n|faint|p1a: Banette\n|\n|-status|p2a: Zangoose|tox|[from] item: Toxic Orb\n|upkeep\n|\n|t:|1733836428\n|switch|p1a: Sandaconda|Sandaconda, L84, F|258/258\n|turn|35\n|\n|t:|1733836435\n|-terastallize|p2a: Zangoose|Normal\n|-terastallize|p1a: Sandaconda|Steel\n|move|p2a: Zangoose|Facade|p1a: Sandaconda\n|-resisted|p1a: Sandaconda\n|-damage|p1a: Sandaconda|114/258\n|move|p1a: Sandaconda|Earthquake|p2a: Zangoose\n|-damage|p2a: Zangoose|118/263 tox\n|\n|-heal|p1a: Sandaconda|130/258|[from] item: Leftovers\n|-damage|p2a: Zangoose|102/263 tox|[from] psn\n|upkeep\n|turn|36\n|\n|t:|1733836446\n|move|p2a: Zangoose|Facade|p1a: Sandaconda\n|-resisted|p1a: Sandaconda\n|-damage|p1a: Sandaconda|7/258\n|move|p1a: Sandaconda|Earthquake|p2a: Zangoose\n|-damage|p2a: Zangoose|0 fnt\n|faint|p2a: Zangoose\n|\n|-heal|p1a: Sandaconda|23/258|[from] item: Leftovers\n|upkeep\n|\n|t:|1733836451\n|switch|p2a: Squawkabilly|Squawkabilly, L85, M|278/278\n|turn|37\n|\n|t:|1733836455\n|move|p2a: Squawkabilly|Facade|p1a: Sandaconda\n|-resisted|p1a: Sandaconda\n|-damage|p1a: Sandaconda|0 fnt\n|faint|p1a: Sandaconda\n|\n|-status|p2a: Squawkabilly|brn|[from] item: Flame Orb\n|upkeep\n|\n|t:|1733836458\n|switch|p1a: Meowscarada|Meowscarada, L78, M|247/247\n|turn|38\n|\n|t:|1733836469\n|move|p1a: Meowscarada|Triple Axel|p2a: Squawkabilly\n|-start|p1a: Meowscarada|typechange|Ice|[from] ability: Protean\n|-supereffective|p2a: Squawkabilly\n|-damage|p2a: Squawkabilly|197/278 brn\n|-supereffective|p2a: Squawkabilly\n|-damage|p2a: Squawkabilly|41/278 brn\n|-supereffective|p2a: Squawkabilly\n|-damage|p2a: Squawkabilly|0 fnt\n|faint|p2a: Squawkabilly\n|-hitcount|p2: Squawkabilly|3\n|-damage|p1a: Meowscarada|223/247|[from] item: Life Orb\n|\n|upkeep\n|\n|t:|1733836474\n|switch|p2a: Terrakion|Terrakion, L79|273/273\n|turn|39\n|\n|t:|1733836491\n|move|p1a: Meowscarada|Flower Trick|p2a: Terrakion\n|-supereffective|p2a: Terrakion\n|-crit|p2a: Terrakion\n|-damage|p2a: Terrakion|62/273\n|-damage|p1a: Meowscarada|199/247|[from] item: Life Orb\n|move|p2a: Terrakion|Close Combat|p1a: Meowscarada\n|-supereffective|p1a: Meowscarada\n|-damage|p1a: Meowscarada|0 fnt\n|-unboost|p2a: Terrakion|def|1\n|-unboost|p2a: Terrakion|spd|1\n|faint|p1a: Meowscarada\n|\n|upkeep\n|\n|t:|1733836495\n|switch|p1a: Flapple|Flapple, L88, M|266/266\n|turn|40\n|\n|t:|1733836500\n|move|p2a: Terrakion|Close Combat|p1a: Flapple\n|-damage|p1a: Flapple|61/266\n|-unboost|p2a: Terrakion|def|1\n|-unboost|p2a: Terrakion|spd|1\n|move|p1a: Flapple|Dragon Dance|p1a: Flapple\n|-boost|p1a: Flapple|atk|1\n|-boost|p1a: Flapple|spe|1\n|\n|upkeep\n|turn|41\n|\n|t:|1733836509\n|switch|p2a: Latios|Latios, L78, M|253/253\n|move|p1a: Flapple|Grav Apple|p2a: Latios\n|-resisted|p2a: Latios\n|-damage|p2a: Latios|127/253\n|-unboost|p2a: Latios|def|1\n|\n|upkeep\n|turn|42\n|\n|t:|1733836518\n|move|p1a: Flapple|Grav Apple|p2a: Latios\n|-resisted|p2a: Latios\n|-damage|p2a: Latios|0 fnt\n|faint|p2a: Latios\n|\n|upkeep\n|\n|t:|1733836521\n|switch|p2a: Terrakion|Terrakion, L79|62/273\n|turn|43\n|\n|t:|1733836526\n|move|p2a: Terrakion|Quick Attack|p1a: Flapple\n|-damage|p1a: Flapple|16/266\n|move|p1a: Flapple|Grav Apple|p2a: Terrakion\n|-supereffective|p2a: Terrakion\n|-damage|p2a: Terrakion|0 fnt\n|faint|p2a: Terrakion\n|\n|win|useemstohavefun\n|raw|useemstohavefun's rating: 2265 &rarr; <strong>2289</strong><br />(+24 for winning)\n|raw|CasualCynic's rating: 2336 &rarr; <strong>2312</strong><br />(-24 for losing)\n|l|\u2606CasualCynic\n|player|p2|\n|c|\u2606useemstohavefun|gg\n", "inputlog": ">version bfd83cad13791eb5a5a409923076391caf6fb4d4\n>start {\"formatid\":\"gen9randombattle\",\"seed\":[17078,57551,56962,32378],\"rated\":\"Rated battle\"}\n>player p1 {\"name\":\"useemstohavefun\",\"avatar\":\"thorton\",\"rating\":2265,\"seed\":[57858,55847,9627,20742]}\n>player p2 {\"name\":\"CasualCynic\",\"avatar\":\"janitor\",\"rating\":2336,\"seed\":[5493,45806,29825,36010]}\n>p1 move knockoff\n>p2 move irondefense\n>p1 switch 2\n>p2 move bodypress\n>p1 move thunderwave\n>p2 switch 3\n>p1 switch 2\n>p2 move nastyplot\n>p1 move closecombat\n>p2 move aurasphere\n>p1 switch 2\n>p1 move dazzlinggleam\n>p2 move flashcannon\n>p2 switch 3\n>p1 move thunderwave\n>p2 move irondefense\n>p1 move dazzlinggleam\n>p2 move irondefense\n>p1 move dazzlinggleam\n>p2 move irondefense\n>p1 move dazzlinggleam\n>p2 move rest\n>p1 move dazzlinggleam\n>p2 move psychicnoise\n>p1 move dazzlinggleam\n>p2 move psychicnoise\n>p1 move wish\n>p2 move irondefense\n>p1 move thunderwave\n>p2 move bodypress\n>p1 move thunderwave\n>p2 move psychicnoise\n>p1 move dazzlinggleam\n>p2 move bodypress\n>p1 move wish\n>p2 move psychicnoise\n>p1 switch 5\n>p2 move bodypress\n>p1 switch 5\n>p2 move psychicnoise\n>p1 move protect\n>p2 move bodypress\n>p1 move dazzlinggleam\n>p2 move psychicnoise\n>p1 move dazzlinggleam\n>p2 move bodypress\n>p1 move wish\n>p2 move psychicnoise\n>p1 move protect\n>p2 move psychicnoise\n>p1 move wish\n>p2 move psychicnoise\n>p1 move dazzlinggleam\n>p2 move bodypress\n>p1 move wish\n>p2 move psychicnoise\n>p1 switch 5\n>p1 move swordsdance\n>p2 move rest\n>p1 move swordsdance\n>p2 move psychicnoise\n>p1 move swordsdance\n>p2 move psychicnoise\n>p1 move shadowsneak\n>p2 move psychicnoise\n>p1 move shadowsneak\n>p2 move psychicnoise\n>p1 move shadowsneak\n>p2 move psychicnoise\n>p2 switch 4\n>p1 move gunkshot\n>p2 move knockoff\n>p1 switch 4\n>p1 move earthquake terastallize\n>p2 move facade terastallize\n>p1 move earthquake\n>p2 move facade\n>p2 switch 5\n>p1 move stoneedge\n>p2 move facade\n>p1 switch 3\n>p1 move tripleaxel\n>p2 move facade\n>p2 switch 6\n>p1 move flowertrick\n>p2 move closecombat\n>p1 switch 6\n>p1 move dragondance\n>p2 move closecombat\n>p1 move gravapple\n>p2 switch 2\n>p1 move gravapple\n>p2 move psyshock\n>p2 switch 2\n>p1 move gravapple\n>p2 move quickattack", "uploadtime": 1733836540, "views": 1, "formatid": "gen9randombattle", "rating": 2289, "private": 0, "password": null}