{"id": "gen9randombattle-2207043592", "format": "[Gen 9] Random Battle", "players": ["rb2t tb", "RB2T soT"], "log": "|badge|p1|silver|gen9randombattle|30-2\n|uhtml|medal-msg|<div class=\"broadcast-blue\">Curious what those medals under the avatar are? PS now has Ladder Seasons! For more information, check out the <a href=\"https://www.smogon.com/forums/threads/3740067/\">thread on Smogon.</a></div>\n|badge|p2|bronze|gen9randombattle|100-2\n|uhtml|medal-msg|<div class=\"broadcast-blue\">Curious what those medals under the avatar are? PS now has Ladder Seasons! For more information, check out the <a href=\"https://www.smogon.com/forums/threads/3740067/\">thread on Smogon.</a></div>\n|j|\u2606rb2t tb\n|j|\u2606RB2T soT\n|t:|1726990354\n|gametype|singles\n|player|p1|rb2t tb|265|2410\n|player|p2|RB2T soT|101|2339\n|teamsize|p1|6\n|teamsize|p2|6\n|gen|9\n|tier|[Gen 9] Random Battle\n|rated|\n|rule|Species Clause: Limit one of each Pok\u00e9mon\n|rule|HP Percentage Mod: HP is shown in percentages\n|rule|Sleep Clause Mod: Limit one foe put to sleep\n|rule|Illusion Level Mod: Illusion disguises the Pok\u00e9mon's true level\n|\n|t:|1726990354\n|start\n|switch|p1a: Espeon|Espeon, L84, F|246/246\n|switch|p2a: Lugia|Lugia, L72|272/272\n|turn|1\n|inactive|Battle timer is ON: inactive players will automatically lose when time's up. (requested by rb2t tb)\n|\n|t:|1726990364\n|switch|p2a: Dialga|Dialga-Origin, L73|266/266\n|-ability|p2a: Dialga|Pressure\n|move|p1a: Espeon|Calm Mind|p1a: Espeon\n|-boost|p1a: Espeon|spa|1\n|-boost|p1a: Espeon|spd|1\n|\n|upkeep\n|turn|2\n|\n|t:|1726990369\n|move|p1a: Espeon|Shadow Ball|p2a: Dialga\n|-damage|p2a: Dialga|137/266\n|-damage|p1a: Espeon|222/246|[from] item: Life Orb\n|move|p2a: Dialga|Dragon Tail|p1a: Espeon\n|-damage|p1a: Espeon|137/246\n|drag|p1a: Lycanroc|Lycanroc-Dusk, L80, M|251/251\n|\n|upkeep\n|turn|3\n|\n|t:|1726990380\n|switch|p2a: Amoonguss|Amoonguss, L82, F|321/321\n|move|p1a: Lycanroc|Close Combat|p2a: Amoonguss\n|-resisted|p2a: Amoonguss\n|-damage|p2a: Amoonguss|222/321\n|-unboost|p1a: Lycanroc|def|1\n|-unboost|p1a: Lycanroc|spd|1\n|-damage|p1a: Lycanroc|210/251|[from] item: Rocky Helmet|[of] p2a: Amoonguss\n|-damage|p1a: Lycanroc|185/251|[from] item: Life Orb\n|\n|upkeep\n|turn|4\n|\n|t:|1726990388\n|move|p1a: Lycanroc|Psychic Fangs|p2a: Amoonguss\n|-supereffective|p2a: Amoonguss\n|-damage|p2a: Amoonguss|0 fnt\n|-damage|p1a: Lycanroc|144/251|[from] item: Rocky Helmet|[of] p2a: Amoonguss\n|faint|p2a: Amoonguss\n|-damage|p1a: Lycanroc|119/251|[from] item: Life Orb\n|\n|upkeep\n|\n|t:|1726990411\n|switch|p2a: Sudowoodo|Sudowoodo, L94, F|284/284\n|turn|5\n|\n|t:|1726990420\n|move|p1a: Lycanroc|Close Combat|p2a: Sudowoodo\n|-supereffective|p2a: Sudowoodo\n|-damage|p2a: Sudowoodo|79/284\n|-unboost|p1a: Lycanroc|def|1\n|-unboost|p1a: Lycanroc|spd|1\n|-damage|p1a: Lycanroc|94/251|[from] item: Life Orb\n|move|p2a: Sudowoodo|Wood Hammer|p1a: Lycanroc\n|-supereffective|p1a: Lycanroc\n|-damage|p1a: Lycanroc|0 fnt\n|faint|p1a: Lycanroc\n|\n|upkeep\n|\n|t:|1726990428\n|switch|p1a: Ariados|Ariados, L95, F|287/287\n|turn|6\n|\n|t:|1726990448\n|switch|p2a: Mandibuzz|Mandibuzz, L85, F|326/326\n|move|p1a: Ariados|Sticky Web|p2a: Mandibuzz\n|-sidestart|p2: RB2T soT|move: Sticky Web\n|\n|upkeep\n|turn|7\n|\n|t:|1726990455\n|move|p2a: Mandibuzz|Defog|p1a: Ariados\n|-unboost|p1a: Ariados|evasion|1\n|-sideend|p2: RB2T soT|Sticky Web|[from] move: Defog|[of] p2a: Mandibuzz\n|move|p1a: Ariados|Megahorn|p2a: Mandibuzz\n|-damage|p2a: Mandibuzz|185/326\n|\n|upkeep\n|turn|8\n|\n|t:|1726990474\n|switch|p2a: Dialga|Dialga-Origin, L73|137/266\n|-ability|p2a: Dialga|Pressure\n|move|p1a: Ariados|Sticky Web|p2a: Dialga\n|-sidestart|p2: RB2T soT|move: Sticky Web\n|\n|upkeep\n|turn|9\n|\n|t:|1726990494\n|switch|p1a: Great Tusk|Great Tusk, L77|304/304\n|move|p2a: Dialga|Flash Cannon|p1a: Great Tusk\n|-damage|p1a: Great Tusk|123/304\n|\n|-heal|p1a: Great Tusk|142/304|[from] item: Leftovers\n|upkeep\n|turn|10\n|\n|t:|1726990520\n|switch|p2a: Lugia|Lugia, L72|272/272\n|move|p1a: Great Tusk|Close Combat|p2a: Lugia\n|-resisted|p2a: Lugia\n|-damage|p2a: Lugia|259/272\n|-unboost|p1a: Great Tusk|def|1\n|-unboost|p1a: Great Tusk|spd|1\n|\n|-heal|p1a: Great Tusk|161/304|[from] item: Leftovers\n|upkeep\n|turn|11\n|\n|t:|1726990526\n|-end|p1a: Great Tusk|Protosynthesis|[silent]\n|switch|p1a: Flygon|Flygon, L82, F|265/265\n|move|p2a: Lugia|Calm Mind|p2a: Lugia\n|-boost|p2a: Lugia|spa|1\n|-boost|p2a: Lugia|spd|1\n|\n|upkeep\n|turn|12\n|\n|t:|1726990532\n|move|p1a: Flygon|Outrage|p2a: Lugia\n|-damage|p2a: Lugia|105/272\n|move|p2a: Lugia|Aeroblast|p1a: Flygon\n|-damage|p1a: Flygon|141/265\n|\n|upkeep\n|turn|13\n|\n|t:|1726990536\n|switch|p2a: Sudowoodo|Sudowoodo, L94, F|79/284\n|-activate|p2a: Sudowoodo|move: Sticky Web\n|-unboost|p2a: Sudowoodo|spe|1\n|move|p1a: Flygon|Outrage|p2a: Sudowoodo|[from]lockedmove\n|-damage|p2a: Sudowoodo|0 fnt\n|faint|p2a: Sudowoodo\n|-start|p1a: Flygon|confusion|[fatigue]\n|\n|upkeep\n|\n|t:|1726990543\n|switch|p2a: Mandibuzz|Mandibuzz, L85, F|185/326\n|turn|14\n|\n|t:|1726990547\n|switch|p1a: Ariados|Ariados, L95, F|287/287\n|move|p2a: Mandibuzz|Roost|p2a: Mandibuzz\n|-heal|p2a: Mandibuzz|326/326\n|-singleturn|p2a: Mandibuzz|move: Roost\n|\n|upkeep\n|turn|15\n|\n|t:|1726990550\n|switch|p2a: Dialga|Dialga-Origin, L73|137/266\n|-activate|p2a: Dialga|move: Sticky Web\n|-unboost|p2a: Dialga|spe|1\n|-ability|p2a: Dialga|Pressure\n|move|p1a: Ariados|Poison Jab|p2a: Dialga\n|-immune|p2a: Dialga\n|\n|upkeep\n|turn|16\n|\n|t:|1726990561\n|switch|p1a: Volbeat|Volbeat, L90, M|263/263\n|move|p2a: Dialga|Draco Meteor|p1a: Volbeat\n|-damage|p1a: Volbeat|83/263\n|-unboost|p2a: Dialga|spa|2\n|\n|upkeep\n|turn|17\n|\n|t:|1726990566\n|switch|p2a: Indeedee|Indeedee-F, L90, F|272/272\n|-activate|p2a: Indeedee|move: Sticky Web\n|-unboost|p2a: Indeedee|spe|1\n|-fieldstart|move: Psychic Terrain|[from] ability: Psychic Surge|[of] p2a: Indeedee\n|move|p1a: Volbeat|Roost|p1a: Volbeat\n|-heal|p1a: Volbeat|215/263\n|-singleturn|p1a: Volbeat|move: Roost\n|\n|upkeep\n|turn|18\n|\n|t:|1726990580\n|-terastallize|p2a: Indeedee|Fairy\n|move|p1a: Volbeat|Lunge|p2a: Indeedee\n|-resisted|p2a: Indeedee\n|-crit|p2a: Indeedee\n|-damage|p2a: Indeedee|206/272\n|-unboost|p2a: Indeedee|atk|1\n|move|p2a: Indeedee|Psychic|p1a: Volbeat\n|-damage|p1a: Volbeat|16/263\n|\n|upkeep\n|turn|19\n|\n|t:|1726990588\n|move|p1a: Volbeat|Lunge|p2a: Indeedee\n|-resisted|p2a: Indeedee\n|-damage|p2a: Indeedee|157/272\n|-unboost|p2a: Indeedee|atk|1\n|move|p2a: Indeedee|Psychic|p1a: Volbeat\n|-damage|p1a: Volbeat|0 fnt\n|faint|p1a: Volbeat\n|\n|upkeep\n|\n|t:|1726990590\n|switch|p1a: Espeon|Espeon, L84, F|137/246\n|turn|20\n|\n|t:|1726990594\n|switch|p2a: Mandibuzz|Mandibuzz, L85, F|326/326\n|move|p1a: Espeon|Calm Mind|p1a: Espeon\n|-boost|p1a: Espeon|spa|1\n|-boost|p1a: Espeon|spd|1\n|\n|upkeep\n|turn|21\n|\n|t:|1726990599\n|-terastallize|p1a: Espeon|Fairy\n|move|p1a: Espeon|Alluring Voice|p2a: Mandibuzz\n|-supereffective|p2a: Mandibuzz\n|-damage|p2a: Mandibuzz|0 fnt\n|faint|p2a: Mandibuzz\n|-damage|p1a: Espeon|113/246|[from] item: Life Orb\n|\n|-fieldend|move: Psychic Terrain\n|upkeep\n|-message|RB2T soT forfeited.\n|\n|win|rb2t tb\n|raw|rb2t tb's rating: 2410 &rarr; <strong>2425</strong><br />(+15 for winning)\n|raw|RB2T soT's rating: 2317 &rarr; <strong>2302</strong><br />(-15 for losing)\n|l|\u2606RB2T soT\n|player|p2|\n", "inputlog": ">version ddf5848a381b6afa3b8db755b9bdef59b522c4eb\n>start {\"formatid\":\"gen9randombattle\",\"seed\":[60312,51686,7047,58824],\"rated\":\"Rated battle\"}\n>player p1 {\"name\":\"rb2t tb\",\"avatar\":\"265\",\"rating\":2410,\"seed\":[49525,55374,36633,7199]}\n>player p2 {\"name\":\"RB2T soT\",\"avatar\":\"101\",\"rating\":2339,\"seed\":[12405,12292,43669,11629]}\n>p1 move calmmind\n>p2 switch 2\n>p1 move shadowball\n>p2 move dragontail\n>p1 move closecombat\n>p2 switch 6\n>p1 move psychicfangs\n>p2 move gigadrain\n>p2 switch 4\n>p1 move closecombat\n>p2 move woodhammer\n>p1 switch 3\n>p1 move stickyweb\n>p2 switch 5\n>p1 move megahorn\n>p2 move defog\n>p1 move stickyweb\n>p2 switch 6\n>p1 switch 5\n>p2 move flashcannon\n>p1 move closecombat\n>p2 switch 2\n>p1 switch 6\n>p2 move calmmind\n>p1 move outrage\n>p2 move aeroblast\n>p1 move outrage\n>p2 switch 5\n>p2 switch 6\n>p1 switch 5\n>p2 move roost\n>p1 move poisonjab\n>p2 switch 2\n>p1 switch 4\n>p2 move dracometeor\n>p1 move roost\n>p2 switch 3\n>p1 move lunge\n>p2 move psychic terastallize\n>p1 move lunge\n>p2 move psychic\n>p1 switch 2\n>p1 move calmmind\n>p2 switch 2\n>p1 move alluringvoice terastallize\n>p2 move foulplay\n>forcelose p2", "uploadtime": 1726990603, "views": 84, "formatid": "gen9randombattle", "rating": 2302, "private": 0, "password": null}