{"id": "gen9randombattle-2260873034", "format": "[Gen 9] Random Battle", "players": ["no tengo enemigos", "daiki08"], "log": "|j|\u2606no tengo enemigos\n|j|\u2606daiki08\n|t:|1733908441\n|gametype|singles\n|player|p1|no tengo enemigos|169|1414\n|player|p2|daiki08|lance|1478\n|teamsize|p1|6\n|teamsize|p2|6\n|gen|9\n|tier|[Gen 9] Random Battle\n|rated|\n|rule|Species Clause: Limit one of each Pok\u00e9mon\n|rule|HP Percentage Mod: HP is shown in percentages\n|rule|Sleep Clause Mod: Limit one foe put to sleep\n|rule|Illusion Level Mod: Illusion disguises the Pok\u00e9mon's true level\n|\n|t:|1733908441\n|start\n|switch|p1a: Torkoal|Torkoal, L88, M|266/266\n|switch|p2a: Ludicolo|Ludicolo, L90, F|290/290\n|-weather|SunnyDay|[from] ability: Drought|[of] p1a: Torkoal\n|turn|1\n|inactive|Battle timer is ON: inactive players will automatically lose when time's up. (requested by daiki08)\n|inactive|daiki08 has 120 seconds left.\n|\n|t:|1733908475\n|switch|p2a: Tauros|Tauros, L82, M|257/257\n|move|p1a: Torkoal|Yawn|p2a: Tauros\n|-start|p2a: Tauros|move: Yawn|[of] p1a: Torkoal\n|\n|-weather|SunnyDay|[upkeep]\n|upkeep\n|turn|2\n|\n|t:|1733908498\n|move|p2a: Tauros|Body Slam|p1a: Torkoal\n|-damage|p1a: Torkoal|175/266\n|move|p1a: Torkoal|Lava Plume|p2a: Tauros\n|-damage|p2a: Tauros|101/257\n|\n|-weather|SunnyDay|[upkeep]\n|-end|p2a: Tauros|move: Yawn|[silent]\n|-status|p2a: Tauros|slp\n|upkeep\n|turn|3\n|\n|t:|1733908508\n|cant|p2a: Tauros|slp\n|move|p1a: Torkoal|Lava Plume|p2a: Tauros\n|-damage|p2a: Tauros|0 fnt\n|faint|p2a: Tauros\n|\n|-weather|SunnyDay|[upkeep]\n|upkeep\n|\n|t:|1733908511\n|switch|p2a: Haxorus|Haxorus, L77, M|244/244\n|-ability|p2a: Haxorus|Mold Breaker\n|turn|4\n|\n|t:|1733908519\n|move|p2a: Haxorus|Close Combat|p1a: Torkoal\n|-damage|p1a: Torkoal|107/266\n|-unboost|p2a: Haxorus|def|1\n|-unboost|p2a: Haxorus|spd|1\n|move|p1a: Torkoal|Lava Plume|p2a: Haxorus\n|-resisted|p2a: Haxorus\n|-damage|p2a: Haxorus|121/244\n|\n|-weather|SunnyDay|[upkeep]\n|upkeep\n|turn|5\n|\n|t:|1733908528\n|move|p2a: Haxorus|Scale Shot|p1a: Torkoal\n|-damage|p1a: Torkoal|88/266\n|-damage|p1a: Torkoal|67/266\n|-damage|p1a: Torkoal|46/266\n|-crit|p1a: Torkoal\n|-damage|p1a: Torkoal|15/266\n|-hitcount|p1a: Torkoal|4\n|-unboost|p2a: Haxorus|def|1\n|-boost|p2a: Haxorus|spe|1\n|move|p1a: Torkoal|Lava Plume|p2a: Haxorus\n|-resisted|p2a: Haxorus\n|-damage|p2a: Haxorus|7/244\n|-status|p2a: Haxorus|brn\n|\n|-weather|none\n|-damage|p2a: Haxorus|0 fnt|[from] brn\n|faint|p2a: Haxorus\n|upkeep\n|\n|t:|1733908544\n|switch|p2a: Ludicolo|Ludicolo, L90, F|290/290\n|turn|6\n|\n|t:|1733908553\n|move|p2a: Ludicolo|Giga Drain|p1a: Torkoal\n|-resisted|p1a: Torkoal\n|-damage|p1a: Torkoal|0 fnt\n|faint|p1a: Torkoal\n|\n|upkeep\n|\n|t:|1733908567\n|switch|p1a: Gardevoir|Gardevoir, L83, F|249/249\n|-ability|p1a: Gardevoir|Swift Swim|[from] ability: Trace|[of] p2a: Ludicolo\n|turn|7\n|\n|t:|1733908587\n|switch|p2a: Veluza|Veluza, L85, M|292/292\n|move|p1a: Gardevoir|Moonblast|p2a: Veluza\n|-damage|p2a: Veluza|51/292\n|-enditem|p2a: Veluza|Sitrus Berry|[eat]\n|-heal|p2a: Veluza|124/292|[from] item: Sitrus Berry\n|\n|upkeep\n|turn|8\n|inactive|daiki08 has 120 seconds left.\n|\n|t:|1733908615\n|move|p1a: Gardevoir|Moonblast|p2a: Veluza\n|-damage|p2a: Veluza|0 fnt\n|faint|p2a: Veluza\n|\n|upkeep\n|\n|t:|1733908620\n|switch|p2a: Beartic|Beartic, L91, F|321/321\n|turn|9\n|\n|t:|1733908630\n|move|p1a: Gardevoir|Moonblast|p2a: Beartic\n|-damage|p2a: Beartic|152/321\n|move|p2a: Beartic|Snowscape|p2a: Beartic\n|-weather|Snow\n|\n|-weather|Snow|[upkeep]\n|upkeep\n|turn|10\n|\n|t:|1733908639\n|switch|p1a: Dunsparce|Dunsparce, L86, M|312/312\n|move|p2a: Beartic|Icicle Crash|p1a: Dunsparce\n|-damage|p1a: Dunsparce|215/312\n|\n|-weather|Snow|[upkeep]\n|upkeep\n|turn|11\n|\n|t:|1733908656\n|-terastallize|p2a: Beartic|Fighting\n|move|p2a: Beartic|Close Combat|p1a: Dunsparce\n|-supereffective|p1a: Dunsparce\n|-damage|p1a: Dunsparce|0 fnt\n|-unboost|p2a: Beartic|def|1\n|-unboost|p2a: Beartic|spd|1\n|faint|p1a: Dunsparce\n|\n|-weather|Snow|[upkeep]\n|upkeep\n|\n|t:|1733908660\n|switch|p1a: Gardevoir|Gardevoir, L83, F|249/249\n|-ability|p1a: Gardevoir|Slush Rush|[from] ability: Trace|[of] p2a: Beartic\n|turn|12\n|\n|t:|1733908665\n|move|p2a: Beartic|Aqua Jet|p1a: Gardevoir\n|-damage|p1a: Gardevoir|198/249\n|move|p1a: Gardevoir|Moonblast|p2a: Beartic\n|-supereffective|p2a: Beartic\n|-damage|p2a: Beartic|0 fnt\n|faint|p2a: Beartic\n|\n|-weather|Snow|[upkeep]\n|upkeep\n|\n|t:|1733908669\n|switch|p2a: Ludicolo|Ludicolo, L90, F|290/290\n|turn|13\n|\n|t:|1733908673\n|move|p1a: Gardevoir|Moonblast|p2a: Ludicolo\n|-damage|p2a: Ludicolo|128/290\n|move|p2a: Ludicolo|Leaf Storm|p1a: Gardevoir\n|-damage|p1a: Gardevoir|14/249\n|-unboost|p2a: Ludicolo|spa|2\n|\n|-weather|none\n|upkeep\n|turn|14\n|\n|t:|1733908681\n|move|p1a: Gardevoir|Moonblast|p2a: Ludicolo\n|-damage|p2a: Ludicolo|0 fnt\n|faint|p2a: Ludicolo\n|\n|upkeep\n|\n|t:|1733908686\n|switch|p2a: Lunala|Lunala, L70|308/308\n|turn|15\n|\n|t:|1733908694\n|move|p1a: Gardevoir|Moonblast|p2a: Lunala\n|-damage|p2a: Lunala|212/308\n|move|p2a: Lunala|Moonlight|p2a: Lunala\n|-heal|p2a: Lunala|308/308\n|\n|upkeep\n|turn|16\n|\n|t:|1733908699\n|move|p1a: Gardevoir|Moonblast|p2a: Lunala\n|-damage|p2a: Lunala|212/308\n|-unboost|p2a: Lunala|spa|1\n|move|p2a: Lunala|Calm Mind|p2a: Lunala\n|-boost|p2a: Lunala|spa|1\n|-boost|p2a: Lunala|spd|1\n|\n|-heal|p2a: Lunala|231/308|[from] item: Leftovers\n|upkeep\n|turn|17\n|\n|t:|1733908707\n|move|p1a: Gardevoir|Moonblast|p2a: Lunala\n|-damage|p2a: Lunala|110/308\n|move|p2a: Lunala|Calm Mind|p2a: Lunala\n|-boost|p2a: Lunala|spa|1\n|-boost|p2a: Lunala|spd|1\n|\n|-heal|p2a: Lunala|129/308|[from] item: Leftovers\n|upkeep\n|turn|18\n|\n|t:|1733908715\n|move|p1a: Gardevoir|Moonblast|p2a: Lunala\n|-damage|p2a: Lunala|42/308\n|move|p2a: Lunala|Moonlight|p2a: Lunala\n|-heal|p2a: Lunala|196/308\n|\n|-heal|p2a: Lunala|215/308|[from] item: Leftovers\n|upkeep\n|turn|19\n|\n|t:|1733908723\n|move|p1a: Gardevoir|Moonblast|p2a: Lunala\n|-crit|p2a: Lunala\n|-damage|p2a: Lunala|0 fnt\n|faint|p2a: Lunala\n|\n|win|no tengo enemigos\n|raw|no tengo enemigos's rating: 1414 &rarr; <strong>1438</strong><br />(+24 for winning)\n|raw|daiki08's rating: 1478 &rarr; <strong>1454</strong><br />(-24 for losing)\n", "inputlog": ">version bfd83cad13791eb5a5a409923076391caf6fb4d4\n>start {\"formatid\":\"gen9randombattle\",\"seed\":[5318,43801,21643,60418],\"rated\":\"Rated battle\"}\n>player p1 {\"name\":\"no tengo enemigos\",\"avatar\":\"169\",\"rating\":1414,\"seed\":[50595,23988,48927,58581]}\n>player p2 {\"name\":\"daiki08\",\"avatar\":\"lance\",\"rating\":1478,\"seed\":[58832,57975,14104,13709]}\n>p1 move yawn\n>p2 switch 2\n>p1 move lavaplume\n>p2 move bodyslam\n>p1 move lavaplume\n>p2 move zenheadbutt\n>p2 switch 3\n>p1 move lavaplume\n>p2 move closecombat\n>p1 move lavaplume\n>p2 move scaleshot\n>p2 switch 2\n>p1 move yawn\n>p2 move gigadrain\n>p1 switch 3\n>p1 move moonblast\n>p2 switch 5\n>p1 move moonblast\n>p2 move aquacutter\n>p2 switch 4\n>p1 move moonblast\n>p2 move snowscape\n>p1 switch 6\n>p2 move iciclecrash\n>p1 move bodyslam\n>p2 move closecombat terastallize\n>p1 switch 6\n>p1 move moonblast\n>p2 move aquajet\n>p2 switch 5\n>p1 move moonblast\n>p2 move leafstorm\n>p1 move moonblast\n>p2 move leafstorm\n>p2 switch 6\n>p1 move moonblast\n>p2 move moonlight\n>p1 move moonblast\n>p2 move calmmind\n>p1 move moonblast\n>p2 move calmmind\n>p1 move moonblast\n>p2 move moonlight\n>p1 move moonblast\n>p2 move calmmind", "uploadtime": 1733908727, "views": 1, "formatid": "gen9randombattle", "rating": 1438, "private": 0, "password": null}