{"id": "gen9randombattle-2260806858", "format": "[Gen 9] Random Battle", "players": ["hydreigonlover832", "BigCheeser3"], "log": "|j|\u2606hydreigonlover832\n|j|\u2606BigCheeser3\n|t:|1733895441\n|gametype|singles\n|player|p1|hydreigonlover832|red|1156\n|player|p2|BigCheeser3|hoopster|1149\n|teamsize|p1|6\n|teamsize|p2|6\n|gen|9\n|tier|[Gen 9] Random Battle\n|rated|\n|rule|Species Clause: Limit one of each Pok\u00e9mon\n|rule|HP Percentage Mod: HP is shown in percentages\n|rule|Sleep Clause Mod: Limit one foe put to sleep\n|rule|Illusion Level Mod: Illusion disguises the Pok\u00e9mon's true level\n|\n|t:|1733895441\n|start\n|switch|p1a: Kilowattrel|Kilowattrel, L83, M|252/252\n|switch|p2a: Crabominable|Crabominable, L90, F|321/321\n|turn|1\n|\n|t:|1733895449\n|move|p1a: Kilowattrel|Hurricane|p2a: Crabominable|[miss]\n|-miss|p1a: Kilowattrel|p2a: Crabominable\n|move|p2a: Crabominable|Ice Hammer|p1a: Kilowattrel\n|-supereffective|p1a: Kilowattrel\n|-damage|p1a: Kilowattrel|0 fnt\n|-unboost|p2a: Crabominable|spe|1\n|faint|p1a: Kilowattrel\n|\n|upkeep\n|\n|t:|1733895462\n|switch|p1a: Hitmonchan|Hitmonchan, L87, M|229/229\n|turn|2\n|\n|t:|1733895470\n|switch|p2a: Dragapult|Dragapult, L77, M|262/262\n|move|p1a: Hitmonchan|Knock Off|p2a: Dragapult\n|-supereffective|p2a: Dragapult\n|-damage|p2a: Dragapult|72/262\n|-enditem|p2a: Dragapult|Choice Specs|[from] move: Knock Off|[of] p1a: Hitmonchan\n|\n|upkeep\n|turn|3\n|c|\u2606BigCheeser3|good read\n|\n|t:|1733895498\n|move|p2a: Dragapult|U-turn|p1a: Hitmonchan\n|-resisted|p1a: Hitmonchan\n|-damage|p1a: Hitmonchan|203/229\n|\n|t:|1733895530\n|switch|p2a: Crabominable|Crabominable, L90, F|321/321|[from] U-turn\n|move|p1a: Hitmonchan|Knock Off|p2a: Crabominable\n|-resisted|p2a: Crabominable\n|-damage|p2a: Crabominable|279/321\n|-enditem|p2a: Crabominable|Choice Band|[from] move: Knock Off|[of] p1a: Hitmonchan\n|\n|-heal|p1a: Hitmonchan|217/229|[from] item: Leftovers\n|upkeep\n|turn|4\n|\n|t:|1733895545\n|move|p1a: Hitmonchan|Drain Punch|p2a: Crabominable\n|-supereffective|p2a: Crabominable\n|-damage|p2a: Crabominable|45/321\n|-heal|p1a: Hitmonchan|229/229|[from] drain|[of] p2a: Crabominable\n|move|p2a: Crabominable|Close Combat|p1a: Hitmonchan\n|-damage|p1a: Hitmonchan|25/229\n|-unboost|p2a: Crabominable|def|1\n|-unboost|p2a: Crabominable|spd|1\n|\n|-heal|p1a: Hitmonchan|39/229|[from] item: Leftovers\n|upkeep\n|turn|5\n|\n|t:|1733895565\n|move|p1a: Hitmonchan|Drain Punch|p2a: Crabominable\n|-supereffective|p2a: Crabominable\n|-damage|p2a: Crabominable|0 fnt\n|-heal|p1a: Hitmonchan|62/229|[from] drain|[of] p2a: Crabominable\n|faint|p2a: Crabominable\n|\n|-heal|p1a: Hitmonchan|76/229|[from] item: Leftovers\n|upkeep\n|\n|t:|1733895585\n|switch|p2a: Tauros|Tauros, L82, M|257/257\n|turn|6\n|\n|t:|1733895591\n|move|p2a: Tauros|Body Slam|p1a: Hitmonchan\n|-damage|p1a: Hitmonchan|0 fnt\n|faint|p1a: Hitmonchan\n|\n|upkeep\n|\n|t:|1733895599\n|switch|p1a: Haxorus|Haxorus, L77, M|244/244\n|-ability|p1a: Haxorus|Mold Breaker\n|turn|7\n|\n|t:|1733895604\n|move|p2a: Tauros|Body Slam|p1a: Haxorus\n|-damage|p1a: Haxorus|75/244\n|move|p1a: Haxorus|Close Combat|p2a: Tauros\n|-supereffective|p2a: Tauros\n|-damage|p2a: Tauros|57/257\n|-unboost|p1a: Haxorus|def|1\n|-unboost|p1a: Haxorus|spd|1\n|\n|upkeep\n|turn|8\n|c|\u2606BigCheeser3|damn tf haxorus is weak\n|\n|t:|1733895643\n|switch|p1a: Noivern|Noivern, L82, F|274/274\n|move|p2a: Tauros|Body Slam|p1a: Noivern\n|-damage|p1a: Noivern|97/274\n|\n|upkeep\n|turn|9\n|\n|t:|1733895653\n|switch|p2a: Sandslash|Sandslash-Alola, L88, M|275/275\n|move|p1a: Noivern|Flamethrower|p2a: Sandslash\n|-supereffective|p2a: Sandslash\n|-damage|p2a: Sandslash|79/275\n|\n|upkeep\n|turn|10\n|c|\u2606BigCheeser3|ow\n|\n|t:|1733895662\n|move|p1a: Noivern|Flamethrower|p2a: Sandslash\n|-supereffective|p2a: Sandslash\n|-damage|p2a: Sandslash|0 fnt\n|faint|p2a: Sandslash\n|\n|upkeep\n|\n|t:|1733895664\n|switch|p2a: Dragapult|Dragapult, L77, M|72/262\n|turn|11\n|c|\u2606hydreigonlover832|hey man whats your speed\n|c|\u2606hydreigonlover832|just curios\n|c|\u2606BigCheeser3|you can uh\n|c|\u2606hydreigonlover832|...\n|c|\u2606BigCheeser3|you can see it\n|c|\u2606hydreigonlover832|well its a range so\n|c|\u2606BigCheeser3|well it is almost 99% the max\n|c|\u2606BigCheeser3|on randoms\n|c|\u2606hydreigonlover832|ah\n|c|\u2606BigCheeser3|i dont think ive ever seen a random battles pokemon not have the max speed\n|c|\u2606BigCheeser3|maybe like\n|\n|t:|1733895735\n|switch|p1a: Venomoth|Venomoth, L84, M|255/255\n|move|p2a: Dragapult|Draco Meteor|p1a: Venomoth\n|-damage|p1a: Venomoth|119/255\n|-unboost|p2a: Dragapult|spa|2\n|\n|upkeep\n|turn|12\n|c|\u2606BigCheeser3|racbsca? but even then idts\n|\n|t:|1733895746\n|move|p2a: Dragapult|U-turn|p1a: Venomoth\n|-resisted|p1a: Venomoth\n|-damage|p1a: Venomoth|85/255\n|\n|t:|1733895754\n|switch|p2a: Kilowattrel|Kilowattrel, L83, F|252/252|[from] U-turn\n|move|p1a: Venomoth|Bug Buzz|p2a: Kilowattrel\n|-resisted|p2a: Kilowattrel\n|-damage|p2a: Kilowattrel|138/252\n|\n|upkeep\n|turn|13\n|c|\u2606hydreigonlover832|damn i didnt know that\n|c|\u2606BigCheeser3|ya\n|\n|t:|1733895778\n|move|p2a: Kilowattrel|Hurricane|p1a: Venomoth|[miss]\n|-miss|p2a: Kilowattrel|p1a: Venomoth\n|move|p1a: Venomoth|Sleep Powder|p2a: Kilowattrel\n|-status|p2a: Kilowattrel|slp|[from] move: Sleep Powder\n|\n|upkeep\n|turn|14\n|c|\u2606BigCheeser3|fuckin shit\n|\n|t:|1733895792\n|switch|p2a: Squawkabilly|Squawkabilly-Yellow, L89, F|291/291\n|move|p1a: Venomoth|Sludge Wave|p2a: Squawkabilly\n|-damage|p2a: Squawkabilly|150/291\n|\n|upkeep\n|turn|15\n|\n|t:|1733895804\n|switch|p1a: Minun|Minun, L95, M|268/268\n|move|p2a: Squawkabilly|Quick Attack|p1a: Minun|[miss]\n|-miss|p2a: Squawkabilly|p1a: Minun\n|\n|upkeep\n|turn|16\n|\n|t:|1733895815\n|switch|p2a: Kilowattrel|Kilowattrel, L83, F|138/252 slp\n|move|p1a: Minun|Nasty Plot|p1a: Minun\n|-boost|p1a: Minun|spa|2\n|\n|upkeep\n|turn|17\n|\n|t:|1733895837\n|cant|p2a: Kilowattrel|slp\n|move|p1a: Minun|Nasty Plot|p1a: Minun\n|-boost|p1a: Minun|spa|2\n|\n|upkeep\n|turn|18\n|c|\u2606BigCheeser3|epic confusion incmoing\n|\n|t:|1733895851\n|cant|p2a: Kilowattrel|slp\n|move|p1a: Minun|Thunderbolt|p2a: Kilowattrel\n|-heal|p2a: Kilowattrel|201/252 slp|[from] ability: Volt Absorb|[of] p1a: Minun\n|\n|upkeep\n|turn|19\n|c|\u2606BigCheeser3|incoming\n|c|\u2606BigCheeser3|shit\n|c|\u2606BigCheeser3|>:)\n|c|\u2606hydreigonlover832|...\n|\n|t:|1733895860\n|cant|p2a: Kilowattrel|slp\n|move|p1a: Minun|Grass Knot|p2a: Kilowattrel\n|-resisted|p2a: Kilowattrel\n|-damage|p2a: Kilowattrel|83/252 slp\n|-damage|p1a: Minun|242/268|[from] item: Life Orb\n|\n|upkeep\n|turn|20\n|c|\u2606BigCheeser3|oh what the hell\n|\n|t:|1733895867\n|-curestatus|p2a: Kilowattrel|slp|[msg]\n|move|p2a: Kilowattrel|Roost|p2a: Kilowattrel\n|-heal|p2a: Kilowattrel|209/252\n|-singleturn|p2a: Kilowattrel|move: Roost\n|move|p1a: Minun|Grass Knot|p2a: Kilowattrel\n|-damage|p2a: Kilowattrel|0 fnt\n|faint|p2a: Kilowattrel\n|-damage|p1a: Minun|216/268|[from] item: Life Orb\n|\n|upkeep\n|\n|t:|1733895879\n|switch|p2a: Dragapult|Dragapult, L77, M|72/262\n|turn|21\n|\n|t:|1733895907\n|-terastallize|p2a: Dragapult|Dragon\n|move|p2a: Dragapult|Draco Meteor|p1a: Minun\n|-damage|p1a: Minun|58/268\n|-unboost|p2a: Dragapult|spa|2\n|move|p1a: Minun|Thunderbolt|p2a: Dragapult\n|-resisted|p2a: Dragapult\n|-damage|p2a: Dragapult|0 fnt\n|faint|p2a: Dragapult\n|-damage|p1a: Minun|32/268|[from] item: Life Orb\n|\n|upkeep\n|c|\u2606BigCheeser3|just a bunch of guys who are hella fast and pretty chill\n|\n|t:|1733895917\n|switch|p2a: Squawkabilly|Squawkabilly-Yellow, L89, F|150/291\n|turn|22\n|\n|t:|1733895920\n|move|p2a: Squawkabilly|Quick Attack|p1a: Minun\n|-damage|p1a: Minun|0 fnt\n|faint|p1a: Minun\n|\n|upkeep\n|\n|t:|1733895929\n|switch|p1a: Noivern|Noivern, L82, F|97/274\n|turn|23\n|\n|t:|1733895938\n|move|p2a: Squawkabilly|Quick Attack|p1a: Noivern\n|-damage|p1a: Noivern|22/274\n|move|p1a: Noivern|Draco Meteor|p2a: Squawkabilly\n|-damage|p2a: Squawkabilly|0 fnt\n|-unboost|p1a: Noivern|spa|2\n|faint|p2a: Squawkabilly\n|\n|upkeep\n|\n|t:|1733895941\n|switch|p2a: Tauros|Tauros, L82, M|57/257\n|turn|24\n|c|\u2606BigCheeser3|gg most likely\n|\n|t:|1733895954\n|-terastallize|p1a: Noivern|Fire\n|move|p1a: Noivern|Flamethrower|p2a: Tauros\n|-damage|p2a: Tauros|0 fnt\n|faint|p2a: Tauros\n|\n|win|hydreigonlover832\n", "inputlog": ">version bfd83cad13791eb5a5a409923076391caf6fb4d4\n>start {\"formatid\":\"gen9randombattle\",\"seed\":[60126,12804,60634,23088],\"rated\":\"Rated battle\"}\n>player p1 {\"name\":\"hydreigonlover832\",\"avatar\":\"red\",\"rating\":1156,\"seed\":[13222,8085,37738,46154]}\n>player p2 {\"name\":\"BigCheeser3\",\"avatar\":\"hoopster\",\"rating\":1149,\"seed\":[46570,36154,56725,39022]}\n>p1 move hurricane\n>p2 move icehammer\n>p1 switch 4\n>p1 move knockoff\n>p2 switch 4\n>chat \u2606BigCheeser3|good read\n>p1 move knockoff\n>p2 move uturn\n>p2 switch 4\n>p1 move drainpunch\n>p2 move closecombat\n>p1 move drainpunch\n>p2 move closecombat\n>p2 switch 6\n>p1 move drainpunch\n>p2 move bodyslam\n>p1 switch 6\n>p1 move closecombat\n>p2 move bodyslam\n>chat \u2606BigCheeser3|damn tf haxorus is weak\n>p1 switch 2\n>p2 move bodyslam\n>p1 move flamethrower\n>p2 switch 3\n>chat \u2606BigCheeser3|ow \n>p1 move flamethrower\n>p2 move knockoff\n>p2 switch 4\n>chat \u2606hydreigonlover832|hey man whats your speed\n>chat \u2606hydreigonlover832|just curios\n>chat \u2606BigCheeser3|you can uh\n>chat \u2606hydreigonlover832|...\n>chat \u2606BigCheeser3|you can see it\n>chat \u2606hydreigonlover832|well its a range so\n>chat \u2606BigCheeser3|well it is almost 99% the max\n>chat \u2606BigCheeser3|on randoms\n>chat \u2606hydreigonlover832|ah\n>chat \u2606BigCheeser3|i dont think ive ever seen a random battles pokemon not have the max speed\n>chat \u2606BigCheeser3|maybe like\n>p1 switch 5\n>p2 move dracometeor\n>chat \u2606BigCheeser3|racbsca? but even then idts\n>p1 move bugbuzz\n>p2 move uturn\n>p2 switch 2\n>chat \u2606hydreigonlover832|damn i didnt know that\n>chat \u2606BigCheeser3|ya\n>p1 move sleeppowder\n>p2 move hurricane\n>chat \u2606BigCheeser3|fuckin shit\n>p1 move sludgewave\n>p2 switch 5\n>p1 switch 3\n>p2 move quickattack\n>p1 move nastyplot\n>p2 switch 5\n>p1 move nastyplot\n>p2 move roost\n>chat \u2606BigCheeser3|epic confusion incmoing\n>p1 move thunderbolt\n>p2 move hurricane\n>chat \u2606BigCheeser3|incoming\n>chat \u2606BigCheeser3|shit\n>chat \u2606BigCheeser3|>:)\n>chat \u2606hydreigonlover832|...\n>p1 move grassknot\n>p2 move hurricane\n>chat \u2606BigCheeser3|oh what the hell\n>p1 move grassknot\n>p2 move roost\n>p2 switch 2\n>p1 move thunderbolt\n>p2 move dracometeor terastallize\n>chat \u2606BigCheeser3|just a bunch of guys who are hella fast and pretty chill\n>p2 switch 5\n>p1 move thunderbolt\n>p2 move quickattack\n>p1 switch 5\n>p1 move dracometeor\n>p2 move quickattack\n>p2 switch 3\n>chat \u2606BigCheeser3|gg most likely\n>p1 move flamethrower terastallize\n>p2 move bodyslam", "uploadtime": 1733895783, "views": 1, "formatid": "gen9randombattle", "rating": null, "private": 0, "password": null}