{"id": "gen9randombattle-2260443925", "format": "[Gen 9] Random Battle", "players": ["seleroni", "S1xxPy"], "log": "|j|\u2606seleroni\n|j|\u2606S1xxPy\n|t:|1733852175\n|gametype|singles\n|player|p1|seleroni|1|\n|player|p2|S1xxPy|burglar|\n|teamsize|p1|6\n|teamsize|p2|6\n|gen|9\n|tier|[Gen 9] Random Battle\n|rule|Species Clause: Limit one of each Pok\u00e9mon\n|rule|HP Percentage Mod: HP is shown in percentages\n|rule|Sleep Clause Mod: Limit one foe put to sleep\n|rule|Illusion Level Mod: Illusion disguises the Pok\u00e9mon's true level\n|\n|t:|1733852175\n|start\n|switch|p1a: Gardevoir|Gardevoir, L83, M|249/249\n|switch|p2a: Drifblim|Drifblim, L86, F|396/396\n|-ability|p1a: Gardevoir|Unburden|[from] ability: Trace|[of] p2a: Drifblim\n|turn|1\n|c|\u2606seleroni|after this we may need to get ray\n|\n|t:|1733852187\n|move|p1a: Gardevoir|Moonblast|p2a: Drifblim\n|-damage|p2a: Drifblim|222/396\n|move|p2a: Drifblim|Shadow Ball|p1a: Gardevoir\n|-supereffective|p1a: Gardevoir\n|-damage|p1a: Gardevoir|111/249\n|\n|upkeep\n|turn|2\n|\n|t:|1733852209\n|switch|p2a: Pecharunt|Pecharunt, L77|262/262\n|-terastallize|p1a: Gardevoir|Fairy\n|move|p1a: Gardevoir|Moonblast|p2a: Pecharunt\n|-resisted|p2a: Pecharunt\n|-damage|p2a: Pecharunt|177/262\n|-unboost|p2a: Pecharunt|spa|1\n|\n|-heal|p2a: Pecharunt|193/262|[from] item: Leftovers\n|upkeep\n|turn|3\n|\n|t:|1733852246\n|switch|p1a: Tsareena|Tsareena, L87, F|267/267\n|move|p2a: Pecharunt|Nasty Plot|p2a: Pecharunt\n|-boost|p2a: Pecharunt|spa|2\n|\n|-heal|p2a: Pecharunt|209/262|[from] item: Leftovers\n|upkeep\n|turn|4\n|\n|t:|1733852253\n|move|p2a: Pecharunt|Malignant Chain|p1a: Tsareena\n|-supereffective|p1a: Tsareena\n|-damage|p1a: Tsareena|49/267\n|-status|p1a: Tsareena|tox\n|-start|p1a: Tsareena|confusion|[from] ability: Poison Puppeteer|[of] p2a: Pecharunt\n|-activate|p1a: Tsareena|confusion\n|move|p1a: Tsareena|High Jump Kick|p2a: Pecharunt\n|-immune|p2a: Pecharunt\n|-damage|p1a: Tsareena|0 fnt|[from] highjumpkick\n|faint|p1a: Tsareena\n|\n|-heal|p2a: Pecharunt|225/262|[from] item: Leftovers\n|upkeep\n|\n|t:|1733852265\n|switch|p1a: Toucannon|Toucannon, L88, F|284/284\n|turn|5\n|\n|t:|1733852271\n|-singleturn|p1a: Toucannon|move: Beak Blast\n|move|p2a: Pecharunt|Nasty Plot|p2a: Pecharunt\n|-boost|p2a: Pecharunt|spa|2\n|move|p1a: Toucannon|Beak Blast|p2a: Pecharunt\n|-damage|p2a: Pecharunt|140/262\n|\n|-heal|p2a: Pecharunt|156/262|[from] item: Leftovers\n|upkeep\n|turn|6\n|\n|t:|1733852279\n|-singleturn|p1a: Toucannon|move: Beak Blast\n|move|p2a: Pecharunt|Malignant Chain|p1a: Toucannon\n|-damage|p1a: Toucannon|64/284\n|-status|p1a: Toucannon|tox\n|-start|p1a: Toucannon|confusion|[from] ability: Poison Puppeteer|[of] p2a: Pecharunt\n|-activate|p1a: Toucannon|confusion\n|move|p1a: Toucannon|Beak Blast|p2a: Pecharunt\n|-damage|p2a: Pecharunt|68/262\n|\n|-heal|p2a: Pecharunt|84/262|[from] item: Leftovers\n|-damage|p1a: Toucannon|47/284 tox|[from] psn\n|upkeep\n|turn|7\n|\n|t:|1733852293\n|move|p2a: Pecharunt|Recover|p2a: Pecharunt\n|-heal|p2a: Pecharunt|215/262\n|-activate|p1a: Toucannon|confusion\n|-damage|p1a: Toucannon|7/284 tox|[from] confusion\n|\n|-heal|p2a: Pecharunt|231/262|[from] item: Leftovers\n|-damage|p1a: Toucannon|0 fnt|[from] psn\n|faint|p1a: Toucannon\n|upkeep\n|\n|t:|1733852296\n|switch|p1a: Ninetales|Ninetales, L85, F|263/263\n|-weather|SunnyDay|[from] ability: Drought|[of] p1a: Ninetales\n|turn|8\n|\n|t:|1733852305\n|move|p1a: Ninetales|Solar Beam||[still]\n|-prepare|p1a: Ninetales|Solar Beam\n|-anim|p1a: Ninetales|Solar Beam|p2a: Pecharunt\n|-resisted|p2a: Pecharunt\n|-damage|p2a: Pecharunt|190/262\n|move|p2a: Pecharunt|Malignant Chain|p1a: Ninetales\n|-damage|p1a: Ninetales|68/263\n|\n|-weather|SunnyDay|[upkeep]\n|-heal|p2a: Pecharunt|206/262|[from] item: Leftovers\n|upkeep\n|turn|9\n|c|\u2606seleroni|p[isss offff\n|\n|t:|1733852314\n|move|p1a: Ninetales|Fire Blast|p2a: Pecharunt\n|-damage|p2a: Pecharunt|23/262\n|move|p2a: Pecharunt|Shadow Ball|p1a: Ninetales\n|-damage|p1a: Ninetales|0 fnt\n|faint|p1a: Ninetales\n|\n|-weather|SunnyDay|[upkeep]\n|-heal|p2a: Pecharunt|39/262|[from] item: Leftovers\n|upkeep\n|c|\u2606seleroni|why u get the op mons\n|\n|t:|1733852318\n|switch|p1a: Tropius|Tropius, L91, F|328/328\n|turn|10\n|\n|t:|1733852325\n|move|p2a: Pecharunt|Recover|p2a: Pecharunt\n|-heal|p2a: Pecharunt|170/262\n|move|p1a: Tropius|Earthquake|p2a: Pecharunt\n|-supereffective|p2a: Pecharunt\n|-damage|p2a: Pecharunt|90/262\n|\n|-weather|SunnyDay|[upkeep]\n|-heal|p2a: Pecharunt|106/262|[from] item: Leftovers\n|upkeep\n|turn|11\n|\n|t:|1733852336\n|move|p2a: Pecharunt|Malignant Chain|p1a: Tropius\n|-supereffective|p1a: Tropius\n|-damage|p1a: Tropius|0 fnt\n|faint|p1a: Tropius\n|\n|-weather|SunnyDay|[upkeep]\n|-heal|p2a: Pecharunt|122/262|[from] item: Leftovers\n|upkeep\n|\n|t:|1733852340\n|switch|p1a: Empoleon|Empoleon, L84, F|278/278\n|turn|12\n|\n|t:|1733852346\n|switch|p2a: Ho-Oh|Ho-Oh, L71|268/268\n|move|p1a: Empoleon|Surf|p2a: Ho-Oh\n|-supereffective|p2a: Ho-Oh\n|-damage|p2a: Ho-Oh|194/268\n|\n|-weather|none\n|upkeep\n|turn|13\n|\n|t:|1733852353\n|move|p2a: Ho-Oh|Sacred Fire|p1a: Empoleon\n|-damage|p1a: Empoleon|184/278\n|-status|p1a: Empoleon|brn\n|move|p1a: Empoleon|Ice Beam|p2a: Ho-Oh\n|-damage|p2a: Ho-Oh|139/268\n|\n|-heal|p1a: Empoleon|201/278 brn|[from] item: Leftovers\n|-damage|p1a: Empoleon|184/278 brn|[from] brn\n|upkeep\n|turn|14\n|c|\u2606seleroni|ken guess what\n|\n|t:|1733852364\n|move|p2a: Ho-Oh|Earthquake|p1a: Empoleon\n|-supereffective|p1a: Empoleon\n|-damage|p1a: Empoleon|56/278 brn\n|move|p1a: Empoleon|Surf|p2a: Ho-Oh\n|-supereffective|p2a: Ho-Oh\n|-damage|p2a: Ho-Oh|0 fnt\n|faint|p2a: Ho-Oh\n|\n|-heal|p1a: Empoleon|73/278 brn|[from] item: Leftovers\n|-damage|p1a: Empoleon|56/278 brn|[from] brn\n|upkeep\n|c|\u2606seleroni|gues wat ken\n|c|\u2606seleroni|you gotta see\n|\n|t:|1733852375\n|switch|p2a: Sudowoodo|Sudowoodo, L94, M|284/284\n|turn|15\n|\n|t:|1733852380\n|move|p1a: Empoleon|Roost|p1a: Empoleon\n|-heal|p1a: Empoleon|195/278 brn\n|-singleturn|p1a: Empoleon|move: Roost\n|move|p2a: Sudowoodo|Wood Hammer|p1a: Empoleon\n|-damage|p1a: Empoleon|90/278 brn\n|\n|-heal|p1a: Empoleon|107/278 brn|[from] item: Leftovers\n|-damage|p1a: Empoleon|90/278 brn|[from] brn\n|upkeep\n|turn|16\n|\n|t:|1733852390\n|move|p1a: Empoleon|Roost|p1a: Empoleon\n|-heal|p1a: Empoleon|229/278 brn\n|-singleturn|p1a: Empoleon|move: Roost\n|move|p2a: Sudowoodo|Earthquake|p1a: Empoleon\n|-supereffective|p1a: Empoleon\n|-crit|p1a: Empoleon\n|-damage|p1a: Empoleon|0 fnt\n|faint|p1a: Empoleon\n|\n|upkeep\n|\n|t:|1733852394\n|switch|p1a: Gardevoir|Gardevoir, L83, M, tera:Fairy|111/249\n|-ability|p1a: Gardevoir|Rock Head|[from] ability: Trace|[of] p2a: Sudowoodo\n|turn|17\n|c|\u2606seleroni|oh...\n|c|\u2606seleroni|well\n|c|\u2606seleroni|you aint gaetting the satisfaction\n|c|\u2606seleroni|getting\n|-message|seleroni forfeited.\n|\n|win|S1xxPy\n|l|\u2606seleroni\n|player|p1|\n", "inputlog": ">version bfd83cad13791eb5a5a409923076391caf6fb4d4\n>start {\"formatid\":\"gen9randombattle\",\"seed\":[46535,38194,18177,10646]}\n>player p1 {\"name\":\"seleroni\",\"avatar\":\"1\",\"rating\":0,\"seed\":[64205,47521,45701,8316]}\n>player p2 {\"name\":\"S1xxPy\",\"avatar\":\"burglar\",\"rating\":0,\"seed\":[61397,58317,64703,32020]}\n>chat \u2606seleroni|after this we may need to get ray\n>p1 move moonblast\n>p2 move shadowball\n>p1 move moonblast terastallize\n>p2 switch 4\n>p1 switch 4\n>p2 move nastyplot\n>p1 move highjumpkick\n>p2 move malignantchain\n>p1 switch 2\n>p1 move beakblast\n>p2 move nastyplot\n>p1 move beakblast\n>p2 move malignantchain\n>p1 move roost\n>p2 move recover\n>p1 switch 3\n>p1 move solarbeam\n>p2 move malignantchain\n>chat \u2606seleroni|p[isss offff\n>p1 move fireblast\n>p2 move shadowball\n>chat \u2606seleroni|why u get the op mons\n>p1 switch 5\n>p1 move earthquake\n>p2 move recover\n>p1 move dualwingbeat\n>p2 move malignantchain\n>p1 switch 6\n>p1 move surf\n>p2 switch 3\n>p1 move icebeam\n>p2 move sacredfire\n>chat \u2606seleroni|ken guess what\n>p1 move surf\n>p2 move earthquake\n>chat \u2606seleroni|gues wat ken\n>chat \u2606seleroni|you gotta see\n>p2 switch 5\n>p1 move roost\n>p2 move woodhammer\n>p1 move roost\n>p2 move earthquake\n>p1 switch 4\n>chat \u2606seleroni|oh...\n>chat \u2606seleroni|well\n>chat \u2606seleroni|you aint gaetting the satisfaction\n>chat \u2606seleroni|getting\n>forcelose p1", "uploadtime": 1733852410, "views": 16, "formatid": "gen9randombattle", "rating": null, "private": 0, "password": null}