{"id": "gen9randombattle-2260648253", "format": "[Gen 9] Random Battle", "players": ["adzp2", "safan41"], "log": "|j|\u2606adzp2\n|j|\u2606safan41\n|t:|1733873565\n|gametype|singles\n|player|p1|adzp2|hilbert|1172\n|player|p2|safan41|2|1141\n|teamsize|p1|6\n|teamsize|p2|6\n|gen|9\n|tier|[Gen 9] Random Battle\n|rated|\n|rule|Species Clause: Limit one of each Pok\u00e9mon\n|rule|HP Percentage Mod: HP is shown in percentages\n|rule|Sleep Clause Mod: Limit one foe put to sleep\n|rule|Illusion Level Mod: Illusion disguises the Pok\u00e9mon's true level\n|\n|t:|1733873565\n|start\n|switch|p1a: Breloom|Breloom, L82, F|233/233\n|switch|p2a: Squawkabilly|Squawkabilly, L85, F|278/278\n|turn|1\n|\n|t:|1733873580\n|switch|p1a: Fezandipiti|Fezandipiti, L82, M|278/278\n|move|p2a: Squawkabilly|Brave Bird|p1a: Fezandipiti\n|-damage|p1a: Fezandipiti|128/278\n|-damage|p2a: Squawkabilly|228/278|[from] Recoil\n|\n|-heal|p1a: Fezandipiti|145/278|[from] item: Leftovers\n|-status|p2a: Squawkabilly|brn|[from] item: Flame Orb\n|upkeep\n|turn|2\n|\n|t:|1733873601\n|move|p1a: Fezandipiti|Play Rough|p2a: Squawkabilly|[miss]\n|-miss|p1a: Fezandipiti|p2a: Squawkabilly\n|move|p2a: Squawkabilly|Facade|p1a: Fezandipiti\n|-damage|p1a: Fezandipiti|0 fnt\n|faint|p1a: Fezandipiti\n|\n|-damage|p2a: Squawkabilly|211/278 brn|[from] brn\n|upkeep\n|inactive|Battle timer is ON: inactive players will automatically lose when time's up. (requested by safan41)\n|\n|t:|1733873618\n|switch|p1a: Dedenne|Dedenne, L88, M|261/261\n|turn|3\n|\n|t:|1733873627\n|-terastallize|p2a: Squawkabilly|Normal\n|move|p1a: Dedenne|Thunderbolt|p2a: Squawkabilly\n|-damage|p2a: Squawkabilly|73/278 brn\n|move|p2a: Squawkabilly|Facade|p1a: Dedenne\n|-damage|p1a: Dedenne|0 fnt\n|faint|p1a: Dedenne\n|\n|-damage|p2a: Squawkabilly|56/278 brn|[from] brn\n|upkeep\n|\n|t:|1733873646\n|switch|p1a: Tornadus|Tornadus, L82, M|264/264\n|turn|4\n|\n|t:|1733873655\n|move|p2a: Squawkabilly|Quick Attack|p1a: Tornadus\n|-damage|p1a: Tornadus|156/264\n|move|p1a: Tornadus|Grass Knot|p2a: Squawkabilly\n|-damage|p2a: Squawkabilly|31/278 brn\n|\n|-damage|p2a: Squawkabilly|14/278 brn|[from] brn\n|upkeep\n|turn|5\n|\n|t:|1733873666\n|switch|p1a: Rillaboom|Rillaboom, L79, M|288/288\n|-fieldstart|move: Grassy Terrain|[from] ability: Grassy Surge|[of] p1a: Rillaboom\n|move|p2a: Squawkabilly|Quick Attack|p1a: Rillaboom\n|-damage|p1a: Rillaboom|202/288\n|\n|-heal|p2a: Squawkabilly|31/278 brn|[from] Grassy Terrain\n|-heal|p1a: Rillaboom|220/288|[from] Grassy Terrain\n|-damage|p2a: Squawkabilly|14/278 brn|[from] brn\n|upkeep\n|turn|6\n|\n|t:|1733873677\n|switch|p1a: Breloom|Breloom, L82, F|233/233\n|move|p2a: Squawkabilly|Facade|p1a: Breloom\n|-damage|p1a: Breloom|0 fnt\n|faint|p1a: Breloom\n|\n|-heal|p2a: Squawkabilly|31/278 brn|[from] Grassy Terrain\n|-damage|p2a: Squawkabilly|14/278 brn|[from] brn\n|upkeep\n|\n|t:|1733873686\n|switch|p1a: Deoxys|Deoxys-Attack, L72|191/191\n|-ability|p1a: Deoxys|Pressure\n|turn|7\n|\n|t:|1733873693\n|move|p2a: Squawkabilly|Quick Attack|p1a: Deoxys\n|-damage|p1a: Deoxys|0 fnt\n|faint|p1a: Deoxys\n|\n|-heal|p2a: Squawkabilly|31/278 brn|[from] Grassy Terrain\n|-damage|p2a: Squawkabilly|14/278 brn|[from] brn\n|upkeep\n|-message|adzp2 forfeited.\n|\n|win|safan41\n|raw|adzp2's rating: 1172 &rarr; <strong>1145</strong><br />(-27 for losing)\n|raw|safan41's rating: 1141 &rarr; <strong>1168</strong><br />(+27 for winning)\n|l|\u2606adzp2\n|player|p1|\n", "inputlog": ">version bfd83cad13791eb5a5a409923076391caf6fb4d4\n>start {\"formatid\":\"gen9randombattle\",\"seed\":[59050,27940,53873,1669],\"rated\":\"Rated battle\"}\n>player p1 {\"name\":\"adzp2\",\"avatar\":\"hilbert\",\"rating\":1172,\"seed\":[9669,34860,53493,6235]}\n>player p2 {\"name\":\"safan41\",\"avatar\":\"2\",\"rating\":1141,\"seed\":[26433,33425,49397,30692]}\n>p1 switch 5\n>p2 move bravebird\n>p1 move playrough\n>p2 move facade\n>p1 switch 4\n>p1 move thunderbolt\n>p2 move facade terastallize\n>p1 switch 3\n>p1 move grassknot\n>p2 move quickattack\n>p1 switch 2\n>p2 move quickattack\n>p1 switch 5\n>p2 move facade\n>p1 switch 6\n>p1 move knockoff\n>p2 move quickattack\n>forcelose p1", "uploadtime": 1733873717, "views": 1, "formatid": "gen9randombattle", "rating": 1145, "private": 0, "password": null}