{"id": "gen9randombattle-2259806507", "format": "[Gen 9] Random Battle", "players": ["FosterB", "Halahaches"], "log": "|j|\u2606FosterB\n|j|\u2606Halahaches\n|t:|1733768582\n|gametype|singles\n|player|p1|FosterB|2|1421\n|player|p2|Halahaches|waitress-gen4|1418\n|teamsize|p1|6\n|teamsize|p2|6\n|gen|9\n|tier|[Gen 9] Random Battle\n|rated|\n|rule|Species Clause: Limit one of each Pok\u00e9mon\n|rule|HP Percentage Mod: HP is shown in percentages\n|rule|Sleep Clause Mod: Limit one foe put to sleep\n|rule|Illusion Level Mod: Illusion disguises the Pok\u00e9mon's true level\n|\n|t:|1733768582\n|start\n|switch|p1a: Rampardos|Rampardos, L90, M|321/321\n|switch|p2a: Florges|Florges-White, L85, F|271/271\n|turn|1\n|inactive|Battle timer is ON: inactive players will automatically lose when time's up. (requested by FosterB)\n|\n|t:|1733768608\n|move|p2a: Florges|Protect|p2a: Florges\n|-singleturn|p2a: Florges|Protect\n|move|p1a: Rampardos|Rock Slide|p2a: Florges\n|-activate|p2a: Florges|move: Protect\n|\n|upkeep\n|turn|2\n|\n|t:|1733768619\n|switch|p2a: Goodra|Goodra, L85, F|292/292\n|move|p1a: Rampardos|Rock Slide|p2a: Goodra\n|-damage|p2a: Goodra|31/292\n|\n|upkeep\n|turn|3\n|\n|t:|1733768629\n|move|p2a: Goodra|Earthquake|p1a: Rampardos\n|-supereffective|p1a: Rampardos\n|-damage|p1a: Rampardos|145/321\n|move|p1a: Rampardos|Rock Slide|p2a: Goodra\n|-damage|p2a: Goodra|0 fnt\n|faint|p2a: Goodra\n|\n|upkeep\n|\n|t:|1733768642\n|switch|p2a: Tauros|Tauros-Paldea-Aqua, L81, M|254/254\n|-ability|p2a: Tauros|Intimidate|boost\n|-unboost|p1a: Rampardos|atk|1\n|turn|4\n|\n|t:|1733768649\n|-terastallize|p1a: Rampardos|Psychic\n|move|p2a: Tauros|Aqua Jet|p1a: Rampardos\n|-damage|p1a: Rampardos|64/321\n|move|p1a: Rampardos|Zen Headbutt|p2a: Tauros\n|-supereffective|p2a: Tauros\n|-damage|p2a: Tauros|0 fnt\n|faint|p2a: Tauros\n|\n|upkeep\n|\n|t:|1733768665\n|switch|p2a: Grafaiai|Grafaiai, L86, F|249/249\n|turn|5\n|\n|t:|1733768671\n|move|p2a: Grafaiai|Knock Off|p1a: Rampardos\n|-supereffective|p1a: Rampardos\n|-damage|p1a: Rampardos|0 fnt\n|-enditem|p1a: Rampardos|Life Orb|[from] move: Knock Off|[of] p2a: Grafaiai\n|faint|p1a: Rampardos\n|\n|upkeep\n|\n|t:|1733768678\n|switch|p1a: Hawlucha|Hawlucha, L80, M|256/256\n|turn|6\n|\n|t:|1733768687\n|switch|p2a: Florges|Florges-White, L85, F|271/271\n|move|p1a: Hawlucha|Close Combat|p2a: Florges\n|-resisted|p2a: Florges\n|-damage|p2a: Florges|208/271\n|-unboost|p1a: Hawlucha|def|1\n|-unboost|p1a: Hawlucha|spd|1\n|-enditem|p1a: Hawlucha|White Herb\n|-clearnegativeboost|p1a: Hawlucha|[silent]\n|\n|-heal|p2a: Florges|224/271|[from] item: Leftovers\n|upkeep\n|turn|7\n|\n|t:|1733768699\n|move|p1a: Hawlucha|Swords Dance|p1a: Hawlucha\n|-boost|p1a: Hawlucha|atk|2\n|move|p2a: Florges|Calm Mind|p2a: Florges\n|-boost|p2a: Florges|spa|1\n|-boost|p2a: Florges|spd|1\n|\n|-heal|p2a: Florges|240/271|[from] item: Leftovers\n|upkeep\n|turn|8\n|\n|t:|1733768707\n|move|p1a: Hawlucha|Brave Bird|p2a: Florges\n|-damage|p2a: Florges|0 fnt\n|faint|p2a: Florges\n|-damage|p1a: Hawlucha|177/256|[from] Recoil\n|\n|upkeep\n|\n|t:|1733768721\n|switch|p2a: Grafaiai|Grafaiai, L86, F|249/249\n|turn|9\n|\n|t:|1733768728\n|move|p1a: Hawlucha|Brave Bird|p2a: Grafaiai\n|-damage|p2a: Grafaiai|0 fnt\n|faint|p2a: Grafaiai\n|-damage|p1a: Hawlucha|95/256|[from] Recoil\n|\n|upkeep\n|\n|t:|1733768734\n|switch|p2a: Typhlosion|Typhlosion-Hisui, L83, F|257/257\n|turn|10\n|\n|t:|1733768743\n|move|p1a: Hawlucha|Brave Bird|p2a: Typhlosion\n|-damage|p2a: Typhlosion|0 fnt\n|faint|p2a: Typhlosion\n|-damage|p1a: Hawlucha|10/256|[from] Recoil\n|\n|upkeep\n|\n|t:|1733768748\n|switch|p2a: Ogerpon|Ogerpon-Hearthflame, L74, F|239/239\n|-ability|p2a: Ogerpon|Mold Breaker\n|turn|11\n|\n|t:|1733768769\n|move|p1a: Hawlucha|Brave Bird|p2a: Ogerpon\n|-supereffective|p2a: Ogerpon\n|-damage|p2a: Ogerpon|0 fnt\n|faint|p2a: Ogerpon\n|-damage|p1a: Hawlucha|0 fnt|[from] Recoil\n|faint|p1a: Hawlucha\n|\n|win|FosterB\n|raw|FosterB's rating: 1421 &rarr; <strong>1441</strong><br />(+20 for winning)\n|raw|Halahaches's rating: 1418 &rarr; <strong>1398</strong><br />(-20 for losing)\n|c|\u2606FosterB|gg\n", "inputlog": ">version bfd83cad13791eb5a5a409923076391caf6fb4d4\n>start {\"formatid\":\"gen9randombattle\",\"seed\":[50497,49286,39820,21918],\"rated\":\"Rated battle\"}\n>player p1 {\"name\":\"FosterB\",\"avatar\":\"2\",\"rating\":1421,\"seed\":[61985,58368,388,26036]}\n>player p2 {\"name\":\"Halahaches\",\"avatar\":\"waitress-gen4\",\"rating\":1418,\"seed\":[26043,49130,8787,3366]}\n>p1 move rockslide\n>p2 move protect\n>p1 move rockslide\n>p2 switch 5\n>p1 move rockslide\n>p2 move earthquake\n>p2 switch 2\n>p1 move zenheadbutt terastallize\n>p2 move aquajet\n>p2 switch 4\n>p1 move rockslide\n>p2 move knockoff\n>p1 switch 4\n>p1 move closecombat\n>p2 switch 5\n>p1 move swordsdance\n>p2 move calmmind\n>p1 move bravebird\n>p2 move moonblast\n>p2 switch 5\n>p1 move bravebird\n>p2 move gunkshot\n>p2 switch 3\n>p1 move bravebird\n>p2 move shadowball\n>p2 switch 6\n>p1 move bravebird\n>p2 move ivycudgel", "uploadtime": 1733768782, "views": 3, "formatid": "gen9randombattle", "rating": 1398, "private": 0, "password": null}