{"id": "gen9randombattle-2260914735", "format": "[Gen 9] Random Battle", "players": ["Dr. Mirbro", "chonguschongus"], "log": "|j|\u2606Dr. Mirbro\n|j|\u2606chonguschongus\n|t:|1733915976\n|gametype|singles\n|player|p1|Dr. Mirbro|#ndpliiigalarianphoenix|1465\n|player|p2|chonguschongus|169|1413\n|teamsize|p1|6\n|teamsize|p2|6\n|gen|9\n|tier|[Gen 9] Random Battle\n|rated|\n|rule|Species Clause: Limit one of each Pok\u00e9mon\n|rule|HP Percentage Mod: HP is shown in percentages\n|rule|Sleep Clause Mod: Limit one foe put to sleep\n|rule|Illusion Level Mod: Illusion disguises the Pok\u00e9mon's true level\n|\n|t:|1733915976\n|start\n|switch|p1a: Meganium|Meganium, L90, M|290/290\n|switch|p2a: Krookodile|Krookodile, L80, M|283/283\n|-ability|p2a: Krookodile|Intimidate|boost\n|-unboost|p1a: Meganium|atk|1\n|turn|1\n|inactive|Battle timer is ON: inactive players will automatically lose when time's up. (requested by chonguschongus)\n|c|\u2606Dr. Mirbro|hf\n|\n|t:|1733915992\n|switch|p2a: Tropius|Tropius, L91, F|328/328\n|move|p1a: Meganium|Petal Blizzard|p2a: Tropius\n|-resisted|p2a: Tropius\n|-damage|p2a: Tropius|307/328\n|-damage|p1a: Meganium|261/290|[from] item: Life Orb\n|\n|upkeep\n|turn|2\n|\n|t:|1733916013\n|switch|p1a: Orthworm|Orthworm, L88, F|266/266\n|move|p2a: Tropius|Dragon Dance|p2a: Tropius\n|-boost|p2a: Tropius|atk|1\n|-boost|p2a: Tropius|spe|1\n|\n|upkeep\n|turn|3\n|\n|t:|1733916025\n|switch|p2a: Camerupt|Camerupt, L91, M|275/275\n|move|p1a: Orthworm|Iron Tail|p2a: Camerupt\n|-resisted|p2a: Camerupt\n|-damage|p2a: Camerupt|215/275\n|\n|-heal|p2a: Camerupt|232/275|[from] item: Leftovers\n|upkeep\n|turn|4\n|inactive|Dr. Mirbro has 120 seconds left.\n|\n|t:|1733916060\n|switch|p1a: Inteleon|Inteleon, L81, F|246/246\n|move|p2a: Camerupt|Overheat|p1a: Inteleon\n|-resisted|p1a: Inteleon\n|-damage|p1a: Inteleon|133/246\n|-unboost|p2a: Camerupt|spa|2\n|\n|-heal|p2a: Camerupt|249/275|[from] item: Leftovers\n|upkeep\n|turn|5\n|\n|t:|1733916069\n|switch|p2a: Empoleon|Empoleon, L84, F|278/278\n|move|p1a: Inteleon|Hydro Pump|p2a: Empoleon\n|-resisted|p2a: Empoleon\n|-damage|p2a: Empoleon|186/278\n|\n|-heal|p2a: Empoleon|203/278|[from] item: Leftovers\n|upkeep\n|turn|6\n|\n|t:|1733916079\n|switch|p1a: Meganium|Meganium, L90, M|261/290\n|move|p2a: Empoleon|Knock Off|p1a: Meganium\n|-damage|p1a: Meganium|209/290\n|-enditem|p1a: Meganium|Life Orb|[from] move: Knock Off|[of] p2a: Empoleon\n|\n|-heal|p2a: Empoleon|220/278|[from] item: Leftovers\n|upkeep\n|turn|7\n|\n|t:|1733916088\n|switch|p2a: Camerupt|Camerupt, L91, M|249/275\n|move|p1a: Meganium|Knock Off|p2a: Camerupt\n|-damage|p2a: Camerupt|177/275\n|-enditem|p2a: Camerupt|Leftovers|[from] move: Knock Off|[of] p1a: Meganium\n|\n|upkeep\n|turn|8\n|inactive|Dr. Mirbro has 120 seconds left.\n|\n|t:|1733916099\n|move|p1a: Meganium|Earthquake|p2a: Camerupt\n|-supereffective|p2a: Camerupt\n|-damage|p2a: Camerupt|51/275\n|move|p2a: Camerupt|Overheat|p1a: Meganium\n|-supereffective|p1a: Meganium\n|-damage|p1a: Meganium|0 fnt\n|-unboost|p2a: Camerupt|spa|2\n|faint|p1a: Meganium\n|\n|upkeep\n|inactive|Dr. Mirbro has 120 seconds left.\n|\n|t:|1733916112\n|switch|p1a: Mismagius|Mismagius, L86, F|243/243\n|turn|9\n|\n|t:|1733916116\n|switch|p2a: Oranguru|Oranguru, L92, M|315/315\n|move|p1a: Mismagius|Substitute|p1a: Mismagius\n|-start|p1a: Mismagius|Substitute\n|-damage|p1a: Mismagius|183/243\n|\n|-heal|p1a: Mismagius|198/243|[from] item: Leftovers\n|upkeep\n|turn|10\n|inactive|Dr. Mirbro has 120 seconds left.\n|\n|t:|1733916144\n|switch|p1a: Palossand|Palossand, L89, F|296/296\n|move|p2a: Oranguru|Psyshock|p1a: Palossand\n|-damage|p1a: Palossand|214/296\n|\n|-heal|p1a: Palossand|232/296|[from] item: Leftovers\n|upkeep\n|turn|11\n|\n|t:|1733916155\n|switch|p2a: Tropius|Tropius, L91, F|307/328\n|move|p1a: Palossand|Stealth Rock|p2a: Tropius\n|-sidestart|p2: chonguschongus|move: Stealth Rock\n|\n|-heal|p1a: Palossand|250/296|[from] item: Leftovers\n|upkeep\n|turn|12\n|\n|t:|1733916160\n|switch|p1a: Orthworm|Orthworm, L88, F|266/266\n|move|p2a: Tropius|Dragon Dance|p2a: Tropius\n|-boost|p2a: Tropius|atk|1\n|-boost|p2a: Tropius|spe|1\n|\n|upkeep\n|turn|13\n|\n|t:|1733916162\n|move|p2a: Tropius|Dragon Dance|p2a: Tropius\n|-boost|p2a: Tropius|atk|1\n|-boost|p2a: Tropius|spe|1\n|move|p1a: Orthworm|Iron Tail|p2a: Tropius|[miss]\n|-miss|p1a: Orthworm|p2a: Tropius\n|\n|upkeep\n|turn|14\n|\n|t:|1733916167\n|move|p2a: Tropius|Dragon Dance|p2a: Tropius\n|-boost|p2a: Tropius|atk|1\n|-boost|p2a: Tropius|spe|1\n|move|p1a: Orthworm|Coil|p1a: Orthworm\n|-boost|p1a: Orthworm|atk|1\n|-boost|p1a: Orthworm|def|1\n|-boost|p1a: Orthworm|accuracy|1\n|\n|upkeep\n|turn|15\n|\n|t:|1733916169\n|move|p2a: Tropius|Dual Wingbeat|p1a: Orthworm\n|-resisted|p1a: Orthworm\n|-damage|p1a: Orthworm|246/266\n|-resisted|p1a: Orthworm\n|-damage|p1a: Orthworm|224/266\n|-hitcount|p1a: Orthworm|2\n|move|p1a: Orthworm|Coil|p1a: Orthworm\n|-boost|p1a: Orthworm|atk|1\n|-boost|p1a: Orthworm|def|1\n|-boost|p1a: Orthworm|accuracy|1\n|\n|upkeep\n|turn|16\n|\n|t:|1733916173\n|switch|p2a: Camerupt|Camerupt, L91, M|51/275\n|-damage|p2a: Camerupt|17/275|[from] Stealth Rock\n|move|p1a: Orthworm|Iron Tail|p2a: Camerupt\n|-resisted|p2a: Camerupt\n|-damage|p2a: Camerupt|0 fnt\n|faint|p2a: Camerupt\n|\n|upkeep\n|\n|t:|1733916178\n|switch|p2a: Empoleon|Empoleon, L84, F|220/278\n|-damage|p2a: Empoleon|203/278|[from] Stealth Rock\n|turn|17\n|\n|t:|1733916183\n|move|p1a: Orthworm|Body Press|p2a: Empoleon\n|-supereffective|p2a: Empoleon\n|-damage|p2a: Empoleon|0 fnt\n|faint|p2a: Empoleon\n|\n|upkeep\n|\n|t:|1733916190\n|switch|p2a: Oranguru|Oranguru, L92, M|315/315\n|-damage|p2a: Oranguru|276/315|[from] Stealth Rock\n|turn|18\n|\n|t:|1733916205\n|-terastallize|p1a: Orthworm|Electric\n|move|p1a: Orthworm|Body Press|p2a: Oranguru\n|-damage|p2a: Oranguru|115/315\n|move|p2a: Oranguru|Focus Blast|p1a: Orthworm\n|-damage|p1a: Orthworm|103/266\n|\n|-heal|p2a: Oranguru|134/315|[from] item: Leftovers\n|upkeep\n|turn|19\n|\n|t:|1733916213\n|move|p1a: Orthworm|Body Press|p2a: Oranguru\n|-damage|p2a: Oranguru|0 fnt\n|faint|p2a: Oranguru\n|\n|upkeep\n|\n|t:|1733916227\n|switch|p2a: Krookodile|Krookodile, L80, M|283/283\n|-damage|p2a: Krookodile|266/283|[from] Stealth Rock\n|-ability|p2a: Krookodile|Intimidate|boost\n|-unboost|p1a: Orthworm|atk|1\n|turn|20\n|\n|t:|1733916235\n|move|p2a: Krookodile|Knock Off|p1a: Orthworm\n|-damage|p1a: Orthworm|59/266\n|-enditem|p1a: Orthworm|Chesto Berry|[from] move: Knock Off|[of] p2a: Krookodile\n|-damage|p2a: Krookodile|238/283|[from] item: Life Orb\n|move|p1a: Orthworm|Rest|p1a: Orthworm\n|-status|p1a: Orthworm|slp|[from] move: Rest\n|-heal|p1a: Orthworm|266/266 slp|[silent]\n|\n|upkeep\n|turn|21\n|\n|t:|1733916241\n|move|p2a: Krookodile|Gunk Shot|p1a: Orthworm\n|-damage|p1a: Orthworm|228/266 slp\n|-damage|p2a: Krookodile|210/283|[from] item: Life Orb\n|cant|p1a: Orthworm|slp\n|\n|upkeep\n|turn|22\n|-message|chonguschongus forfeited.\n|\n|win|Dr. Mirbro\n|raw|Dr. Mirbro's rating: 1465 &rarr; <strong>1482</strong><br />(+17 for winning)\n|raw|chonguschongus's rating: 1413 &rarr; <strong>1396</strong><br />(-17 for losing)\n|l|\u2606chonguschongus\n|player|p2|\n|c|\u2606Dr. Mirbro|gg\n", "inputlog": ">version bfd83cad13791eb5a5a409923076391caf6fb4d4\n>start {\"formatid\":\"gen9randombattle\",\"seed\":[5740,21148,22013,14587],\"rated\":\"Rated battle\"}\n>player p1 {\"name\":\"Dr. Mirbro\",\"avatar\":\"#ndpliiigalarianphoenix\",\"rating\":1465,\"seed\":[59342,1125,44429,49844]}\n>player p2 {\"name\":\"chonguschongus\",\"avatar\":\"169\",\"rating\":1413,\"seed\":[7839,42074,7574,41466]}\n>chat \u2606Dr. Mirbro|hf\n>p1 move petalblizzard\n>p2 switch 4\n>p1 switch 3\n>p2 move dragondance\n>p1 move irontail\n>p2 switch 2\n>p1 switch 2\n>p2 move overheat\n>p1 move hydropump\n>p2 switch 5\n>p1 switch 3\n>p2 move knockoff\n>p1 move knockoff\n>p2 switch 5\n>p1 move earthquake\n>p2 move overheat\n>p1 switch 6\n>p1 move substitute\n>p2 switch 6\n>p1 switch 4\n>p2 move psyshock\n>p1 move stealthrock\n>p2 switch 2\n>p1 switch 2\n>p2 move dragondance\n>p1 move irontail\n>p2 move dragondance\n>p1 move coil\n>p2 move dragondance\n>p1 move coil\n>p2 move dualwingbeat\n>p1 move irontail\n>p2 switch 6\n>p2 switch 5\n>p1 move bodypress\n>p2 move surf\n>p2 switch 2\n>p1 move bodypress terastallize\n>p2 move focusblast\n>p1 move bodypress\n>p2 move thunderbolt\n>p2 switch 4\n>p1 move rest\n>p2 move knockoff\n>p1 move bodypress\n>p2 move gunkshot\n>forcelose p2", "uploadtime": 1733916258, "views": 2, "formatid": "gen9randombattle", "rating": 1396, "private": 0, "password": null}