{"id": "gen9randombattle-2260713961", "format": "[Gen 9] Random Battle", "players": ["Omnipayne", "reebo poobah"], "log": "|j|\u2606Omnipayne\n|j|\u2606reebo poobah\n|t:|1733881882\n|gametype|singles\n|player|p1|Omnipayne|101|1324\n|player|p2|reebo poobah|102|1286\n|teamsize|p1|6\n|teamsize|p2|6\n|gen|9\n|tier|[Gen 9] Random Battle\n|rated|\n|rule|Species Clause: Limit one of each Pok\u00e9mon\n|rule|HP Percentage Mod: HP is shown in percentages\n|rule|Sleep Clause Mod: Limit one foe put to sleep\n|rule|Illusion Level Mod: Illusion disguises the Pok\u00e9mon's true level\n|\n|t:|1733881882\n|start\n|switch|p1a: Basculegion|Basculegion-F, L83, F|335/335\n|switch|p2a: Qwilfish|Qwilfish-Hisui, L83, M|244/244\n|-ability|p2a: Qwilfish|Intimidate|boost\n|-unboost|p1a: Basculegion|atk|1\n|turn|1\n|inactive|Battle timer is ON: inactive players will automatically lose when time's up. (requested by reebo poobah)\n|\n|t:|1733881916\n|switch|p1a: Iron Jugulis|Iron Jugulis, L78|275/275\n|move|p2a: Qwilfish|Toxic Spikes|p1a: Iron Jugulis\n|-sidestart|p1: Omnipayne|move: Toxic Spikes\n|\n|upkeep\n|turn|2\n|\n|t:|1733881928\n|move|p1a: Iron Jugulis|Hurricane|p2a: Qwilfish|[miss]\n|-miss|p1a: Iron Jugulis|p2a: Qwilfish\n|move|p2a: Qwilfish|Toxic Spikes|p1a: Iron Jugulis\n|-sidestart|p1: Omnipayne|move: Toxic Spikes\n|\n|upkeep\n|turn|3\n|\n|t:|1733881935\n|move|p1a: Iron Jugulis|Hurricane|p2a: Qwilfish\n|-damage|p2a: Qwilfish|129/244\n|move|p2a: Qwilfish|Spikes|p1a: Iron Jugulis\n|-sidestart|p1: Omnipayne|Spikes\n|\n|upkeep\n|turn|4\n|\n|t:|1733881962\n|move|p1a: Iron Jugulis|Dark Pulse|p2a: Qwilfish\n|-resisted|p2a: Qwilfish\n|-damage|p2a: Qwilfish|84/244\n|cant|p2a: Qwilfish|flinch\n|\n|upkeep\n|turn|5\n|\n|t:|1733881971\n|move|p1a: Iron Jugulis|Dark Pulse|p2a: Qwilfish\n|-resisted|p2a: Qwilfish\n|-damage|p2a: Qwilfish|42/244\n|move|p2a: Qwilfish|Spikes|p1a: Iron Jugulis\n|-sidestart|p1: Omnipayne|Spikes\n|\n|upkeep\n|turn|6\n|\n|t:|1733881980\n|move|p1a: Iron Jugulis|Hurricane|p2a: Qwilfish|[miss]\n|-miss|p1a: Iron Jugulis|p2a: Qwilfish\n|move|p2a: Qwilfish|Spikes|p1a: Iron Jugulis\n|-sidestart|p1: Omnipayne|Spikes\n|\n|upkeep\n|turn|7\n|\n|t:|1733881987\n|move|p1a: Iron Jugulis|Dark Pulse|p2a: Qwilfish\n|-resisted|p2a: Qwilfish\n|-damage|p2a: Qwilfish|3/244\n|move|p2a: Qwilfish|Gunk Shot|p1a: Iron Jugulis\n|-damage|p1a: Iron Jugulis|128/275\n|-status|p1a: Iron Jugulis|psn\n|\n|-damage|p1a: Iron Jugulis|94/275 psn|[from] psn\n|upkeep\n|turn|8\n|\n|t:|1733881997\n|move|p1a: Iron Jugulis|Dark Pulse|p2a: Qwilfish\n|-resisted|p2a: Qwilfish\n|-damage|p2a: Qwilfish|0 fnt\n|faint|p2a: Qwilfish\n|\n|-damage|p1a: Iron Jugulis|60/275 psn|[from] psn\n|upkeep\n|\n|t:|1733882022\n|switch|p2a: Talonflame|Talonflame, L83, M|265/265\n|turn|9\n|\n|t:|1733882037\n|move|p2a: Talonflame|Swords Dance|p2a: Talonflame\n|-boost|p2a: Talonflame|atk|2\n|move|p1a: Iron Jugulis|Meteor Beam||[still]\n|-prepare|p1a: Iron Jugulis|Meteor Beam\n|-boost|p1a: Iron Jugulis|spa|1\n|-enditem|p1a: Iron Jugulis|Power Herb\n|-anim|p1a: Iron Jugulis|Meteor Beam|p2a: Talonflame|[miss]\n|-miss|p1a: Iron Jugulis|p2a: Talonflame\n|\n|-damage|p1a: Iron Jugulis|26/275 psn|[from] psn\n|upkeep\n|turn|10\n|\n|t:|1733882054\n|move|p2a: Talonflame|Tera Blast|p1a: Iron Jugulis\n|-damage|p1a: Iron Jugulis|0 fnt\n|faint|p1a: Iron Jugulis\n|-end|p1a: Iron Jugulis|Quark Drive|[silent]\n|\n|upkeep\n|\n|t:|1733882066\n|switch|p1a: Basculegion|Basculegion-F, L83, F|335/335\n|-status|p1a: Basculegion|tox\n|-damage|p1a: Basculegion|252/335 tox|[from] Spikes\n|turn|11\n|\n|t:|1733882074\n|move|p2a: Talonflame|Brave Bird|p1a: Basculegion\n|-damage|p1a: Basculegion|0 fnt\n|faint|p1a: Basculegion\n|-damage|p2a: Talonflame|182/265|[from] Recoil\n|\n|upkeep\n|\n|t:|1733882091\n|switch|p1a: Muk|Muk, L86, M|321/321\n|-sideend|p1: Omnipayne|move: Toxic Spikes|[of] p1a: Muk\n|-damage|p1a: Muk|241/321|[from] Spikes\n|turn|12\n|\n|t:|1733882102\n|-terastallize|p2a: Talonflame|Ground\n|move|p2a: Talonflame|Tera Blast|p1a: Muk|[anim] Tera Blast Ground\n|-supereffective|p1a: Muk\n|-crit|p1a: Muk\n|-damage|p1a: Muk|0 fnt\n|faint|p1a: Muk\n|\n|upkeep\n|\n|t:|1733882110\n|switch|p1a: Azelf|Azelf, L82|257/257\n|turn|13\n|\n|t:|1733882121\n|move|p2a: Talonflame|Brave Bird|p1a: Azelf\n|-damage|p1a: Azelf|0 fnt\n|faint|p1a: Azelf\n|-damage|p2a: Talonflame|97/265|[from] Recoil\n|\n|upkeep\n|\n|t:|1733882127\n|switch|p1a: Landorus|Landorus-Therian, L76, M|260/260\n|-ability|p1a: Landorus|Intimidate|boost\n|-unboost|p2a: Talonflame|atk|1\n|turn|14\n|\n|t:|1733882136\n|move|p2a: Talonflame|Brave Bird|p1a: Landorus\n|-damage|p1a: Landorus|95/260\n|-damage|p2a: Talonflame|43/265|[from] Recoil\n|move|p1a: Landorus|Earthquake|p2a: Talonflame\n|-damage|p2a: Talonflame|0 fnt\n|faint|p2a: Talonflame\n|\n|-heal|p1a: Landorus|111/260|[from] item: Leftovers\n|upkeep\n|\n|t:|1733882160\n|switch|p2a: Lokix|Lokix, L82, M|251/251\n|turn|15\n|\n|t:|1733882168\n|move|p2a: Lokix|First Impression|p1a: Landorus\n|-resisted|p1a: Landorus\n|-damage|p1a: Landorus|0 fnt\n|faint|p1a: Landorus\n|\n|upkeep\n|-message|Omnipayne forfeited.\n|\n|win|reebo poobah\n|raw|Omnipayne's rating: 1324 &rarr; <strong>1302</strong><br />(-22 for losing)\n|raw|reebo poobah's rating: 1286 &rarr; <strong>1314</strong><br />(+28 for winning)\n|l|\u2606Omnipayne\n|player|p1|\n", "inputlog": ">version bfd83cad13791eb5a5a409923076391caf6fb4d4\n>start {\"formatid\":\"gen9randombattle\",\"seed\":[32341,31986,1608,45263],\"rated\":\"Rated battle\"}\n>player p1 {\"name\":\"Omnipayne\",\"avatar\":\"101\",\"rating\":1324,\"seed\":[65052,4650,39880,52886]}\n>player p2 {\"name\":\"reebo poobah\",\"avatar\":\"102\",\"rating\":1286,\"seed\":[29576,22307,53895,7084]}\n>p1 switch 3\n>p2 move toxicspikes\n>p1 move hurricane\n>p2 move toxicspikes\n>p1 move hurricane\n>p2 move spikes\n>p1 move darkpulse\n>p2 move spikes\n>p1 move darkpulse\n>p2 move spikes\n>p1 move hurricane\n>p2 move spikes\n>p1 move darkpulse\n>p2 move gunkshot\n>p1 move darkpulse\n>p2 move crunch\n>p2 switch 2\n>p1 move meteorbeam\n>p2 move swordsdance\n>p1 move meteorbeam\n>p2 move terablast\n>p1 switch 3\n>p1 move flipturn\n>p2 move bravebird\n>p1 switch 5\n>p1 move poisonjab\n>p2 move terablast terastallize\n>p1 switch 2\n>p1 move trick\n>p2 move bravebird\n>p1 switch 4\n>p1 move earthquake\n>p2 move bravebird\n>p2 switch 3\n>p1 move stoneedge\n>p2 move firstimpression\n>forcelose p1", "uploadtime": 1733882183, "views": 1, "formatid": "gen9randombattle", "rating": 1302, "private": 0, "password": null}