{"id": "gen9randombattle-2194880317", "format": "[Gen 9] Random Battle", "players": ["Star Wheel", "Evo Evo Evolving"], "log": "|j|\u2606Star Wheel\n|j|\u2606Evo Evo Evolving\n|t:|1725511132\n|gametype|singles\n|player|p1|Star Wheel|darach-caitlin|2252\n|player|p2|Evo Evo Evolving|101|2328\n|teamsize|p1|6\n|teamsize|p2|6\n|gen|9\n|tier|[Gen 9] Random Battle\n|rated|\n|rule|Species Clause: Limit one of each Pok\u00e9mon\n|rule|HP Percentage Mod: HP is shown in percentages\n|rule|Sleep Clause Mod: Limit one foe put to sleep\n|rule|Illusion Level Mod: Illusion disguises the Pok\u00e9mon's true level\n|\n|t:|1725511132\n|start\n|switch|p1a: Meowstic|Meowstic, L89, M|277/277\n|switch|p2a: Chi-Yu|Chi-Yu, L77|211/211\n|-ability|p2a: Chi-Yu|Beads of Ruin\n|turn|1\n|inactive|Battle timer is ON: inactive players will automatically lose when time's up. (requested by Evo Evo Evolving)\n|\n|t:|1725511142\n|switch|p1a: Lumineon|Lumineon, L93, F|279/279\n|move|p2a: Chi-Yu|Dark Pulse|p1a: Lumineon\n|-damage|p1a: Lumineon|176/279\n|\n|upkeep\n|turn|2\n|\n|t:|1725511148\n|move|p2a: Chi-Yu|Dark Pulse|p1a: Lumineon\n|-damage|p1a: Lumineon|65/279\n|cant|p1a: Lumineon|flinch\n|\n|upkeep\n|turn|3\n|\n|t:|1725511157\n|switch|p1a: Toedscruel|Toedscruel, L87, M|281/281\n|move|p2a: Chi-Yu|Dark Pulse|p1a: Toedscruel\n|-damage|p1a: Toedscruel|179/281\n|\n|-heal|p1a: Toedscruel|196/281|[from] item: Leftovers\n|upkeep\n|turn|4\n|\n|t:|1725511163\n|switch|p2a: Slaking|Slaking, L84, F|389/389\n|move|p1a: Toedscruel|Spore|p2a: Slaking\n|-status|p2a: Slaking|slp|[from] move: Spore\n|\n|-heal|p1a: Toedscruel|213/281|[from] item: Leftovers\n|upkeep\n|turn|5\n|\n|t:|1725511167\n|switch|p2a: Arceus|Arceus-Bug, L73|295/295\n|move|p1a: Toedscruel|Earth Power|p2a: Arceus\n|-resisted|p2a: Arceus\n|-damage|p2a: Arceus|257/295\n|\n|-heal|p1a: Toedscruel|230/281|[from] item: Leftovers\n|upkeep\n|turn|6\n|\n|t:|1725511177\n|switch|p1a: Meowstic|Meowstic, L89, M|277/277\n|move|p2a: Arceus|Judgment|p1a: Meowstic\n|-supereffective|p1a: Meowstic\n|-damage|p1a: Meowstic|47/277\n|\n|-heal|p1a: Meowstic|64/277|[from] item: Leftovers\n|upkeep\n|turn|7\n|\n|t:|1725511183\n|move|p1a: Meowstic|Thunder Wave|p2a: Arceus\n|-status|p2a: Arceus|par\n|move|p2a: Arceus|Judgment|p1a: Meowstic\n|-supereffective|p1a: Meowstic\n|-damage|p1a: Meowstic|0 fnt\n|faint|p1a: Meowstic\n|\n|upkeep\n|\n|t:|1725511193\n|switch|p1a: Lumineon|Lumineon, L93, F|65/279\n|turn|8\n|\n|t:|1725511196\n|move|p1a: Lumineon|Hydro Pump|p2a: Arceus\n|-damage|p2a: Arceus|123/295 par\n|-damage|p1a: Lumineon|38/279|[from] item: Life Orb\n|move|p2a: Arceus|Judgment|p1a: Lumineon\n|-damage|p1a: Lumineon|0 fnt\n|faint|p1a: Lumineon\n|\n|upkeep\n|\n|t:|1725511202\n|switch|p1a: Pawmot|Pawmot, L80, F|243/243\n|turn|9\n|\n|t:|1725511207\n|move|p1a: Pawmot|Double Shock|p2a: Arceus\n|-damage|p2a: Arceus|0 fnt\n|-start|p1a: Pawmot|typechange|???/Fighting|[from] move: Double Shock\n|faint|p2a: Arceus\n|-damage|p1a: Pawmot|219/243|[from] item: Life Orb\n|\n|upkeep\n|\n|t:|1725511210\n|switch|p2a: Chi-Yu|Chi-Yu, L77|211/211\n|-ability|p2a: Chi-Yu|Beads of Ruin\n|turn|10\n|\n|t:|1725511240\n|switch|p1a: Toedscruel|Toedscruel, L87, M|230/281\n|move|p2a: Chi-Yu|Flamethrower|p1a: Toedscruel\n|-supereffective|p1a: Toedscruel\n|-damage|p1a: Toedscruel|14/281\n|\n|-heal|p1a: Toedscruel|31/281|[from] item: Leftovers\n|upkeep\n|turn|11\n|\n|t:|1725511245\n|move|p2a: Chi-Yu|Flamethrower|p1a: Toedscruel\n|-supereffective|p1a: Toedscruel\n|-damage|p1a: Toedscruel|0 fnt\n|faint|p1a: Toedscruel\n|\n|upkeep\n|\n|t:|1725511247\n|switch|p1a: Hitmonlee|Hitmonlee, L85, M|223/223\n|turn|12\n|\n|t:|1725511251\n|switch|p2a: Iron Jugulis|Iron Jugulis, L78|275/275\n|move|p1a: Hitmonlee|High Jump Kick|p2a: Iron Jugulis\n|-damage|p2a: Iron Jugulis|0 fnt\n|faint|p2a: Iron Jugulis\n|-end|p2a: Iron Jugulis|Quark Drive|[silent]\n|\n|upkeep\n|\n|t:|1725511256\n|switch|p2a: Jirachi|Jirachi, L80|291/291\n|turn|13\n|\n|t:|1725511267\n|switch|p1a: Porygon-Z|Porygon-Z, L83|277/277\n|-ability|p1a: Porygon-Z|Download|boost\n|-boost|p1a: Porygon-Z|spa|1\n|move|p2a: Jirachi|Body Slam|p1a: Porygon-Z\n|-damage|p1a: Porygon-Z|203/277\n|-status|p1a: Porygon-Z|par\n|\n|upkeep\n|turn|14\n|\n|t:|1725511279\n|move|p2a: Jirachi|Iron Head|p1a: Porygon-Z\n|-damage|p1a: Porygon-Z|107/277 par\n|cant|p1a: Porygon-Z|flinch\n|\n|upkeep\n|turn|15\n|\n|t:|1725511284\n|switch|p1a: Pawmot|Pawmot, L80, F|219/243\n|move|p2a: Jirachi|Iron Head|p1a: Pawmot\n|-resisted|p1a: Pawmot\n|-damage|p1a: Pawmot|170/243\n|\n|upkeep\n|turn|16\n|inactive|Star Wheel has 120 seconds left.\n|\n|t:|1725511315\n|move|p1a: Pawmot|Revival Blessing|p1a: Pawmot\n|inactive|Star Wheel has 120 seconds left.\n|\n|t:|1725511321\n|-heal|p1: Meowstic|138/277|[from] move: Revival Blessing\n|move|p2a: Jirachi|Wish|p2a: Jirachi\n|\n|upkeep\n|turn|17\n|\n|t:|1725511327\n|switch|p1a: Porygon-Z|Porygon-Z, L83|107/277 par\n|-ability|p1a: Porygon-Z|Download|boost\n|-boost|p1a: Porygon-Z|spa|1\n|move|p2a: Jirachi|Body Slam|p1a: Porygon-Z\n|-damage|p1a: Porygon-Z|38/277 par\n|\n|upkeep\n|turn|18\n|\n|t:|1725511330\n|move|p2a: Jirachi|Iron Head|p1a: Porygon-Z\n|-damage|p1a: Porygon-Z|0 fnt\n|faint|p1a: Porygon-Z\n|\n|upkeep\n|\n|t:|1725511332\n|switch|p1a: Meowstic|Meowstic, L89, M|138/277\n|turn|19\n|\n|t:|1725511339\n|switch|p1a: Hitmonlee|Hitmonlee, L85, M|223/223\n|switch|p2a: Chi-Yu|Chi-Yu, L77|211/211\n|-ability|p2a: Chi-Yu|Beads of Ruin\n|\n|upkeep\n|turn|20\n|\n|t:|1725511344\n|move|p2a: Chi-Yu|Overheat|p1a: Hitmonlee\n|-damage|p1a: Hitmonlee|70/223\n|-unboost|p2a: Chi-Yu|spa|2\n|move|p1a: Hitmonlee|High Jump Kick|p2a: Chi-Yu\n|-supereffective|p2a: Chi-Yu\n|-damage|p2a: Chi-Yu|0 fnt\n|faint|p2a: Chi-Yu\n|\n|upkeep\n|\n|t:|1725511351\n|switch|p2a: Tauros|Tauros, L82, M|257/257\n|turn|21\n|\n|t:|1725511359\n|switch|p1a: Pawmot|Pawmot, L80, F|170/243\n|move|p2a: Tauros|Body Slam|p1a: Pawmot\n|-damage|p1a: Pawmot|0 fnt\n|faint|p1a: Pawmot\n|\n|upkeep\n|\n|t:|1725511366\n|switch|p1a: Meowstic|Meowstic, L89, M|138/277\n|turn|22\n|\n|t:|1725511368\n|switch|p2a: Slaking|Slaking, L84, F|389/389 slp\n|move|p1a: Meowstic|Thunder Wave||[still]\n|-fail|p1a: Meowstic\n|\n|-heal|p1a: Meowstic|155/277|[from] item: Leftovers\n|upkeep\n|turn|23\n|\n|t:|1725511373\n|switch|p1a: Hitmonlee|Hitmonlee, L85, M|70/223\n|cant|p2a: Slaking|slp\n|\n|upkeep\n|turn|24\n|\n|t:|1725511380\n|-terastallize|p2a: Slaking|Ghost\n|cant|p2a: Slaking|slp\n|move|p1a: Hitmonlee|High Jump Kick|p2a: Slaking\n|-immune|p2a: Slaking\n|-damage|p1a: Hitmonlee|0 fnt|[from] highjumpkick\n|faint|p1a: Hitmonlee\n|\n|upkeep\n|-message|Star Wheel forfeited.\n|\n|win|Evo Evo Evolving\n|raw|Star Wheel's rating: 2252 &rarr; <strong>2236</strong><br />(-16 for losing)\n|raw|Evo Evo Evolving's rating: 2328 &rarr; <strong>2344</strong><br />(+16 for winning)\n|l|\u2606Star Wheel\n|player|p1|\n|l|\u2606Evo Evo Evolving\n|player|p2|\n|j|\u2606Evo Evo Evolving\n|player|p2|Evo Evo Evolving|101|\n", "inputlog": ">version 0cf8241dca984da66af486149691a79a2b0e79e7\n>start {\"formatid\":\"gen9randombattle\",\"seed\":[26222,53909,21521,31657],\"rated\":\"Rated battle\"}\n>player p1 {\"name\":\"Star Wheel\",\"avatar\":\"darach-caitlin\",\"rating\":2252,\"seed\":[36113,17074,34359,24990]}\n>player p2 {\"name\":\"Evo Evo Evolving\",\"avatar\":\"101\",\"rating\":2328,\"seed\":[37598,5209,27902,60249]}\n>p1 switch 4\n>p2 move darkpulse\n>p1 move hydropump\n>p2 move darkpulse\n>p1 switch 2\n>p2 move darkpulse\n>p1 move spore\n>p2 switch 2\n>p1 move earthpower\n>p2 switch 3\n>p1 switch 4\n>p2 move judgment\n>p1 move thunderwave\n>p2 move judgment\n>p1 switch 2\n>p1 move hydropump\n>p2 move judgment\n>p1 switch 6\n>p1 move doubleshock\n>p2 move judgment\n>p2 switch 2\n>p1 switch 4\n>p2 move flamethrower\n>p1 move earthpower\n>p2 move flamethrower\n>p1 switch 3\n>p1 move highjumpkick\n>p2 switch 4\n>p2 switch 5\n>p1 switch 5\n>p2 move bodyslam\n>p1 move shadowball\n>p2 move ironhead\n>p1 switch 4\n>p2 move ironhead\n>p1 move revivalblessing\n>p2 move wish\n>p1 switch 2\n>p1 switch 4\n>p2 move bodyslam\n>p1 move trick\n>p2 move ironhead\n>p1 switch 2\n>p1 switch 5\n>p2 switch 4\n>p1 move highjumpkick\n>p2 move overheat\n>p2 switch 6\n>p1 switch 4\n>p2 move bodyslam\n>p1 switch 5\n>p1 move thunderwave\n>p2 switch 3\n>p1 switch 4\n>p2 move knockoff\n>p1 move highjumpkick\n>p2 move knockoff terastallize\n>forcelose p1", "uploadtime": 1725511520, "views": 100, "formatid": "gen9randombattle", "rating": 2236, "private": 0, "password": null}