{"id": "gen9randombattle-2259770554", "format": "[Gen 9] Random Battle", "players": ["NotoriousIG", "theomgfly"], "log": "|j|\u2606NotoriousIG\n|j|\u2606theomgfly\n|t:|1733765040\n|gametype|singles\n|player|p1|NotoriousIG|2|1694\n|player|p2|theomgfly|101|1737\n|teamsize|p1|6\n|teamsize|p2|6\n|gen|9\n|tier|[Gen 9] Random Battle\n|rated|\n|rule|Species Clause: Limit one of each Pok\u00e9mon\n|rule|HP Percentage Mod: HP is shown in percentages\n|rule|Sleep Clause Mod: Limit one foe put to sleep\n|rule|Illusion Level Mod: Illusion disguises the Pok\u00e9mon's true level\n|\n|t:|1733765040\n|start\n|switch|p1a: Oricorio|Oricorio-Pa'u, L87, M|272/272\n|switch|p2a: Houndoom|Houndoom, L87, F|272/272\n|turn|1\n|inactive|Battle timer is ON: inactive players will automatically lose when time's up. (requested by theomgfly)\n|\n|t:|1733765057\n|switch|p1a: Basculin|Basculin-Blue-Striped, L86, F|261/261\n|move|p2a: Houndoom|Nasty Plot|p2a: Houndoom\n|-boost|p2a: Houndoom|spa|2\n|\n|upkeep\n|turn|2\n|\n|t:|1733765070\n|move|p2a: Houndoom|Sucker Punch|p1a: Basculin\n|-crit|p1a: Basculin\n|-damage|p1a: Basculin|125/261\n|move|p1a: Basculin|Wave Crash|p2a: Houndoom\n|-supereffective|p2a: Houndoom\n|-damage|p2a: Houndoom|0 fnt\n|faint|p2a: Houndoom\n|-damage|p1a: Basculin|35/261|[from] Recoil\n|\n|upkeep\n|\n|t:|1733765083\n|switch|p2a: Plusle|Plusle, L95, M|268/268\n|turn|3\n|\n|t:|1733765101\n|switch|p1a: Gliscor|Gliscor, L76, F|239/239\n|move|p2a: Plusle|Alluring Voice|p1a: Gliscor\n|-damage|p1a: Gliscor|130/239\n|-damage|p2a: Plusle|242/268|[from] item: Life Orb\n|\n|-status|p1a: Gliscor|tox|[from] item: Toxic Orb\n|upkeep\n|turn|4\n|\n|t:|1733765108\n|move|p2a: Plusle|Alluring Voice|p1a: Gliscor\n|-damage|p1a: Gliscor|30/239 tox\n|-damage|p2a: Plusle|216/268|[from] item: Life Orb\n|move|p1a: Gliscor|Toxic|p2a: Plusle\n|-status|p2a: Plusle|tox\n|\n|-damage|p2a: Plusle|200/268 tox|[from] psn\n|-heal|p1a: Gliscor|59/239 tox|[from] ability: Poison Heal\n|upkeep\n|turn|5\n|\n|t:|1733765115\n|move|p1a: Gliscor|Protect|p1a: Gliscor\n|-singleturn|p1a: Gliscor|Protect\n|move|p2a: Plusle|Alluring Voice|p1a: Gliscor\n|-activate|p1a: Gliscor|move: Protect\n|\n|-damage|p2a: Plusle|168/268 tox|[from] psn\n|-heal|p1a: Gliscor|88/239 tox|[from] ability: Poison Heal\n|upkeep\n|turn|6\n|\n|t:|1733765122\n|switch|p1a: Registeel|Registeel, L81|262/262\n|move|p2a: Plusle|Alluring Voice|p1a: Registeel\n|-resisted|p1a: Registeel\n|-damage|p1a: Registeel|232/262\n|-damage|p2a: Plusle|142/268 tox|[from] item: Life Orb\n|\n|-heal|p1a: Registeel|248/262|[from] item: Leftovers\n|-damage|p2a: Plusle|94/268 tox|[from] psn\n|upkeep\n|turn|7\n|\n|t:|1733765130\n|switch|p2a: Hawlucha|Hawlucha, L80, M|256/256\n|switch|p1a: Gliscor|Gliscor, L76, F|88/239 tox\n|\n|-heal|p1a: Gliscor|117/239 tox|[from] ability: Poison Heal\n|upkeep\n|turn|8\n|\n|t:|1733765138\n|move|p2a: Hawlucha|Close Combat|p1a: Gliscor\n|-resisted|p1a: Gliscor\n|-damage|p1a: Gliscor|68/239 tox\n|-unboost|p2a: Hawlucha|def|1\n|-unboost|p2a: Hawlucha|spd|1\n|-enditem|p2a: Hawlucha|White Herb\n|-clearnegativeboost|p2a: Hawlucha|[silent]\n|move|p1a: Gliscor|Toxic|p2a: Hawlucha\n|-status|p2a: Hawlucha|tox\n|\n|-damage|p2a: Hawlucha|240/256 tox|[from] psn\n|-heal|p1a: Gliscor|97/239 tox|[from] ability: Poison Heal\n|upkeep\n|turn|9\n|\n|t:|1733765142\n|move|p2a: Hawlucha|Swords Dance|p2a: Hawlucha\n|-boost|p2a: Hawlucha|atk|2\n|move|p1a: Gliscor|Substitute|p1a: Gliscor\n|-start|p1a: Gliscor|Substitute\n|-damage|p1a: Gliscor|38/239 tox\n|\n|-damage|p2a: Hawlucha|208/256 tox|[from] psn\n|-heal|p1a: Gliscor|67/239 tox|[from] ability: Poison Heal\n|upkeep\n|turn|10\n|n|!theomgfly|theomgfly\n|-message|theomgfly forfeited.\n|\n|win|NotoriousIG\n", "inputlog": ">version bfd83cad13791eb5a5a409923076391caf6fb4d4\n>start {\"formatid\":\"gen9randombattle\",\"seed\":[24687,53343,63580,60994],\"rated\":\"Rated battle\"}\n>player p1 {\"name\":\"NotoriousIG\",\"avatar\":\"2\",\"rating\":1694,\"seed\":[61876,229,20119,14372]}\n>player p2 {\"name\":\"theomgfly\",\"avatar\":\"101\",\"rating\":1737,\"seed\":[58492,46675,47167,21102]}\n>p1 switch 3\n>p2 move nastyplot\n>p1 move wavecrash\n>p2 move suckerpunch\n>p2 switch 3\n>p1 switch 6\n>p2 move alluringvoice\n>p1 move toxic\n>p2 move alluringvoice\n>p1 move protect\n>p2 move alluringvoice\n>p1 switch 4\n>p2 move alluringvoice\n>p1 switch 4\n>p2 switch 4\n>p1 move toxic\n>p2 move closecombat\n>p1 move substitute\n>p2 move swordsdance\n>chat \u2606theomgfly|fuck you\n>forcelose p2", "uploadtime": 1733765147, "views": 1, "formatid": "gen9randombattle", "rating": null, "private": 0, "password": null}