{"id": "gen9randombattle-2260543160", "format": "[Gen 9] Random Battle", "players": ["barptastic", "uvaverde"], "log": "|j|\u2606barptastic\n|j|\u2606uvaverde\n|t:|1733861860\n|gametype|singles\n|player|p1|barptastic|gambler|1630\n|player|p2|uvaverde|cilan|1664\n|teamsize|p1|6\n|teamsize|p2|6\n|gen|9\n|tier|[Gen 9] Random Battle\n|rated|\n|rule|Species Clause: Limit one of each Pok\u00e9mon\n|rule|HP Percentage Mod: HP is shown in percentages\n|rule|Sleep Clause Mod: Limit one foe put to sleep\n|rule|Illusion Level Mod: Illusion disguises the Pok\u00e9mon's true level\n|\n|t:|1733861860\n|start\n|switch|p1a: Hariyama|Hariyama, L87, M|392/392\n|switch|p2a: Misdreavus|Misdreavus, L90, M|254/254\n|turn|1\n|\n|t:|1733861892\n|switch|p2a: Ting-Lu|Ting-Lu, L78|370/370\n|-ability|p2a: Ting-Lu|Vessel of Ruin\n|move|p1a: Hariyama|Knock Off|p2a: Ting-Lu\n|-resisted|p2a: Ting-Lu\n|-damage|p2a: Ting-Lu|334/370\n|-enditem|p2a: Ting-Lu|Leftovers|[from] move: Knock Off|[of] p1a: Hariyama\n|\n|upkeep\n|turn|2\n|inactive|Battle timer is ON: inactive players will automatically lose when time's up. (requested by uvaverde)\n|\n|t:|1733861916\n|switch|p2a: Volcarona|Volcarona, L77, M|257/257\n|move|p1a: Hariyama|Close Combat|p2a: Volcarona\n|-resisted|p2a: Volcarona\n|-damage|p2a: Volcarona|149/257\n|-unboost|p1a: Hariyama|def|1\n|-unboost|p1a: Hariyama|spd|1\n|-status|p1a: Hariyama|brn|[from] ability: Flame Body|[of] p2a: Volcarona\n|\n|-damage|p1a: Hariyama|368/392 brn|[from] brn\n|upkeep\n|turn|3\n|\n|t:|1733861938\n|switch|p2a: Ting-Lu|Ting-Lu, L78|334/370\n|-ability|p2a: Ting-Lu|Vessel of Ruin\n|switch|p1a: Lugia|Lugia, L72|272/272\n|\n|upkeep\n|turn|4\n|\n|t:|1733861947\n|switch|p1a: Appletun|Appletun, L92, F|352/352\n|move|p2a: Ting-Lu|Spikes|p1a: Appletun\n|-sidestart|p1: barptastic|Spikes\n|\n|upkeep\n|turn|5\n|\n|t:|1733861956\n|switch|p2a: Volcarona|Volcarona, L77, M|149/257\n|move|p1a: Appletun|Leech Seed|p2a: Volcarona\n|-start|p2a: Volcarona|move: Leech Seed\n|\n|-damage|p2a: Volcarona|117/257|[from] Leech Seed|[of] p1a: Appletun\n|upkeep\n|turn|6\n|\n|t:|1733861985\n|switch|p2a: Misdreavus|Misdreavus, L90, M|254/254\n|move|p1a: Appletun|Recover||[still]\n|-fail|p1a: Appletun|heal\n|\n|upkeep\n|turn|7\n|\n|t:|1733861991\n|move|p2a: Misdreavus|Calm Mind|p2a: Misdreavus\n|-boost|p2a: Misdreavus|spa|1\n|-boost|p2a: Misdreavus|spd|1\n|move|p1a: Appletun|Leech Seed|p2a: Misdreavus\n|-start|p2a: Misdreavus|move: Leech Seed\n|\n|-damage|p2a: Misdreavus|223/254|[from] Leech Seed|[of] p1a: Appletun\n|upkeep\n|turn|8\n|\n|t:|1733861999\n|move|p2a: Misdreavus|Calm Mind|p2a: Misdreavus\n|-boost|p2a: Misdreavus|spa|1\n|-boost|p2a: Misdreavus|spd|1\n|move|p1a: Appletun|Apple Acid|p2a: Misdreavus\n|-damage|p2a: Misdreavus|186/254\n|-unboost|p2a: Misdreavus|spd|1\n|\n|-damage|p2a: Misdreavus|155/254|[from] Leech Seed|[of] p1a: Appletun\n|upkeep\n|turn|9\n|\n|t:|1733862007\n|move|p2a: Misdreavus|Calm Mind|p2a: Misdreavus\n|-boost|p2a: Misdreavus|spa|1\n|-boost|p2a: Misdreavus|spd|1\n|move|p1a: Appletun|Recover||[still]\n|-fail|p1a: Appletun|heal\n|\n|-damage|p2a: Misdreavus|124/254|[from] Leech Seed|[of] p1a: Appletun\n|upkeep\n|turn|10\n|inactive|barptastic has 120 seconds left.\n|\n|t:|1733862041\n|-terastallize|p1a: Appletun|Steel\n|move|p2a: Misdreavus|Draining Kiss|p1a: Appletun\n|-resisted|p1a: Appletun\n|-damage|p1a: Appletun|311/352\n|-heal|p2a: Misdreavus|155/254|[from] drain|[of] p1a: Appletun\n|move|p1a: Appletun|Apple Acid|p2a: Misdreavus\n|-damage|p2a: Misdreavus|122/254\n|-unboost|p2a: Misdreavus|spd|1\n|\n|-heal|p1a: Appletun|333/352|[from] item: Leftovers\n|-damage|p2a: Misdreavus|91/254|[from] Leech Seed|[of] p1a: Appletun\n|-heal|p1a: Appletun|352/352|[silent]\n|upkeep\n|turn|11\n|\n|t:|1733862054\n|switch|p2a: Volcarona|Volcarona, L77, M|117/257\n|move|p1a: Appletun|Recover||[still]\n|-fail|p1a: Appletun|heal\n|\n|upkeep\n|turn|12\n|\n|t:|1733862069\n|move|p2a: Volcarona|Quiver Dance|p2a: Volcarona\n|-boost|p2a: Volcarona|spa|1\n|-boost|p2a: Volcarona|spd|1\n|-boost|p2a: Volcarona|spe|1\n|move|p1a: Appletun|Leech Seed|p2a: Volcarona|[miss]\n|-miss|p1a: Appletun|p2a: Volcarona\n|\n|upkeep\n|turn|13\n|\n|t:|1733862075\n|move|p2a: Volcarona|Fiery Dance|p1a: Appletun\n|-supereffective|p1a: Appletun\n|-crit|p1a: Appletun\n|-damage|p1a: Appletun|158/352\n|move|p1a: Appletun|Leech Seed|p2a: Volcarona\n|-start|p2a: Volcarona|move: Leech Seed\n|\n|-heal|p1a: Appletun|180/352|[from] item: Leftovers\n|-damage|p2a: Volcarona|85/257|[from] Leech Seed|[of] p1a: Appletun\n|-heal|p1a: Appletun|212/352|[silent]\n|upkeep\n|turn|14\n|\n|t:|1733862083\n|move|p2a: Volcarona|Fiery Dance|p1a: Appletun\n|-supereffective|p1a: Appletun\n|-damage|p1a: Appletun|84/352\n|move|p1a: Appletun|Recover|p1a: Appletun\n|-heal|p1a: Appletun|260/352\n|\n|-heal|p1a: Appletun|282/352|[from] item: Leftovers\n|-damage|p2a: Volcarona|53/257|[from] Leech Seed|[of] p1a: Appletun\n|-heal|p1a: Appletun|314/352|[silent]\n|upkeep\n|turn|15\n|\n|t:|1733862096\n|switch|p2a: Ting-Lu|Ting-Lu, L78|334/370\n|-ability|p2a: Ting-Lu|Vessel of Ruin\n|move|p1a: Appletun|Recover|p1a: Appletun\n|-heal|p1a: Appletun|352/352\n|\n|upkeep\n|turn|16\n|\n|t:|1733862109\n|switch|p2a: Slowking|Slowking-Galar, L85, F|300/300\n|move|p1a: Appletun|Leech Seed|p2a: Slowking\n|-start|p2a: Slowking|move: Leech Seed\n|\n|-damage|p2a: Slowking|263/300|[from] Leech Seed|[of] p1a: Appletun\n|upkeep\n|turn|17\n|\n|t:|1733862125\n|switch|p1a: Jolteon|Jolteon, L84, F|246/246\n|-damage|p1a: Jolteon|216/246|[from] Spikes\n|move|p2a: Slowking|Fire Blast|p1a: Jolteon\n|-damage|p1a: Jolteon|130/246\n|\n|-heal|p2a: Slowking|281/300|[from] item: Leftovers\n|-damage|p2a: Slowking|244/300|[from] Leech Seed|[of] p1a: Jolteon\n|-heal|p1a: Jolteon|167/246|[silent]\n|upkeep\n|turn|18\n|\n|t:|1733862141\n|switch|p1a: Appletun|Appletun, L92, F, tera:Steel|352/352\n|-damage|p1a: Appletun|308/352|[from] Spikes\n|switch|p2a: Ting-Lu|Ting-Lu, L78|334/370\n|-ability|p2a: Ting-Lu|Vessel of Ruin\n|\n|-heal|p1a: Appletun|330/352|[from] item: Leftovers\n|upkeep\n|turn|19\n|\n|t:|1733862150\n|move|p2a: Ting-Lu|Spikes|p1a: Appletun\n|-sidestart|p1: barptastic|Spikes\n|move|p1a: Appletun|Leech Seed|p2a: Ting-Lu\n|-start|p2a: Ting-Lu|move: Leech Seed\n|\n|-heal|p1a: Appletun|352/352|[from] item: Leftovers\n|-damage|p2a: Ting-Lu|288/370|[from] Leech Seed|[of] p1a: Appletun\n|upkeep\n|turn|20\n|\n|t:|1733862157\n|switch|p2a: Slowking|Slowking-Galar, L85, F|300/300\n|move|p1a: Appletun|Apple Acid|p2a: Slowking\n|-resisted|p2a: Slowking\n|-damage|p2a: Slowking|255/300\n|-unboost|p2a: Slowking|spd|1\n|\n|-heal|p2a: Slowking|273/300|[from] item: Leftovers\n|upkeep\n|turn|21\n|\n|t:|1733862171\n|switch|p2a: Zarude|Zarude, L78|292/292\n|move|p1a: Appletun|Leech Seed|p2a: Zarude\n|-immune|p2a: Zarude\n|\n|upkeep\n|turn|22\n|\n|t:|1733862188\n|switch|p1a: Lugia|Lugia, L72|272/272\n|move|p2a: Zarude|Knock Off|p1a: Lugia\n|-supereffective|p1a: Lugia\n|-damage|p1a: Lugia|179/272\n|-enditem|p1a: Lugia|Heavy-Duty Boots|[from] move: Knock Off|[of] p2a: Zarude\n|\n|upkeep\n|turn|23\n|\n|t:|1733862198\n|switch|p2a: Slowking|Slowking-Galar, L85, F|300/300\n|move|p1a: Lugia|Recover|p1a: Lugia\n|-heal|p1a: Lugia|272/272\n|\n|upkeep\n|turn|24\n|\n|t:|1733862208\n|move|p1a: Lugia|Calm Mind|p1a: Lugia\n|-boost|p1a: Lugia|spa|1\n|-boost|p1a: Lugia|spd|1\n|move|p2a: Slowking|Sludge Bomb|p1a: Lugia\n|-damage|p1a: Lugia|242/272\n|\n|upkeep\n|turn|25\n|\n|t:|1733862232\n|move|p1a: Lugia|Calm Mind|p1a: Lugia\n|-boost|p1a: Lugia|spa|1\n|-boost|p1a: Lugia|spd|1\n|move|p2a: Slowking|Sludge Bomb|p1a: Lugia\n|-damage|p1a: Lugia|197/272\n|\n|upkeep\n|turn|26\n|\n|t:|1733862238\n|switch|p2a: Ting-Lu|Ting-Lu, L78|288/370\n|-ability|p2a: Ting-Lu|Vessel of Ruin\n|move|p1a: Lugia|Recover|p1a: Lugia\n|-heal|p1a: Lugia|272/272\n|\n|upkeep\n|turn|27\n|\n|t:|1733862245\n|move|p1a: Lugia|Aeroblast|p2a: Ting-Lu\n|-damage|p2a: Ting-Lu|149/370\n|move|p2a: Ting-Lu|Whirlwind|p1a: Lugia\n|drag|p1a: Jolteon|Jolteon, L84, F|167/246\n|-damage|p1a: Jolteon|126/246|[from] Spikes\n|\n|upkeep\n|turn|28\n|\n|t:|1733862265\n|switch|p1a: Appletun|Appletun, L92, F, tera:Steel|352/352\n|-damage|p1a: Appletun|294/352|[from] Spikes\n|switch|p2a: Slowking|Slowking-Galar, L85, F|300/300\n|\n|-heal|p1a: Appletun|316/352|[from] item: Leftovers\n|upkeep\n|turn|29\n|\n|t:|1733862274\n|switch|p1a: Lugia|Lugia, L72|272/272\n|switch|p2a: Zarude|Zarude, L78|292/292\n|\n|upkeep\n|turn|30\n|\n|t:|1733862281\n|move|p2a: Zarude|U-turn|p1a: Lugia\n|-damage|p1a: Lugia|251/272\n|\n|t:|1733862287\n|switch|p2a: Piloswine|Piloswine, L85, F|309/309|[from] U-turn\n|move|p1a: Lugia|Aeroblast|p2a: Piloswine\n|-damage|p2a: Piloswine|248/309\n|\n|upkeep\n|turn|31\n|\n|t:|1733862295\n|move|p1a: Lugia|Recover|p1a: Lugia\n|-heal|p1a: Lugia|272/272\n|move|p2a: Piloswine|Stealth Rock|p1a: Lugia\n|-sidestart|p1: barptastic|move: Stealth Rock\n|\n|upkeep\n|turn|32\n|inactive|barptastic has 120 seconds left.\n|\n|t:|1733862329\n|switch|p1a: Hariyama|Hariyama, L87, M|368/392 brn\n|-damage|p1a: Hariyama|303/392 brn|[from] Spikes\n|-damage|p1a: Hariyama|279/392 brn|[from] Stealth Rock\n|move|p2a: Piloswine|Roar|p1a: Hariyama\n|drag|p1a: Jolteon|Jolteon, L84, F|126/246\n|-damage|p1a: Jolteon|85/246|[from] Spikes\n|-damage|p1a: Jolteon|55/246|[from] Stealth Rock\n|\n|upkeep\n|turn|33\n|inactive|barptastic has 120 seconds left.\n|\n|t:|1733862341\n|switch|p1a: Hariyama|Hariyama, L87, M|279/392 brn\n|-damage|p1a: Hariyama|214/392 brn|[from] Spikes\n|-damage|p1a: Hariyama|190/392 brn|[from] Stealth Rock\n|move|p2a: Piloswine|Earthquake|p1a: Hariyama\n|-damage|p1a: Hariyama|51/392 brn\n|\n|-damage|p1a: Hariyama|27/392 brn|[from] brn\n|upkeep\n|turn|34\n|inactive|barptastic has 120 seconds left.\n|\n|t:|1733862356\n|switch|p2a: Slowking|Slowking-Galar, L85, F|300/300\n|move|p1a: Hariyama|Knock Off|p2a: Slowking\n|-supereffective|p2a: Slowking\n|-damage|p2a: Slowking|207/300\n|-enditem|p2a: Slowking|Leftovers|[from] move: Knock Off|[of] p1a: Hariyama\n|\n|-damage|p1a: Hariyama|3/392 brn|[from] brn\n|upkeep\n|turn|35\n|inactive|barptastic has 120 seconds left.\n|\n|t:|1733862366\n|move|p1a: Hariyama|Headlong Rush|p2a: Slowking\n|-supereffective|p2a: Slowking\n|-damage|p2a: Slowking|96/300\n|-unboost|p1a: Hariyama|def|1\n|-unboost|p1a: Hariyama|spd|1\n|move|p2a: Slowking|Slack Off|p2a: Slowking\n|-heal|p2a: Slowking|246/300\n|\n|-damage|p1a: Hariyama|0 fnt|[from] brn\n|faint|p1a: Hariyama\n|upkeep\n|inactive|barptastic has 120 seconds left.\n|\n|t:|1733862378\n|switch|p1a: Lugia|Lugia, L72|272/272\n|-damage|p1a: Lugia|204/272|[from] Stealth Rock\n|turn|36\n|c|\u2606uvaverde|some progress\n|\n|t:|1733862384\n|move|p1a: Lugia|Recover|p1a: Lugia\n|-heal|p1a: Lugia|272/272\n|move|p2a: Slowking|Sludge Bomb|p1a: Lugia\n|-damage|p1a: Lugia|229/272\n|-status|p1a: Lugia|psn\n|\n|-damage|p1a: Lugia|195/272 psn|[from] psn\n|upkeep\n|turn|37\n|\n|t:|1733862402\n|move|p1a: Lugia|Calm Mind|p1a: Lugia\n|-boost|p1a: Lugia|spa|1\n|-boost|p1a: Lugia|spd|1\n|move|p2a: Slowking|Sludge Bomb|p1a: Lugia\n|-damage|p1a: Lugia|141/272 psn\n|\n|-damage|p1a: Lugia|107/272 psn|[from] psn\n|upkeep\n|turn|38\n|\n|t:|1733862412\n|switch|p2a: Zarude|Zarude, L78|292/292\n|move|p1a: Lugia|Recover|p1a: Lugia\n|-heal|p1a: Lugia|243/272 psn\n|\n|-damage|p1a: Lugia|209/272 psn|[from] psn\n|upkeep\n|turn|39\n|\n|t:|1733862423\n|move|p2a: Zarude|U-turn|p1a: Lugia\n|-damage|p1a: Lugia|167/272 psn\n|\n|t:|1733862426\n|switch|p2a: Slowking|Slowking-Galar, L85, F|300/300|[from] U-turn\n|move|p1a: Lugia|Recover|p1a: Lugia\n|-heal|p1a: Lugia|272/272 psn\n|\n|-damage|p1a: Lugia|238/272 psn|[from] psn\n|upkeep\n|turn|40\n|\n|t:|1733862434\n|move|p1a: Lugia|Earth Power|p2a: Slowking\n|-supereffective|p2a: Slowking\n|-damage|p2a: Slowking|178/300\n|move|p2a: Slowking|Sludge Bomb|p1a: Lugia\n|-damage|p1a: Lugia|184/272 psn\n|\n|-damage|p1a: Lugia|150/272 psn|[from] psn\n|upkeep\n|turn|41\n|\n|t:|1733862442\n|move|p1a: Lugia|Recover|p1a: Lugia\n|-heal|p1a: Lugia|272/272 psn\n|move|p2a: Slowking|Slack Off|p2a: Slowking\n|-heal|p2a: Slowking|300/300\n|\n|-damage|p1a: Lugia|238/272 psn|[from] psn\n|upkeep\n|turn|42\n|\n|t:|1733862449\n|move|p1a: Lugia|Calm Mind|p1a: Lugia\n|-boost|p1a: Lugia|spa|1\n|-boost|p1a: Lugia|spd|1\n|move|p2a: Slowking|Sludge Bomb|p1a: Lugia\n|-damage|p1a: Lugia|201/272 psn\n|\n|-damage|p1a: Lugia|167/272 psn|[from] psn\n|upkeep\n|turn|43\n|\n|t:|1733862477\n|switch|p2a: Piloswine|Piloswine, L85, F|248/309\n|move|p1a: Lugia|Recover|p1a: Lugia\n|-heal|p1a: Lugia|272/272 psn\n|\n|-damage|p1a: Lugia|238/272 psn|[from] psn\n|upkeep\n|turn|44\n|\n|t:|1733862484\n|move|p1a: Lugia|Aeroblast|p2a: Piloswine\n|-damage|p2a: Piloswine|118/309\n|move|p2a: Piloswine|Roar|p1a: Lugia\n|drag|p1a: Appletun|Appletun, L92, F, tera:Steel|316/352\n|-damage|p1a: Appletun|258/352|[from] Spikes\n|-damage|p1a: Appletun|236/352|[from] Stealth Rock\n|\n|-heal|p1a: Appletun|258/352|[from] item: Leftovers\n|upkeep\n|turn|45\n|\n|t:|1733862494\n|switch|p2a: Zarude|Zarude, L78|292/292\n|move|p1a: Appletun|Apple Acid|p2a: Zarude\n|-resisted|p2a: Zarude\n|-damage|p2a: Zarude|241/292\n|-unboost|p2a: Zarude|spd|1\n|\n|-heal|p1a: Appletun|280/352|[from] item: Leftovers\n|upkeep\n|turn|46\n|\n|t:|1733862512\n|switch|p2a: Slowking|Slowking-Galar, L85, F|300/300\n|switch|p1a: Cobalion|Cobalion, L80|277/277\n|-damage|p1a: Cobalion|231/277|[from] Spikes\n|-damage|p1a: Cobalion|223/277|[from] Stealth Rock\n|\n|-heal|p1a: Cobalion|240/277|[from] item: Leftovers\n|upkeep\n|turn|47\n|\n|t:|1733862522\n|move|p1a: Cobalion|Calm Mind|p1a: Cobalion\n|-boost|p1a: Cobalion|spa|1\n|-boost|p1a: Cobalion|spd|1\n|move|p2a: Slowking|Fire Blast|p1a: Cobalion\n|-supereffective|p1a: Cobalion\n|-damage|p1a: Cobalion|104/277\n|-status|p1a: Cobalion|brn\n|\n|-heal|p1a: Cobalion|121/277 brn|[from] item: Leftovers\n|-damage|p1a: Cobalion|104/277 brn|[from] brn\n|upkeep\n|turn|48\n|\n|t:|1733862532\n|move|p1a: Cobalion|Flash Cannon|p2a: Slowking\n|-damage|p2a: Slowking|209/300\n|move|p2a: Slowking|Fire Blast|p1a: Cobalion\n|-supereffective|p1a: Cobalion\n|-damage|p1a: Cobalion|0 fnt\n|faint|p1a: Cobalion\n|\n|upkeep\n|c|\u2606uvaverde|next set up\n|\n|t:|1733862544\n|switch|p1a: Lugia|Lugia, L72|238/272 psn\n|-damage|p1a: Lugia|170/272 psn|[from] Stealth Rock\n|turn|49\n|\n|t:|1733862554\n|switch|p2a: Piloswine|Piloswine, L85, F|118/309\n|move|p1a: Lugia|Earth Power|p2a: Piloswine\n|-damage|p2a: Piloswine|76/309\n|\n|-damage|p1a: Lugia|136/272 psn|[from] psn\n|upkeep\n|turn|50\n|c|\u2606barptastic|man these hazards are messing my shit up\n|\n|t:|1733862566\n|move|p1a: Lugia|Aeroblast|p2a: Piloswine\n|-damage|p2a: Piloswine|13/309\n|move|p2a: Piloswine|Roar|p1a: Lugia\n|drag|p1a: Appletun|Appletun, L92, F, tera:Steel|280/352\n|-damage|p1a: Appletun|222/352|[from] Spikes\n|-damage|p1a: Appletun|200/352|[from] Stealth Rock\n|\n|-heal|p1a: Appletun|222/352|[from] item: Leftovers\n|upkeep\n|turn|51\n|\n|t:|1733862576\n|switch|p2a: Zarude|Zarude, L78|241/292\n|move|p1a: Appletun|Dragon Pulse|p2a: Zarude\n|-damage|p2a: Zarude|124/292\n|\n|-heal|p1a: Appletun|244/352|[from] item: Leftovers\n|upkeep\n|turn|52\n|\n|t:|1733862585\n|move|p2a: Zarude|Knock Off|p1a: Appletun\n|-damage|p1a: Appletun|139/352\n|-enditem|p1a: Appletun|Leftovers|[from] move: Knock Off|[of] p2a: Zarude\n|move|p1a: Appletun|Leech Seed|p2a: Zarude\n|-immune|p2a: Zarude\n|\n|upkeep\n|turn|53\n|\n|t:|1733862594\n|switch|p2a: Slowking|Slowking-Galar, L85, F|300/300\n|move|p1a: Appletun|Recover|p1a: Appletun\n|-heal|p1a: Appletun|315/352\n|\n|upkeep\n|turn|54\n|\n|t:|1733862600\n|move|p1a: Appletun|Leech Seed|p2a: Slowking\n|-start|p2a: Slowking|move: Leech Seed\n|move|p2a: Slowking|Fire Blast|p1a: Appletun\n|-supereffective|p1a: Appletun\n|-damage|p1a: Appletun|221/352\n|-status|p1a: Appletun|brn\n|\n|-damage|p2a: Slowking|263/300|[from] Leech Seed|[of] p1a: Appletun\n|-heal|p1a: Appletun|258/352 brn|[silent]\n|-damage|p1a: Appletun|236/352 brn|[from] brn\n|upkeep\n|turn|55\n|\n|t:|1733862611\n|switch|p2a: Zarude|Zarude, L78|124/292\n|move|p1a: Appletun|Recover|p1a: Appletun\n|-heal|p1a: Appletun|352/352 brn\n|\n|-damage|p1a: Appletun|330/352 brn|[from] brn\n|upkeep\n|turn|56\n|\n|t:|1733862618\n|move|p2a: Zarude|Close Combat|p1a: Appletun\n|-supereffective|p1a: Appletun\n|-damage|p1a: Appletun|158/352 brn\n|-unboost|p2a: Zarude|def|1\n|-unboost|p2a: Zarude|spd|1\n|move|p1a: Appletun|Dragon Pulse|p2a: Zarude\n|-damage|p2a: Zarude|0 fnt\n|faint|p2a: Zarude\n|\n|-damage|p1a: Appletun|136/352 brn|[from] brn\n|upkeep\n|\n|t:|1733862628\n|switch|p2a: Volcarona|Volcarona, L77, M|53/257\n|turn|57\n|\n|t:|1733862638\n|move|p2a: Volcarona|Fiery Dance|p1a: Appletun\n|-supereffective|p1a: Appletun\n|-damage|p1a: Appletun|46/352 brn\n|move|p1a: Appletun|Recover|p1a: Appletun\n|-heal|p1a: Appletun|222/352 brn\n|\n|-damage|p1a: Appletun|200/352 brn|[from] brn\n|upkeep\n|turn|58\n|\n|t:|1733862646\n|switch|p2a: Slowking|Slowking-Galar, L85, F|300/300\n|move|p1a: Appletun|Dragon Pulse|p2a: Slowking\n|-damage|p2a: Slowking|210/300\n|\n|-damage|p1a: Appletun|178/352 brn|[from] brn\n|upkeep\n|turn|59\n|\n|t:|1733862653\n|move|p1a: Appletun|Leech Seed|p2a: Slowking\n|-start|p2a: Slowking|move: Leech Seed\n|move|p2a: Slowking|Fire Blast|p1a: Appletun\n|-supereffective|p1a: Appletun\n|-damage|p1a: Appletun|94/352 brn\n|\n|-damage|p2a: Slowking|173/300|[from] Leech Seed|[of] p1a: Appletun\n|-heal|p1a: Appletun|131/352 brn|[silent]\n|-damage|p1a: Appletun|109/352 brn|[from] brn\n|upkeep\n|turn|60\n|\n|t:|1733862667\n|switch|p1a: Gouging Fire|Gouging Fire, L74|277/277\n|switch|p2a: Ting-Lu|Ting-Lu, L78|149/370\n|-ability|p2a: Ting-Lu|Vessel of Ruin\n|\n|upkeep\n|turn|61\n|\n|t:|1733862695\n|-end|p1a: Gouging Fire|Protosynthesis|[silent]\n|switch|p1a: Jolteon|Jolteon, L84, F|55/246\n|-damage|p1a: Jolteon|14/246|[from] Spikes\n|-damage|p1a: Jolteon|0 fnt|[from] Stealth Rock\n|faint|p1a: Jolteon\n|move|p2a: Ting-Lu|Earthquake|p1: Jolteon|[notarget]\n|-fail|p2a: Ting-Lu\n|\n|upkeep\n|\n|t:|1733862703\n|switch|p1a: Lugia|Lugia, L72|136/272 psn\n|-damage|p1a: Lugia|68/272 psn|[from] Stealth Rock\n|turn|62\n|\n|t:|1733862711\n|move|p1a: Lugia|Aeroblast|p2a: Ting-Lu\n|-damage|p2a: Ting-Lu|83/370\n|move|p2a: Ting-Lu|Throat Chop|p1a: Lugia\n|-supereffective|p1a: Lugia\n|-damage|p1a: Lugia|0 fnt\n|faint|p1a: Lugia\n|\n|upkeep\n|\n|t:|1733862714\n|switch|p1a: Gouging Fire|Gouging Fire, L74|277/277\n|turn|63\n|\n|t:|1733862722\n|move|p1a: Gouging Fire|Dragon Dance|p1a: Gouging Fire\n|-boost|p1a: Gouging Fire|atk|1\n|-boost|p1a: Gouging Fire|spe|1\n|move|p2a: Ting-Lu|Earthquake|p1a: Gouging Fire\n|-supereffective|p1a: Gouging Fire\n|-damage|p1a: Gouging Fire|91/277\n|\n|upkeep\n|turn|64\n|\n|t:|1733862732\n|move|p1a: Gouging Fire|Outrage|p2a: Ting-Lu\n|-damage|p2a: Ting-Lu|0 fnt\n|faint|p2a: Ting-Lu\n|\n|upkeep\n|\n|t:|1733862738\n|switch|p2a: Misdreavus|Misdreavus, L90, M|91/254\n|turn|65\n|\n|t:|1733862743\n|-terastallize|p2a: Misdreavus|Fairy\n|move|p1a: Gouging Fire|Outrage|p2a: Misdreavus|[from]lockedmove\n|-immune|p2a: Misdreavus\n|move|p2a: Misdreavus|Shadow Ball|p1a: Gouging Fire\n|-damage|p1a: Gouging Fire|0 fnt\n|faint|p1a: Gouging Fire\n|-end|p1a: Gouging Fire|Protosynthesis|[silent]\n|\n|upkeep\n|\n|t:|1733862746\n|switch|p1a: Appletun|Appletun, L92, F, tera:Steel|109/352 brn\n|-damage|p1a: Appletun|51/352 brn|[from] Spikes\n|-damage|p1a: Appletun|29/352 brn|[from] Stealth Rock\n|turn|66\n|c|\u2606barptastic|gg\n|c|\u2606uvaverde|what a game XDD\n|\n|t:|1733862760\n|move|p2a: Misdreavus|Shadow Ball|p1a: Appletun\n|-damage|p1a: Appletun|0 fnt\n|faint|p1a: Appletun\n|\n|win|uvaverde\n|raw|barptastic's rating: 1630 &rarr; <strong>1612</strong><br />(-18 for losing)\n|raw|uvaverde's rating: 1664 &rarr; <strong>1682</strong><br />(+18 for winning)\n|l|\u2606barptastic\n|player|p1|\n|c|\u2606uvaverde|you staal me but dont work\n", "inputlog": ">version bfd83cad13791eb5a5a409923076391caf6fb4d4\n>start {\"formatid\":\"gen9randombattle\",\"seed\":[3355,59468,42170,45154],\"rated\":\"Rated battle\"}\n>player p1 {\"name\":\"barptastic\",\"avatar\":\"gambler\",\"rating\":1630,\"seed\":[53955,56895,35158,31226]}\n>player p2 {\"name\":\"uvaverde\",\"avatar\":\"cilan\",\"rating\":1664,\"seed\":[1468,43516,40313,56605]}\n>p1 move knockoff\n>p2 switch 5\n>p1 move closecombat\n>p2 switch 3\n>p1 switch 2\n>p2 switch 3\n>p1 switch 5\n>p2 move spikes\n>p1 move leechseed\n>p2 switch 3\n>p1 move recover\n>p2 switch 5\n>p1 move leechseed\n>p2 move calmmind\n>p1 move appleacid\n>p2 move calmmind\n>p1 move recover\n>p2 move calmmind\n>p1 move appleacid terastallize\n>p2 move drainingkiss\n>p1 move recover\n>p2 switch 5\n>p1 move leechseed\n>p2 move quiverdance\n>p1 move leechseed\n>p2 move fierydance\n>p1 move recover\n>p2 move fierydance\n>p1 move recover\n>p2 switch 3\n>p1 move leechseed\n>p2 switch 4\n>p1 switch 6\n>p2 move fireblast\n>p1 switch 6\n>p2 switch 4\n>p1 move leechseed\n>p2 move spikes\n>p1 move appleacid\n>p2 switch 4\n>p1 move leechseed\n>p2 switch 6\n>p1 switch 5\n>p2 move knockoff\n>p1 move recover\n>p2 switch 6\n>p1 move calmmind\n>p2 move sludgebomb\n>p1 move calmmind\n>p2 move sludgebomb\n>p1 move recover\n>p2 switch 4\n>p1 move aeroblast\n>p2 move whirlwind\n>p1 switch 5\n>p2 switch 4\n>p1 switch 6\n>p2 switch 6\n>p1 move aeroblast\n>p2 move uturn\n>p2 switch 2\n>p1 move recover\n>p2 move stealthrock\n>p1 switch 2\n>p2 move roar\n>p1 switch 5\n>p2 move earthquake\n>p1 move knockoff\n>p2 switch 6\n>p1 move headlongrush\n>p2 move slackoff\n>p1 switch 2\n>chat \u2606uvaverde|some progress\n>p1 move recover\n>p2 move sludgebomb\n>p1 move calmmind\n>p2 move sludgebomb\n>p1 move recover\n>p2 switch 2\n>p1 move recover\n>p2 move uturn\n>p2 switch 2\n>p1 move earthpower\n>p2 move sludgebomb\n>p1 move recover\n>p2 move slackoff\n>p1 move calmmind\n>p2 move sludgebomb\n>p1 move recover\n>p2 switch 6\n>p1 move aeroblast\n>p2 move roar\n>p1 move appleacid\n>p2 switch 2\n>p1 switch 4\n>p2 switch 6\n>p1 move calmmind\n>p2 move fireblast\n>p1 move flashcannon\n>p2 move fireblast\n>chat \u2606uvaverde|next set up\n>p1 switch 6\n>p1 move earthpower\n>p2 switch 2\n>chat \u2606barptastic|man these hazards are messing my shit up\n>p1 move aeroblast\n>p2 move roar\n>p1 move dragonpulse\n>p2 switch 6\n>p1 move leechseed\n>p2 move knockoff\n>p1 move recover\n>p2 switch 2\n>p1 move leechseed\n>p2 move fireblast\n>p1 move recover\n>p2 switch 2\n>p1 move dragonpulse\n>p2 move closecombat\n>p2 switch 3\n>p1 move recover\n>p2 move fierydance\n>p1 move dragonpulse\n>p2 switch 2\n>p1 move leechseed\n>p2 move fireblast\n>p1 switch 3\n>p2 switch 4\n>p1 switch 5\n>p2 move earthquake\n>p1 switch 4\n>p1 move aeroblast\n>p2 move throatchop\n>p1 switch 5\n>p1 move dragondance\n>p2 move earthquake\n>p1 move outrage\n>p2 move earthquake\n>p2 switch 5\n>p1 move outrage\n>p2 move shadowball terastallize\n>p1 switch 3\n>chat \u2606barptastic|gg\n>chat \u2606uvaverde|what a game XDD\n>p1 move appleacid\n>p2 move shadowball", "uploadtime": 1733862779, "views": 11, "formatid": "gen9randombattle", "rating": 1612, "private": 0, "password": null}