{"id": "gen9randombattle-2211815723", "format": "[Gen 9] Random Battle", "players": ["R3lt gloriousplays", "freebobby2020"], "log": "|j|\u2606R3lt gloriousplays\n|j|\u2606freebobby2020\n|t:|1727564957\n|gametype|singles\n|player|p1|R3lt gloriousplays|ash-kalos|2246\n|player|p2|freebobby2020|1|2271\n|teamsize|p1|6\n|teamsize|p2|6\n|gen|9\n|tier|[Gen 9] Random Battle\n|rated|\n|rule|Species Clause: Limit one of each Pok\u00e9mon\n|rule|HP Percentage Mod: HP is shown in percentages\n|rule|Sleep Clause Mod: Limit one foe put to sleep\n|rule|Illusion Level Mod: Illusion disguises the Pok\u00e9mon's true level\n|\n|t:|1727564957\n|start\n|switch|p1a: Chandelure|Chandelure, L83, F|235/235\n|switch|p2a: Arcanine|Arcanine, L84, M|288/288\n|-ability|p2a: Arcanine|Intimidate|boost\n|-unboost|p1a: Chandelure|atk|1\n|turn|1\n|\n|t:|1727564977\n|switch|p2a: Walking Wake|Walking Wake, L79|286/286\n|move|p1a: Chandelure|Shadow Ball|p2a: Walking Wake\n|-damage|p2a: Walking Wake|165/286\n|\n|upkeep\n|turn|2\n|inactive|Battle timer is ON: inactive players will automatically lose when time's up. (requested by freebobby2020)\n|\n|t:|1727565010\n|switch|p1a: Volcanion|Volcanion, L79|256/256\n|move|p2a: Walking Wake|Flip Turn|p1a: Volcanion\n|-immune|p1a: Volcanion|[from] ability: Water Absorb\n|\n|upkeep\n|turn|3\n|\n|t:|1727565037\n|-end|p2a: Walking Wake|Protosynthesis|[silent]\n|switch|p2a: Kingdra|Kingdra, L84, F|263/263\n|move|p1a: Volcanion|Steam Eruption|p2a: Kingdra\n|-resisted|p2a: Kingdra\n|-damage|p2a: Kingdra|230/263\n|\n|upkeep\n|turn|4\n|\n|t:|1727565048\n|move|p2a: Kingdra|Dragon Dance|p2a: Kingdra\n|-boost|p2a: Kingdra|atk|1\n|-boost|p2a: Kingdra|spe|1\n|move|p1a: Volcanion|Haze|p1a: Volcanion\n|-clearallboost\n|\n|upkeep\n|turn|5\n|inactive|R3lt gloriousplays has 120 seconds left.\n|\n|t:|1727565083\n|move|p2a: Kingdra|Dragon Dance|p2a: Kingdra\n|-boost|p2a: Kingdra|atk|1\n|-boost|p2a: Kingdra|spe|1\n|move|p1a: Volcanion|Earth Power|p2a: Kingdra\n|-damage|p2a: Kingdra|158/263\n|\n|upkeep\n|turn|6\n|\n|t:|1727565086\n|move|p2a: Kingdra|Outrage|p1a: Volcanion\n|-damage|p1a: Volcanion|90/256\n|move|p1a: Volcanion|Haze|p1a: Volcanion\n|-clearallboost\n|\n|upkeep\n|turn|7\n|inactive|R3lt gloriousplays has 120 seconds left.\n|\n|t:|1727565101\n|switch|p1a: Ribombee|Ribombee, L82, F|233/233\n|move|p2a: Kingdra|Outrage|p1a: Ribombee|[from]lockedmove\n|-immune|p1a: Ribombee\n|-start|p2a: Kingdra|confusion|[fatigue]\n|-enditem|p2a: Kingdra|Lum Berry|[eat]\n|-end|p2a: Kingdra|confusion\n|\n|upkeep\n|turn|8\n|inactive|R3lt gloriousplays has 120 seconds left.\n|\n|t:|1727565114\n|switch|p2a: Arcanine|Arcanine, L84, M|288/288\n|-ability|p2a: Arcanine|Intimidate|boost\n|-unboost|p1a: Ribombee|atk|1\n|move|p1a: Ribombee|Sticky Web|p2a: Arcanine\n|-sidestart|p2: freebobby2020|move: Sticky Web\n|\n|upkeep\n|turn|9\n|\n|t:|1727565117\n|move|p1a: Ribombee|U-turn|p2a: Arcanine\n|-resisted|p2a: Arcanine\n|-damage|p2a: Arcanine|273/288\n|\n|t:|1727565119\n|switch|p1a: Volcanion|Volcanion, L79|90/256|[from] U-turn\n|move|p2a: Arcanine|Wild Charge|p1a: Volcanion\n|-supereffective|p1a: Volcanion\n|-damage|p1a: Volcanion|0 fnt\n|faint|p1a: Volcanion\n|-damage|p2a: Arcanine|250/288|[from] Recoil\n|\n|upkeep\n|\n|t:|1727565128\n|switch|p1a: Samurott|Samurott-Hisui, L77, F|265/265\n|turn|10\n|\n|t:|1727565143\n|move|p1a: Samurott|Razor Shell|p2a: Arcanine\n|-supereffective|p2a: Arcanine\n|-damage|p2a: Arcanine|22/288\n|-unboost|p2a: Arcanine|def|1\n|move|p2a: Arcanine|Wild Charge|p1a: Samurott\n|-supereffective|p1a: Samurott\n|-damage|p1a: Samurott|95/265\n|-damage|p2a: Arcanine|0 fnt|[from] Recoil\n|faint|p2a: Arcanine\n|\n|upkeep\n|\n|t:|1727565153\n|switch|p2a: Kingdra|Kingdra, L84, F|158/263\n|-activate|p2a: Kingdra|move: Sticky Web\n|-unboost|p2a: Kingdra|spe|1\n|turn|11\n|\n|t:|1727565170\n|switch|p1a: Regieleki|Regieleki, L79|256/256\n|move|p2a: Kingdra|Wave Crash|p1a: Regieleki\n|-damage|p1a: Regieleki|73/256\n|-damage|p2a: Kingdra|98/263|[from] Recoil\n|\n|upkeep\n|turn|12\n|\n|t:|1727565186\n|switch|p2a: Gogoat|Gogoat, L88, F|360/360\n|-activate|p2a: Gogoat|move: Sticky Web\n|-unboost|p2a: Gogoat|spe|1\n|move|p1a: Regieleki|Thunderbolt|p2a: Gogoat\n|-resisted|p2a: Gogoat\n|-damage|p2a: Gogoat|291/360\n|\n|-heal|p2a: Gogoat|313/360|[from] item: Leftovers\n|upkeep\n|turn|13\n|\n|t:|1727565191\n|move|p1a: Regieleki|Volt Switch|p2a: Gogoat\n|-resisted|p2a: Gogoat\n|-damage|p2a: Gogoat|257/360\n|\n|t:|1727565199\n|switch|p1a: Spectrier|Spectrier, L75|274/274|[from] Volt Switch\n|move|p2a: Gogoat|Rock Slide|p1a: Spectrier\n|-damage|p1a: Spectrier|191/274\n|\n|-heal|p2a: Gogoat|279/360|[from] item: Leftovers\n|upkeep\n|turn|14\n|\n|t:|1727565207\n|switch|p2a: Illumise|Illumise, L91, F|266/266\n|move|p1a: Spectrier|Will-O-Wisp|p2a: Illumise\n|-status|p2a: Illumise|brn\n|\n|-damage|p2a: Illumise|250/266 brn|[from] brn\n|upkeep\n|turn|15\n|\n|t:|1727565213\n|switch|p1a: Samurott|Samurott-Hisui, L77, F|95/265\n|move|p2a: Illumise|Bug Buzz|p1a: Samurott\n|-supereffective|p1a: Samurott\n|-damage|p1a: Samurott|0 fnt\n|faint|p1a: Samurott\n|\n|-damage|p2a: Illumise|234/266 brn|[from] brn\n|upkeep\n|\n|t:|1727565227\n|switch|p1a: Regieleki|Regieleki, L79|73/256\n|turn|16\n|inactive|freebobby2020 has 120 seconds left.\n|\n|t:|1727565271\n|-terastallize|p1a: Regieleki|Electric\n|move|p1a: Regieleki|Volt Switch|p2a: Illumise\n|-damage|p2a: Illumise|94/266 brn\n|inactive|R3lt gloriousplays has 120 seconds left.\n|\n|t:|1727565290\n|switch|p1a: Ribombee|Ribombee, L82, F|233/233|[from] Volt Switch\n|move|p2a: Illumise|Bug Buzz|p1a: Ribombee\n|-resisted|p1a: Ribombee\n|-damage|p1a: Ribombee|179/233\n|\n|-damage|p2a: Illumise|78/266 brn|[from] brn\n|upkeep\n|turn|17\n|inactive|R3lt gloriousplays has 120 seconds left.\n|\n|t:|1727565304\n|switch|p1a: Regieleki|Regieleki, L79, tera:Electric|73/256\n|move|p2a: Illumise|Roost|p2a: Illumise\n|-heal|p2a: Illumise|211/266 brn\n|-singleturn|p2a: Illumise|move: Roost\n|\n|-damage|p2a: Illumise|195/266 brn|[from] brn\n|upkeep\n|turn|18\n|inactive|R3lt gloriousplays has 120 seconds left.\n|\n|t:|1727565315\n|switch|p2a: Gogoat|Gogoat, L88, F|279/360\n|-activate|p2a: Gogoat|move: Sticky Web\n|-unboost|p2a: Gogoat|spe|1\n|move|p1a: Regieleki|Volt Switch|p2a: Gogoat\n|-resisted|p2a: Gogoat\n|-damage|p2a: Gogoat|208/360\n|inactive|R3lt gloriousplays has 120 seconds left.\n|\n|t:|1727565324\n|switch|p1a: Chandelure|Chandelure, L83, F|235/235|[from] Volt Switch\n|\n|-heal|p2a: Gogoat|230/360|[from] item: Leftovers\n|upkeep\n|turn|19\n|inactive|R3lt gloriousplays has 120 seconds left.\n|\n|t:|1727565335\n|switch|p2a: Kingdra|Kingdra, L84, F|219/219\n|-activate|p2a: Kingdra|move: Sticky Web\n|-unboost|p2a: Kingdra|spe|1\n|move|p1a: Chandelure|Fire Blast|p2a: Kingdra\n|-damage|p2a: Kingdra|18/219\n|replace|p2a: Zoroark|Zoroark-Hisui, L80, F\n|-end|p2a: Zoroark|Illusion\n|-hint|Illusion Level Mod is active, so this Pok\u00e9mon's true level was hidden.\n|\n|upkeep\n|turn|20\n|-message|freebobby2020 forfeited.\n|\n|win|R3lt gloriousplays\n|raw|R3lt gloriousplays's rating: 2246 &rarr; <strong>2266</strong><br />(+20 for winning)\n|raw|freebobby2020's rating: 2245 &rarr; <strong>2225</strong><br />(-20 for losing)\n|l|\u2606freebobby2020\n|player|p2|\n", "inputlog": ">version 69ff0b2f47ddc97367302b06f7f2ae172fb214dd\n>start {\"formatid\":\"gen9randombattle\",\"seed\":[27513,30118,25562,36911],\"rated\":\"Rated battle\"}\n>player p1 {\"name\":\"R3lt gloriousplays\",\"avatar\":\"ash-kalos\",\"rating\":2246,\"seed\":[3773,60340,16615,19596]}\n>player p2 {\"name\":\"freebobby2020\",\"avatar\":\"1\",\"rating\":2271,\"seed\":[20007,21418,19495,18129]}\n>p1 move shadowball\n>p2 switch 2\n>p1 switch 6\n>p2 move flipturn\n>p1 move steameruption\n>p2 switch 4\n>p1 move haze\n>p2 move dragondance\n>p1 move earthpower\n>p2 move dragondance\n>p1 move haze\n>p2 move outrage\n>p1 switch 4\n>p2 move outrage\n>p1 move stickyweb\n>p2 switch 2\n>p1 move uturn\n>p2 move wildcharge\n>p1 switch 4\n>p1 switch 3\n>p1 move razorshell\n>p2 move wildcharge\n>p2 switch 2\n>p1 switch 2\n>p2 move wavecrash\n>p1 move thunderbolt\n>p2 switch 6\n>p1 move voltswitch\n>p2 move rockslide\n>p1 switch 5\n>p1 move willowisp\n>p2 switch 3\n>p1 switch 2\n>p2 move bugbuzz\n>p1 switch 5\n>p1 move voltswitch terastallize\n>p2 move bugbuzz\n>p1 switch 4\n>p1 switch 4\n>p2 move roost\n>p1 move voltswitch\n>p2 switch 3\n>p1 switch 6\n>p1 move fireblast\n>p2 switch 5\n>forcelose p2", "uploadtime": 1727565341, "views": 78, "formatid": "gen9randombattle", "rating": 2225, "private": 0, "password": null}