{"id": "gen9randombattle-2248339544", "format": "[Gen 9] Random Battle", "players": ["feechlamanna", "bobbybs"], "log": "|badge|p2|silver|gen9randombattle|30-3\n|uhtml|medal-msg|<div class=\"broadcast-blue\">Curious what those medals under the avatar are? PS now has Ladder Seasons! For more information, check out the <a href=\"https://www.smogon.com/forums/threads/3740067/\">thread on Smogon.</a></div>\n|j|\u2606feechlamanna\n|j|\u2606bobbybs\n|t:|1732205249\n|gametype|singles\n|player|p1|feechlamanna|266|2181\n|player|p2|bobbybs|265|2416\n|teamsize|p1|6\n|teamsize|p2|6\n|gen|9\n|tier|[Gen 9] Random Battle\n|rated|\n|rule|Species Clause: Limit one of each Pok\u00e9mon\n|rule|HP Percentage Mod: HP is shown in percentages\n|rule|Sleep Clause Mod: Limit one foe put to sleep\n|rule|Illusion Level Mod: Illusion disguises the Pok\u00e9mon's true level\n|\n|t:|1732205249\n|start\n|switch|p1a: Conkeldurr|Conkeldurr, L80, M|299/299\n|switch|p2a: Dipplin|Dipplin, L88, M|284/284\n|turn|1\n|inactive|Battle timer is ON: inactive players will automatically lose when time's up. (requested by feechlamanna)\n|\n|t:|1732205273\n|switch|p1a: Glalie|Glalie, L96, M|309/309\n|move|p2a: Dipplin|Dragon Pulse|p1a: Glalie\n|-damage|p1a: Glalie|219/309\n|\n|upkeep\n|turn|2\n|\n|t:|1732205282\n|switch|p2a: Magmortar|Magmortar, L88, M|275/275\n|move|p1a: Glalie|Spikes|p2a: Magmortar\n|-sidestart|p2: bobbybs|Spikes\n|\n|upkeep\n|turn|3\n|\n|t:|1732205289\n|switch|p1a: Houndoom|Houndoom, L87, M|272/272\n|move|p2a: Magmortar|Fire Blast|p1a: Houndoom\n|-start|p1a: Houndoom|ability: Flash Fire\n|\n|upkeep\n|turn|4\n|\n|t:|1732205292\n|move|p1a: Houndoom|Dark Pulse|p2a: Magmortar\n|-damage|p2a: Magmortar|185/275\n|move|p2a: Magmortar|Earthquake|p1a: Houndoom\n|-supereffective|p1a: Houndoom\n|-damage|p1a: Houndoom|58/272\n|\n|upkeep\n|turn|5\n|\n|t:|1732205298\n|move|p1a: Houndoom|Dark Pulse|p2a: Magmortar\n|-damage|p2a: Magmortar|103/275\n|move|p2a: Magmortar|Thunderbolt|p1a: Houndoom\n|-damage|p1a: Houndoom|0 fnt\n|faint|p1a: Houndoom\n|\n|upkeep\n|inactive|feechlamanna has 120 seconds left.\n|\n|t:|1732205357\n|switch|p1a: Glalie|Glalie, L96, M|219/309\n|turn|6\n|\n|t:|1732205363\n|switch|p2a: Uxie|Uxie, L83|260/260\n|move|p1a: Glalie|Earthquake|p2a: Uxie\n|-immune|p2a: Uxie|[from] ability: Levitate\n|\n|upkeep\n|turn|7\n|\n|t:|1732205378\n|switch|p2a: Salazzle|Salazzle, L83, F|249/249\n|move|p1a: Glalie|Spikes|p2a: Salazzle\n|-sidestart|p2: bobbybs|Spikes\n|\n|upkeep\n|turn|8\n|\n|t:|1732205392\n|switch|p1a: Mesprit|Mesprit, L85|275/275\n|move|p2a: Salazzle|Fire Blast|p1a: Mesprit\n|-damage|p1a: Mesprit|155/275\n|\n|upkeep\n|turn|9\n|\n|t:|1732205399\n|switch|p2a: Uxie|Uxie, L83|260/260\n|move|p1a: Mesprit|Psychic|p2a: Uxie\n|-resisted|p2a: Uxie\n|-damage|p2a: Uxie|218/260\n|\n|-heal|p2a: Uxie|234/260|[from] item: Leftovers\n|upkeep\n|turn|10\n|inactive|feechlamanna has 120 seconds left.\n|\n|t:|1732205417\n|switch|p1a: Cinderace|Cinderace, L77, M|249/249\n|move|p2a: Uxie|U-turn|p1a: Cinderace\n|-resisted|p1a: Cinderace\n|-damage|p1a: Cinderace|226/249\n|\n|t:|1732205440\n|switch|p2a: Salazzle|Salazzle, L83, F|249/249|[from] U-turn\n|\n|upkeep\n|turn|11\n|\n|t:|1732205445\n|move|p2a: Salazzle|Nasty Plot|p2a: Salazzle\n|-boost|p2a: Salazzle|spa|2\n|move|p1a: Cinderace|U-turn|p2a: Salazzle\n|-start|p1a: Cinderace|typechange|Bug|[from] ability: Libero\n|-resisted|p2a: Salazzle\n|-damage|p2a: Salazzle|213/249\n|\n|t:|1732205448\n|switch|p1a: Mesprit|Mesprit, L85|155/275|[from] U-turn\n|\n|upkeep\n|turn|12\n|\n|t:|1732205457\n|move|p1a: Mesprit|Psychic|p2a: Salazzle\n|-supereffective|p2a: Salazzle\n|-damage|p2a: Salazzle|0 fnt\n|faint|p2a: Salazzle\n|\n|upkeep\n|\n|t:|1732205466\n|switch|p2a: Uxie|Uxie, L83|234/260\n|turn|13\n|\n|t:|1732205471\n|switch|p1a: Cinderace|Cinderace, L77, M|226/249\n|move|p2a: Uxie|Thunder Wave|p1a: Cinderace\n|-status|p1a: Cinderace|par\n|\n|-heal|p2a: Uxie|250/260|[from] item: Leftovers\n|upkeep\n|turn|14\n|\n|t:|1732205476\n|move|p2a: Uxie|U-turn|p1a: Cinderace\n|-resisted|p1a: Cinderace\n|-damage|p1a: Cinderace|201/249 par\n|\n|t:|1732205478\n|switch|p2a: Magmortar|Magmortar, L88, M|103/275|[from] U-turn\n|move|p1a: Cinderace|U-turn|p2a: Magmortar\n|-start|p1a: Cinderace|typechange|Bug|[from] ability: Libero\n|-resisted|p2a: Magmortar\n|-damage|p2a: Magmortar|45/275\n|\n|t:|1732205482\n|switch|p1a: Glalie|Glalie, L96, M|219/309|[from] U-turn\n|\n|upkeep\n|turn|15\n|\n|t:|1732205494\n|switch|p2a: Uxie|Uxie, L83|250/260\n|move|p1a: Glalie|Earthquake|p2a: Uxie\n|-immune|p2a: Uxie|[from] ability: Levitate\n|\n|-heal|p2a: Uxie|260/260|[from] item: Leftovers\n|upkeep\n|turn|16\n|\n|t:|1732205507\n|move|p1a: Glalie|Taunt|p2a: Uxie\n|-start|p2a: Uxie|move: Taunt\n|cant|p2a: Uxie|move: Taunt|Thunder Wave\n|\n|upkeep\n|turn|17\n|\n|t:|1732205520\n|switch|p1a: Mesprit|Mesprit, L85|155/275\n|move|p2a: Uxie|Psychic Noise|p1a: Mesprit\n|-resisted|p1a: Mesprit\n|-damage|p1a: Mesprit|127/275\n|-start|p1a: Mesprit|move: Heal Block\n|\n|upkeep\n|turn|18\n|\n|t:|1732205528\n|switch|p1a: Cinderace|Cinderace, L77, M|201/249 par\n|move|p2a: Uxie|U-turn|p1a: Cinderace\n|-resisted|p1a: Cinderace\n|-damage|p1a: Cinderace|175/249 par\n|\n|t:|1732205547\n|switch|p2a: Kingdra|Kingdra, L84, M|263/263|[from] U-turn\n|-damage|p2a: Kingdra|220/263|[from] Spikes\n|\n|upkeep\n|turn|19\n|\n|t:|1732205557\n|switch|p1a: Conkeldurr|Conkeldurr, L80, M|299/299\n|move|p2a: Kingdra|Dragon Dance|p2a: Kingdra\n|-boost|p2a: Kingdra|atk|1\n|-boost|p2a: Kingdra|spe|1\n|\n|-status|p1a: Conkeldurr|brn|[from] item: Flame Orb\n|upkeep\n|turn|20\n|\n|t:|1732205587\n|switch|p2a: Magmortar|Magmortar, L88, M|45/275\n|move|p1a: Conkeldurr|Facade|p2a: Magmortar\n|-damage|p2a: Magmortar|0 fnt\n|faint|p2a: Magmortar\n|\n|-damage|p1a: Conkeldurr|281/299 brn|[from] brn\n|upkeep\n|\n|t:|1732205589\n|switch|p2a: Uxie|Uxie, L83|260/260\n|turn|21\n|\n|t:|1732205610\n|-terastallize|p1a: Conkeldurr|Normal\n|move|p2a: Uxie|Psychic Noise|p1a: Conkeldurr\n|-damage|p1a: Conkeldurr|197/299 brn\n|-start|p1a: Conkeldurr|move: Heal Block\n|move|p1a: Conkeldurr|Knock Off|p2a: Uxie\n|-supereffective|p2a: Uxie\n|-damage|p2a: Uxie|64/260\n|-enditem|p2a: Uxie|Leftovers|[from] move: Knock Off|[of] p1a: Conkeldurr\n|\n|-damage|p1a: Conkeldurr|179/299 brn|[from] brn\n|upkeep\n|turn|22\n|\n|t:|1732205622\n|move|p2a: Uxie|Psychic Noise|p1a: Conkeldurr\n|-damage|p1a: Conkeldurr|94/299 brn\n|move|p1a: Conkeldurr|Facade|p2a: Uxie\n|-damage|p2a: Uxie|0 fnt\n|faint|p2a: Uxie\n|\n|-damage|p1a: Conkeldurr|76/299 brn|[from] brn\n|-end|p1a: Conkeldurr|move: Heal Block\n|upkeep\n|\n|t:|1732205639\n|switch|p2a: Dipplin|Dipplin, L88, M|284/284\n|-damage|p2a: Dipplin|237/284|[from] Spikes\n|turn|23\n|\n|t:|1732205646\n|switch|p1a: Mesprit|Mesprit, L85|127/275\n|move|p2a: Dipplin|Dragon Pulse|p1a: Mesprit\n|-damage|p1a: Mesprit|37/275\n|\n|upkeep\n|turn|24\n|inactive|bobbybs has 120 seconds left.\n|\n|t:|1732205680\n|-terastallize|p2a: Dipplin|Steel\n|move|p1a: Mesprit|Healing Wish|p1a: Mesprit\n|faint|p1a: Mesprit\n|move|p2a: Dipplin|Giga Drain|p1: Mesprit|[notarget]\n|-fail|p2a: Dipplin\n|\n|upkeep\n|\n|t:|1732205685\n|switch|p1a: Conkeldurr|Conkeldurr, L80, M, tera:Normal|76/299 brn\n|-heal|p1a: Conkeldurr|299/299|[from] move: Healing Wish\n|turn|25\n|inactive|bobbybs has 120 seconds left.\n|\n|t:|1732205696\n|switch|p2a: Kingdra|Kingdra, L84, M|220/263\n|-damage|p2a: Kingdra|177/263|[from] Spikes\n|move|p1a: Conkeldurr|Mach Punch|p2a: Kingdra\n|-damage|p2a: Kingdra|123/263\n|\n|-status|p1a: Conkeldurr|brn|[from] item: Flame Orb\n|upkeep\n|turn|26\n|inactive|bobbybs has 120 seconds left.\n|inactive|feechlamanna has 120 seconds left.\n|\n|t:|1732205739\n|switch|p1a: Cinderace|Cinderace, L77, M|175/249 par\n|move|p2a: Kingdra|Outrage|p1a: Cinderace\n|-damage|p1a: Cinderace|21/249 par\n|\n|upkeep\n|turn|27\n|\n|t:|1732205745\n|move|p2a: Kingdra|Outrage|p1a: Cinderace|[from]lockedmove\n|-damage|p1a: Cinderace|0 fnt\n|faint|p1a: Cinderace\n|\n|upkeep\n|\n|t:|1732205748\n|switch|p1a: Glalie|Glalie, L96, M|219/309\n|turn|28\n|\n|t:|1732205751\n|move|p1a: Glalie|Freeze-Dry|p2a: Kingdra\n|-supereffective|p2a: Kingdra\n|-damage|p2a: Kingdra|0 fnt\n|faint|p2a: Kingdra\n|\n|upkeep\n|\n|t:|1732205754\n|switch|p2a: Dipplin|Dipplin, L88, M, tera:Steel|237/284\n|-damage|p2a: Dipplin|190/284|[from] Spikes\n|turn|29\n|\n|t:|1732205758\n|move|p1a: Glalie|Taunt|p2a: Dipplin\n|-start|p2a: Dipplin|move: Taunt\n|move|p2a: Dipplin|Dragon Pulse|p1a: Glalie\n|-damage|p1a: Glalie|126/309\n|\n|upkeep\n|turn|30\n|\n|t:|1732205761\n|move|p1a: Glalie|Earthquake|p2a: Dipplin\n|-supereffective|p2a: Dipplin\n|-damage|p2a: Dipplin|106/284\n|move|p2a: Dipplin|Giga Drain|p1a: Glalie\n|-damage|p1a: Glalie|41/309\n|-heal|p2a: Dipplin|149/284|[from] drain|[of] p1a: Glalie\n|\n|upkeep\n|turn|31\n|\n|t:|1732205765\n|move|p1a: Glalie|Earthquake|p2a: Dipplin\n|-supereffective|p2a: Dipplin\n|-damage|p2a: Dipplin|63/284\n|move|p2a: Dipplin|Giga Drain|p1a: Glalie\n|-damage|p1a: Glalie|0 fnt\n|-heal|p2a: Dipplin|84/284|[from] drain|[of] p1a: Glalie\n|faint|p1a: Glalie\n|\n|-end|p2a: Dipplin|move: Taunt\n|upkeep\n|\n|t:|1732205767\n|switch|p1a: Conkeldurr|Conkeldurr, L80, M, tera:Normal|299/299 brn\n|turn|32\n|\n|t:|1732205776\n|move|p2a: Dipplin|Dragon Pulse|p1a: Conkeldurr\n|-damage|p1a: Conkeldurr|182/299 brn\n|move|p1a: Conkeldurr|Close Combat|p2a: Dipplin\n|-supereffective|p2a: Dipplin\n|-damage|p2a: Dipplin|0 fnt\n|-unboost|p1a: Conkeldurr|def|1\n|-unboost|p1a: Conkeldurr|spd|1\n|faint|p2a: Dipplin\n|\n|-damage|p1a: Conkeldurr|164/299 brn|[from] brn\n|upkeep\n|\n|t:|1732205779\n|switch|p2a: Jolteon|Jolteon, L84, F|246/246\n|-damage|p2a: Jolteon|205/246|[from] Spikes\n|turn|33\n|inactive|feechlamanna has 120 seconds left.\n|\n|t:|1732205810\n|move|p1a: Conkeldurr|Mach Punch|p2a: Jolteon\n|-damage|p2a: Jolteon|108/246\n|move|p2a: Jolteon|Thunderbolt|p1a: Conkeldurr\n|-damage|p1a: Conkeldurr|0 fnt\n|faint|p1a: Conkeldurr\n|-damage|p2a: Jolteon|84/246|[from] item: Life Orb\n|\n|upkeep\n|\n|t:|1732205813\n|switch|p1a: Girafarig|Girafarig, L89, M|269/269\n|turn|34\n|\n|t:|1732205819\n|move|p2a: Jolteon|Thunderbolt|p1a: Girafarig\n|-damage|p1a: Girafarig|164/269\n|-damage|p2a: Jolteon|60/246|[from] item: Life Orb\n|move|p1a: Girafarig|Psyshock|p2a: Jolteon\n|-damage|p2a: Jolteon|0 fnt\n|faint|p2a: Jolteon\n|\n|win|feechlamanna\n|raw|feechlamanna's rating: 2207 &rarr; <strong>2238</strong><br />(+31 for winning)\n|raw|bobbybs's rating: 2430 &rarr; <strong>2399</strong><br />(-31 for losing)\n|c|\u2606feechlamanna|gg wp\n", "inputlog": ">version baf9aa68cbe18cf25f290680a08c9ad9c5e3e828\n>start {\"formatid\":\"gen9randombattle\",\"seed\":[26177,44119,31826,64104],\"rated\":\"Rated battle\"}\n>player p1 {\"name\":\"feechlamanna\",\"avatar\":\"266\",\"rating\":2181,\"seed\":[39855,8463,46274,36716]}\n>player p2 {\"name\":\"bobbybs\",\"avatar\":\"265\",\"rating\":2416,\"seed\":[7239,64304,42485,6573]}\n>p1 switch 3\n>p2 move dragonpulse\n>p1 move spikes\n>p2 switch 4\n>p1 switch 6\n>p2 move fireblast\n>p1 move darkpulse\n>p2 move earthquake\n>p1 move darkpulse\n>p2 move thunderbolt\n>p1 switch 6\n>p1 move earthquake\n>p2 switch 6\n>p1 move spikes\n>p2 switch 3\n>p1 switch 5\n>p2 move fireblast\n>p1 move psychic\n>p2 switch 3\n>p1 switch 4\n>p2 move uturn\n>p2 switch 3\n>p1 move uturn\n>p2 move nastyplot\n>p1 switch 4\n>p1 move psychic\n>p2 move sludgewave\n>p2 switch 3\n>p1 switch 4\n>p2 move thunderwave\n>p1 move uturn\n>p2 move uturn\n>p2 switch 6\n>p1 switch 5\n>p1 move earthquake\n>p2 switch 6\n>p1 move taunt\n>p2 move thunderwave\n>p1 switch 4\n>p2 move psychicnoise\n>p1 switch 5\n>p2 move uturn\n>p2 switch 5\n>p1 switch 3\n>p2 move dragondance\n>p1 move facade\n>p2 switch 6\n>p2 switch 5\n>p1 move knockoff terastallize\n>p2 move psychicnoise\n>p1 move facade\n>p2 move psychicnoise\n>p2 switch 4\n>p1 switch 5\n>p2 move dragonpulse\n>p1 move healingwish\n>p2 move gigadrain terastallize\n>p1 switch 5\n>p1 move machpunch\n>p2 switch 6\n>p1 switch 3\n>p2 move outrage\n>p1 move uturn\n>p2 move outrage\n>p1 switch 4\n>p1 move freezedry\n>p2 move outrage\n>p2 switch 6\n>p1 move taunt\n>p2 move dragonpulse\n>p1 move earthquake\n>p2 move gigadrain\n>p1 move earthquake\n>p2 move gigadrain\n>p1 switch 3\n>p1 move closecombat\n>p2 move dragonpulse\n>p2 switch 2\n>p1 move machpunch\n>p2 move thunderbolt\n>p1 switch 2\n>p1 move psyshock\n>p2 move thunderbolt", "uploadtime": 1732205830, "views": 21, "formatid": "gen9randombattle", "rating": 2238, "private": 0, "password": null}