{"id": "gen9randombattle-2207180495", "format": "[Gen 9] Random Battle", "players": ["RB2T Unstoppable", "nooks n grannies"], "log": "|badge|p1|bronze|gen9randombattle|100-2\n|uhtml|medal-msg|<div class=\"broadcast-blue\">Curious what those medals under the avatar are? PS now has Ladder Seasons! For more information, check out the <a href=\"https://www.smogon.com/forums/threads/3740067/\">thread on Smogon.</a></div>\n|raw|<div class=\"broadcast-blue\"><strong>This battle is required to be public due to a player having a name starting with 'rb2t'.</div>\n|j|\u203dRB2T Unstoppable\n|j|\u2606nooks n grannies\n|t:|1727013523\n|gametype|singles\n|player|p1|RB2T Unstoppable|dawn|2387\n|player|p2|nooks n grannies|madame|2256\n|teamsize|p1|6\n|teamsize|p2|6\n|gen|9\n|tier|[Gen 9] Random Battle\n|rated|\n|rule|Species Clause: Limit one of each Pok\u00e9mon\n|rule|HP Percentage Mod: HP is shown in percentages\n|rule|Sleep Clause Mod: Limit one foe put to sleep\n|rule|Illusion Level Mod: Illusion disguises the Pok\u00e9mon's true level\n|\n|t:|1727013523\n|start\n|switch|p1a: Forretress|Forretress, L84, M|263/263\n|switch|p2a: Suicune|Suicune, L82|298/298\n|-ability|p2a: Suicune|Pressure\n|turn|1\n|inactive|Battle timer is ON: inactive players will automatically lose when time's up. (requested by RB2T Unstoppable)\n|inactive|nooks n grannies has 120 seconds left.\n|\n|t:|1727013560\n|switch|p1a: Chimecho|Chimecho, L94, M|293/293\n|move|p2a: Suicune|Scald|p1a: Chimecho\n|-damage|p1a: Chimecho|220/293\n|\n|-heal|p1a: Chimecho|238/293|[from] item: Leftovers\n|upkeep\n|turn|2\n|j| nenegaknight\n|inactive|nooks n grannies has 120 seconds left.\n|\n|t:|1727013592\n|switch|p1a: Eelektross|Eelektross, L87, F|290/290\n|move|p2a: Suicune|Substitute|p2a: Suicune\n|-start|p2a: Suicune|Substitute\n|-damage|p2a: Suicune|224/298\n|\n|-heal|p2a: Suicune|242/298|[from] item: Leftovers\n|upkeep\n|turn|3\n|l| nenegaknight\n|inactive|RB2T Unstoppable has 120 seconds left.\n|\n|t:|1727013615\n|move|p2a: Suicune|Scald|p1a: Eelektross\n|-damage|p1a: Eelektross|205/290\n|-status|p1a: Eelektross|brn\n|move|p1a: Eelektross|Supercell Slam|p2a: Suicune\n|-supereffective|p2a: Suicune\n|-end|p2a: Suicune|Substitute\n|\n|-heal|p2a: Suicune|260/298|[from] item: Leftovers\n|-heal|p1a: Eelektross|223/290 brn|[from] item: Leftovers\n|-damage|p1a: Eelektross|205/290 brn|[from] brn\n|upkeep\n|turn|4\n|inactive|nooks n grannies has 120 seconds left.\n|\n|t:|1727013632\n|switch|p2a: Whiscash|Whiscash, L88, F|337/337\n|move|p1a: Eelektross|Knock Off|p2a: Whiscash\n|-damage|p2a: Whiscash|295/337\n|-enditem|p2a: Whiscash|Leftovers|[from] move: Knock Off|[of] p1a: Eelektross\n|\n|-heal|p1a: Eelektross|223/290 brn|[from] item: Leftovers\n|-damage|p1a: Eelektross|205/290 brn|[from] brn\n|upkeep\n|turn|5\n|\n|t:|1727013645\n|switch|p1a: Chimecho|Chimecho, L94, M|238/293\n|move|p2a: Whiscash|Hydro Pump|p1a: Chimecho\n|-damage|p1a: Chimecho|142/293\n|\n|-heal|p1a: Chimecho|160/293|[from] item: Leftovers\n|upkeep\n|turn|6\n|inactive|nooks n grannies has 120 seconds left.\n|\n|t:|1727013661\n|move|p1a: Chimecho|Cosmic Power|p1a: Chimecho\n|-boost|p1a: Chimecho|def|1\n|-boost|p1a: Chimecho|spd|1\n|move|p2a: Whiscash|Stealth Rock|p1a: Chimecho\n|-sidestart|p1: RB2T Unstoppable|move: Stealth Rock\n|\n|-heal|p1a: Chimecho|178/293|[from] item: Leftovers\n|upkeep\n|turn|7\n|inactive|nooks n grannies has 120 seconds left.\n|\n|t:|1727013672\n|switch|p2a: Goodra|Goodra-Hisui, L82, M|265/265\n|move|p1a: Chimecho|Cosmic Power|p1a: Chimecho\n|-boost|p1a: Chimecho|def|1\n|-boost|p1a: Chimecho|spd|1\n|\n|-heal|p1a: Chimecho|196/293|[from] item: Leftovers\n|upkeep\n|turn|8\n|\n|t:|1727013683\n|move|p1a: Chimecho|Recover|p1a: Chimecho\n|-heal|p1a: Chimecho|293/293\n|move|p2a: Goodra|Heavy Slam|p1a: Chimecho\n|-damage|p1a: Chimecho|236/293\n|\n|-heal|p1a: Chimecho|254/293|[from] item: Leftovers\n|upkeep\n|turn|9\n|\n|t:|1727013702\n|switch|p2a: Infernape|Infernape, L82, M|259/259\n|move|p1a: Chimecho|Cosmic Power|p1a: Chimecho\n|-boost|p1a: Chimecho|def|1\n|-boost|p1a: Chimecho|spd|1\n|\n|-heal|p1a: Chimecho|272/293|[from] item: Leftovers\n|upkeep\n|turn|10\n|\n|t:|1727013714\n|move|p2a: Infernape|Knock Off|p1a: Chimecho\n|-supereffective|p1a: Chimecho\n|-damage|p1a: Chimecho|199/293\n|-enditem|p1a: Chimecho|Leftovers|[from] move: Knock Off|[of] p2a: Infernape\n|-damage|p2a: Infernape|234/259|[from] item: Life Orb\n|move|p1a: Chimecho|Cosmic Power|p1a: Chimecho\n|-boost|p1a: Chimecho|def|1\n|-boost|p1a: Chimecho|spd|1\n|\n|upkeep\n|turn|11\n|\n|t:|1727013730\n|move|p2a: Infernape|Knock Off|p1a: Chimecho\n|-supereffective|p1a: Chimecho\n|-damage|p1a: Chimecho|160/293\n|-damage|p2a: Infernape|209/259|[from] item: Life Orb\n|move|p1a: Chimecho|Cosmic Power|p1a: Chimecho\n|-boost|p1a: Chimecho|def|1\n|-boost|p1a: Chimecho|spd|1\n|\n|upkeep\n|turn|12\n|\n|t:|1727013735\n|switch|p2a: Oricorio|Oricorio-Pa'u, L87, F|272/272\n|move|p1a: Chimecho|Recover|p1a: Chimecho\n|-heal|p1a: Chimecho|293/293\n|\n|upkeep\n|turn|13\n|\n|t:|1727013743\n|move|p2a: Oricorio|Quiver Dance|p2a: Oricorio\n|-boost|p2a: Oricorio|spa|1\n|-boost|p2a: Oricorio|spd|1\n|-boost|p2a: Oricorio|spe|1\n|move|p1a: Chimecho|Stored Power|p2a: Oricorio\n|-resisted|p2a: Oricorio\n|-damage|p2a: Oricorio|167/272\n|\n|upkeep\n|turn|14\n|\n|t:|1727013750\n|move|p2a: Oricorio|Quiver Dance|p2a: Oricorio\n|-boost|p2a: Oricorio|spa|1\n|-boost|p2a: Oricorio|spd|1\n|-boost|p2a: Oricorio|spe|1\n|move|p1a: Chimecho|Stored Power|p2a: Oricorio\n|-resisted|p2a: Oricorio\n|-damage|p2a: Oricorio|92/272\n|\n|upkeep\n|turn|15\n|\n|t:|1727013755\n|move|p2a: Oricorio|Roost|p2a: Oricorio\n|-heal|p2a: Oricorio|228/272\n|-singleturn|p2a: Oricorio|move: Roost\n|move|p1a: Chimecho|Stored Power|p2a: Oricorio\n|-resisted|p2a: Oricorio\n|-damage|p2a: Oricorio|147/272\n|\n|upkeep\n|turn|16\n|\n|t:|1727013760\n|move|p2a: Oricorio|Quiver Dance|p2a: Oricorio\n|-boost|p2a: Oricorio|spa|1\n|-boost|p2a: Oricorio|spd|1\n|-boost|p2a: Oricorio|spe|1\n|move|p1a: Chimecho|Stored Power|p2a: Oricorio\n|-resisted|p2a: Oricorio\n|-damage|p2a: Oricorio|77/272\n|\n|upkeep\n|turn|17\n|\n|t:|1727013764\n|move|p2a: Oricorio|Roost|p2a: Oricorio\n|-heal|p2a: Oricorio|213/272\n|-singleturn|p2a: Oricorio|move: Roost\n|move|p1a: Chimecho|Stored Power|p2a: Oricorio\n|-resisted|p2a: Oricorio\n|-damage|p2a: Oricorio|153/272\n|\n|upkeep\n|turn|18\n|\n|t:|1727013768\n|move|p2a: Oricorio|Quiver Dance|p2a: Oricorio\n|-boost|p2a: Oricorio|spa|1\n|-boost|p2a: Oricorio|spd|1\n|-boost|p2a: Oricorio|spe|1\n|move|p1a: Chimecho|Stored Power|p2a: Oricorio\n|-resisted|p2a: Oricorio\n|-damage|p2a: Oricorio|102/272\n|\n|upkeep\n|turn|19\n|\n|t:|1727013771\n|switch|p1a: Avalugg|Avalugg, L88, F|310/310\n|move|p2a: Oricorio|Roost|p2a: Oricorio\n|-heal|p2a: Oricorio|238/272\n|-singleturn|p2a: Oricorio|move: Roost\n|\n|upkeep\n|turn|20\n|\n|t:|1727013787\n|-terastallize|p2a: Oricorio|Fighting\n|move|p2a: Oricorio|Revelation Dance|p1a: Avalugg\n|-supereffective|p1a: Avalugg\n|-ability|p1a: Avalugg|Sturdy\n|-damage|p1a: Avalugg|1/310\n|move|p1a: Avalugg|Avalanche|p2a: Oricorio\n|-damage|p2a: Oricorio|42/272\n|\n|upkeep\n|turn|21\n|\n|t:|1727013805\n|move|p2a: Oricorio|Roost|p2a: Oricorio\n|-heal|p2a: Oricorio|178/272\n|move|p1a: Avalugg|Body Press|p2a: Oricorio\n|-damage|p2a: Oricorio|52/272\n|\n|upkeep\n|turn|22\n|\n|t:|1727013827\n|move|p2a: Oricorio|Revelation Dance|p1a: Avalugg\n|-supereffective|p1a: Avalugg\n|-damage|p1a: Avalugg|0 fnt\n|faint|p1a: Avalugg\n|\n|upkeep\n|\n|t:|1727013830\n|switch|p1a: Chimecho|Chimecho, L94, M|293/293\n|-damage|p1a: Chimecho|257/293|[from] Stealth Rock\n|turn|23\n|\n|t:|1727013838\n|move|p2a: Oricorio|Hurricane|p1a: Chimecho\n|-damage|p1a: Chimecho|0 fnt\n|faint|p1a: Chimecho\n|\n|upkeep\n|-message|RB2T Unstoppable forfeited.\n|\n|win|nooks n grannies\n|raw|RB2T Unstoppable's rating: 2387 &rarr; <strong>2360</strong><br />(-27 for losing)\n|raw|nooks n grannies's rating: 2256 &rarr; <strong>2283</strong><br />(+27 for winning)\n|l|\u203dRB2T Unstoppable\n|player|p1|\n", "inputlog": ">version ddf5848a381b6afa3b8db755b9bdef59b522c4eb\n>start {\"formatid\":\"gen9randombattle\",\"seed\":[52025,26983,16195,22633],\"rated\":\"Rated battle\"}\n>player p1 {\"name\":\"RB2T Unstoppable\",\"avatar\":\"dawn\",\"rating\":2387,\"seed\":[37854,28270,56062,19664]}\n>player p2 {\"name\":\"nooks n grannies\",\"avatar\":\"madame\",\"rating\":2256,\"seed\":[41035,20251,42679,19901]}\n>p1 switch 6\n>p2 move scald\n>p1 switch 3\n>p2 move substitute\n>p1 move supercellslam\n>p2 move scald\n>p1 move knockoff\n>p2 switch 5\n>p1 switch 3\n>p2 move hydropump\n>p1 move cosmicpower\n>p2 move stealthrock\n>p1 move cosmicpower\n>p2 switch 4\n>p1 move recover\n>p2 move heavyslam\n>p1 move cosmicpower\n>p2 switch 3\n>p1 move cosmicpower\n>p2 move knockoff\n>p1 move cosmicpower\n>p2 move knockoff\n>p1 move recover\n>p2 switch 6\n>p1 move storedpower\n>p2 move quiverdance\n>p1 move storedpower\n>p2 move quiverdance\n>p1 move storedpower\n>p2 move roost\n>p1 move storedpower\n>p2 move quiverdance\n>p1 move storedpower\n>p2 move roost\n>p1 move storedpower\n>p2 move quiverdance\n>p1 switch 5\n>p2 move roost\n>p1 move avalanche\n>p2 move revelationdance terastallize\n>p1 move bodypress\n>p2 move roost\n>p1 move bodypress\n>p2 move revelationdance\n>p1 switch 5\n>p1 move cosmicpower\n>p2 move hurricane\n>forcelose p1", "uploadtime": 1727013847, "views": 85, "formatid": "gen9randombattle", "rating": 2283, "private": 0, "password": null}