{"id": "gen9randombattle-2174199330", "format": "[Gen 9] Random Battle", "players": ["kandkad", "ezws"], "log": "|badge|p1|silver|gen9randombattle|30-2\n|uhtml|medal-msg|<div class=\"broadcast-blue\">Curious what those medals under the avatar are? PS now has Ladder Seasons! For more information, check out the <a href=\"https://www.smogon.com/forums/threads/3740067/\">thread on Smogon.</a></div>\n|badge|p2|silver|gen9randombattle|30-2\n|uhtml|medal-msg|<div class=\"broadcast-blue\">Curious what those medals under the avatar are? PS now has Ladder Seasons! For more information, check out the <a href=\"https://www.smogon.com/forums/threads/3740067/\">thread on Smogon.</a></div>\n|j|\u203dkandkad\n|j|\u2606ezws\n|t:|1722893641\n|gametype|singles\n|player|p1|kandkad|clemont|2452\n|player|p2|ezws|lucas|2478\n|teamsize|p1|6\n|teamsize|p2|6\n|gen|9\n|tier|[Gen 9] Random Battle\n|rated|\n|rule|Species Clause: Limit one of each Pok\u00e9mon\n|rule|HP Percentage Mod: HP is shown in percentages\n|rule|Sleep Clause Mod: Limit one foe put to sleep\n|rule|Illusion Level Mod: Illusion disguises the Pok\u00e9mon's true level\n|\n|t:|1722893641\n|start\n|switch|p1a: Iron Moth|Iron Moth, L78|253/253\n|switch|p2a: Misdreavus|Misdreavus, L90, F|254/254\n|turn|1\n|inactive|Battle timer is ON: inactive players will automatically lose when time's up. (requested by kandkad)\n|j| Referrals\n|inactive|ezws has 120 seconds left.\n|\n|t:|1722893696\n|-end|p1a: Iron Moth|Quark Drive|[silent]\n|switch|p1a: Wyrdeer|Wyrdeer, L87, M|321/321\n|-ability|p1a: Wyrdeer|Intimidate|boost\n|-unboost|p2a: Misdreavus|atk|1\n|switch|p2a: Lanturn|Lanturn, L89, F|367/367\n|\n|upkeep\n|turn|2\n|inactive|ezws has 120 seconds left.\n|\n|t:|1722893735\n|move|p2a: Lanturn|Volt Switch|p1a: Wyrdeer\n|-damage|p1a: Wyrdeer|252/321\n|\n|t:|1722893748\n|switch|p2a: Oinkologne|Oinkologne-F, L92, F|361/361|[from] Volt Switch\n|move|p1a: Wyrdeer|Earthquake|p2a: Oinkologne\n|-damage|p2a: Oinkologne|281/361\n|\n|-heal|p2a: Oinkologne|303/361|[from] item: Leftovers\n|-heal|p1a: Wyrdeer|272/321|[from] item: Leftovers\n|upkeep\n|turn|3\n|\n|t:|1722893771\n|move|p2a: Oinkologne|Curse|p2a: Oinkologne\n|-unboost|p2a: Oinkologne|spe|1\n|-boost|p2a: Oinkologne|atk|1\n|-boost|p2a: Oinkologne|def|1\n|move|p1a: Wyrdeer|Thunder Wave|p2a: Oinkologne\n|-status|p2a: Oinkologne|par\n|\n|-heal|p1a: Wyrdeer|292/321|[from] item: Leftovers\n|-heal|p2a: Oinkologne|325/361 par|[from] item: Leftovers\n|upkeep\n|turn|4\n|\n|t:|1722893790\n|switch|p1a: Iron Jugulis|Iron Jugulis, L78|275/275\n|cant|p2a: Oinkologne|par\n|\n|-heal|p2a: Oinkologne|347/361 par|[from] item: Leftovers\n|upkeep\n|turn|5\n|inactive|ezws has 90 seconds left.\n|\n|t:|1722893828\n|switch|p2a: Lanturn|Lanturn, L89, F|367/367\n|move|p1a: Iron Jugulis|Dark Pulse|p2a: Lanturn\n|-damage|p2a: Lanturn|223/367\n|\n|upkeep\n|turn|6\n|\n|t:|1722893842\n|-end|p1a: Iron Jugulis|Quark Drive|[silent]\n|switch|p1a: Iron Treads|Iron Treads, L77|265/265\n|move|p2a: Lanturn|Volt Switch|p1a: Iron Treads\n|-immune|p1a: Iron Treads\n|\n|upkeep\n|turn|7\n|\n|t:|1722893862\n|-terastallize|p2a: Lanturn|Flying\n|move|p1a: Iron Treads|Knock Off|p2a: Lanturn\n|-damage|p2a: Lanturn|146/367\n|-enditem|p2a: Lanturn|Heavy-Duty Boots|[from] move: Knock Off|[of] p1a: Iron Treads\n|move|p2a: Lanturn|Scald|p1a: Iron Treads\n|-supereffective|p1a: Iron Treads\n|-damage|p1a: Iron Treads|131/265\n|\n|upkeep\n|turn|8\n|\n|t:|1722893868\n|move|p1a: Iron Treads|Iron Head|p2a: Lanturn\n|-damage|p2a: Lanturn|50/367\n|cant|p2a: Lanturn|flinch\n|\n|upkeep\n|turn|9\n|\n|t:|1722893880\n|switch|p2a: Oinkologne|Oinkologne-F, L92, F|347/361 par\n|move|p1a: Iron Treads|Knock Off|p2a: Oinkologne\n|-damage|p2a: Oinkologne|278/361 par\n|-enditem|p2a: Oinkologne|Leftovers|[from] move: Knock Off|[of] p1a: Iron Treads\n|\n|upkeep\n|turn|10\n|\n|t:|1722893883\n|move|p1a: Iron Treads|Iron Head|p2a: Oinkologne\n|-damage|p2a: Oinkologne|188/361 par\n|cant|p2a: Oinkologne|flinch\n|\n|upkeep\n|turn|11\n|\n|t:|1722893886\n|move|p1a: Iron Treads|Iron Head|p2a: Oinkologne\n|-crit|p2a: Oinkologne\n|-damage|p2a: Oinkologne|65/361 par\n|cant|p2a: Oinkologne|flinch\n|\n|upkeep\n|turn|12\n|\n|t:|1722893901\n|move|p1a: Iron Treads|Iron Head|p2a: Oinkologne\n|-damage|p2a: Oinkologne|0 fnt\n|faint|p2a: Oinkologne\n|\n|upkeep\n|\n|t:|1722893903\n|switch|p2a: Roaring Moon|Roaring Moon, L72|270/270\n|turn|13\n|\n|t:|1722893910\n|move|p2a: Roaring Moon|Knock Off|p1a: Iron Treads\n|-damage|p1a: Iron Treads|0 fnt\n|-enditem|p1a: Iron Treads|Assault Vest|[from] move: Knock Off|[of] p2a: Roaring Moon\n|faint|p1a: Iron Treads\n|-end|p1a: Iron Treads|Quark Drive|[silent]\n|\n|upkeep\n|\n|t:|1722893914\n|switch|p1a: Iron Jugulis|Iron Jugulis, L78|275/275\n|turn|14\n|\n|t:|1722893920\n|-end|p2a: Roaring Moon|Protosynthesis|[silent]\n|switch|p2a: Lanturn|Lanturn, L89, F, tera:Flying|50/367\n|move|p1a: Iron Jugulis|Hurricane|p2a: Lanturn\n|-damage|p2a: Lanturn|0 fnt\n|faint|p2a: Lanturn\n|\n|upkeep\n|inactive|ezws has 120 seconds left.\n|\n|t:|1722893936\n|switch|p2a: Clodsire|Clodsire, L81, M|343/343\n|turn|15\n|\n|t:|1722893950\n|move|p1a: Iron Jugulis|Hurricane|p2a: Clodsire\n|-damage|p2a: Clodsire|184/343\n|move|p2a: Clodsire|Stealth Rock|p1a: Iron Jugulis\n|-sidestart|p1: kandkad|move: Stealth Rock\n|\n|-heal|p2a: Clodsire|205/343|[from] item: Leftovers\n|upkeep\n|turn|16\n|\n|t:|1722893954\n|-end|p1a: Iron Jugulis|Quark Drive|[silent]\n|switch|p1a: Wyrdeer|Wyrdeer, L87, M|292/321\n|-damage|p1a: Wyrdeer|252/321|[from] Stealth Rock\n|-ability|p1a: Wyrdeer|Intimidate|boost\n|-unboost|p2a: Clodsire|atk|1\n|move|p2a: Clodsire|Recover|p2a: Clodsire\n|-heal|p2a: Clodsire|343/343\n|\n|-heal|p1a: Wyrdeer|272/321|[from] item: Leftovers\n|upkeep\n|turn|17\n|\n|t:|1722893966\n|switch|p2a: Roaring Moon|Roaring Moon, L72|270/270\n|move|p1a: Wyrdeer|Body Slam|p2a: Roaring Moon\n|-damage|p2a: Roaring Moon|132/270\n|\n|-heal|p1a: Wyrdeer|292/321|[from] item: Leftovers\n|upkeep\n|turn|18\n|\n|t:|1722893977\n|switch|p1a: Flamigo|Flamigo, L82, M|269/269\n|-damage|p1a: Flamigo|236/269|[from] Stealth Rock\n|move|p2a: Roaring Moon|Knock Off|p1a: Flamigo\n|-resisted|p1a: Flamigo\n|-damage|p1a: Flamigo|148/269\n|-enditem|p1a: Flamigo|Life Orb|[from] move: Knock Off|[of] p2a: Roaring Moon\n|\n|upkeep\n|turn|19\n|inactive|ezws has 120 seconds left.\n|\n|t:|1722894009\n|move|p2a: Roaring Moon|Knock Off|p1a: Flamigo\n|-resisted|p1a: Flamigo\n|-damage|p1a: Flamigo|91/269\n|move|p1a: Flamigo|Brave Bird|p2a: Roaring Moon\n|-damage|p2a: Roaring Moon|0 fnt\n|faint|p2a: Roaring Moon\n|-end|p2a: Roaring Moon|Protosynthesis|[silent]\n|-damage|p1a: Flamigo|47/269|[from] Recoil\n|\n|upkeep\n|inactive|ezws has 120 seconds left.\n|\n|t:|1722894016\n|switch|p2a: Misdreavus|Misdreavus, L90, F|254/254\n|turn|20\n|\n|t:|1722894024\n|move|p2a: Misdreavus|Draining Kiss|p1a: Flamigo\n|-supereffective|p1a: Flamigo\n|-damage|p1a: Flamigo|0 fnt\n|faint|p1a: Flamigo\n|\n|upkeep\n|\n|t:|1722894033\n|switch|p1a: Iron Jugulis|Iron Jugulis, L78|275/275\n|-damage|p1a: Iron Jugulis|207/275|[from] Stealth Rock\n|turn|21\n|\n|t:|1722894035\n|switch|p2a: Clodsire|Clodsire, L81, M|343/343\n|move|p1a: Iron Jugulis|Dark Pulse|p2a: Clodsire\n|-damage|p2a: Clodsire|213/343\n|\n|-heal|p2a: Clodsire|234/343|[from] item: Leftovers\n|upkeep\n|turn|22\n|\n|t:|1722894041\n|switch|p2a: Misdreavus|Misdreavus, L90, F|254/254\n|move|p1a: Iron Jugulis|Dark Pulse|p2a: Misdreavus\n|-supereffective|p2a: Misdreavus\n|-damage|p2a: Misdreavus|80/254\n|\n|upkeep\n|turn|23\n|\n|t:|1722894047\n|move|p1a: Iron Jugulis|Dark Pulse|p2a: Misdreavus\n|-supereffective|p2a: Misdreavus\n|-damage|p2a: Misdreavus|0 fnt\n|faint|p2a: Misdreavus\n|\n|upkeep\n|\n|t:|1722894049\n|switch|p2a: Clodsire|Clodsire, L81, M|234/343\n|turn|24\n|\n|t:|1722894052\n|move|p1a: Iron Jugulis|Dark Pulse|p2a: Clodsire\n|-crit|p2a: Clodsire\n|-damage|p2a: Clodsire|32/343\n|move|p2a: Clodsire|Recover|p2a: Clodsire\n|-heal|p2a: Clodsire|204/343\n|\n|-heal|p2a: Clodsire|225/343|[from] item: Leftovers\n|upkeep\n|turn|25\n|\n|t:|1722894055\n|move|p1a: Iron Jugulis|Dark Pulse|p2a: Clodsire\n|-damage|p2a: Clodsire|99/343\n|cant|p2a: Clodsire|flinch\n|\n|-heal|p2a: Clodsire|120/343|[from] item: Leftovers\n|upkeep\n|turn|26\n|\n|t:|1722894057\n|move|p1a: Iron Jugulis|Dark Pulse|p2a: Clodsire\n|-damage|p2a: Clodsire|0 fnt\n|faint|p2a: Clodsire\n|\n|upkeep\n|\n|t:|1722894059\n|switch|p2a: Drednaw|Drednaw, L81, M|278/278\n|turn|27\n|\n|t:|1722894065\n|move|p1a: Iron Jugulis|Dark Pulse|p2a: Drednaw\n|-crit|p2a: Drednaw\n|-damage|p2a: Drednaw|41/278\n|move|p2a: Drednaw|Shell Smash|p2a: Drednaw\n|-unboost|p2a: Drednaw|def|1\n|-unboost|p2a: Drednaw|spd|1\n|-boost|p2a: Drednaw|atk|2\n|-boost|p2a: Drednaw|spa|2\n|-boost|p2a: Drednaw|spe|2\n|-enditem|p2a: Drednaw|White Herb\n|-clearnegativeboost|p2a: Drednaw|[silent]\n|\n|upkeep\n|turn|28\n|\n|t:|1722894074\n|move|p2a: Drednaw|Stone Edge|p1a: Iron Jugulis|[miss]\n|-miss|p2a: Drednaw|p1a: Iron Jugulis\n|move|p1a: Iron Jugulis|Dark Pulse|p2a: Drednaw\n|-damage|p2a: Drednaw|0 fnt\n|faint|p2a: Drednaw\n|\n|win|kandkad\n|raw|kandkad's rating: 2452 &rarr; <strong>2473</strong><br />(+21 for winning)\n|raw|ezws's rating: 2478 &rarr; <strong>2457</strong><br />(-21 for losing)\n|l|\u2606ezws\n|player|p2|\n", "inputlog": ">version 4360de0a8e68d59f2e365e61bed8c1683ebaca20\n>start {\"formatid\":\"gen9randombattle\",\"seed\":[8708,3864,59980,6111],\"rated\":\"Rated battle\"}\n>player p1 {\"name\":\"kandkad\",\"avatar\":\"clemont\",\"rating\":2452,\"seed\":[15745,8157,64510,10745]}\n>player p2 {\"name\":\"ezws\",\"avatar\":\"lucas\",\"rating\":2478,\"seed\":[31889,26421,54676,40892]}\n>p1 switch 6\n>p2 switch 2\n>p1 move earthquake\n>p2 move voltswitch\n>p2 switch 6\n>p1 move thunderwave\n>p2 move curse\n>p1 switch 4\n>p2 move doubleedge\n>p1 move darkpulse\n>p2 switch 6\n>p1 switch 5\n>p2 move voltswitch\n>p1 move knockoff\n>p2 move scald terastallize\n>p1 move ironhead\n>p2 move scald\n>p1 move knockoff\n>p2 switch 6\n>p1 move ironhead\n>p2 move highhorsepower\n>p1 move ironhead\n>p2 move highhorsepower\n>p1 move ironhead\n>p2 move highhorsepower\n>p2 switch 4\n>p1 move earthquake\n>p2 move knockoff\n>p1 switch 5\n>p1 move hurricane\n>p2 switch 6\n>p2 switch 5\n>p1 move hurricane\n>p2 move stealthrock\n>p1 switch 4\n>p2 move recover\n>p1 move bodyslam\n>p2 switch 6\n>p1 switch 2\n>p2 move knockoff\n>p1 move bravebird\n>p2 move knockoff\n>p2 switch 2\n>p1 move closecombat\n>p2 move drainingkiss\n>p1 switch 4\n>p1 move darkpulse\n>p2 switch 6\n>p1 move darkpulse\n>p2 switch 6\n>p1 move darkpulse\n>p2 move drainingkiss\n>p2 switch 6\n>p1 move darkpulse\n>p2 move recover\n>p1 move darkpulse\n>p2 move recover\n>p1 move darkpulse\n>p2 move recover\n>p2 switch 3\n>p1 move darkpulse\n>p2 move shellsmash\n>p1 move darkpulse\n>p2 move stoneedge", "uploadtime": 1722894083, "views": 145, "formatid": "gen9randombattle", "rating": 2457, "private": 0, "password": null}