{"id": "gen9randombattle-2260361525", "format": "[Gen 9] Random Battle", "players": ["useemstohavefun", "Star Wheel"], "log": "|badge|p1|bronze|gen9randombattle|100-3\n|uhtml|medal-msg|<div class=\"broadcast-blue\">Curious what those medals under the avatar are? PS now has Ladder Seasons! For more information, check out the <a href=\"https://www.smogon.com/forums/threads/3740067/\">thread on Smogon.</a></div>\n|badge|p2|silver|gen9randombattle|30-3\n|uhtml|medal-msg|<div class=\"broadcast-blue\">Curious what those medals under the avatar are? PS now has Ladder Seasons! For more information, check out the <a href=\"https://www.smogon.com/forums/threads/3740067/\">thread on Smogon.</a></div>\n|j|\u2606useemstohavefun\n|j|\u2606Star Wheel\n|t:|1733844010\n|gametype|singles\n|player|p1|useemstohavefun|thorton|2311\n|player|p2|Star Wheel|darach-caitlin|2440\n|teamsize|p1|6\n|teamsize|p2|6\n|gen|9\n|tier|[Gen 9] Random Battle\n|rated|\n|rule|Species Clause: Limit one of each Pok\u00e9mon\n|rule|HP Percentage Mod: HP is shown in percentages\n|rule|Sleep Clause Mod: Limit one foe put to sleep\n|rule|Illusion Level Mod: Illusion disguises the Pok\u00e9mon's true level\n|\n|t:|1733844010\n|start\n|switch|p1a: Chimecho|Chimecho, L93, M|290/290\n|switch|p2a: Illumise|Illumise, L91, F|266/266\n|turn|1\n|inactive|Battle timer is ON: inactive players will automatically lose when time's up. (requested by Star Wheel)\n|inactive|useemstohavefun also wants the timer to be on.\n|\n|t:|1733844026\n|switch|p1a: Chansey|Chansey, L85, F|564/564\n|move|p2a: Illumise|Bug Buzz|p1a: Chansey\n|-damage|p1a: Chansey|512/564\n|\n|upkeep\n|turn|2\n|\n|t:|1733844030\n|switch|p2a: Espeon|Espeon, L84, M|246/246\n|move|p1a: Chansey|Stealth Rock|p2a: Espeon\n|move|p2a: Espeon|Stealth Rock|p1a: Chansey|[from]ability: Magic Bounce\n|-sidestart|p1: useemstohavefun|move: Stealth Rock\n|\n|upkeep\n|turn|3\n|\n|t:|1733844034\n|move|p2a: Espeon|Psyshock|p1a: Chansey\n|-damage|p1a: Chansey|163/564\n|move|p1a: Chansey|Seismic Toss|p2a: Espeon\n|-damage|p2a: Espeon|161/246\n|\n|upkeep\n|turn|4\n|\n|t:|1733844041\n|switch|p2a: Illumise|Illumise, L91, F|266/266\n|switch|p1a: Chimecho|Chimecho, L93, M|290/290\n|-damage|p1a: Chimecho|254/290|[from] Stealth Rock\n|\n|-heal|p1a: Chimecho|272/290|[from] item: Leftovers\n|upkeep\n|turn|5\n|\n|t:|1733844045\n|switch|p1a: Chansey|Chansey, L85, F|163/564\n|-damage|p1a: Chansey|93/564|[from] Stealth Rock\n|move|p2a: Illumise|Bug Buzz|p1a: Chansey\n|-damage|p1a: Chansey|36/564\n|\n|upkeep\n|turn|6\n|\n|t:|1733844054\n|move|p2a: Illumise|Bug Buzz|p1a: Chansey\n|-damage|p1a: Chansey|0 fnt\n|faint|p1a: Chansey\n|\n|upkeep\n|\n|t:|1733844056\n|switch|p1a: Cryogonal|Cryogonal, L89|287/287\n|turn|7\n|inactive|Star Wheel has 120 seconds left.\n|\n|t:|1733844108\n|move|p2a: Illumise|Thunder Wave|p1a: Cryogonal\n|-status|p1a: Cryogonal|par\n|move|p1a: Cryogonal|Rapid Spin|p2a: Illumise\n|-damage|p2a: Illumise|238/266\n|-boost|p1a: Cryogonal|spe|1\n|-sideend|p1: useemstohavefun|Stealth Rock|[from] move: Rapid Spin|[of] p1a: Cryogonal\n|\n|upkeep\n|turn|8\n|\n|t:|1733844120\n|switch|p1a: Tropius|Tropius, L91, F|328/328\n|move|p2a: Illumise|Encore||[still]\n|-fail|p2a: Illumise\n|\n|upkeep\n|turn|9\n|\n|t:|1733844125\n|move|p2a: Illumise|Thunder Wave|p1a: Tropius\n|-status|p1a: Tropius|par\n|move|p1a: Tropius|Dual Wingbeat|p2a: Illumise\n|-supereffective|p2a: Illumise\n|-damage|p2a: Illumise|158/266\n|-supereffective|p2a: Illumise\n|-damage|p2a: Illumise|74/266\n|-hitcount|p2a: Illumise|2\n|\n|upkeep\n|turn|10\n|inactive|Star Wheel has 120 seconds left.\n|\n|t:|1733844134\n|switch|p2a: Wyrdeer|Wyrdeer, L87, M|321/321\n|-ability|p2a: Wyrdeer|Intimidate|boost\n|-unboost|p1a: Tropius|atk|1\n|move|p1a: Tropius|Dual Wingbeat|p2a: Wyrdeer\n|-damage|p2a: Wyrdeer|294/321\n|-damage|p2a: Wyrdeer|264/321\n|-hitcount|p2a: Wyrdeer|2\n|\n|upkeep\n|turn|11\n|\n|t:|1733844147\n|move|p2a: Wyrdeer|Megahorn|p1a: Tropius\n|-damage|p1a: Tropius|239/328 par\n|move|p1a: Tropius|Dragon Dance|p1a: Tropius\n|-boost|p1a: Tropius|atk|1\n|-boost|p1a: Tropius|spe|1\n|\n|upkeep\n|turn|12\n|inactive|Star Wheel has 120 seconds left.\n|\n|t:|1733844173\n|move|p2a: Wyrdeer|Psychic Noise|p1a: Tropius\n|-damage|p1a: Tropius|151/328 par\n|-start|p1a: Tropius|move: Heal Block\n|move|p1a: Tropius|Dual Wingbeat|p2a: Wyrdeer|[miss]\n|-miss|p1a: Tropius|p2a: Wyrdeer\n|\n|upkeep\n|turn|13\n|\n|t:|1733844182\n|move|p2a: Wyrdeer|Psychic Noise|p1a: Tropius\n|-damage|p1a: Tropius|60/328 par\n|move|p1a: Tropius|Leaf Blade|p2a: Wyrdeer\n|-damage|p2a: Wyrdeer|174/321\n|\n|-end|p1a: Tropius|move: Heal Block\n|upkeep\n|-enditem|p1a: Tropius|Sitrus Berry|[eat]\n|-heal|p1a: Tropius|142/328 par|[from] item: Sitrus Berry\n|turn|14\n|\n|t:|1733844194\n|switch|p1a: Chimecho|Chimecho, L93, M|272/290\n|move|p2a: Wyrdeer|Psychic Noise|p1a: Chimecho\n|-resisted|p1a: Chimecho\n|-damage|p1a: Chimecho|234/290\n|-start|p1a: Chimecho|move: Heal Block\n|\n|upkeep\n|turn|15\n|\n|t:|1733844199\n|move|p1a: Chimecho|Calm Mind|p1a: Chimecho\n|-boost|p1a: Chimecho|spa|1\n|-boost|p1a: Chimecho|spd|1\n|move|p2a: Wyrdeer|Megahorn|p1a: Chimecho\n|-supereffective|p1a: Chimecho\n|-damage|p1a: Chimecho|62/290\n|\n|-end|p1a: Chimecho|move: Heal Block\n|upkeep\n|turn|16\n|\n|t:|1733844203\n|move|p1a: Chimecho|Recover|p1a: Chimecho\n|-heal|p1a: Chimecho|207/290\n|move|p2a: Wyrdeer|Megahorn|p1a: Chimecho\n|-supereffective|p1a: Chimecho\n|-damage|p1a: Chimecho|33/290\n|\n|-heal|p1a: Chimecho|51/290|[from] item: Leftovers\n|upkeep\n|turn|17\n|\n|t:|1733844214\n|move|p1a: Chimecho|Recover|p1a: Chimecho\n|-heal|p1a: Chimecho|196/290\n|move|p2a: Wyrdeer|Megahorn|p1a: Chimecho|[miss]\n|-miss|p2a: Wyrdeer|p1a: Chimecho\n|\n|-heal|p1a: Chimecho|214/290|[from] item: Leftovers\n|upkeep\n|turn|18\n|\n|t:|1733844218\n|move|p1a: Chimecho|Dazzling Gleam|p2a: Wyrdeer\n|-damage|p2a: Wyrdeer|99/321\n|move|p2a: Wyrdeer|Megahorn|p1a: Chimecho|[miss]\n|-miss|p2a: Wyrdeer|p1a: Chimecho\n|\n|-heal|p1a: Chimecho|232/290|[from] item: Leftovers\n|upkeep\n|turn|19\n|\n|t:|1733844223\n|move|p1a: Chimecho|Dazzling Gleam|p2a: Wyrdeer\n|-damage|p2a: Wyrdeer|21/321\n|move|p2a: Wyrdeer|Megahorn|p1a: Chimecho\n|-supereffective|p1a: Chimecho\n|-damage|p1a: Chimecho|38/290\n|\n|-heal|p1a: Chimecho|56/290|[from] item: Leftovers\n|upkeep\n|turn|20\n|\n|t:|1733844235\n|switch|p2a: Illumise|Illumise, L91, F|74/266\n|move|p1a: Chimecho|Recover|p1a: Chimecho\n|-heal|p1a: Chimecho|201/290\n|\n|-heal|p1a: Chimecho|219/290|[from] item: Leftovers\n|upkeep\n|turn|21\n|\n|t:|1733844263\n|move|p2a: Illumise|Roost|p2a: Illumise\n|-heal|p2a: Illumise|207/266\n|-singleturn|p2a: Illumise|move: Roost\n|move|p1a: Chimecho|Psychic Noise|p2a: Illumise\n|-damage|p2a: Illumise|78/266\n|-start|p2a: Illumise|move: Heal Block\n|\n|-heal|p1a: Chimecho|237/290|[from] item: Leftovers\n|upkeep\n|turn|22\n|\n|t:|1733844273\n|switch|p1a: Cryogonal|Cryogonal, L89|287/287 par\n|move|p2a: Illumise|Thunder Wave|p1a: Cryogonal|[miss]\n|-miss|p2a: Illumise|p1a: Cryogonal\n|\n|-end|p2a: Illumise|move: Heal Block\n|upkeep\n|turn|23\n|\n|t:|1733844283\n|move|p2a: Illumise|Roost|p2a: Illumise\n|-heal|p2a: Illumise|211/266\n|-singleturn|p2a: Illumise|move: Roost\n|move|p1a: Cryogonal|Freeze-Dry|p2a: Illumise\n|-damage|p2a: Illumise|139/266\n|-status|p2a: Illumise|frz\n|\n|upkeep\n|turn|24\n|inactive|Star Wheel has 120 seconds left.\n|\n|t:|1733844314\n|switch|p1a: Tropius|Tropius, L91, F|142/328 par\n|cant|p2a: Illumise|frz\n|\n|upkeep\n|turn|25\n|\n|t:|1733844321\n|switch|p2a: Arceus|Arceus-Flying, L69|279/279\n|move|p1a: Tropius|Dual Wingbeat|p2a: Arceus\n|-damage|p2a: Arceus|239/279\n|-damage|p2a: Arceus|200/279\n|-hitcount|p2a: Arceus|2\n|\n|upkeep\n|turn|26\n|\n|t:|1733844333\n|switch|p1a: Cryogonal|Cryogonal, L89|287/287 par\n|move|p2a: Arceus|Judgment|p1a: Cryogonal\n|-damage|p1a: Cryogonal|218/287 par\n|\n|upkeep\n|turn|27\n|j|+35Q71N\n|inactive|Star Wheel has 120 seconds left.\n|\n|t:|1733844358\n|switch|p2a: Wyrdeer|Wyrdeer, L87, M|21/321\n|-ability|p2a: Wyrdeer|Intimidate|boost\n|-unboost|p1a: Cryogonal|atk|1\n|move|p1a: Cryogonal|Freeze-Dry|p2a: Wyrdeer\n|-damage|p2a: Wyrdeer|0 fnt\n|faint|p2a: Wyrdeer\n|\n|upkeep\n|\n|t:|1733844366\n|switch|p2a: Breloom|Breloom, L82, F|233/233\n|turn|28\n|\n|t:|1733844378\n|switch|p1a: Sinistcha|Sinistcha-Masterpiece, L83|254/254\n|move|p2a: Breloom|Rock Tomb|p1a: Sinistcha\n|-crit|p1a: Sinistcha\n|-damage|p1a: Sinistcha|132/254\n|-unboost|p1a: Sinistcha|spe|1\n|-damage|p2a: Breloom|210/233|[from] item: Life Orb\n|\n|-heal|p1a: Sinistcha|147/254|[from] item: Leftovers\n|upkeep\n|turn|29\n|inactive|Star Wheel has 120 seconds left.\n|\n|t:|1733844403\n|switch|p2a: Espeon|Espeon, L84, M|161/246\n|move|p1a: Sinistcha|Strength Sap|p2a: Espeon\n|move|p2a: Espeon|Strength Sap|p1a: Sinistcha|[from]ability: Magic Bounce\n|-unboost|p1a: Sinistcha|atk|1\n|-heal|p2a: Espeon|246/246\n|\n|-heal|p1a: Sinistcha|162/254|[from] item: Leftovers\n|upkeep\n|turn|30\n|\n|t:|1733844415\n|move|p2a: Espeon|Shadow Ball|p1a: Sinistcha\n|-supereffective|p1a: Sinistcha\n|-damage|p1a: Sinistcha|0 fnt\n|faint|p1a: Sinistcha\n|\n|upkeep\n|\n|t:|1733844423\n|switch|p1a: Cryogonal|Cryogonal, L89|218/287 par\n|turn|31\n|\n|t:|1733844438\n|switch|p2a: Illumise|Illumise, L91, F|139/266 frz\n|move|p1a: Cryogonal|Freeze-Dry|p2a: Illumise\n|-damage|p2a: Illumise|58/266 frz\n|\n|upkeep\n|turn|32\n|\n|t:|1733844442\n|cant|p2a: Illumise|frz\n|move|p1a: Cryogonal|Rapid Spin|p2a: Illumise\n|-crit|p2a: Illumise\n|-damage|p2a: Illumise|17/266 frz\n|-boost|p1a: Cryogonal|spe|1\n|\n|upkeep\n|turn|33\n|\n|t:|1733844445\n|cant|p2a: Illumise|frz\n|cant|p1a: Cryogonal|par\n|\n|upkeep\n|turn|34\n|\n|t:|1733844449\n|cant|p2a: Illumise|frz\n|cant|p1a: Cryogonal|par\n|\n|upkeep\n|turn|35\n|\n|t:|1733844454\n|cant|p2a: Illumise|frz\n|move|p1a: Cryogonal|Rapid Spin|p2a: Illumise\n|-damage|p2a: Illumise|0 fnt\n|-boost|p1a: Cryogonal|spe|1\n|faint|p2a: Illumise\n|\n|upkeep\n|c|+35Q71N|This is not my fault though\n|c|\u2606Star Wheel|nah that's all me\n|inactive|Star Wheel has 120 seconds left.\n|\n|t:|1733844496\n|switch|p2a: Espeon|Espeon, L84, M|246/246\n|turn|36\n|j| critsomnia\n|\n|t:|1733844503\n|switch|p1a: Chimecho|Chimecho, L93, M|237/290\n|move|p2a: Espeon|Psyshock|p1a: Chimecho\n|-resisted|p1a: Chimecho\n|-damage|p1a: Chimecho|159/290\n|\n|-heal|p1a: Chimecho|177/290|[from] item: Leftovers\n|upkeep\n|turn|37\n|\n|t:|1733844510\n|switch|p2a: Flutter Mane|Flutter Mane, L74|203/203\n|move|p1a: Chimecho|Recover|p1a: Chimecho\n|-heal|p1a: Chimecho|290/290\n|\n|upkeep\n|turn|38\n|c|+35Q71N|Hi Ben :)\n|inactive|Star Wheel has 120 seconds left.\n|\n|t:|1733844527\n|switch|p1a: Tropius|Tropius, L91, F|142/328 par\n|move|p2a: Flutter Mane|Calm Mind|p2a: Flutter Mane\n|-boost|p2a: Flutter Mane|spa|1\n|-boost|p2a: Flutter Mane|spd|1\n|\n|upkeep\n|turn|39\n|\n|t:|1733844533\n|move|p2a: Flutter Mane|Mystical Fire|p1a: Tropius\n|-supereffective|p1a: Tropius\n|-damage|p1a: Tropius|0 fnt\n|faint|p1a: Tropius\n|-damage|p2a: Flutter Mane|183/203|[from] item: Life Orb\n|\n|upkeep\n|c| critsomnia|heya thought it was u playing did not check\n|c|+35Q71N|I am stalking an aspiring rbtt player\n|\n|t:|1733844547\n|switch|p1a: Lugia|Lugia, L72|272/272\n|turn|40\n|\n|t:|1733844554\n|move|p2a: Flutter Mane|Mystical Fire|p1a: Lugia\n|-damage|p1a: Lugia|234/272\n|-unboost|p1a: Lugia|spa|1\n|-damage|p2a: Flutter Mane|163/203|[from] item: Life Orb\n|move|p1a: Lugia|Calm Mind|p1a: Lugia\n|-boost|p1a: Lugia|spa|1\n|-boost|p1a: Lugia|spd|1\n|\n|upkeep\n|turn|41\n|\n|t:|1733844565\n|move|p2a: Flutter Mane|Shadow Ball|p1a: Lugia\n|-supereffective|p1a: Lugia\n|-damage|p1a: Lugia|83/272\n|-damage|p2a: Flutter Mane|143/203|[from] item: Life Orb\n|move|p1a: Lugia|Recover|p1a: Lugia\n|-heal|p1a: Lugia|219/272\n|\n|upkeep\n|turn|42\n|c|+35Q71N|And jinxing him in the process, as always\n|\n|t:|1733844583\n|move|p2a: Flutter Mane|Shadow Ball|p1a: Lugia\n|-supereffective|p1a: Lugia\n|-damage|p1a: Lugia|47/272\n|-damage|p2a: Flutter Mane|123/203|[from] item: Life Orb\n|move|p1a: Lugia|Recover|p1a: Lugia\n|-heal|p1a: Lugia|183/272\n|\n|upkeep\n|turn|43\n|\n|t:|1733844591\n|switch|p1a: Cryogonal|Cryogonal, L89|218/287 par\n|move|p2a: Flutter Mane|Shadow Ball|p1a: Cryogonal\n|-damage|p1a: Cryogonal|105/287 par\n|-damage|p2a: Flutter Mane|103/203|[from] item: Life Orb\n|\n|upkeep\n|turn|44\n|\n|t:|1733844598\n|move|p2a: Flutter Mane|Moonblast|p1a: Cryogonal\n|-damage|p1a: Cryogonal|0 fnt\n|faint|p1a: Cryogonal\n|-damage|p2a: Flutter Mane|83/203|[from] item: Life Orb\n|\n|upkeep\n|\n|t:|1733844602\n|switch|p1a: Chimecho|Chimecho, L93, M|290/290\n|turn|45\n|\n|t:|1733844609\n|-terastallize|p1a: Chimecho|Electric\n|move|p2a: Flutter Mane|Calm Mind|p2a: Flutter Mane\n|-boost|p2a: Flutter Mane|spa|1\n|-boost|p2a: Flutter Mane|spd|1\n|move|p1a: Chimecho|Calm Mind|p1a: Chimecho\n|-boost|p1a: Chimecho|spa|1\n|-boost|p1a: Chimecho|spd|1\n|\n|upkeep\n|turn|46\n|\n|t:|1733844615\n|-terastallize|p2a: Flutter Mane|Fairy\n|move|p2a: Flutter Mane|Moonblast|p1a: Chimecho\n|-damage|p1a: Chimecho|82/290\n|-damage|p2a: Flutter Mane|63/203|[from] item: Life Orb\n|move|p1a: Chimecho|Calm Mind|p1a: Chimecho\n|-boost|p1a: Chimecho|spa|1\n|-boost|p1a: Chimecho|spd|1\n|\n|-heal|p1a: Chimecho|100/290|[from] item: Leftovers\n|upkeep\n|turn|47\n|\n|t:|1733844622\n|move|p2a: Flutter Mane|Moonblast|p1a: Chimecho\n|-damage|p1a: Chimecho|0 fnt\n|faint|p1a: Chimecho\n|-damage|p2a: Flutter Mane|43/203|[from] item: Life Orb\n|\n|upkeep\n|\n|t:|1733844624\n|switch|p1a: Lugia|Lugia, L72|183/272\n|turn|48\n|\n|t:|1733844626\n|move|p2a: Flutter Mane|Shadow Ball|p1a: Lugia\n|-supereffective|p1a: Lugia\n|-damage|p1a: Lugia|0 fnt\n|faint|p1a: Lugia\n|-damage|p2a: Flutter Mane|23/203|[from] item: Life Orb\n|\n|win|Star Wheel\n|raw|useemstohavefun's rating: 2311 &rarr; <strong>2298</strong><br />(-13 for losing)\n|raw|Star Wheel's rating: 2440 &rarr; <strong>2453</strong><br />(+13 for winning)\n|c|\u2606Star Wheel|gg\n|c|\u2606useemstohavefun|gg\n|l|\u2606useemstohavefun\n|player|p1|\n|c|\u2606Star Wheel|aight one more gen 9 for the day\n|c|+35Q71N|Isn't it noon for you?\n|c|+35Q71N|Or morning\n|c|+35Q71N|Not noon\n|c|+35Q71N|Morning\n|c|\u2606Star Wheel|morning lol\n|c|\u2606Star Wheel|I'm not that deranged\n|c|+35Q71N|Mmmmmmmmmmmmmmmmmmmh\n|c|\u2606Star Wheel|I try to keep my weekday games to an hour or two most of the time\n|c|+35Q71N|So you actually do work, wow\n|c|\u2606Star Wheel|i know it is surprising\n|c| critsomnia|smart person, keeping your sanity in tact\n|c|\u2606Star Wheel|see crit knows whats up\n|c|+35Q71N|Guy who literally has \"morally deranged\" as an alt '-'\n|c| critsomnia|haha been a while\n|c|\u2606Star Wheel|LMAO\n|c| critsomnia|been laddering on this now though\n|c|\u2606Star Wheel|that's great\n|c| critsomnia|good to have an account in the back to learn other formats on\n|c|+35Q71N|(To give context, Ben is one of my closest friends here)\n|c|+35Q71N|(We met on the bdsp ladder and he beat me, starting the classic action of bullying towards me)\n|c| critsomnia|nice to meet you, hopefully you get to 3rd today and if not i wish you the strength to not load another one up\n|c|\u2606Star Wheel|lol thanks yall\n|c|+35Q71N|Oh he was already top 3\n|c|+35Q71N|But then I started spectating him and lost\n|c|\u2606Star Wheel|yeah I was 2 at the end yesterday\n|c|+35Q71N|They told me the guy in first place is quite good\n|c|\u2606Star Wheel|I actually have a win streak on him rn\n|c|+35Q71N|Are you japanese, by chance?\n|c|\u2606Star Wheel|think I've won my last 3 against him\n|c|\u2606Star Wheel|part\n|c|+35Q71N|Wait, fr?\n|c|+35Q71N|I thought you had korean origins since you visited the country this summer\n|c|\u2606Star Wheel|nah that's my fiance\n|c|+35Q71N|I didn't expect you had japanese roots :o\n|c|\u2606Star Wheel|:)\n|c|+35Q71N|You have a fianc\u00e8 as well?\n|c|\u2606Star Wheel|mhm\n|c|+35Q71N|Oh man, I can't make fun of you anymore\n|c|\u2606Star Wheel|lmaooo\n|c|\u2606Star Wheel|you can\n|c|+35Q71N|(I will)\n|c|+35Q71N|Wedding when?\n|c|\u2606Star Wheel|next fall hopefully\n|c|+35Q71N|Nice :)\n|c|\u2606Star Wheel|yep very excited\n|c|+35Q71N|Does your fiance know you are a ps addict?\n|c| critsomnia|grats on the wedding!\n|c|\u2606Star Wheel|thank you!\n|c|\u2606Star Wheel|and yes she does lol\n|c|\u2606Star Wheel|she doesn't really understand how much I play tho\n|c| critsomnia|when did you tell her if i may ask\n|c| critsomnia|haha same\n|c| critsomnia|i warmed her up with half-truths aswell\n|c|+35Q71N|It took you one year Ben :')\n|c| critsomnia|hahah it really did\n|c|\u2606Star Wheel|lol she knew from the start\n|c|\u2606Star Wheel|I've been playing showdown for like 8 years now\n|c|\u2606Star Wheel|would play in college class too\n|c|\u2606Star Wheel|so she saw everything lol\n|c|+35Q71N|Interesting\n|c|+35Q71N|So she tolerates you despite your daily descent into madness\n|c|\u2606Star Wheel|yeah that's how it goes\n|c| critsomnia|you're a stronger person than i am, i needed to tell because we were going to live together\n|c|\u2606Star Wheel|that's where all my luck actually goes :)\n|c|\u2606Star Wheel|lolllll\n|c|\u2606Star Wheel|yeah that's when it got more real for sure\n|c| critsomnia|got to go, see you both another time!\n|l| critsomnia\n|c|\u2606Star Wheel|nice talking!\n|c|+35Q71N|Cya Ben!\n|l|\u2606Star Wheel\n|player|p2|\n", "inputlog": ">version bfd83cad13791eb5a5a409923076391caf6fb4d4\n>start {\"formatid\":\"gen9randombattle\",\"seed\":[50390,6609,15935,18427],\"rated\":\"Rated battle\"}\n>player p1 {\"name\":\"useemstohavefun\",\"avatar\":\"thorton\",\"rating\":2311,\"seed\":[49553,57165,20692,10436]}\n>player p2 {\"name\":\"Star Wheel\",\"avatar\":\"darach-caitlin\",\"rating\":2440,\"seed\":[2303,27431,25009,12098]}\n>p1 switch 5\n>p2 move bugbuzz\n>p1 move stealthrock\n>p2 switch 6\n>p1 move seismictoss\n>p2 move psyshock\n>p1 switch 5\n>p2 switch 6\n>p1 switch 5\n>p2 move bugbuzz\n>p1 move softboiled\n>p2 move bugbuzz\n>p1 switch 6\n>p1 move rapidspin\n>p2 move thunderwave\n>p1 switch 2\n>p2 move encore\n>p1 move dualwingbeat\n>p2 move thunderwave\n>p1 move dualwingbeat\n>p2 switch 4\n>p1 move dragondance\n>p2 move megahorn\n>p1 move dualwingbeat\n>p2 move psychicnoise\n>p1 move leafblade\n>p2 move psychicnoise\n>p1 switch 5\n>p2 move psychicnoise\n>p1 move calmmind\n>p2 move megahorn\n>p1 move recover\n>p2 move megahorn\n>p1 move recover\n>p2 move megahorn\n>p1 move dazzlinggleam\n>p2 move megahorn\n>p1 move dazzlinggleam\n>p2 move megahorn\n>p1 move recover\n>p2 switch 4\n>p1 move psychicnoise\n>p2 move roost\n>p1 switch 2\n>p2 move thunderwave\n>p1 move freezedry\n>p2 move roost\n>p1 switch 5\n>p2 move bugbuzz\n>p1 move dualwingbeat\n>p2 switch 3\n>p1 switch 5\n>p2 move judgment\n>p1 move freezedry\n>p2 switch 4\n>p2 switch 2\n>p1 switch 4\n>p2 move rocktomb\n>p1 move strengthsap\n>p2 switch 6\n>p1 move shadowball\n>p2 move shadowball\n>p1 switch 4\n>p1 move freezedry\n>p2 switch 3\n>p1 move rapidspin\n>p2 move roost\n>p1 move rapidspin\n>p2 move roost\n>p1 move rapidspin\n>p2 move roost\n>p1 move rapidspin\n>p2 move roost\n>chat +35Q71N|This is not my fault though\n>chat \u2606Star Wheel|nah that's all me\n>p2 switch 3\n>p1 switch 2\n>p2 move psyshock\n>p1 move recover\n>p2 switch 5\n>chat +35Q71N|Hi Ben :)\n>p1 switch 5\n>p2 move calmmind\n>p1 move leafblade\n>p2 move mysticalfire\n>chat  critsomnia|heya thought it was u playing did not check \n>chat +35Q71N|I am stalking an aspiring rbtt player\n>p1 switch 3\n>p1 move calmmind\n>p2 move mysticalfire\n>p1 move recover\n>p2 move shadowball\n>chat +35Q71N|And jinxing him in the process, as always\n>p1 move recover\n>p2 move shadowball\n>p1 switch 2\n>p2 move shadowball\n>p1 move freezedry\n>p2 move moonblast\n>p1 switch 5\n>p1 move calmmind terastallize\n>p2 move calmmind\n>p1 move calmmind\n>p2 move moonblast terastallize\n>p1 move recover\n>p2 move moonblast\n>p1 switch 2\n>p1 move aeroblast\n>p2 move shadowball", "uploadtime": 1733845760, "views": 1, "formatid": "gen9randombattle", "rating": 2298, "private": 0, "password": null}