{"id": "gen9randombattle-2072503507", "format": "[Gen 9] Random Battle", "players": ["kino", "Batram"], "log": "|j|\u2606kino\n|j|\u2606Batram\n|t:|1709481584\n|gametype|singles\n|player|p1|kino|wallace-masters|2175\n|player|p2|Batram|265|2302\n|teamsize|p1|6\n|teamsize|p2|6\n|gen|9\n|tier|[Gen 9] Random Battle\n|rated|\n|rule|Species Clause: Limit one of each Pok\u00e9mon\n|rule|HP Percentage Mod: HP is shown in percentages\n|rule|Sleep Clause Mod: Limit one foe put to sleep\n|rule|Illusion Level Mod: Illusion disguises the Pok\u00e9mon's true level\n|\n|t:|1709481584\n|start\n|switch|p1a: Raging Bolt|Raging Bolt, L78|323/323\n|switch|p2a: Eelektross|Eelektross, L87, M|290/290\n|turn|1\n|\n|t:|1709481594\n|move|p1a: Raging Bolt|Volt Switch|p2a: Eelektross\n|-resisted|p2a: Eelektross\n|-damage|p2a: Eelektross|260/290\n|\n|t:|1709481598\n|-end|p1a: Raging Bolt|Protosynthesis|[silent]\n|switch|p1a: Iron Hands|Iron Hands, L79|373/373|[from] Volt Switch\n|move|p2a: Eelektross|U-turn|p1a: Iron Hands\n|-resisted|p1a: Iron Hands\n|-damage|p1a: Iron Hands|345/373\n|\n|t:|1709481616\n|switch|p2a: Basculegion|Basculegion, L81, M|327/327|[from] U-turn\n|\n|-heal|p1a: Iron Hands|368/373|[from] item: Leftovers\n|upkeep\n|turn|2\n|\n|t:|1709481620\n|move|p2a: Basculegion|Flip Turn|p1a: Iron Hands\n|-damage|p1a: Iron Hands|290/373\n|\n|t:|1709481625\n|switch|p2a: Toxtricity|Toxtricity, L82, F|257/257|[from] Flip Turn\n|move|p1a: Iron Hands|Wild Charge|p2a: Toxtricity\n|-resisted|p2a: Toxtricity\n|-damage|p2a: Toxtricity|184/257\n|-damage|p1a: Iron Hands|272/373|[from] Recoil\n|\n|-heal|p1a: Iron Hands|295/373|[from] item: Leftovers\n|upkeep\n|turn|3\n|\n|t:|1709481640\n|-end|p1a: Iron Hands|Quark Drive|[silent]\n|switch|p1a: Raging Bolt|Raging Bolt, L78|323/323\n|move|p2a: Toxtricity|Boomburst|p1a: Raging Bolt\n|-damage|p1a: Raging Bolt|232/323\n|\n|upkeep\n|turn|4\n|\n|t:|1709481644\n|move|p2a: Toxtricity|Boomburst|p1a: Raging Bolt\n|-damage|p1a: Raging Bolt|126/323\n|move|p1a: Raging Bolt|Draco Meteor|p2a: Toxtricity\n|-damage|p2a: Toxtricity|0 fnt\n|-unboost|p1a: Raging Bolt|spa|2\n|faint|p2a: Toxtricity\n|\n|upkeep\n|\n|t:|1709481669\n|switch|p2a: Basculegion|Basculegion, L81, M|327/327\n|turn|5\n|\n|t:|1709481673\n|move|p2a: Basculegion|Flip Turn|p1a: Raging Bolt\n|-resisted|p1a: Raging Bolt\n|-damage|p1a: Raging Bolt|82/323\n|\n|t:|1709481677\n|switch|p2a: Scream Tail|Scream Tail, L84|330/330|[from] Flip Turn\n|move|p1a: Raging Bolt|Volt Switch|p2a: Scream Tail\n|-crit|p2a: Scream Tail\n|-damage|p2a: Scream Tail|227/330\n|\n|t:|1709481681\n|-end|p1a: Raging Bolt|Protosynthesis|[silent]\n|switch|p1a: Arbok|Arbok, L87, F|246/246|[from] Volt Switch\n|-ability|p1a: Arbok|Intimidate|boost\n|-unboost|p2a: Scream Tail|atk|1\n|\n|-heal|p2a: Scream Tail|247/330|[from] item: Leftovers\n|upkeep\n|turn|6\n|\n|t:|1709481690\n|move|p2a: Scream Tail|Thunder Wave|p1a: Arbok\n|-status|p1a: Arbok|par\n|move|p1a: Arbok|Gunk Shot|p2a: Scream Tail\n|-supereffective|p2a: Scream Tail\n|-damage|p2a: Scream Tail|0 fnt\n|faint|p2a: Scream Tail\n|-end|p2a: Scream Tail|Protosynthesis|[silent]\n|-damage|p1a: Arbok|222/246 par|[from] item: Life Orb\n|\n|upkeep\n|\n|t:|1709481713\n|switch|p2a: Basculegion|Basculegion, L81, M|327/327\n|turn|7\n|\n|t:|1709481721\n|move|p2a: Basculegion|Flip Turn|p1a: Arbok\n|-damage|p1a: Arbok|120/246 par\n|\n|t:|1709481724\n|switch|p2a: Eelektross|Eelektross, L87, M|260/290|[from] Flip Turn\n|move|p1a: Arbok|Knock Off|p2a: Eelektross\n|-damage|p2a: Eelektross|168/290\n|-enditem|p2a: Eelektross|Assault Vest|[from] move: Knock Off|[of] p1a: Arbok\n|-damage|p1a: Arbok|96/246 par|[from] item: Life Orb\n|\n|upkeep\n|turn|8\n|\n|t:|1709481733\n|switch|p1a: Raging Bolt|Raging Bolt, L78|82/323\n|move|p2a: Eelektross|Thunderbolt|p1a: Raging Bolt\n|-resisted|p1a: Raging Bolt\n|-damage|p1a: Raging Bolt|64/323\n|\n|upkeep\n|turn|9\n|\n|t:|1709481737\n|move|p1a: Raging Bolt|Draco Meteor|p2a: Eelektross|[miss]\n|-miss|p1a: Raging Bolt|p2a: Eelektross\n|move|p2a: Eelektross|Flamethrower|p1a: Raging Bolt\n|-resisted|p1a: Raging Bolt\n|-damage|p1a: Raging Bolt|38/323\n|\n|upkeep\n|turn|10\n|\n|t:|1709481742\n|switch|p2a: Basculegion|Basculegion, L81, M|327/327\n|move|p1a: Raging Bolt|Draco Meteor|p2a: Basculegion\n|-damage|p2a: Basculegion|212/327\n|-unboost|p1a: Raging Bolt|spa|2\n|\n|upkeep\n|turn|11\n|\n|t:|1709481768\n|-end|p1a: Raging Bolt|Protosynthesis|[silent]\n|switch|p1a: Arbok|Arbok, L87, F|96/246 par\n|-ability|p1a: Arbok|Intimidate|boost\n|-unboost|p2a: Basculegion|atk|1\n|move|p2a: Basculegion|Shadow Ball|p1a: Arbok\n|-damage|p1a: Arbok|2/246 par\n|\n|upkeep\n|turn|12\n|\n|t:|1709481772\n|move|p2a: Basculegion|Aqua Jet|p1a: Arbok\n|-damage|p1a: Arbok|0 fnt\n|faint|p1a: Arbok\n|\n|upkeep\n|\n|t:|1709481779\n|switch|p1a: Glaceon|Glaceon, L94, F|275/275\n|turn|13\n|\n|t:|1709481818\n|move|p1a: Glaceon|Freeze-Dry|p2a: Basculegion\n|-supereffective|p2a: Basculegion\n|-damage|p2a: Basculegion|24/327\n|move|p2a: Basculegion|Flip Turn|p1a: Glaceon\n|-damage|p1a: Glaceon|229/275\n|\n|t:|1709481824\n|switch|p2a: Flareon|Flareon, L90, M|263/263|[from] Flip Turn\n|\n|-status|p2a: Flareon|tox|[from] item: Toxic Orb\n|upkeep\n|turn|14\n|\n|t:|1709481834\n|move|p1a: Glaceon|Protect|p1a: Glaceon\n|-singleturn|p1a: Glaceon|Protect\n|move|p2a: Flareon|Flare Blitz|p1a: Glaceon\n|-activate|p1a: Glaceon|move: Protect\n|\n|-damage|p2a: Flareon|247/263 tox|[from] psn\n|upkeep\n|turn|15\n|\n|t:|1709481839\n|switch|p1a: Raging Bolt|Raging Bolt, L78|38/323\n|move|p2a: Flareon|Facade|p1a: Raging Bolt\n|-damage|p1a: Raging Bolt|0 fnt\n|faint|p1a: Raging Bolt\n|-end|p1a: Raging Bolt|Protosynthesis|[silent]\n|\n|-damage|p2a: Flareon|215/263 tox|[from] psn\n|upkeep\n|\n|t:|1709481844\n|switch|p1a: Iron Hands|Iron Hands, L79|295/373\n|turn|16\n|\n|t:|1709481863\n|move|p2a: Flareon|Flare Blitz|p1a: Iron Hands\n|-damage|p1a: Iron Hands|28/373\n|-damage|p2a: Flareon|127/263 tox|[from] Recoil\n|move|p1a: Iron Hands|Drain Punch|p2a: Flareon\n|-damage|p2a: Flareon|18/263 tox\n|-heal|p1a: Iron Hands|83/373|[from] drain|[of] p2a: Flareon\n|\n|-heal|p1a: Iron Hands|106/373|[from] item: Leftovers\n|-damage|p2a: Flareon|0 fnt|[from] psn\n|faint|p2a: Flareon\n|upkeep\n|\n|t:|1709481867\n|switch|p2a: Basculegion|Basculegion, L81, M|24/327\n|turn|17\n|\n|t:|1709481900\n|move|p2a: Basculegion|Wave Crash|p1a: Iron Hands\n|-damage|p1a: Iron Hands|0 fnt\n|faint|p1a: Iron Hands\n|-end|p1a: Iron Hands|Quark Drive|[silent]\n|-damage|p2a: Basculegion|0 fnt|[from] Recoil\n|faint|p2a: Basculegion\n|\n|upkeep\n|\n|t:|1709481904\n|switch|p2a: Eelektross|Eelektross, L87, M|168/290\n|switch|p1a: Glaceon|Glaceon, L94, F|229/275\n|turn|18\n|\n|t:|1709481909\n|-terastallize|p2a: Eelektross|Steel\n|move|p1a: Glaceon|Yawn|p2a: Eelektross\n|-start|p2a: Eelektross|move: Yawn|[of] p1a: Glaceon\n|move|p2a: Eelektross|Flamethrower|p1a: Glaceon\n|-supereffective|p1a: Glaceon\n|-damage|p1a: Glaceon|113/275\n|\n|upkeep\n|turn|19\n|\n|t:|1709481919\n|move|p1a: Glaceon|Wish|p1a: Glaceon\n|move|p2a: Eelektross|Thunderbolt|p1a: Glaceon\n|-damage|p1a: Glaceon|26/275\n|-status|p1a: Glaceon|par\n|\n|-end|p2a: Eelektross|move: Yawn|[silent]\n|-status|p2a: Eelektross|slp\n|upkeep\n|turn|20\n|\n|t:|1709481925\n|cant|p2a: Eelektross|slp\n|move|p1a: Glaceon|Freeze-Dry|p2a: Eelektross\n|-resisted|p2a: Eelektross\n|-damage|p2a: Eelektross|113/290 slp\n|\n|-heal|p1a: Glaceon|163/275 par|[from] move: Wish|[wisher] Glaceon\n|upkeep\n|turn|21\n|\n|t:|1709481928\n|cant|p2a: Eelektross|slp\n|move|p1a: Glaceon|Wish|p1a: Glaceon\n|\n|upkeep\n|turn|22\n|\n|t:|1709481930\n|cant|p2a: Eelektross|slp\n|cant|p1a: Glaceon|par\n|\n|-heal|p1a: Glaceon|275/275 par|[from] move: Wish|[wisher] Glaceon\n|upkeep\n|turn|23\n|\n|t:|1709481936\n|-curestatus|p2a: Eelektross|slp|[msg]\n|move|p2a: Eelektross|Flamethrower|p1a: Glaceon\n|-supereffective|p1a: Glaceon\n|-damage|p1a: Glaceon|159/275 par\n|move|p1a: Glaceon|Yawn|p2a: Eelektross\n|-start|p2a: Eelektross|move: Yawn|[of] p1a: Glaceon\n|\n|upkeep\n|turn|24\n|\n|t:|1709481942\n|move|p2a: Eelektross|Flamethrower|p1a: Glaceon\n|-supereffective|p1a: Glaceon\n|-damage|p1a: Glaceon|27/275 par\n|cant|p1a: Glaceon|par\n|\n|-end|p2a: Eelektross|move: Yawn|[silent]\n|-status|p2a: Eelektross|slp\n|upkeep\n|turn|25\n|\n|t:|1709481946\n|cant|p2a: Eelektross|slp\n|cant|p1a: Glaceon|par\n|\n|upkeep\n|turn|26\n|\n|t:|1709481949\n|-curestatus|p2a: Eelektross|slp|[msg]\n|move|p2a: Eelektross|Flamethrower|p1a: Glaceon\n|-supereffective|p1a: Glaceon\n|-damage|p1a: Glaceon|0 fnt\n|faint|p1a: Glaceon\n|\n|upkeep\n|\n|t:|1709481950\n|switch|p1a: Primarina|Primarina, L83, F|268/268\n|turn|27\n|\n|t:|1709481957\n|move|p1a: Primarina|Calm Mind|p1a: Primarina\n|-boost|p1a: Primarina|spa|1\n|-boost|p1a: Primarina|spd|1\n|move|p2a: Eelektross|Thunderbolt|p1a: Primarina\n|-supereffective|p1a: Primarina\n|-damage|p1a: Primarina|152/268\n|\n|-heal|p1a: Primarina|168/268|[from] item: Leftovers\n|upkeep\n|turn|28\n|\n|t:|1709481959\n|move|p1a: Primarina|Sparkling Aria|p2a: Eelektross\n|-damage|p2a: Eelektross|0 fnt\n|faint|p2a: Eelektross\n|\n|-heal|p1a: Primarina|184/268|[from] item: Leftovers\n|upkeep\n|-message|Batram forfeited.\n|\n|win|kino\n|raw|kino's rating: 2175 &rarr; <strong>2202</strong><br />(+27 for winning)\n|raw|Batram's rating: 2302 &rarr; <strong>2275</strong><br />(-27 for losing)\n|l|\u2606Batram\n|player|p2|\n", "inputlog": ">version c4ae0cf9f41f905e887269426d9f7fc3e478d0c6\n>start {\"formatid\":\"gen9randombattle\",\"seed\":[8313,41762,598,61671],\"rated\":\"Rated battle\"}\n>player p1 {\"name\":\"kino\",\"avatar\":\"wallace-masters\",\"rating\":2175,\"seed\":[5592,58614,63728,43486]}\n>player p2 {\"name\":\"Batram\",\"avatar\":\"265\",\"rating\":2302,\"seed\":[57210,48861,19245,29975]}\n>p1 move voltswitch\n>p2 move uturn\n>p1 switch 4\n>p2 switch 5\n>p1 move wildcharge\n>p2 move flipturn\n>p2 switch 3\n>p1 switch 4\n>p2 move boomburst\n>p1 move dracometeor\n>p2 move boomburst\n>p2 switch 3\n>p1 move voltswitch\n>p2 move flipturn\n>p2 switch 2\n>p1 switch 5\n>p1 move gunkshot\n>p2 move thunderwave\n>p2 switch 2\n>p1 move knockoff\n>p2 move flipturn\n>p2 switch 5\n>p1 switch 5\n>p2 move thunderbolt\n>p1 move dracometeor\n>p2 move flamethrower\n>p1 move dracometeor\n>p2 switch 5\n>p1 switch 5\n>p2 move shadowball\n>p1 move glare\n>p2 move aquajet\n>p1 switch 6\n>p1 move freezedry\n>p2 move flipturn\n>p2 switch 6\n>p1 move protect\n>p2 move flareblitz\n>p1 switch 5\n>p2 move facade\n>p1 switch 4\n>p1 move drainpunch\n>p2 move flareblitz\n>p2 switch 6\n>p1 move wildcharge\n>p2 move wavecrash\n>p1 switch 5\n>p2 switch 5\n>p1 move yawn\n>p2 move flamethrower terastallize\n>p1 move wish\n>p2 move thunderbolt\n>p1 move freezedry\n>p2 move flamethrower\n>p1 move wish\n>p2 move flamethrower\n>p1 move yawn\n>p2 move flamethrower\n>p1 move yawn\n>p2 move flamethrower\n>p1 move freezedry\n>p2 move flamethrower\n>p1 move freezedry\n>p2 move flamethrower\n>p1 move freezedry\n>p2 move flamethrower\n>p1 switch 2\n>p1 move calmmind\n>p2 move thunderbolt\n>p1 move sparklingaria\n>p2 move thunderbolt\n>forcelose p2", "uploadtime": 1709481977, "views": 248, "formatid": "gen9randombattle", "rating": 2202, "private": 0, "password": null}