{"id": "gen9randombattle-2202553193", "format": "[Gen 9] Random Battle", "players": ["RBLT MDB2", "rblt castelia"], "log": "|badge|p1|gold|gen9randombattle|3-2\n|uhtml|medal-msg|<div class=\"broadcast-blue\">Curious what those medals under the avatar are? PS now has Ladder Seasons! For more information, check out the <a href=\"https://www.smogon.com/forums/threads/3740067/\">thread on Smogon.</a></div>\n|badge|p2|silver|gen9randombattle|30-2\n|uhtml|medal-msg|<div class=\"broadcast-blue\">Curious what those medals under the avatar are? PS now has Ladder Seasons! For more information, check out the <a href=\"https://www.smogon.com/forums/threads/3740067/\">thread on Smogon.</a></div>\n|j|\u2606RBLT MDB2\n|j|\u2606rblt castelia\n|t:|1726455765\n|gametype|singles\n|player|p1|RBLT MDB2|#vgcpliiizoruas|2558\n|player|p2|rblt castelia|aromalady|2475\n|teamsize|p1|6\n|teamsize|p2|6\n|gen|9\n|tier|[Gen 9] Random Battle\n|rated|\n|rule|Species Clause: Limit one of each Pok\u00e9mon\n|rule|HP Percentage Mod: HP is shown in percentages\n|rule|Sleep Clause Mod: Limit one foe put to sleep\n|rule|Illusion Level Mod: Illusion disguises the Pok\u00e9mon's true level\n|\n|t:|1726455765\n|start\n|switch|p1a: Inteleon|Inteleon, L81, F|246/246\n|switch|p2a: Gumshoos|Gumshoos, L95, M|321/321\n|turn|1\n|j|+chemcoop\n|inactive|Battle timer is ON: inactive players will automatically lose when time's up. (requested by rblt castelia)\n|j| skymin<3\n|j| RBLT Ilex\n|j| RBLT raulcan\n|j| rb LTG99\n|j| RBLT pokeblade101\n|j| Acp123\n|j| RBLT jj\n|j| freezai\n|j| RBLT Hoops\n|\n|t:|1726455813\n|move|p1a: Inteleon|U-turn|p2a: Gumshoos\n|-damage|p2a: Gumshoos|276/321\n|\n|t:|1726455814\n|switch|p1a: Ceruledge|Ceruledge, L78, M|245/245|[from] U-turn\n|move|p2a: Gumshoos|U-turn|p1a: Ceruledge\n|-resisted|p1a: Ceruledge\n|-damage|p1a: Ceruledge|182/245\n|-ability|p1a: Ceruledge|Weak Armor|boost\n|-unboost|p1a: Ceruledge|def|1\n|-boost|p1a: Ceruledge|spe|2\n|j| porcelainhorsehead\n|j| Panty&Stockings\n|\n|t:|1726455843\n|switch|p2a: Giratina|Giratina-Origin, L72|335/335|[from] U-turn\n|\n|upkeep\n|turn|2\n|\n|t:|1726455851\n|switch|p1a: Cinccino|Cinccino, L83, F|260/260\n|move|p2a: Giratina|Poltergeist|p1a: Cinccino\n|-immune|p1a: Cinccino\n|\n|upkeep\n|turn|3\n|\n|t:|1726455860\n|switch|p2a: Misdreavus|Misdreavus, L90, F|254/254\n|move|p1a: Cinccino|U-turn|p2a: Misdreavus\n|-resisted|p2a: Misdreavus\n|-damage|p2a: Misdreavus|235/254\n|\n|t:|1726455870\n|switch|p1a: Inteleon|Inteleon, L81, F|246/246|[from] U-turn\n|\n|upkeep\n|turn|4\n|j| fk my chungus life\n|\n|t:|1726455882\n|switch|p2a: Brute Bonnet|Brute Bonnet, L81|312/312\n|move|p1a: Inteleon|Hydro Pump|p2a: Brute Bonnet|[miss]\n|-miss|p1a: Inteleon|p2a: Brute Bonnet\n|\n|upkeep\n|turn|5\n|\n|t:|1726455887\n|switch|p1a: Eternatus|Eternatus, L69|308/308\n|-ability|p1a: Eternatus|Pressure\n|move|p2a: Brute Bonnet|Crunch|p1a: Eternatus\n|-damage|p1a: Eternatus|152/308\n|-damage|p2a: Brute Bonnet|260/312|[from] item: Rocky Helmet|[of] p1a: Eternatus\n|\n|upkeep\n|turn|6\n|j| Fant'sy Beast\n|\n|t:|1726455895\n|-end|p2a: Brute Bonnet|Protosynthesis|[silent]\n|switch|p2a: Gumshoos|Gumshoos, L95, M|276/321\n|move|p1a: Eternatus|Recover|p1a: Eternatus\n|-heal|p1a: Eternatus|306/308\n|\n|upkeep\n|turn|7\n|\n|t:|1726455898\n|move|p1a: Eternatus|Toxic Spikes|p2a: Gumshoos\n|-sidestart|p2: rblt castelia|move: Toxic Spikes\n|move|p2a: Gumshoos|Earthquake|p1a: Eternatus\n|-supereffective|p1a: Eternatus\n|-damage|p1a: Eternatus|0 fnt\n|faint|p1a: Eternatus\n|\n|upkeep\n|j|+Pulse_kS\n|\n|t:|1726455902\n|switch|p1a: Iron Valiant|Iron Valiant, L79|247/247\n|turn|8\n|l| Acp123\n|j| RBLT gomdol2\n|\n|t:|1726455923\n|switch|p2a: Leavanny|Leavanny, L86, M|269/269\n|move|p1a: Iron Valiant|Calm Mind|p1a: Iron Valiant\n|-boost|p1a: Iron Valiant|spa|1\n|-boost|p1a: Iron Valiant|spd|1\n|\n|upkeep\n|turn|9\n|j|+luisin\n|j| RBLT yerdunc\n|j| NDUbers brainrot\n|\n|t:|1726455939\n|move|p1a: Iron Valiant|Calm Mind|p1a: Iron Valiant\n|-boost|p1a: Iron Valiant|spa|1\n|-boost|p1a: Iron Valiant|spd|1\n|move|p2a: Leavanny|Sticky Web|p1a: Iron Valiant\n|-sidestart|p1: RBLT MDB2|move: Sticky Web\n|\n|upkeep\n|turn|10\n|\n|t:|1726455943\n|move|p1a: Iron Valiant|Moonblast|p2a: Leavanny\n|-damage|p2a: Leavanny|0 fnt\n|faint|p2a: Leavanny\n|-damage|p1a: Iron Valiant|223/247|[from] item: Life Orb\n|\n|upkeep\n|\n|t:|1726455945\n|switch|p2a: Ditto|Ditto, L87|225/225\n|-status|p2a: Ditto|psn\n|-transform|p2a: Ditto|p1a: Iron Valiant|[from] ability: Imposter\n|turn|11\n|\n|t:|1726455949\n|-terastallize|p1a: Iron Valiant|Steel\n|move|p2a: Ditto|Moonblast|p1a: Iron Valiant\n|-resisted|p1a: Iron Valiant\n|-damage|p1a: Iron Valiant|138/247\n|move|p1a: Iron Valiant|Moonblast|p2a: Ditto\n|-supereffective|p2a: Ditto\n|-damage|p2a: Ditto|0 fnt\n|faint|p2a: Ditto\n|-end|p2a: Ditto|Quark Drive|[silent]\n|-damage|p1a: Iron Valiant|114/247|[from] item: Life Orb\n|\n|upkeep\n|j| RBLT Unstoppable\n|\n|t:|1726455954\n|switch|p2a: Misdreavus|Misdreavus, L90, F|235/254\n|turn|12\n|\n|t:|1726455958\n|move|p1a: Iron Valiant|Moonblast|p2a: Misdreavus\n|-damage|p2a: Misdreavus|63/254\n|-damage|p1a: Iron Valiant|90/247|[from] item: Life Orb\n|move|p2a: Misdreavus|Shadow Ball|p1a: Iron Valiant\n|-damage|p1a: Iron Valiant|32/247\n|-unboost|p1a: Iron Valiant|spd|1\n|\n|upkeep\n|turn|13\n|\n|t:|1726455962\n|move|p1a: Iron Valiant|Moonblast|p2a: Misdreavus\n|-damage|p2a: Misdreavus|0 fnt\n|faint|p2a: Misdreavus\n|-damage|p1a: Iron Valiant|8/247|[from] item: Life Orb\n|\n|upkeep\n|\n|t:|1726455963\n|switch|p2a: Giratina|Giratina-Origin, L72|335/335\n|turn|14\n|l| RBLT Unstoppable\n|\n|t:|1726455966\n|-end|p1a: Iron Valiant|Quark Drive|[silent]\n|switch|p1a: Cinccino|Cinccino, L83, F|260/260\n|-activate|p1a: Cinccino|move: Sticky Web\n|-unboost|p1a: Cinccino|spe|1\n|move|p2a: Giratina|Shadow Sneak|p1a: Cinccino\n|-immune|p1a: Cinccino\n|\n|upkeep\n|turn|15\n|c| porcelainhorsehead|pog\n|\n|t:|1726455980\n|-terastallize|p2a: Giratina|Steel\n|move|p2a: Giratina|Draco Meteor|p1a: Cinccino\n|-damage|p1a: Cinccino|68/260\n|-unboost|p2a: Giratina|spa|2\n|move|p1a: Cinccino|Triple Axel|p2a: Giratina\n|-resisted|p2a: Giratina\n|-damage|p2a: Giratina|325/335\n|-resisted|p2a: Giratina\n|-crit|p2a: Giratina\n|-damage|p2a: Giratina|295/335\n|-resisted|p2a: Giratina\n|-damage|p2a: Giratina|264/335\n|-hitcount|p2a: Giratina|3\n|\n|upkeep\n|turn|16\n|\n|t:|1726455988\n|switch|p1a: Magearna|Magearna-Original, L77|250/250\n|-activate|p1a: Magearna|move: Sticky Web\n|-unboost|p1a: Magearna|spe|1\n|move|p2a: Giratina|Draco Meteor|p1a: Magearna\n|-immune|p1a: Magearna\n|\n|upkeep\n|turn|17\n|\n|t:|1726456014\n|move|p2a: Giratina|Poltergeist|p1a: Magearna|[miss]\n|-miss|p2a: Giratina|p1a: Magearna\n|move|p1a: Magearna|Fleur Cannon|p2a: Giratina\n|-resisted|p2a: Giratina\n|-damage|p2a: Giratina|186/335\n|-unboost|p1a: Magearna|spa|2\n|\n|upkeep\n|turn|18\n|\n|t:|1726456025\n|switch|p1a: Cinccino|Cinccino, L83, F|68/260\n|-activate|p1a: Cinccino|move: Sticky Web\n|-unboost|p1a: Cinccino|spe|1\n|move|p2a: Giratina|Poltergeist|p1a: Cinccino\n|-immune|p1a: Cinccino\n|\n|upkeep\n|turn|19\n|j| SpottedCat\n|\n|t:|1726456029\n|move|p2a: Giratina|Draco Meteor|p1a: Cinccino\n|-damage|p1a: Cinccino|0 fnt\n|-unboost|p2a: Giratina|spa|2\n|faint|p1a: Cinccino\n|\n|upkeep\n|\n|t:|1726456030\n|switch|p1a: Ceruledge|Ceruledge, L78, M|182/245\n|turn|20\n|\n|t:|1726456042\n|switch|p2a: Brute Bonnet|Brute Bonnet, L81|260/312\n|-status|p2a: Brute Bonnet|psn\n|move|p1a: Ceruledge|Bitter Blade|p2a: Brute Bonnet\n|-supereffective|p2a: Brute Bonnet\n|-crit|p2a: Brute Bonnet\n|-damage|p2a: Brute Bonnet|0 fnt\n|-heal|p1a: Ceruledge|245/245|[from] drain|[of] p2a: Brute Bonnet\n|faint|p2a: Brute Bonnet\n|-end|p2a: Brute Bonnet|Protosynthesis|[silent]\n|\n|upkeep\n|\n|t:|1726456049\n|switch|p2a: Gumshoos|Gumshoos, L95, M|276/321\n|-status|p2a: Gumshoos|psn\n|turn|21\n|\n|t:|1726456077\n|switch|p1a: Magearna|Magearna-Original, L77|250/250\n|-activate|p1a: Magearna|move: Sticky Web\n|-unboost|p1a: Magearna|spe|1\n|move|p2a: Gumshoos|U-turn|p1a: Magearna\n|-resisted|p1a: Magearna\n|-damage|p1a: Magearna|204/250\n|\n|t:|1726456080\n|switch|p2a: Giratina|Giratina-Origin, L72, tera:Steel|186/335|[from] U-turn\n|\n|-heal|p1a: Magearna|219/250|[from] item: Leftovers\n|upkeep\n|turn|22\n|\n|t:|1726456093\n|move|p2a: Giratina|Poltergeist|p1a: Magearna\n|-activate|p1a: Magearna|move: Poltergeist|Leftovers\n|-damage|p1a: Magearna|110/250\n|move|p1a: Magearna|Flash Cannon|p2a: Giratina\n|-resisted|p2a: Giratina\n|-damage|p2a: Giratina|138/335\n|-unboost|p2a: Giratina|spd|1\n|\n|-heal|p1a: Magearna|125/250|[from] item: Leftovers\n|upkeep\n|turn|23\n|\n|t:|1726456096\n|move|p2a: Giratina|Poltergeist|p1a: Magearna\n|-activate|p1a: Magearna|move: Poltergeist|Leftovers\n|-damage|p1a: Magearna|25/250\n|move|p1a: Magearna|Fleur Cannon|p2a: Giratina\n|-resisted|p2a: Giratina\n|-damage|p2a: Giratina|14/335\n|-unboost|p1a: Magearna|spa|2\n|\n|-heal|p1a: Magearna|40/250|[from] item: Leftovers\n|upkeep\n|turn|24\n|\n|t:|1726456101\n|move|p2a: Giratina|Shadow Sneak|p1a: Magearna\n|-damage|p1a: Magearna|4/250\n|move|p1a: Magearna|Flash Cannon|p2a: Giratina\n|-resisted|p2a: Giratina\n|-damage|p2a: Giratina|0 fnt\n|faint|p2a: Giratina\n|-ability|p1a: Magearna|Soul-Heart|boost\n|-boost|p1a: Magearna|spa|1\n|\n|-heal|p1a: Magearna|19/250|[from] item: Leftovers\n|upkeep\n|\n|t:|1726456104\n|switch|p2a: Gumshoos|Gumshoos, L95, M|276/321 psn\n|turn|25\n|-message|rblt castelia forfeited.\n|\n|win|RBLT MDB2\n|raw|RBLT MDB2's rating: 2558 &rarr; <strong>2573</strong><br />(+15 for winning)\n|raw|rblt castelia's rating: 2475 &rarr; <strong>2460</strong><br />(-15 for losing)\n|l|\u2606rblt castelia\n|player|p2|\n|l| RBLT raulcan\n|l|\u2606RBLT MDB2\n|player|p1|\n|l| RBLT Ilex\n|l| rb LTG99\n|l| Panty&Stockings\n|l| RBLT gomdol2\n|l| porcelainhorsehead\n|l| SpottedCat\n|l| RBLT jj\n|l| fk my chungus life\n|l| NDUbers brainrot\n|j| PokeChess\n|l| RBLT yerdunc\n", "inputlog": ">version abcf08933808d3fb39dbc2b54a8665d830b47482\n>start {\"formatid\":\"gen9randombattle\",\"seed\":[42382,16961,17539,15900],\"rated\":\"Rated battle\"}\n>player p1 {\"name\":\"RBLT MDB2\",\"avatar\":\"#vgcpliiizoruas\",\"rating\":2558,\"seed\":[26471,37363,36808,50219]}\n>player p2 {\"name\":\"rblt castelia\",\"avatar\":\"aromalady\",\"rating\":2475,\"seed\":[40735,39744,34746,64455]}\n>p1 move uturn\n>p2 move uturn\n>p1 switch 2\n>p2 switch 2\n>p1 switch 6\n>p2 move poltergeist\n>p1 move uturn\n>p2 switch 6\n>p1 switch 2\n>p1 move hydropump\n>p2 switch 4\n>p1 switch 3\n>p2 move crunch\n>p1 move recover\n>p2 switch 2\n>p1 move toxicspikes\n>p2 move earthquake\n>p1 switch 4\n>p1 move calmmind\n>p2 switch 3\n>p1 move calmmind\n>p2 move stickyweb\n>p1 move moonblast\n>p2 move leafblade\n>p2 switch 5\n>p1 move moonblast terastallize\n>p2 move moonblast\n>p2 switch 4\n>p1 move moonblast\n>p2 move shadowball\n>p1 move moonblast\n>p2 move shadowball\n>p2 switch 6\n>p1 switch 2\n>p2 move shadowsneak\n>chat  porcelainhorsehead|pog\n>p1 move tripleaxel\n>p2 move dracometeor terastallize\n>p1 switch 5\n>p2 move dracometeor\n>p1 move fleurcannon\n>p2 move poltergeist\n>p1 switch 5\n>p2 move poltergeist\n>p1 move uturn\n>p2 move dracometeor\n>p1 switch 6\n>p1 move bitterblade\n>p2 switch 2\n>p2 switch 3\n>p1 switch 5\n>p2 move uturn\n>p2 switch 2\n>p1 move flashcannon\n>p2 move poltergeist\n>p1 move fleurcannon\n>p2 move poltergeist\n>p1 move flashcannon\n>p2 move shadowsneak\n>p2 switch 2\n>forcelose p2", "uploadtime": 1726456184, "views": 124, "formatid": "gen9randombattle", "rating": 2460, "private": 0, "password": null}