{"id": "gen9randombattle-2115286815", "format": "[Gen 9] Random Battle", "players": ["chiefbeef1234", "DarthGod"], "log": "|badge|p2|bronze|gen9randombattle|100-1\n|html|<div class=\"broadcast-red\"><strong>This battle is required to be public due to one or more player having a season medal.</strong><br />During the public phase, you can discuss the state of the ladder <a href=\"/seasondiscussion\">in a special chatroom.</a></div>\n|uhtml|medal-msg|<div class=\"broadcast-blue\">Curious what those medals under the avatar are? PS now has Ladder Seasons! For more information, check out the <a href=\"https://www.smogon.com/forums/threads/3740067/\">thread on Smogon.</a></div>\n|raw|<div class=\"broadcast-blue\"><strong>This battle is required to be public due to a player having a name starting with 'medal'.</div>\n|j|\u2606chiefbeef1234\n|j|\u2606DarthGod\n|t:|1714535809\n|gametype|singles\n|player|p1|chiefbeef1234|erika-gen1rb|2344\n|player|p2|DarthGod|alder|2348\n|teamsize|p1|6\n|teamsize|p2|6\n|gen|9\n|tier|[Gen 9] Random Battle\n|rated|\n|rule|Species Clause: Limit one of each Pok\u00e9mon\n|rule|HP Percentage Mod: HP is shown in percentages\n|rule|Sleep Clause Mod: Limit one foe put to sleep\n|rule|Illusion Level Mod: Illusion disguises the Pok\u00e9mon's true level\n|\n|t:|1714535809\n|start\n|switch|p1a: Conkeldurr|Conkeldurr, L80, M|299/299\n|switch|p2a: Minior|Minior-Orange, L79|223/223\n|-formechange|p2a: Minior|Minior-Meteor||[from] ability: Shields Down\n|turn|1\n|inactive|Battle timer is ON: inactive players will automatically lose when time's up. (requested by chiefbeef1234)\n|\n|t:|1714535820\n|switch|p2a: Drifblim|Drifblim, L86, F|398/398\n|move|p1a: Conkeldurr|Close Combat|p2a: Drifblim\n|-immune|p2a: Drifblim\n|\n|-status|p1a: Conkeldurr|brn|[from] item: Flame Orb\n|upkeep\n|turn|2\n|\n|t:|1714535825\n|move|p2a: Drifblim|Air Slash|p1a: Conkeldurr\n|-supereffective|p1a: Conkeldurr\n|-damage|p1a: Conkeldurr|83/299 brn\n|cant|p1a: Conkeldurr|flinch\n|\n|-damage|p1a: Conkeldurr|65/299 brn|[from] brn\n|upkeep\n|turn|3\n|\n|t:|1714535829\n|switch|p1a: Blissey|Blissey, L84, F|566/566\n|move|p2a: Drifblim|Shadow Ball|p1a: Blissey\n|-immune|p1a: Blissey\n|\n|upkeep\n|turn|4\n|\n|t:|1714535835\n|switch|p2a: Gothitelle|Gothitelle, L90, M|272/272\n|move|p1a: Blissey|Seismic Toss|p2a: Gothitelle\n|-damage|p2a: Gothitelle|188/272\n|\n|upkeep\n|turn|5\n|\n|t:|1714535847\n|move|p2a: Gothitelle|Trick|p1a: Blissey\n|-activate|p2a: Gothitelle|move: Trick|[of] p1a: Blissey\n|-item|p1a: Blissey|Choice Scarf|[from] move: Trick\n|-item|p2a: Gothitelle|Leftovers|[from] move: Trick\n|move|p1a: Blissey|Thunder Wave|p2a: Gothitelle\n|-status|p2a: Gothitelle|par\n|\n|-heal|p2a: Gothitelle|205/272 par|[from] item: Leftovers\n|upkeep\n|turn|6\n|\n|t:|1714535856\n|move|p1a: Blissey|Thunder Wave|p2a: Gothitelle\n|-fail|p2a: Gothitelle|par\n|move|p2a: Gothitelle|Focus Blast|p1a: Blissey\n|-supereffective|p1a: Blissey\n|-damage|p1a: Blissey|420/566\n|-unboost|p1a: Blissey|spd|1\n|\n|-heal|p2a: Gothitelle|222/272 par|[from] item: Leftovers\n|upkeep\n|turn|7\n|\n|t:|1714535861\n|move|p1a: Blissey|Thunder Wave|p2a: Gothitelle\n|-fail|p2a: Gothitelle|par\n|cant|p2a: Gothitelle|par\n|\n|-heal|p2a: Gothitelle|239/272 par|[from] item: Leftovers\n|upkeep\n|turn|8\n|\n|t:|1714535864\n|move|p1a: Blissey|Thunder Wave|p2a: Gothitelle\n|-fail|p2a: Gothitelle|par\n|cant|p2a: Gothitelle|par\n|\n|-heal|p2a: Gothitelle|256/272 par|[from] item: Leftovers\n|upkeep\n|turn|9\n|\n|t:|1714535866\n|move|p1a: Blissey|Thunder Wave|p2a: Gothitelle\n|-fail|p2a: Gothitelle|par\n|cant|p2a: Gothitelle|par\n|\n|-heal|p2a: Gothitelle|272/272 par|[from] item: Leftovers\n|upkeep\n|turn|10\n|\n|t:|1714535879\n|move|p1a: Blissey|Thunder Wave|p2a: Gothitelle\n|-fail|p2a: Gothitelle|par\n|move|p2a: Gothitelle|Focus Blast|p1a: Blissey\n|-supereffective|p1a: Blissey\n|-damage|p1a: Blissey|222/566\n|\n|upkeep\n|turn|11\n|\n|t:|1714535884\n|switch|p2a: Golem|Golem, L87, M|281/281\n|move|p1a: Blissey|Thunder Wave|p2a: Golem\n|-immune|p2a: Golem\n|\n|upkeep\n|turn|12\n|\n|t:|1714535889\n|switch|p1a: Golurk|Golurk, L87|297/297\n|move|p2a: Golem|Rock Polish|p2a: Golem\n|-boost|p2a: Golem|spe|2\n|\n|upkeep\n|turn|13\n|\n|t:|1714535897\n|move|p2a: Golem|Earthquake|p1a: Golurk\n|-damage|p1a: Golurk|158/297\n|move|p1a: Golurk|Poltergeist|p2a: Golem\n|-activate|p2a: Golem|move: Poltergeist|Weakness Policy\n|-damage|p2a: Golem|125/281\n|\n|upkeep\n|turn|14\n|\n|t:|1714535918\n|move|p2a: Golem|Earthquake|p1a: Golurk\n|-damage|p1a: Golurk|22/297\n|move|p1a: Golurk|Poltergeist|p2a: Golem\n|-activate|p2a: Golem|move: Poltergeist|Weakness Policy\n|-damage|p2a: Golem|0 fnt\n|faint|p2a: Golem\n|\n|upkeep\n|\n|t:|1714535923\n|switch|p2a: Cloyster|Cloyster, L79, M|209/209\n|turn|15\n|\n|t:|1714535928\n|switch|p1a: Bellibolt|Bellibolt, L84, F|320/320\n|move|p2a: Cloyster|Shell Smash|p2a: Cloyster\n|-unboost|p2a: Cloyster|def|1\n|-unboost|p2a: Cloyster|spd|1\n|-boost|p2a: Cloyster|atk|2\n|-boost|p2a: Cloyster|spa|2\n|-boost|p2a: Cloyster|spe|2\n|-enditem|p2a: Cloyster|White Herb\n|-clearnegativeboost|p2a: Cloyster|[silent]\n|\n|upkeep\n|turn|16\n|\n|t:|1714535933\n|-terastallize|p2a: Cloyster|Ground\n|move|p2a: Cloyster|Shell Smash|p2a: Cloyster\n|-unboost|p2a: Cloyster|def|1\n|-unboost|p2a: Cloyster|spd|1\n|-boost|p2a: Cloyster|atk|2\n|-boost|p2a: Cloyster|spa|2\n|-boost|p2a: Cloyster|spe|2\n|move|p1a: Bellibolt|Muddy Water|p2a: Cloyster\n|-supereffective|p2a: Cloyster\n|-damage|p2a: Cloyster|0 fnt\n|faint|p2a: Cloyster\n|\n|upkeep\n|\n|t:|1714535944\n|switch|p2a: Sandslash|Sandslash-Alola, L88, M|275/275\n|turn|17\n|\n|t:|1714535948\n|move|p2a: Sandslash|Earthquake|p1a: Bellibolt\n|-supereffective|p1a: Bellibolt\n|-damage|p1a: Bellibolt|162/320\n|-start|p1a: Bellibolt|Charge|Earthquake|[from] ability: Electromorphosis\n|move|p1a: Bellibolt|Volt Switch|p2a: Sandslash\n|-damage|p2a: Sandslash|76/275\n|-end|p1a: Bellibolt|Charge|[silent]\n|\n|t:|1714535955\n|switch|p1a: Drednaw|Drednaw, L80, M|275/275|[from] Volt Switch\n|\n|upkeep\n|turn|18\n|\n|t:|1714535959\n|move|p2a: Sandslash|Earthquake|p1a: Drednaw\n|-supereffective|p1a: Drednaw\n|-damage|p1a: Drednaw|119/275\n|move|p1a: Drednaw|Shell Smash|p1a: Drednaw\n|-unboost|p1a: Drednaw|def|1\n|-unboost|p1a: Drednaw|spd|1\n|-boost|p1a: Drednaw|atk|2\n|-boost|p1a: Drednaw|spa|2\n|-boost|p1a: Drednaw|spe|2\n|-enditem|p1a: Drednaw|White Herb\n|-clearnegativeboost|p1a: Drednaw|[silent]\n|\n|upkeep\n|turn|19\n|\n|t:|1714535962\n|move|p1a: Drednaw|Earthquake|p2a: Sandslash\n|-supereffective|p2a: Sandslash\n|-damage|p2a: Sandslash|0 fnt\n|faint|p2a: Sandslash\n|\n|upkeep\n|\n|t:|1714535967\n|switch|p2a: Drifblim|Drifblim, L86, F|398/398\n|turn|20\n|\n|t:|1714535970\n|move|p1a: Drednaw|Stone Edge|p2a: Drifblim\n|-supereffective|p2a: Drifblim\n|-damage|p2a: Drifblim|0 fnt\n|faint|p2a: Drifblim\n|\n|upkeep\n|l|\u2606DarthGod\n|inactive|DarthGod disconnected and has a minute to reconnect!\n|player|p2|\n|inactive|DarthGod has 30 seconds to reconnect!\n|j| jaloosethegoose\n|inactive|DarthGod has 20 seconds to reconnect!\n|inactive|DarthGod has 15 seconds to reconnect!\n|inactive|DarthGod has 10 seconds to reconnect!\n|inactive|DarthGod has 5 seconds to reconnect!\n|-message|DarthGod lost due to inactivity.\n|\n|win|chiefbeef1234\n|raw|chiefbeef1234's rating: 2344 &rarr; <strong>2364</strong><br />(+20 for winning)\n|raw|DarthGod's rating: 2348 &rarr; <strong>2328</strong><br />(-20 for losing)\n", "inputlog": ">version b84337b8f7878220839aa0c41b4e8e9021e31424\n>start {\"formatid\":\"gen9randombattle\",\"seed\":[17228,57873,41774,52647],\"rated\":\"Rated battle\"}\n>player p1 {\"name\":\"chiefbeef1234\",\"avatar\":\"erika-gen1rb\",\"rating\":2344,\"seed\":[37842,28713,35875,38277]}\n>player p2 {\"name\":\"DarthGod\",\"avatar\":\"alder\",\"rating\":2348,\"seed\":[20163,51723,20082,39840]}\n>p1 move closecombat\n>p2 switch 2\n>p1 move knockoff\n>p2 move airslash\n>p1 switch 6\n>p2 move shadowball\n>p1 move seismictoss\n>p2 switch 6\n>p1 move thunderwave\n>p2 move trick\n>p1 move thunderwave\n>p2 move focusblast\n>p1 move thunderwave\n>p2 move focusblast\n>p1 move thunderwave\n>p2 move focusblast\n>p1 move thunderwave\n>p2 move focusblast\n>p1 move thunderwave\n>p2 move focusblast\n>p1 move thunderwave\n>p2 switch 4\n>p1 switch 2\n>p2 move rockpolish\n>p1 move poltergeist\n>p2 move earthquake\n>p1 move poltergeist\n>p2 move earthquake\n>p2 switch 5\n>p1 switch 4\n>p2 move shellsmash\n>p1 move muddywater\n>p2 move shellsmash terastallize\n>p2 switch 3\n>p1 move voltswitch\n>p2 move earthquake\n>p1 switch 5\n>p1 move shellsmash\n>p2 move earthquake\n>p1 move earthquake\n>p2 move earthquake\n>p2 switch 6\n>p1 move stoneedge\n>p2 move shadowball\n>forcelose p2", "uploadtime": 1714536033, "views": 243, "formatid": "gen9randombattle", "rating": 2328, "private": 0, "password": null}