{"id": "gen9randombattle-2260867143", "format": "[Gen 9] Random Battle", "players": ["PuertoRicanFlash", "Ugvyytttfcdddc"], "log": "|j|\u2606PuertoRicanFlash\n|j|\u2606Ugvyytttfcdddc\n|t:|1733907290\n|gametype|singles\n|player|p1|PuertoRicanFlash|2|1156\n|player|p2|Ugvyytttfcdddc|102|1145\n|teamsize|p1|6\n|teamsize|p2|6\n|gen|9\n|tier|[Gen 9] Random Battle\n|rated|\n|rule|Species Clause: Limit one of each Pok\u00e9mon\n|rule|HP Percentage Mod: HP is shown in percentages\n|rule|Sleep Clause Mod: Limit one foe put to sleep\n|rule|Illusion Level Mod: Illusion disguises the Pok\u00e9mon's true level\n|\n|t:|1733907290\n|start\n|switch|p1a: Vivillon|Vivillon-Jungle, L84, M|272/272\n|switch|p2a: Minior|Minior-Indigo, L79|224/224\n|-formechange|p2a: Minior|Minior-Meteor||[from] ability: Shields Down\n|turn|1\n|inactive|Battle timer is ON: inactive players will automatically lose when time's up. (requested by PuertoRicanFlash)\n|\n|t:|1733907315\n|move|p1a: Vivillon|Sleep Powder|p2a: Minior\n|-immune|p2a: Minior|[from] ability: Shields Down\n|move|p2a: Minior|Shell Smash|p2a: Minior\n|-unboost|p2a: Minior|def|1\n|-unboost|p2a: Minior|spd|1\n|-boost|p2a: Minior|atk|2\n|-boost|p2a: Minior|spa|2\n|-boost|p2a: Minior|spe|2\n|-enditem|p2a: Minior|White Herb\n|-clearnegativeboost|p2a: Minior|[silent]\n|\n|upkeep\n|turn|2\n|inactive|PuertoRicanFlash has 120 seconds left.\n|\n|t:|1733907345\n|switch|p1a: Bellibolt|Bellibolt, L84, F|320/320\n|move|p2a: Minior|Power Gem|p1a: Bellibolt\n|-damage|p1a: Bellibolt|215/320\n|-start|p1a: Bellibolt|Charge|Power Gem|[from] ability: Electromorphosis\n|\n|-heal|p1a: Bellibolt|235/320|[from] item: Leftovers\n|upkeep\n|turn|3\n|\n|t:|1733907358\n|move|p2a: Minior|Earthquake|p1a: Bellibolt\n|-supereffective|p1a: Bellibolt\n|-damage|p1a: Bellibolt|73/320\n|-start|p1a: Bellibolt|Charge|Earthquake|[from] ability: Electromorphosis\n|move|p1a: Bellibolt|Muddy Water|p2a: Minior\n|-supereffective|p2a: Minior\n|-damage|p2a: Minior|98/224\n|\n|-heal|p1a: Bellibolt|93/320|[from] item: Leftovers\n|-formechange|p2a: Minior|Minior-Indigo||[from] ability: Shields Down\n|upkeep\n|turn|4\n|\n|t:|1733907369\n|move|p2a: Minior|Earthquake|p1a: Bellibolt\n|-supereffective|p1a: Bellibolt\n|-damage|p1a: Bellibolt|0 fnt\n|faint|p1a: Bellibolt\n|\n|upkeep\n|\n|t:|1733907379\n|switch|p1a: Politoed|Politoed, L88, M|302/302\n|-weather|RainDance|[from] ability: Drizzle|[of] p1a: Politoed\n|turn|5\n|\n|t:|1733907388\n|move|p2a: Minior|Acrobatics|p1a: Politoed\n|-damage|p1a: Politoed|74/302\n|move|p1a: Politoed|Weather Ball|p2a: Minior\n|-supereffective|p2a: Minior\n|-damage|p2a: Minior|0 fnt\n|faint|p2a: Minior\n|\n|-weather|RainDance|[upkeep]\n|upkeep\n|\n|t:|1733907392\n|switch|p2a: Illumise|Illumise, L91, F|266/266\n|turn|6\n|\n|t:|1733907419\n|switch|p1a: Amoonguss|Amoonguss, L82, M|321/321\n|move|p2a: Illumise|Bug Buzz|p1a: Amoonguss\n|-damage|p1a: Amoonguss|218/321\n|\n|-weather|RainDance|[upkeep]\n|-heal|p1a: Amoonguss|238/321|[from] item: Leftovers\n|upkeep\n|turn|7\n|\n|t:|1733907429\n|move|p2a: Illumise|Thunder Wave|p1a: Amoonguss\n|-status|p1a: Amoonguss|par\n|move|p1a: Amoonguss|Spore|p2a: Illumise\n|-status|p2a: Illumise|slp|[from] move: Spore\n|\n|-weather|RainDance|[upkeep]\n|-heal|p1a: Amoonguss|258/321 par|[from] item: Leftovers\n|upkeep\n|turn|8\n|\n|t:|1733907441\n|cant|p2a: Illumise|slp\n|move|p1a: Amoonguss|Sludge Bomb|p2a: Illumise\n|-damage|p2a: Illumise|182/266 slp\n|\n|-weather|RainDance|[upkeep]\n|-heal|p1a: Amoonguss|278/321 par|[from] item: Leftovers\n|upkeep\n|turn|9\n|\n|t:|1733907447\n|cant|p2a: Illumise|slp\n|move|p1a: Amoonguss|Sludge Bomb|p2a: Illumise\n|-damage|p2a: Illumise|100/266 slp\n|\n|-weather|none\n|-heal|p1a: Amoonguss|298/321 par|[from] item: Leftovers\n|upkeep\n|turn|10\n|\n|t:|1733907454\n|-curestatus|p2a: Illumise|slp|[msg]\n|move|p2a: Illumise|Roost|p2a: Illumise\n|-heal|p2a: Illumise|233/266\n|-singleturn|p2a: Illumise|move: Roost\n|move|p1a: Amoonguss|Spore|p2a: Illumise\n|-status|p2a: Illumise|slp|[from] move: Spore\n|\n|-heal|p1a: Amoonguss|318/321 par|[from] item: Leftovers\n|upkeep\n|turn|11\n|\n|t:|1733907463\n|switch|p2a: Garchomp|Garchomp, L74, F|282/282\n|move|p1a: Amoonguss|Sludge Bomb|p2a: Garchomp\n|-resisted|p2a: Garchomp\n|-damage|p2a: Garchomp|236/282\n|\n|-heal|p1a: Amoonguss|321/321 par|[from] item: Leftovers\n|upkeep\n|turn|12\n|\n|t:|1733907471\n|move|p2a: Garchomp|Swords Dance|p2a: Garchomp\n|-boost|p2a: Garchomp|atk|2\n|move|p1a: Amoonguss|Giga Drain|p2a: Garchomp\n|-damage|p2a: Garchomp|152/282\n|\n|upkeep\n|turn|13\n|\n|t:|1733907476\n|move|p2a: Garchomp|Scale Shot|p1a: Amoonguss\n|-damage|p1a: Amoonguss|261/321 par\n|-damage|p1a: Amoonguss|200/321 par\n|-damage|p1a: Amoonguss|137/321 par\n|-damage|p1a: Amoonguss|77/321 par\n|-damage|p1a: Amoonguss|17/321 par\n|-hitcount|p1a: Amoonguss|5\n|-unboost|p2a: Garchomp|def|1\n|-boost|p2a: Garchomp|spe|1\n|cant|p1a: Amoonguss|par\n|\n|-heal|p1a: Amoonguss|37/321 par|[from] item: Leftovers\n|upkeep\n|turn|14\n|\n|t:|1733907489\n|move|p2a: Garchomp|Earthquake|p1a: Amoonguss\n|-damage|p1a: Amoonguss|0 fnt\n|faint|p1a: Amoonguss\n|\n|upkeep\n|\n|t:|1733907507\n|switch|p1a: Politoed|Politoed, L88, M|74/302\n|-weather|RainDance|[from] ability: Drizzle|[of] p1a: Politoed\n|turn|15\n|\n|t:|1733907511\n|move|p2a: Garchomp|Earthquake|p1a: Politoed\n|-damage|p1a: Politoed|0 fnt\n|faint|p1a: Politoed\n|\n|-weather|RainDance|[upkeep]\n|upkeep\n|\n|t:|1733907519\n|switch|p1a: Vivillon|Vivillon-Jungle, L84, M|272/272\n|turn|16\n|\n|t:|1733907525\n|move|p2a: Garchomp|Scale Shot|p1a: Vivillon|[miss]\n|-miss|p2a: Garchomp|p1a: Vivillon\n|move|p1a: Vivillon|Quiver Dance|p1a: Vivillon\n|-boost|p1a: Vivillon|spa|1\n|-boost|p1a: Vivillon|spd|1\n|-boost|p1a: Vivillon|spe|1\n|\n|-weather|RainDance|[upkeep]\n|upkeep\n|turn|17\n|\n|t:|1733907542\n|switch|p2a: Mightyena|Mightyena, L95, F|287/287\n|-ability|p2a: Mightyena|Intimidate|boost\n|-unboost|p1a: Vivillon|atk|1\n|-terastallize|p1a: Vivillon|Flying\n|move|p1a: Vivillon|Hurricane|p2a: Mightyena\n|-damage|p2a: Mightyena|21/287\n|\n|-weather|RainDance|[upkeep]\n|upkeep\n|turn|18\n|\n|t:|1733907554\n|move|p1a: Vivillon|Bug Buzz|p2a: Mightyena\n|-supereffective|p2a: Mightyena\n|-damage|p2a: Mightyena|0 fnt\n|faint|p2a: Mightyena\n|\n|-weather|RainDance|[upkeep]\n|upkeep\n|\n|t:|1733907561\n|switch|p2a: Ho-Oh|Ho-Oh, L71|268/268\n|turn|19\n|\n|t:|1733907569\n|move|p1a: Vivillon|Quiver Dance|p1a: Vivillon\n|-boost|p1a: Vivillon|spa|1\n|-boost|p1a: Vivillon|spd|1\n|-boost|p1a: Vivillon|spe|1\n|move|p2a: Ho-Oh|Recover||[still]\n|-fail|p2a: Ho-Oh|heal\n|\n|-weather|none\n|upkeep\n|turn|20\n|\n|t:|1733907576\n|move|p1a: Vivillon|Quiver Dance|p1a: Vivillon\n|-boost|p1a: Vivillon|spa|1\n|-boost|p1a: Vivillon|spd|1\n|-boost|p1a: Vivillon|spe|1\n|move|p2a: Ho-Oh|Sacred Fire|p1a: Vivillon\n|-damage|p1a: Vivillon|134/272\n|-status|p1a: Vivillon|brn\n|\n|-damage|p1a: Vivillon|117/272 brn|[from] brn\n|upkeep\n|turn|21\n|\n|t:|1733907585\n|move|p1a: Vivillon|Hurricane|p2a: Ho-Oh\n|-damage|p2a: Ho-Oh|0 fnt\n|faint|p2a: Ho-Oh\n|\n|-damage|p1a: Vivillon|100/272 brn|[from] brn\n|upkeep\n|\n|t:|1733907589\n|switch|p2a: Rampardos|Rampardos, L90, M|321/321\n|turn|22\n|\n|t:|1733907594\n|move|p1a: Vivillon|Bug Buzz|p2a: Rampardos\n|-damage|p2a: Rampardos|9/321\n|move|p2a: Rampardos|Fire Punch|p1a: Vivillon\n|-damage|p1a: Vivillon|0 fnt\n|faint|p1a: Vivillon\n|\n|upkeep\n|\n|t:|1733907605\n|switch|p1a: Terrakion|Terrakion, L79|273/273\n|turn|23\n|\n|t:|1733907611\n|move|p1a: Terrakion|Earthquake|p2a: Rampardos\n|-supereffective|p2a: Rampardos\n|-damage|p2a: Rampardos|0 fnt\n|faint|p2a: Rampardos\n|-damage|p1a: Terrakion|246/273|[from] item: Life Orb\n|\n|upkeep\n|\n|t:|1733907614\n|switch|p2a: Garchomp|Garchomp, L74, F|152/282\n|turn|24\n|\n|t:|1733907620\n|move|p1a: Terrakion|Close Combat|p2a: Garchomp\n|-damage|p2a: Garchomp|0 fnt\n|-unboost|p1a: Terrakion|def|1\n|-unboost|p1a: Terrakion|spd|1\n|-damage|p1a: Terrakion|212/273|[from] ability: Rough Skin|[of] p2a: Garchomp\n|faint|p2a: Garchomp\n|-damage|p1a: Terrakion|185/273|[from] item: Life Orb\n|\n|upkeep\n|\n|t:|1733907623\n|switch|p2a: Illumise|Illumise, L91, F|233/266 slp\n|turn|25\n|\n|t:|1733907631\n|-terastallize|p2a: Illumise|Water\n|cant|p2a: Illumise|slp\n|move|p1a: Terrakion|Stone Edge|p2a: Illumise|[miss]\n|-miss|p1a: Terrakion|p2a: Illumise\n|\n|upkeep\n|turn|26\n|\n|t:|1733907646\n|switch|p1a: Ting-Lu|Ting-Lu, L78|370/370\n|-ability|p1a: Ting-Lu|Vessel of Ruin\n|-curestatus|p2a: Illumise|slp|[msg]\n|move|p2a: Illumise|Thunder Wave|p1a: Ting-Lu\n|-immune|p1a: Ting-Lu\n|\n|upkeep\n|turn|27\n|\n|t:|1733907664\n|move|p2a: Illumise|Bug Buzz|p1a: Ting-Lu\n|-supereffective|p1a: Ting-Lu\n|-damage|p1a: Ting-Lu|224/370\n|move|p1a: Ting-Lu|Earthquake|p2a: Illumise\n|-damage|p2a: Illumise|134/266\n|\n|-heal|p1a: Ting-Lu|247/370|[from] item: Leftovers\n|upkeep\n|turn|28\n|\n|t:|1733907672\n|move|p2a: Illumise|Bug Buzz|p1a: Ting-Lu\n|-supereffective|p1a: Ting-Lu\n|-damage|p1a: Ting-Lu|97/370\n|move|p1a: Ting-Lu|Earthquake|p2a: Illumise\n|-damage|p2a: Illumise|35/266\n|\n|-heal|p1a: Ting-Lu|120/370|[from] item: Leftovers\n|upkeep\n|turn|29\n|\n|t:|1733907679\n|move|p2a: Illumise|Roost|p2a: Illumise\n|-heal|p2a: Illumise|168/266\n|move|p1a: Ting-Lu|Earthquake|p2a: Illumise\n|-damage|p2a: Illumise|68/266\n|\n|-heal|p1a: Ting-Lu|143/370|[from] item: Leftovers\n|upkeep\n|turn|30\n|\n|t:|1733907685\n|move|p2a: Illumise|Roost|p2a: Illumise\n|-heal|p2a: Illumise|201/266\n|move|p1a: Ting-Lu|Earthquake|p2a: Illumise\n|-damage|p2a: Illumise|96/266\n|\n|-heal|p1a: Ting-Lu|166/370|[from] item: Leftovers\n|upkeep\n|turn|31\n|\n|t:|1733907696\n|move|p2a: Illumise|Roost|p2a: Illumise\n|-heal|p2a: Illumise|229/266\n|move|p1a: Ting-Lu|Earthquake|p2a: Illumise\n|-damage|p2a: Illumise|118/266\n|\n|-heal|p1a: Ting-Lu|189/370|[from] item: Leftovers\n|upkeep\n|turn|32\n|\n|t:|1733907702\n|move|p2a: Illumise|Bug Buzz|p1a: Ting-Lu\n|-supereffective|p1a: Ting-Lu\n|-damage|p1a: Ting-Lu|31/370\n|move|p1a: Ting-Lu|Earthquake|p2a: Illumise\n|-damage|p2a: Illumise|9/266\n|\n|-heal|p1a: Ting-Lu|54/370|[from] item: Leftovers\n|upkeep\n|turn|33\n|\n|t:|1733907709\n|move|p2a: Illumise|Bug Buzz|p1a: Ting-Lu\n|-supereffective|p1a: Ting-Lu\n|-damage|p1a: Ting-Lu|0 fnt\n|faint|p1a: Ting-Lu\n|\n|upkeep\n|\n|t:|1733907714\n|switch|p1a: Terrakion|Terrakion, L79|185/273\n|turn|34\n|\n|t:|1733907719\n|move|p2a: Illumise|Roost|p2a: Illumise\n|-heal|p2a: Illumise|142/266\n|move|p1a: Terrakion|Earthquake|p2a: Illumise\n|-damage|p2a: Illumise|35/266\n|-damage|p1a: Terrakion|158/273|[from] item: Life Orb\n|\n|upkeep\n|turn|35\n|\n|t:|1733907726\n|move|p2a: Illumise|Roost|p2a: Illumise\n|-heal|p2a: Illumise|168/266\n|move|p1a: Terrakion|Swords Dance|p1a: Terrakion\n|-boost|p1a: Terrakion|atk|2\n|\n|upkeep\n|turn|36\n|\n|t:|1733907731\n|move|p2a: Illumise|Encore|p1a: Terrakion\n|-start|p1a: Terrakion|Encore\n|move|p1a: Terrakion|Swords Dance|p1a: Terrakion\n|-boost|p1a: Terrakion|atk|2\n|\n|upkeep\n|turn|37\n|\n|t:|1733907738\n|move|p1a: Terrakion|Swords Dance|p1a: Terrakion\n|-boost|p1a: Terrakion|atk|2\n|move|p2a: Illumise|Bug Buzz|p1a: Terrakion\n|-resisted|p1a: Terrakion\n|-damage|p1a: Terrakion|107/273\n|\n|upkeep\n|turn|38\n|\n|t:|1733907744\n|move|p1a: Terrakion|Swords Dance|p1a: Terrakion\n|-boost|p1a: Terrakion|atk|0\n|move|p2a: Illumise|Bug Buzz|p1a: Terrakion\n|-resisted|p1a: Terrakion\n|-damage|p1a: Terrakion|57/273\n|\n|-end|p1a: Terrakion|Encore\n|upkeep\n|turn|39\n|\n|t:|1733907751\n|move|p2a: Illumise|Encore|p1a: Terrakion\n|-start|p1a: Terrakion|Encore\n|move|p1a: Terrakion|Swords Dance|p1a: Terrakion\n|-boost|p1a: Terrakion|atk|0\n|\n|upkeep\n|turn|40\n|-message|PuertoRicanFlash forfeited.\n|\n|win|Ugvyytttfcdddc\n|raw|PuertoRicanFlash's rating: 1156 &rarr; <strong>1130</strong><br />(-26 for losing)\n|raw|Ugvyytttfcdddc's rating: 1145 &rarr; <strong>1171</strong><br />(+26 for winning)\n|l|\u2606PuertoRicanFlash\n|player|p1|\n", "inputlog": ">version bfd83cad13791eb5a5a409923076391caf6fb4d4\n>start {\"formatid\":\"gen9randombattle\",\"seed\":[64676,28068,32190,58402],\"rated\":\"Rated battle\"}\n>player p1 {\"name\":\"PuertoRicanFlash\",\"avatar\":\"2\",\"rating\":1156,\"seed\":[55217,61859,18301,15243]}\n>player p2 {\"name\":\"Ugvyytttfcdddc\",\"avatar\":\"102\",\"rating\":1145,\"seed\":[8639,39973,8721,20061]}\n>p1 move sleeppowder\n>p2 move shellsmash\n>p1 switch 6\n>p2 move powergem\n>p1 move muddywater\n>p2 move earthquake\n>p1 move muddywater\n>p2 move earthquake\n>p1 switch 4\n>p1 move weatherball\n>p2 move acrobatics\n>p2 switch 2\n>p1 switch 5\n>p2 move bugbuzz\n>p1 move spore\n>p2 move thunderwave\n>p1 move sludgebomb\n>p2 move bugbuzz\n>p1 move sludgebomb\n>p2 move bugbuzz\n>p1 move spore\n>p2 move roost\n>p1 move sludgebomb\n>p2 switch 4\n>p1 move gigadrain\n>p2 move swordsdance\n>p1 move clearsmog\n>p2 move scaleshot\n>p1 move gigadrain\n>p2 move earthquake\n>p1 switch 5\n>p1 move weatherball\n>p2 move earthquake\n>p1 switch 6\n>p1 move quiverdance\n>p2 move scaleshot\n>p1 move hurricane terastallize\n>p2 switch 6\n>p1 move bugbuzz\n>p2 move crunch\n>p2 switch 3\n>p1 move quiverdance\n>p2 move recover\n>p1 move quiverdance\n>p2 move sacredfire\n>p1 move hurricane\n>p2 move bravebird\n>p2 switch 5\n>p1 move bugbuzz\n>p2 move firepunch\n>p1 switch 3\n>p1 move earthquake\n>p2 move earthquake\n>p2 switch 6\n>p1 move closecombat\n>p2 move scaleshot\n>p2 switch 4\n>p1 move stoneedge\n>p2 move thunderwave terastallize\n>p1 switch 2\n>p2 move thunderwave\n>p1 move earthquake\n>p2 move bugbuzz\n>p1 move earthquake\n>p2 move bugbuzz\n>p1 move earthquake\n>p2 move roost\n>p1 move earthquake\n>p2 move roost\n>p1 move earthquake\n>p2 move roost\n>p1 move earthquake\n>p2 move bugbuzz\n>p1 move earthquake\n>p2 move bugbuzz\n>p1 switch 2\n>p1 move earthquake\n>p2 move roost\n>p1 move swordsdance\n>p2 move roost\n>p1 move earthquake\n>p2 move encore\n>p1 move swordsdance\n>p2 move bugbuzz\n>p1 move swordsdance\n>p2 move bugbuzz\n>p1 move earthquake\n>p2 move encore\n>forcelose p1", "uploadtime": 1733907758, "views": 1, "formatid": "gen9randombattle", "rating": 1130, "private": 0, "password": null}