{"id": "gen9randombattle-2260104907", "format": "[Gen 9] Random Battle", "players": ["JG1208", "CZH0209"], "log": "|j|\u2606JG1208\n|j|\u2606CZH0209\n|t:|1733803101\n|gametype|singles\n|player|p1|JG1208|265|\n|player|p2|CZH0209|102|\n|teamsize|p1|6\n|teamsize|p2|6\n|gen|9\n|tier|[Gen 9] Random Battle\n|rule|Species Clause: Limit one of each Pok\u00e9mon\n|rule|HP Percentage Mod: HP is shown in percentages\n|rule|Sleep Clause Mod: Limit one foe put to sleep\n|rule|Illusion Level Mod: Illusion disguises the Pok\u00e9mon's true level\n|\n|t:|1733803101\n|start\n|switch|p1a: Sandslash|Sandslash-Alola, L88, F|275/275\n|switch|p2a: Kingdra|Kingdra, L84, F|263/263\n|turn|1\n|inactive|Battle timer is ON: inactive players will automatically lose when time's up. (requested by JG1208)\n|\n|t:|1733803120\n|switch|p2a: Meowstic|Meowstic, L89, M|277/277\n|move|p1a: Sandslash|Triple Axel|p2a: Meowstic|[miss]\n|-miss|p1a: Sandslash|p2a: Meowstic\n|\n|upkeep\n|turn|2\n|\n|t:|1733803134\n|move|p2a: Meowstic|Thunder Wave|p1a: Sandslash\n|-status|p1a: Sandslash|par\n|move|p1a: Sandslash|Triple Axel|p2a: Meowstic\n|-damage|p2a: Meowstic|250/277\n|-hitcount|p2a: Meowstic|1\n|\n|upkeep\n|turn|3\n|\n|t:|1733803147\n|-terastallize|p1a: Sandslash|Ground\n|move|p2a: Meowstic|Psychic Noise|p1a: Sandslash\n|-damage|p1a: Sandslash|182/275 par\n|-start|p1a: Sandslash|move: Heal Block\n|move|p1a: Sandslash|Triple Axel|p2a: Meowstic\n|-damage|p2a: Meowstic|226/277\n|-hitcount|p2a: Meowstic|1\n|\n|upkeep\n|turn|4\n|\n|t:|1733803158\n|switch|p2a: Shiftry|Shiftry, L89, M|305/305\n|switch|p1a: Mewtwo|Mewtwo, L72|272/272\n|-ability|p1a: Mewtwo|Unnerve\n|\n|upkeep\n|turn|5\n|\n|t:|1733803173\n|move|p1a: Mewtwo|Psystrike|p2a: Shiftry\n|-immune|p2a: Shiftry\n|move|p2a: Shiftry|Knock Off|p1a: Mewtwo\n|-supereffective|p1a: Mewtwo\n|-damage|p1a: Mewtwo|2/272\n|-enditem|p1a: Mewtwo|Life Orb|[from] move: Knock Off|[of] p2a: Shiftry\n|\n|upkeep\n|turn|6\n|\n|t:|1733803184\n|switch|p1a: Urshifu|Urshifu, L74, F|270/270\n|move|p2a: Shiftry|Knock Off|p1a: Urshifu\n|-resisted|p1a: Urshifu\n|-damage|p1a: Urshifu|242/270\n|-enditem|p1a: Urshifu|Life Orb|[from] move: Knock Off|[of] p2a: Shiftry\n|\n|upkeep\n|turn|7\n|\n|t:|1733803191\n|switch|p2a: Roaring Moon|Roaring Moon, L72|270/270\n|move|p1a: Urshifu|Close Combat|p2a: Roaring Moon\n|-supereffective|p2a: Roaring Moon\n|-damage|p2a: Roaring Moon|0 fnt\n|-unboost|p1a: Urshifu|def|1\n|-unboost|p1a: Urshifu|spd|1\n|faint|p2a: Roaring Moon\n|-end|p2a: Roaring Moon|Protosynthesis|[silent]\n|\n|upkeep\n|\n|t:|1733803197\n|switch|p2a: Meowstic|Meowstic, L89, M|226/277\n|turn|8\n|\n|t:|1733803205\n|move|p2a: Meowstic|Psychic Noise|p1a: Urshifu\n|-immune|p1a: Urshifu\n|move|p1a: Urshifu|Poison Jab|p2a: Meowstic\n|-damage|p2a: Meowstic|171/277\n|\n|upkeep\n|turn|9\n|\n|t:|1733803213\n|move|p2a: Meowstic|Thunder Wave|p1a: Urshifu\n|-hint|Since gen 7, Dark is immune to Prankster moves.\n|-immune|p1a: Urshifu\n|move|p1a: Urshifu|Poison Jab|p2a: Meowstic\n|-damage|p2a: Meowstic|116/277\n|\n|upkeep\n|turn|10\n|\n|t:|1733803220\n|switch|p2a: Clawitzer|Clawitzer, L87, F|265/265\n|move|p1a: Urshifu|Close Combat|p2a: Clawitzer\n|-damage|p2a: Clawitzer|142/265\n|-unboost|p1a: Urshifu|def|1\n|-unboost|p1a: Urshifu|spd|1\n|\n|upkeep\n|turn|11\n|\n|t:|1733803226\n|move|p1a: Urshifu|Close Combat|p2a: Clawitzer\n|-damage|p2a: Clawitzer|22/265\n|-unboost|p1a: Urshifu|def|1\n|-unboost|p1a: Urshifu|spd|1\n|move|p2a: Clawitzer|Dragon Pulse|p1a: Urshifu\n|-damage|p1a: Urshifu|0 fnt\n|faint|p1a: Urshifu\n|\n|upkeep\n|\n|t:|1733803245\n|switch|p1a: Sandslash|Sandslash-Alola, L88, F, tera:Ground|182/275 par\n|turn|12\n|\n|t:|1733803251\n|switch|p2a: Meowstic|Meowstic, L89, M|116/277\n|move|p1a: Sandslash|Triple Axel|p2a: Meowstic\n|-crit|p2a: Meowstic\n|-damage|p2a: Meowstic|74/277\n|-damage|p2a: Meowstic|22/277\n|-damage|p2a: Meowstic|0 fnt\n|faint|p2a: Meowstic\n|-hitcount|p2: Meowstic|3\n|\n|-heal|p1a: Sandslash|199/275 par|[from] item: Leftovers\n|upkeep\n|\n|t:|1733803255\n|switch|p2a: Furret|Furret, L94, M|312/312\n|-item|p1a: Sandslash|Leftovers|[from] ability: Frisk|[of] p2a: Furret\n|turn|13\n|\n|t:|1733803265\n|-terastallize|p2a: Furret|Ghost\n|move|p2a: Furret|Brick Break|p1a: Sandslash\n|-damage|p1a: Sandslash|144/275 par\n|-damage|p2a: Furret|281/312|[from] item: Life Orb\n|move|p1a: Sandslash|Earthquake|p2a: Furret\n|-damage|p2a: Furret|148/312\n|\n|-heal|p1a: Sandslash|161/275 par|[from] item: Leftovers\n|upkeep\n|turn|14\n|\n|t:|1733803280\n|move|p2a: Furret|Knock Off|p1a: Sandslash\n|-damage|p1a: Sandslash|97/275 par\n|-enditem|p1a: Sandslash|Leftovers|[from] move: Knock Off|[of] p2a: Furret\n|-damage|p2a: Furret|117/312|[from] item: Life Orb\n|cant|p1a: Sandslash|par\n|\n|upkeep\n|turn|15\n|\n|t:|1733803293\n|switch|p1a: Chesnaught|Chesnaught, L84, M|285/285\n|move|p2a: Furret|Knock Off|p1a: Chesnaught\n|-resisted|p1a: Chesnaught\n|-damage|p1a: Chesnaught|251/285\n|-enditem|p1a: Chesnaught|Leftovers|[from] move: Knock Off|[of] p2a: Furret\n|-damage|p2a: Furret|86/312|[from] item: Life Orb\n|\n|upkeep\n|turn|16\n|\n|t:|1733803311\n|move|p2a: Furret|Double-Edge|p1a: Chesnaught\n|-damage|p1a: Chesnaught|125/285\n|-damage|p2a: Furret|44/312|[from] Recoil\n|-damage|p2a: Furret|13/312|[from] item: Life Orb\n|move|p1a: Chesnaught|Trailblaze|p2a: Furret\n|-damage|p2a: Furret|0 fnt\n|-boost|p1a: Chesnaught|spe|1\n|faint|p2a: Furret\n|\n|upkeep\n|\n|t:|1733803317\n|switch|p2a: Clawitzer|Clawitzer, L87, F|22/265\n|turn|17\n|\n|t:|1733803326\n|move|p1a: Chesnaught|Trailblaze|p2a: Clawitzer\n|-supereffective|p2a: Clawitzer\n|-damage|p2a: Clawitzer|0 fnt\n|-boost|p1a: Chesnaught|spe|1\n|faint|p2a: Clawitzer\n|\n|upkeep\n|\n|t:|1733803331\n|switch|p2a: Kingdra|Kingdra, L84, F|263/263\n|turn|18\n|\n|t:|1733803341\n|move|p1a: Chesnaught|Body Press|p2a: Kingdra\n|-damage|p2a: Kingdra|169/263\n|move|p2a: Kingdra|Dragon Dance|p2a: Kingdra\n|-boost|p2a: Kingdra|atk|1\n|-boost|p2a: Kingdra|spe|1\n|\n|upkeep\n|turn|19\n|\n|t:|1733803349\n|move|p1a: Chesnaught|Trailblaze|p2a: Kingdra\n|-damage|p2a: Kingdra|115/263\n|-boost|p1a: Chesnaught|spe|1\n|move|p2a: Kingdra|Outrage|p1a: Chesnaught\n|-damage|p1a: Chesnaught|0 fnt\n|faint|p1a: Chesnaught\n|\n|upkeep\n|\n|t:|1733803364\n|switch|p1a: Sandslash|Sandslash-Alola, L88, F, tera:Ground|97/275 par\n|turn|20\n|\n|t:|1733803373\n|move|p2a: Kingdra|Outrage|p1a: Sandslash|[from]lockedmove\n|-damage|p1a: Sandslash|0 fnt\n|faint|p1a: Sandslash\n|\n|upkeep\n|\n|t:|1733803378\n|switch|p1a: Mewtwo|Mewtwo, L72|238/238\n|turn|21\n|\n|t:|1733803389\n|move|p2a: Kingdra|Outrage|p1a: Mewtwo|[from]lockedmove\n|-damage|p1a: Mewtwo|0 fnt\n|replace|p1a: Zoroark|Zoroark, L84, F\n|-end|p1a: Zoroark|Illusion\n|-hint|Illusion Level Mod is active, so this Pok\u00e9mon's true level was hidden.\n|faint|p1a: Zoroark\n|-start|p2a: Kingdra|confusion|[fatigue]\n|-enditem|p2a: Kingdra|Lum Berry|[eat]\n|-end|p2a: Kingdra|confusion\n|\n|upkeep\n|\n|t:|1733803396\n|switch|p1a: Electrode|Electrode-Hisui, L87|246/246\n|turn|22\n|\n|t:|1733803399\n|move|p1a: Electrode|Leech Seed|p2a: Kingdra\n|-start|p2a: Kingdra|move: Leech Seed\n|move|p2a: Kingdra|Outrage|p1a: Electrode\n|-damage|p1a: Electrode|23/246\n|\n|-heal|p1a: Electrode|38/246|[from] item: Leftovers\n|-damage|p2a: Kingdra|83/263|[from] Leech Seed|[of] p1a: Electrode\n|-heal|p1a: Electrode|70/246|[silent]\n|upkeep\n|turn|23\n|\n|t:|1733803408\n|switch|p1a: Mewtwo|Mewtwo, L72|2/272\n|-ability|p1a: Mewtwo|Unnerve\n|move|p2a: Kingdra|Outrage|p1a: Mewtwo|[from]lockedmove\n|-damage|p1a: Mewtwo|0 fnt\n|faint|p1a: Mewtwo\n|\n|upkeep\n|\n|t:|1733803413\n|switch|p1a: Electrode|Electrode-Hisui, L87|70/246\n|turn|24\n|\n|t:|1733803416\n|move|p1a: Electrode|Thunderbolt|p2a: Kingdra\n|-damage|p2a: Kingdra|0 fnt\n|faint|p2a: Kingdra\n|\n|-heal|p1a: Electrode|85/246|[from] item: Leftovers\n|upkeep\n|\n|t:|1733803420\n|switch|p2a: Shiftry|Shiftry, L89, M|305/305\n|turn|25\n|\n|t:|1733803431\n|move|p1a: Electrode|Thunderbolt|p2a: Shiftry\n|-resisted|p2a: Shiftry\n|-damage|p2a: Shiftry|248/305\n|-status|p2a: Shiftry|par\n|move|p2a: Shiftry|Knock Off|p1a: Electrode\n|-crit|p1a: Electrode\n|-damage|p1a: Electrode|0 fnt\n|-enditem|p1a: Electrode|Leftovers|[from] move: Knock Off|[of] p2a: Shiftry\n|faint|p1a: Electrode\n|\n|win|CZH0209\n|l|\u2606CZH0209\n|player|p2|\n", "inputlog": ">version bfd83cad13791eb5a5a409923076391caf6fb4d4\n>start {\"formatid\":\"gen9randombattle\",\"seed\":[48335,27016,15639,26778]}\n>player p1 {\"name\":\"JG1208\",\"avatar\":\"265\",\"rating\":0,\"seed\":[45485,2734,14765,28098]}\n>player p2 {\"name\":\"CZH0209\",\"avatar\":\"102\",\"rating\":0,\"seed\":[51047,27098,24775,60722]}\n>p1 move tripleaxel\n>p2 switch 6\n>p1 move tripleaxel\n>p2 move thunderwave\n>p1 move tripleaxel terastallize\n>p2 move psychicnoise\n>p1 switch 3\n>p2 switch 4\n>p1 move psystrike\n>p2 move knockoff\n>p1 switch 6\n>p2 move knockoff\n>p1 move closecombat\n>p2 switch 2\n>p2 switch 4\n>p1 move poisonjab\n>p2 move psychicnoise\n>p1 move poisonjab\n>p2 move thunderwave\n>p1 move closecombat\n>p2 switch 3\n>p1 move closecombat\n>p2 move dragonpulse\n>p1 switch 3\n>p1 move tripleaxel\n>p2 switch 3\n>p2 switch 5\n>p1 move earthquake\n>p2 move brickbreak terastallize\n>p1 move tripleaxel\n>p2 move knockoff\n>p1 switch 2\n>p2 move knockoff\n>p1 move trailblaze\n>p2 move doubleedge\n>p2 switch 3\n>p1 move trailblaze\n>p2 move dragonpulse\n>p2 switch 6\n>p1 move bodypress\n>p2 move dragondance\n>p1 move trailblaze\n>p2 move outrage\n>p1 switch 2\n>p1 move earthquake\n>p2 move outrage\n>p1 switch 4\n>p1 move sludgebomb\n>p2 move outrage\n>p1 switch 5\n>p1 move leechseed\n>p2 move outrage\n>p1 switch 6\n>p2 move outrage\n>p1 switch 6\n>p1 move thunderbolt\n>p2 move outrage\n>p2 switch 2\n>p1 move thunderbolt\n>p2 move knockoff", "uploadtime": 1733803442, "views": 18, "formatid": "gen9randombattle", "rating": null, "private": 0, "password": null}