{"id": "gen9randombattle-2259942045", "format": "[Gen 9] Random Battle", "players": ["Flauntez", "mappy"], "log": "|j|\u2606Flauntez\n|j|\u2606mappy\n|t:|1733782448\n|gametype|singles\n|player|p1|Flauntez|silver|1436\n|player|p2|mappy|170|1434\n|teamsize|p1|6\n|teamsize|p2|6\n|gen|9\n|tier|[Gen 9] Random Battle\n|rated|\n|rule|Species Clause: Limit one of each Pok\u00e9mon\n|rule|HP Percentage Mod: HP is shown in percentages\n|rule|Sleep Clause Mod: Limit one foe put to sleep\n|rule|Illusion Level Mod: Illusion disguises the Pok\u00e9mon's true level\n|\n|t:|1733782448\n|start\n|switch|p1a: Ogerpon|Ogerpon-Wellspring, L76, F|247/247\n|switch|p2a: Mabosstiff|Mabosstiff, L86, M|278/278\n|turn|1\n|\n|t:|1733782468\n|switch|p1a: Slither Wing|Slither Wing, L81|270/270\n|-enditem|p1a: Slither Wing|Booster Energy\n|-activate|p1a: Slither Wing|ability: Protosynthesis|[fromitem]\n|-start|p1a: Slither Wing|protosynthesisatk\n|move|p2a: Mabosstiff|Crunch|p1a: Slither Wing\n|-resisted|p1a: Slither Wing\n|-damage|p1a: Slither Wing|143/270\n|\n|upkeep\n|turn|2\n|\n|t:|1733782479\n|switch|p2a: Azumarill|Azumarill, L82, M|298/298\n|move|p1a: Slither Wing|Leech Life|p2a: Azumarill\n|-resisted|p2a: Azumarill\n|-damage|p2a: Azumarill|228/298\n|-heal|p1a: Slither Wing|178/270|[from] drain|[of] p2a: Azumarill\n|\n|upkeep\n|turn|3\n|\n|t:|1733782487\n|move|p1a: Slither Wing|Earthquake|p2a: Azumarill\n|-damage|p2a: Azumarill|113/298\n|move|p2a: Azumarill|Play Rough|p1a: Slither Wing\n|-supereffective|p1a: Slither Wing\n|-damage|p1a: Slither Wing|0 fnt\n|faint|p1a: Slither Wing\n|-end|p1a: Slither Wing|Protosynthesis|[silent]\n|\n|upkeep\n|\n|t:|1733782500\n|switch|p1a: Ogerpon|Ogerpon-Wellspring, L76, F|247/247\n|turn|4\n|\n|t:|1733782510\n|switch|p2a: Corviknight|Corviknight, L80, F|288/288\n|-ability|p2a: Corviknight|Pressure\n|move|p1a: Ogerpon|Swords Dance|p1a: Ogerpon\n|-boost|p1a: Ogerpon|atk|2\n|\n|upkeep\n|turn|5\n|\n|t:|1733782514\n|move|p1a: Ogerpon|Ivy Cudgel|p2a: Corviknight|[anim] Ivy Cudgel Water\n|-damage|p2a: Corviknight|71/288\n|move|p2a: Corviknight|Brave Bird|p1a: Ogerpon\n|-supereffective|p1a: Ogerpon\n|-damage|p1a: Ogerpon|17/247\n|-damage|p2a: Corviknight|0 fnt|[from] Recoil\n|faint|p2a: Corviknight\n|\n|upkeep\n|\n|t:|1733782522\n|switch|p2a: Ambipom|Ambipom, L84, M|263/263\n|turn|6\n|\n|t:|1733782528\n|move|p2a: Ambipom|Fake Out|p1a: Ogerpon\n|-damage|p1a: Ogerpon|0 fnt\n|faint|p1a: Ogerpon\n|\n|upkeep\n|\n|t:|1733782534\n|switch|p1a: Eiscue|Eiscue, L88, M|272/272\n|turn|7\n|\n|t:|1733782546\n|switch|p2a: Gardevoir|Gardevoir, L83, F|249/249\n|move|p1a: Eiscue|Substitute|p1a: Eiscue\n|-start|p1a: Eiscue|Substitute\n|-damage|p1a: Eiscue|204/272\n|\n|upkeep\n|turn|8\n|\n|t:|1733782549\n|move|p2a: Gardevoir|Mystical Fire|p1a: Eiscue\n|-supereffective|p1a: Eiscue\n|-end|p1a: Eiscue|Substitute\n|-damage|p2a: Gardevoir|225/249|[from] item: Life Orb\n|move|p1a: Eiscue|Belly Drum|p1a: Eiscue\n|-damage|p1a: Eiscue|68/272\n|-setboost|p1a: Eiscue|atk|6|[from] move: Belly Drum\n|-enditem|p1a: Eiscue|Salac Berry|[eat]\n|-boost|p1a: Eiscue|spe|1|[from] item: Salac Berry\n|\n|upkeep\n|turn|9\n|\n|t:|1733782562\n|move|p1a: Eiscue|Ice Spinner|p2a: Gardevoir\n|-damage|p2a: Gardevoir|0 fnt\n|faint|p2a: Gardevoir\n|\n|upkeep\n|\n|t:|1733782572\n|switch|p2a: Ambipom|Ambipom, L84, M|263/263\n|turn|10\n|\n|t:|1733782576\n|move|p2a: Ambipom|Fake Out|p1a: Eiscue\n|-activate|p1a: Eiscue|ability: Ice Face\n|-damage|p1a: Eiscue|68/272\n|detailschange|p1a: Eiscue|Eiscue-Noice, L88, M\n|cant|p1a: Eiscue|flinch\n|\n|upkeep\n|turn|11\n|\n|t:|1733782583\n|move|p1a: Eiscue|Ice Spinner|p2a: Ambipom\n|-damage|p2a: Ambipom|0 fnt\n|faint|p2a: Ambipom\n|\n|upkeep\n|\n|t:|1733782587\n|switch|p2a: Mabosstiff|Mabosstiff, L86, M|278/278\n|turn|12\n|\n|t:|1733782591\n|move|p1a: Eiscue|Ice Spinner|p2a: Mabosstiff\n|-damage|p2a: Mabosstiff|0 fnt\n|faint|p2a: Mabosstiff\n|\n|upkeep\n|\n|t:|1733782594\n|switch|p2a: Komala|Komala, L89, F|260/260\n|-ability|p2a: Komala|Comatose\n|turn|13\n|\n|t:|1733782600\n|-terastallize|p1a: Eiscue|Water\n|move|p1a: Eiscue|Liquidation|p2a: Komala\n|-damage|p2a: Komala|0 fnt\n|faint|p2a: Komala\n|\n|upkeep\n|\n|t:|1733782603\n|switch|p2a: Azumarill|Azumarill, L82, M|113/298\n|turn|14\n|\n|t:|1733782607\n|move|p2a: Azumarill|Aqua Jet|p1a: Eiscue\n|-resisted|p1a: Eiscue\n|-damage|p1a: Eiscue|25/272\n|move|p1a: Eiscue|Liquidation|p2a: Azumarill\n|-resisted|p2a: Azumarill\n|-damage|p2a: Azumarill|0 fnt\n|faint|p2a: Azumarill\n|\n|win|Flauntez\n|raw|Flauntez's rating: 1436 &rarr; <strong>1456</strong><br />(+20 for winning)\n|raw|mappy's rating: 1434 &rarr; <strong>1414</strong><br />(-20 for losing)\n", "inputlog": ">version bfd83cad13791eb5a5a409923076391caf6fb4d4\n>start {\"formatid\":\"gen9randombattle\",\"seed\":[3686,34808,27583,64316],\"rated\":\"Rated battle\"}\n>player p1 {\"name\":\"Flauntez\",\"avatar\":\"silver\",\"rating\":1436,\"seed\":[4705,64427,4595,34206]}\n>player p2 {\"name\":\"mappy\",\"avatar\":\"170\",\"rating\":1434,\"seed\":[22721,4165,23570,14798]}\n>p1 switch 6\n>p2 move crunch\n>p1 move leechlife\n>p2 switch 4\n>p1 move earthquake\n>p2 move playrough\n>p1 switch 6\n>p1 move swordsdance\n>p2 switch 6\n>p1 move ivycudgel\n>p2 move bravebird\n>p2 switch 2\n>p1 move ivycudgel\n>p2 move fakeout\n>p1 switch 3\n>p1 move substitute\n>p2 switch 3\n>p1 move bellydrum\n>p2 move mysticalfire\n>p1 move icespinner\n>p2 move mysticalfire\n>p2 switch 3\n>p1 move icespinner\n>p2 move fakeout\n>p1 move icespinner\n>p2 move doubleedge\n>p2 switch 4\n>p1 move icespinner\n>p2 move crunch\n>p2 switch 5\n>p1 move liquidation terastallize\n>p2 move bodyslam\n>p2 switch 6\n>p1 move liquidation\n>p2 move aquajet", "uploadtime": 1733782611, "views": 2, "formatid": "gen9randombattle", "rating": 1414, "private": 0, "password": null}