{"id": "gen9randombattle-2260813008", "format": "[Gen 9] Random Battle", "players": ["snowdeezy", "5miao"], "log": "|j|\u2606snowdeezy\n|j|\u26065miao\n|t:|1733896584\n|gametype|singles\n|player|p1|snowdeezy|plasmagruntf|1568\n|player|p2|5miao|101|1580\n|teamsize|p1|6\n|teamsize|p2|6\n|gen|9\n|tier|[Gen 9] Random Battle\n|rated|\n|rule|Species Clause: Limit one of each Pok\u00e9mon\n|rule|HP Percentage Mod: HP is shown in percentages\n|rule|Sleep Clause Mod: Limit one foe put to sleep\n|rule|Illusion Level Mod: Illusion disguises the Pok\u00e9mon's true level\n|\n|t:|1733896584\n|start\n|switch|p1a: Polteageist|Polteageist-Antique, L79|224/224\n|switch|p2a: Walking Wake|Walking Wake, L79|286/286\n|turn|1\n|inactive|Battle timer is ON: inactive players will automatically lose when time's up. (requested by snowdeezy)\n|\n|t:|1733896595\n|move|p2a: Walking Wake|Sunny Day|p2a: Walking Wake\n|-weather|SunnyDay\n|-activate|p2a: Walking Wake|ability: Protosynthesis\n|-start|p2a: Walking Wake|protosynthesisspa\n|move|p1a: Polteageist|Shell Smash|p1a: Polteageist\n|-unboost|p1a: Polteageist|def|1\n|-unboost|p1a: Polteageist|spd|1\n|-boost|p1a: Polteageist|atk|2\n|-boost|p1a: Polteageist|spa|2\n|-boost|p1a: Polteageist|spe|2\n|-enditem|p1a: Polteageist|White Herb\n|-clearnegativeboost|p1a: Polteageist|[silent]\n|\n|-weather|SunnyDay|[upkeep]\n|upkeep\n|turn|2\n|\n|t:|1733896606\n|move|p1a: Polteageist|Shadow Ball|p2a: Walking Wake\n|-damage|p2a: Walking Wake|60/286\n|-unboost|p2a: Walking Wake|spd|1\n|move|p2a: Walking Wake|Hydro Steam|p1a: Polteageist\n|-damage|p1a: Polteageist|24/224\n|-damage|p2a: Walking Wake|32/286|[from] item: Life Orb\n|\n|-weather|SunnyDay|[upkeep]\n|upkeep\n|turn|3\n|\n|t:|1733896612\n|move|p1a: Polteageist|Giga Drain|p2a: Walking Wake\n|-damage|p2a: Walking Wake|0 fnt\n|-heal|p1a: Polteageist|40/224|[from] drain|[of] p2a: Walking Wake\n|faint|p2a: Walking Wake\n|-end|p2a: Walking Wake|Protosynthesis|[silent]\n|\n|-weather|SunnyDay|[upkeep]\n|upkeep\n|\n|t:|1733896614\n|switch|p2a: Scizor|Scizor, L79, M|240/240\n|turn|4\n|\n|t:|1733896621\n|switch|p1a: Bruxish|Bruxish, L85, F|254/254\n|move|p2a: Scizor|Bullet Punch|p1a: Bruxish\n|-resisted|p1a: Bruxish\n|-damage|p1a: Bruxish|193/254\n|\n|-weather|SunnyDay|[upkeep]\n|upkeep\n|turn|5\n|\n|t:|1733896630\n|switch|p2a: Ampharos|Ampharos, L88, M|302/302\n|move|p1a: Bruxish|Swords Dance|p1a: Bruxish\n|-boost|p1a: Bruxish|atk|2\n|\n|-weather|none\n|upkeep\n|turn|6\n|\n|t:|1733896637\n|move|p1a: Bruxish|Psychic Fangs|p2a: Ampharos\n|-damage|p2a: Ampharos|0 fnt\n|-status|p1a: Bruxish|par|[from] ability: Static|[of] p2a: Ampharos\n|faint|p2a: Ampharos\n|-damage|p1a: Bruxish|168/254 par|[from] item: Life Orb\n|\n|upkeep\n|\n|t:|1733896642\n|switch|p2a: Scizor|Scizor, L79, M|240/240\n|turn|7\n|\n|t:|1733896662\n|switch|p1a: Polteageist|Polteageist-Antique, L79|40/224\n|move|p2a: Scizor|U-turn|p1a: Polteageist\n|-resisted|p1a: Polteageist\n|-crit|p1a: Polteageist\n|-damage|p1a: Polteageist|0 fnt\n|-start|p2a: Scizor|Disable|U-turn|[from] ability: Cursed Body|[of] p1a: Polteageist\n|faint|p1a: Polteageist\n|\n|t:|1733896668\n|switch|p2a: Raikou|Raikou, L81|278/278|[from] U-turn\n|-ability|p2a: Raikou|Pressure\n|\n|upkeep\n|\n|t:|1733896674\n|switch|p1a: Okidogi|Okidogi, L77, M|262/262\n|turn|8\n|\n|t:|1733896679\n|move|p2a: Raikou|Calm Mind|p2a: Raikou\n|-boost|p2a: Raikou|spa|1\n|-boost|p2a: Raikou|spd|1\n|move|p1a: Okidogi|High Horsepower|p2a: Raikou\n|-supereffective|p2a: Raikou\n|-damage|p2a: Raikou|106/278\n|-status|p2a: Raikou|tox|[from] ability: Toxic Chain|[of] p1a: Okidogi\n|\n|-heal|p2a: Raikou|123/278 tox|[from] item: Leftovers\n|-damage|p2a: Raikou|106/278 tox|[from] psn\n|upkeep\n|turn|9\n|\n|t:|1733896684\n|move|p2a: Raikou|Thunderbolt|p1a: Okidogi\n|-damage|p1a: Okidogi|154/262\n|move|p1a: Okidogi|Drain Punch|p2a: Raikou\n|-damage|p2a: Raikou|6/278 tox\n|-heal|p1a: Okidogi|204/262|[from] drain|[of] p2a: Raikou\n|\n|-heal|p2a: Raikou|23/278 tox|[from] item: Leftovers\n|-damage|p2a: Raikou|0 fnt|[from] psn\n|faint|p2a: Raikou\n|upkeep\n|\n|t:|1733896690\n|switch|p2a: Mew|Mew, L82|298/298\n|turn|10\n|\n|t:|1733896694\n|-terastallize|p1a: Okidogi|Dark\n|move|p2a: Mew|Swords Dance|p2a: Mew\n|-boost|p2a: Mew|atk|2\n|move|p1a: Okidogi|Knock Off|p2a: Mew\n|-supereffective|p2a: Mew\n|-damage|p2a: Mew|88/298\n|-enditem|p2a: Mew|Life Orb|[from] move: Knock Off|[of] p1a: Okidogi\n|\n|upkeep\n|turn|11\n|\n|t:|1733896702\n|switch|p1a: Bruxish|Bruxish, L85, F|168/254 par\n|move|p2a: Mew|Leech Life|p1a: Bruxish\n|-supereffective|p1a: Bruxish\n|-damage|p1a: Bruxish|0 fnt\n|-heal|p2a: Mew|172/298|[from] drain|[of] p1a: Bruxish\n|faint|p1a: Bruxish\n|\n|upkeep\n|\n|t:|1733896708\n|switch|p1a: Regirock|Regirock, L83|268/268\n|turn|12\n|\n|t:|1733896719\n|move|p2a: Mew|Close Combat|p1a: Regirock\n|-supereffective|p1a: Regirock\n|-damage|p1a: Regirock|106/268\n|-unboost|p2a: Mew|def|1\n|-unboost|p2a: Mew|spd|1\n|move|p1a: Regirock|Stone Edge|p2a: Mew\n|-damage|p2a: Mew|33/298\n|\n|-heal|p1a: Regirock|122/268|[from] item: Leftovers\n|upkeep\n|turn|13\n|\n|t:|1733896728\n|move|p2a: Mew|Close Combat|p1a: Regirock\n|-supereffective|p1a: Regirock\n|-damage|p1a: Regirock|0 fnt\n|-unboost|p2a: Mew|def|1\n|-unboost|p2a: Mew|spd|1\n|faint|p1a: Regirock\n|\n|upkeep\n|\n|t:|1733896734\n|switch|p1a: Terapagos|Terapagos, L76, M|262/262\n|-activate|p1a: Terapagos|ability: Tera Shift\n|detailschange|p1a: Terapagos|Terapagos-Terastal, L76, M\n|-heal|p1a: Terapagos|269/269|[silent]\n|turn|14\n|\n|t:|1733896738\n|switch|p2a: Scizor|Scizor, L79, M|240/240\n|move|p1a: Terapagos|Tera Starstorm|p2a: Scizor\n|-resisted|p2a: Scizor\n|-damage|p2a: Scizor|178/240\n|\n|upkeep\n|turn|15\n|\n|t:|1733896744\n|move|p1a: Terapagos|Earth Power|p2a: Scizor\n|-damage|p2a: Scizor|110/240\n|move|p2a: Scizor|U-turn|p1a: Terapagos\n|-activate|p1a: Terapagos|ability: Tera Shell\n|-resisted|p1a: Terapagos\n|-damage|p1a: Terapagos|207/269\n|\n|t:|1733896747\n|switch|p2a: Politoed|Politoed, L88, F|302/302|[from] U-turn\n|-weather|RainDance|[from] ability: Drizzle|[of] p2a: Politoed\n|\n|-weather|RainDance|[upkeep]\n|upkeep\n|turn|16\n|\n|t:|1733896751\n|move|p1a: Terapagos|Calm Mind|p1a: Terapagos\n|-boost|p1a: Terapagos|spa|1\n|-boost|p1a: Terapagos|spd|1\n|move|p2a: Politoed|Surf|p1a: Terapagos\n|-damage|p1a: Terapagos|104/269\n|\n|-weather|RainDance|[upkeep]\n|upkeep\n|turn|17\n|\n|t:|1733896757\n|move|p1a: Terapagos|Calm Mind|p1a: Terapagos\n|-boost|p1a: Terapagos|spa|1\n|-boost|p1a: Terapagos|spd|1\n|move|p2a: Politoed|Hypnosis|p1a: Terapagos\n|-status|p1a: Terapagos|slp|[from] move: Hypnosis\n|-enditem|p1a: Terapagos|Chesto Berry|[eat]\n|-curestatus|p1a: Terapagos|slp|[msg]\n|\n|-weather|RainDance|[upkeep]\n|upkeep\n|turn|18\n|\n|t:|1733896764\n|move|p2a: Politoed|Hypnosis|p1a: Terapagos\n|-status|p1a: Terapagos|slp|[from] move: Hypnosis\n|cant|p1a: Terapagos|slp\n|\n|-weather|RainDance|[upkeep]\n|upkeep\n|turn|19\n|\n|t:|1733896766\n|move|p2a: Politoed|Surf|p1a: Terapagos\n|-damage|p1a: Terapagos|32/269 slp\n|cant|p1a: Terapagos|slp\n|\n|-weather|none\n|upkeep\n|turn|20\n|\n|t:|1733896769\n|switch|p1a: Hydrapple|Hydrapple, L83, F|312/312\n|move|p2a: Politoed|Surf|p1a: Hydrapple\n|-resisted|p1a: Hydrapple\n|-damage|p1a: Hydrapple|286/312\n|\n|upkeep\n|turn|21\n|\n|t:|1733896774\n|move|p2a: Politoed|Ice Beam|p1a: Hydrapple\n|-supereffective|p1a: Hydrapple\n|-damage|p1a: Hydrapple|14/312\n|move|p1a: Hydrapple|Giga Drain|p2a: Politoed\n|-supereffective|p2a: Politoed\n|-damage|p2a: Politoed|89/302\n|-heal|p1a: Hydrapple|121/312|[from] drain|[of] p2a: Politoed\n|-damage|p1a: Hydrapple|90/312|[from] item: Life Orb\n|\n|upkeep\n|turn|22\n|\n|t:|1733896779\n|switch|p1a: Okidogi|Okidogi, L77, M, tera:Dark|204/262\n|move|p2a: Politoed|Ice Beam|p1a: Okidogi\n|-damage|p1a: Okidogi|156/262\n|\n|upkeep\n|turn|23\n|\n|t:|1733896789\n|-terastallize|p2a: Politoed|Steel\n|move|p2a: Politoed|Rest|p2a: Politoed\n|-status|p2a: Politoed|slp|[from] move: Rest\n|-heal|p2a: Politoed|302/302 slp|[silent]\n|-enditem|p2a: Politoed|Chesto Berry|[eat]\n|-curestatus|p2a: Politoed|slp|[msg]\n|move|p1a: Okidogi|Drain Punch|p2a: Politoed\n|-supereffective|p2a: Politoed\n|-damage|p2a: Politoed|138/302\n|-heal|p1a: Okidogi|238/262|[from] drain|[of] p2a: Politoed\n|\n|upkeep\n|turn|24\n|\n|t:|1733896793\n|move|p2a: Politoed|Surf|p1a: Okidogi\n|-damage|p1a: Okidogi|157/262\n|move|p1a: Okidogi|Drain Punch|p2a: Politoed\n|-supereffective|p2a: Politoed\n|-damage|p2a: Politoed|0 fnt\n|-heal|p1a: Okidogi|226/262|[from] drain|[of] p2a: Politoed\n|faint|p2a: Politoed\n|\n|upkeep\n|\n|t:|1733896797\n|switch|p2a: Mew|Mew, L82|33/298\n|turn|25\n|\n|t:|1733896801\n|switch|p1a: Terapagos|Terapagos-Terastal, L76, M|32/269 slp\n|move|p2a: Mew|Close Combat|p1a: Terapagos\n|-supereffective|p1a: Terapagos\n|-damage|p1a: Terapagos|0 fnt\n|-unboost|p2a: Mew|def|1\n|-unboost|p2a: Mew|spd|1\n|faint|p1a: Terapagos\n|\n|upkeep\n|\n|t:|1733896802\n|switch|p1a: Hydrapple|Hydrapple, L83, F|194/312\n|turn|26\n|\n|t:|1733896806\n|move|p2a: Mew|Psychic Fangs|p1a: Hydrapple\n|-damage|p1a: Hydrapple|124/312\n|move|p1a: Hydrapple|Fickle Beam|p2a: Mew\n|-damage|p2a: Mew|0 fnt\n|faint|p2a: Mew\n|-damage|p1a: Hydrapple|93/312|[from] item: Life Orb\n|\n|upkeep\n|\n|t:|1733896808\n|switch|p2a: Scizor|Scizor, L79, M|110/240\n|turn|27\n|\n|t:|1733896812\n|move|p2a: Scizor|U-turn|p1a: Hydrapple\n|-supereffective|p1a: Hydrapple\n|-damage|p1a: Hydrapple|0 fnt\n|faint|p1a: Hydrapple\n|\n|upkeep\n|\n|t:|1733896814\n|switch|p1a: Okidogi|Okidogi, L77, M, tera:Dark|226/262\n|turn|28\n|\n|t:|1733896818\n|move|p1a: Okidogi|High Horsepower|p2a: Scizor\n|-damage|p2a: Scizor|42/240\n|move|p2a: Scizor|U-turn|p1a: Okidogi\n|-supereffective|p1a: Okidogi\n|-damage|p1a: Okidogi|0 fnt\n|faint|p1a: Okidogi\n|\n|win|5miao\n|raw|snowdeezy's rating: 1568 &rarr; <strong>1549</strong><br />(-19 for losing)\n|raw|5miao's rating: 1580 &rarr; <strong>1599</strong><br />(+19 for winning)\n", "inputlog": ">version bfd83cad13791eb5a5a409923076391caf6fb4d4\n>start {\"formatid\":\"gen9randombattle\",\"seed\":[4623,61619,41716,55843],\"rated\":\"Rated battle\"}\n>player p1 {\"name\":\"snowdeezy\",\"avatar\":\"plasmagruntf\",\"rating\":1568,\"seed\":[18125,32704,58127,56137]}\n>player p2 {\"name\":\"5miao\",\"avatar\":\"101\",\"rating\":1580,\"seed\":[58503,62766,55748,54493]}\n>p1 move shellsmash\n>p2 move sunnyday\n>p1 move shadowball\n>p2 move hydrosteam\n>p1 move gigadrain\n>p2 move hydrosteam\n>p2 switch 5\n>p1 switch 5\n>p2 move bulletpunch\n>p1 move swordsdance\n>p2 switch 2\n>p1 move psychicfangs\n>p2 move thunderbolt\n>p2 switch 2\n>p1 switch 5\n>p2 move uturn\n>p2 switch 6\n>p1 switch 2\n>p1 move highhorsepower\n>p2 move calmmind\n>p1 move drainpunch\n>p2 move thunderbolt\n>p2 switch 4\n>p1 move knockoff terastallize\n>p2 move swordsdance\n>p1 switch 5\n>p2 move leechlife\n>p1 switch 3\n>p1 move stoneedge\n>p2 move closecombat\n>p1 move bodypress\n>p2 move closecombat\n>p1 switch 6\n>p1 move terastarstorm\n>p2 switch 6\n>p1 move earthpower\n>p2 move uturn\n>p2 switch 3\n>p1 move calmmind\n>p2 move surf\n>p1 move calmmind\n>p2 move hypnosis\n>p1 move rest\n>p2 move hypnosis\n>p1 move terastarstorm\n>p2 move surf\n>p1 switch 4\n>p2 move surf\n>p1 move gigadrain\n>p2 move icebeam\n>p1 switch 5\n>p2 move icebeam\n>p1 move drainpunch\n>p2 move rest terastallize\n>p1 move drainpunch\n>p2 move surf\n>p2 switch 6\n>p1 switch 4\n>p2 move closecombat\n>p1 switch 5\n>p1 move ficklebeam\n>p2 move psychicfangs\n>p2 switch 3\n>p1 move earthpower\n>p2 move uturn\n>p1 switch 4\n>p1 move highhorsepower\n>p2 move uturn", "uploadtime": 1733896821, "views": 1, "formatid": "gen9randombattle", "rating": 1549, "private": 0, "password": null}