{"id": "gen9randombattle-2260705430", "format": "[Gen 9] Random Battle", "players": ["Arxz", "kingyascah"], "log": "|j|\u2606Arxz\n|j|\u2606kingyascah\n|t:|1733880797\n|gametype|singles\n|player|p1|Arxz|hoopster|1989\n|player|p2|kingyascah|carmine-festival|2003\n|teamsize|p1|6\n|teamsize|p2|6\n|gen|9\n|tier|[Gen 9] Random Battle\n|rated|\n|rule|Species Clause: Limit one of each Pok\u00e9mon\n|rule|HP Percentage Mod: HP is shown in percentages\n|rule|Sleep Clause Mod: Limit one foe put to sleep\n|rule|Illusion Level Mod: Illusion disguises the Pok\u00e9mon's true level\n|\n|t:|1733880797\n|start\n|switch|p1a: Hawlucha|Hawlucha, L80, M|256/256\n|switch|p2a: Greninja|Greninja, L80, M|246/246\n|turn|1\n|inactive|Battle timer is ON: inactive players will automatically lose when time's up. (requested by Arxz)\n|\n|t:|1733880819\n|switch|p2a: Weezing|Weezing-Galar, L86, M|252/252\n|move|p1a: Hawlucha|Close Combat|p2a: Weezing\n|-resisted|p2a: Weezing\n|-damage|p2a: Weezing|229/252\n|-unboost|p1a: Hawlucha|def|1\n|-unboost|p1a: Hawlucha|spd|1\n|-enditem|p1a: Hawlucha|White Herb\n|-clearnegativeboost|p1a: Hawlucha|[silent]\n|\n|-heal|p2a: Weezing|244/252|[from] item: Leftovers\n|upkeep\n|turn|2\n|\n|t:|1733880823\n|move|p1a: Hawlucha|Swords Dance|p1a: Hawlucha\n|-boost|p1a: Hawlucha|atk|2\n|move|p2a: Weezing|Will-O-Wisp|p1a: Hawlucha\n|-status|p1a: Hawlucha|brn\n|\n|-heal|p2a: Weezing|252/252|[from] item: Leftovers\n|-damage|p1a: Hawlucha|240/256 brn|[from] brn\n|upkeep\n|turn|3\n|\n|t:|1733880829\n|move|p1a: Hawlucha|Brave Bird|p2a: Weezing\n|-damage|p2a: Weezing|170/252\n|-damage|p1a: Hawlucha|213/256 brn|[from] Recoil\n|move|p2a: Weezing|Strange Steam|p1a: Hawlucha\n|-supereffective|p1a: Hawlucha\n|-damage|p1a: Hawlucha|0 fnt\n|faint|p1a: Hawlucha\n|\n|-heal|p2a: Weezing|185/252|[from] item: Leftovers\n|upkeep\n|\n|t:|1733880833\n|switch|p1a: Azelf|Azelf, L82|257/257\n|turn|4\n|\n|t:|1733880840\n|switch|p2a: Grafaiai|Grafaiai, L86, M|249/249\n|move|p1a: Azelf|Psychic|p2a: Grafaiai\n|-supereffective|p2a: Grafaiai\n|-damage|p2a: Grafaiai|81/249\n|\n|upkeep\n|turn|5\n|\n|t:|1733880845\n|move|p2a: Grafaiai|Knock Off|p1a: Azelf\n|-supereffective|p1a: Azelf\n|-damage|p1a: Azelf|99/257\n|-enditem|p1a: Azelf|Leftovers|[from] move: Knock Off|[of] p2a: Grafaiai\n|move|p1a: Azelf|Stealth Rock|p2a: Grafaiai\n|-sidestart|p2: kingyascah|move: Stealth Rock\n|\n|upkeep\n|turn|6\n|\n|t:|1733880850\n|move|p2a: Grafaiai|Knock Off|p1a: Azelf\n|-supereffective|p1a: Azelf\n|-damage|p1a: Azelf|0 fnt\n|faint|p1a: Azelf\n|\n|upkeep\n|\n|t:|1733880855\n|switch|p1a: Eternatus|Eternatus, L69|308/308\n|-ability|p1a: Eternatus|Pressure\n|turn|7\n|\n|t:|1733880860\n|move|p2a: Grafaiai|Knock Off|p1a: Eternatus\n|-damage|p1a: Eternatus|223/308\n|-enditem|p1a: Eternatus|Power Herb|[from] move: Knock Off|[of] p2a: Grafaiai\n|move|p1a: Eternatus|Meteor Beam||[still]\n|-prepare|p1a: Eternatus|Meteor Beam\n|-boost|p1a: Eternatus|spa|1\n|\n|upkeep\n|turn|8\n|\n|t:|1733880873\n|move|p2a: Grafaiai|Super Fang|p1a: Eternatus\n|-damage|p1a: Eternatus|112/308\n|move|p1a: Eternatus|Meteor Beam|p2a: Grafaiai|[from]lockedmove\n|-damage|p2a: Grafaiai|0 fnt\n|faint|p2a: Grafaiai\n|\n|upkeep\n|\n|t:|1733880883\n|switch|p2a: Floatzel|Floatzel, L85, F|283/283\n|-damage|p2a: Floatzel|248/283|[from] Stealth Rock\n|turn|9\n|\n|t:|1733880892\n|move|p2a: Floatzel|Ice Spinner|p1a: Eternatus\n|-supereffective|p1a: Eternatus\n|-damage|p1a: Eternatus|0 fnt\n|faint|p1a: Eternatus\n|\n|-heal|p2a: Floatzel|265/283|[from] item: Leftovers\n|upkeep\n|\n|t:|1733880898\n|switch|p1a: Scovillain|Scovillain, L91, F|266/266\n|turn|10\n|\n|t:|1733880904\n|switch|p2a: Mandibuzz|Mandibuzz, L85, F|326/326\n|move|p1a: Scovillain|Sunny Day|p1a: Scovillain\n|-weather|SunnyDay\n|\n|-weather|SunnyDay|[upkeep]\n|upkeep\n|turn|11\n|\n|t:|1733880911\n|move|p1a: Scovillain|Fire Blast|p2a: Mandibuzz|[miss]\n|-miss|p1a: Scovillain|p2a: Mandibuzz\n|move|p2a: Mandibuzz|Brave Bird|p1a: Scovillain\n|-supereffective|p1a: Scovillain\n|-damage|p1a: Scovillain|54/266\n|-damage|p2a: Mandibuzz|256/326|[from] Recoil\n|\n|-weather|SunnyDay|[upkeep]\n|upkeep\n|turn|12\n|\n|t:|1733880916\n|move|p1a: Scovillain|Fire Blast|p2a: Mandibuzz\n|-damage|p2a: Mandibuzz|40/326\n|move|p2a: Mandibuzz|Brave Bird|p1a: Scovillain\n|-supereffective|p1a: Scovillain\n|-damage|p1a: Scovillain|0 fnt\n|faint|p1a: Scovillain\n|-damage|p2a: Mandibuzz|22/326|[from] Recoil\n|\n|-weather|SunnyDay|[upkeep]\n|upkeep\n|inactive|Arxz has 120 seconds left.\n|\n|t:|1733880948\n|switch|p1a: Haxorus|Haxorus, L77, F|244/244\n|-ability|p1a: Haxorus|Mold Breaker\n|turn|13\n|\n|t:|1733880965\n|move|p1a: Haxorus|Iron Head|p2a: Mandibuzz\n|-damage|p2a: Mandibuzz|0 fnt\n|faint|p2a: Mandibuzz\n|\n|-weather|SunnyDay|[upkeep]\n|upkeep\n|\n|t:|1733880967\n|switch|p2a: Weezing|Weezing-Galar, L86, M|185/252\n|-damage|p2a: Weezing|154/252|[from] Stealth Rock\n|turn|14\n|\n|t:|1733880975\n|move|p1a: Haxorus|Iron Head|p2a: Weezing\n|-supereffective|p2a: Weezing\n|-damage|p2a: Weezing|56/252\n|move|p2a: Weezing|Defog|p1a: Haxorus\n|-unboost|p1a: Haxorus|evasion|1\n|-sideend|p2: kingyascah|Stealth Rock|[from] move: Defog|[of] p2a: Weezing\n|\n|-weather|none\n|-heal|p2a: Weezing|71/252|[from] item: Leftovers\n|upkeep\n|turn|15\n|\n|t:|1733880983\n|move|p1a: Haxorus|Iron Head|p2a: Weezing\n|-supereffective|p2a: Weezing\n|-damage|p2a: Weezing|0 fnt\n|faint|p2a: Weezing\n|\n|upkeep\n|\n|t:|1733880984\n|switch|p2a: Floatzel|Floatzel, L85, F|265/283\n|turn|16\n|\n|t:|1733880991\n|move|p2a: Floatzel|Bulk Up|p2a: Floatzel\n|-boost|p2a: Floatzel|atk|1\n|-boost|p2a: Floatzel|def|1\n|move|p1a: Haxorus|Scale Shot|p2a: Floatzel|[miss]\n|-miss|p1a: Haxorus|p2a: Floatzel\n|\n|-heal|p2a: Floatzel|282/283|[from] item: Leftovers\n|upkeep\n|turn|17\n|\n|t:|1733881002\n|move|p2a: Floatzel|Ice Spinner|p1a: Haxorus\n|-supereffective|p1a: Haxorus\n|-damage|p1a: Haxorus|36/244\n|move|p1a: Haxorus|Scale Shot|p2a: Floatzel\n|-damage|p2a: Floatzel|254/283\n|-damage|p2a: Floatzel|223/283\n|-damage|p2a: Floatzel|193/283\n|-damage|p2a: Floatzel|166/283\n|-damage|p2a: Floatzel|138/283\n|-hitcount|p2a: Floatzel|5\n|-unboost|p1a: Haxorus|def|1\n|-boost|p1a: Haxorus|spe|1\n|\n|-heal|p2a: Floatzel|155/283|[from] item: Leftovers\n|upkeep\n|turn|18\n|\n|t:|1733881018\n|move|p1a: Haxorus|Scale Shot|p2a: Floatzel\n|-damage|p2a: Floatzel|125/283\n|-damage|p2a: Floatzel|95/283\n|-damage|p2a: Floatzel|64/283\n|-crit|p2a: Floatzel\n|-damage|p2a: Floatzel|0 fnt\n|faint|p2a: Floatzel\n|-hitcount|p2: Floatzel|4\n|-unboost|p1a: Haxorus|def|1\n|-boost|p1a: Haxorus|spe|1\n|\n|upkeep\n|\n|t:|1733881026\n|switch|p2a: Greninja|Greninja, L80, M|246/246\n|turn|19\n|\n|t:|1733881031\n|-terastallize|p2a: Greninja|Poison\n|move|p1a: Haxorus|Close Combat|p2a: Greninja\n|-resisted|p2a: Greninja\n|-damage|p2a: Greninja|183/246\n|-unboost|p1a: Haxorus|def|1\n|-unboost|p1a: Haxorus|spd|1\n|move|p2a: Greninja|Dark Pulse|p1a: Haxorus\n|-damage|p1a: Haxorus|0 fnt\n|faint|p1a: Haxorus\n|-damage|p2a: Greninja|159/246|[from] item: Life Orb\n|\n|upkeep\n|\n|t:|1733881036\n|switch|p1a: Falinks|Falinks, L84|246/246\n|turn|20\n|\n|t:|1733881043\n|move|p2a: Greninja|Gunk Shot|p1a: Falinks\n|-damage|p1a: Falinks|112/246\n|-status|p1a: Falinks|psn\n|-damage|p2a: Greninja|135/246|[from] item: Life Orb\n|move|p1a: Falinks|No Retreat|p1a: Falinks\n|-boost|p1a: Falinks|atk|1\n|-boost|p1a: Falinks|def|1\n|-boost|p1a: Falinks|spa|1\n|-boost|p1a: Falinks|spd|1\n|-boost|p1a: Falinks|spe|1\n|-start|p1a: Falinks|move: No Retreat\n|\n|-damage|p1a: Falinks|82/246 psn|[from] psn\n|upkeep\n|turn|21\n|inactive|Arxz has 120 seconds left.\n|\n|t:|1733881074\n|switch|p2a: Frosmoth|Frosmoth, L82, M|249/249\n|move|p1a: Falinks|Close Combat|p2a: Frosmoth\n|-damage|p2a: Frosmoth|0 fnt\n|-unboost|p1a: Falinks|def|1\n|-unboost|p1a: Falinks|spd|1\n|faint|p2a: Frosmoth\n|-damage|p1a: Falinks|58/246 psn|[from] item: Life Orb\n|\n|-damage|p1a: Falinks|28/246 psn|[from] psn\n|upkeep\n|inactive|kingyascah has 120 seconds left.\n|\n|t:|1733881100\n|switch|p2a: Greninja|Greninja, L80, M, tera:Poison|135/246\n|turn|22\n|\n|t:|1733881105\n|move|p1a: Falinks|Close Combat|p2a: Greninja\n|-resisted|p2a: Greninja\n|-damage|p2a: Greninja|0 fnt\n|-unboost|p1a: Falinks|def|1\n|-unboost|p1a: Falinks|spd|1\n|faint|p2a: Greninja\n|-damage|p1a: Falinks|4/246 psn|[from] item: Life Orb\n|\n|win|Arxz\n|raw|Arxz's rating: 1989 &rarr; <strong>2010</strong><br />(+21 for winning)\n|raw|kingyascah's rating: 2003 &rarr; <strong>1982</strong><br />(-21 for losing)\n|l|\u2606kingyascah\n|player|p2|\n", "inputlog": ">version bfd83cad13791eb5a5a409923076391caf6fb4d4\n>start {\"formatid\":\"gen9randombattle\",\"seed\":[17700,38684,11689,60570],\"rated\":\"Rated battle\"}\n>player p1 {\"name\":\"Arxz\",\"avatar\":\"hoopster\",\"rating\":1989,\"seed\":[5178,10881,47900,23521]}\n>player p2 {\"name\":\"kingyascah\",\"avatar\":\"carmine-festival\",\"rating\":2003,\"seed\":[12680,718,54730,29213]}\n>p1 move closecombat\n>p2 switch 4\n>p1 move swordsdance\n>p2 move willowisp\n>p1 move bravebird\n>p2 move strangesteam\n>p1 switch 4\n>p1 move psychic\n>p2 switch 3\n>p1 move stealthrock\n>p2 move knockoff\n>p1 move psychic\n>p2 move knockoff\n>p1 switch 3\n>p1 move meteorbeam\n>p2 move knockoff\n>p1 move meteorbeam\n>p2 move superfang\n>p2 switch 6\n>p1 move dynamaxcannon\n>p2 move icespinner\n>p1 switch 2\n>p1 move sunnyday\n>p2 switch 5\n>p1 move fireblast\n>p2 move bravebird\n>p1 move fireblast\n>p2 move bravebird\n>p1 switch 5\n>p1 move ironhead\n>p2 move foulplay\n>p2 switch 3\n>p1 move ironhead\n>p2 move defog\n>p1 move ironhead\n>p2 move strangesteam\n>p2 switch 5\n>p1 move scaleshot\n>p2 move bulkup\n>p1 move scaleshot\n>p2 move icespinner\n>p1 move scaleshot\n>p2 move icespinner\n>p2 switch 4\n>p1 move closecombat\n>p2 move darkpulse terastallize\n>p1 switch 6\n>p1 move noretreat\n>p2 move gunkshot\n>p1 move closecombat\n>p2 switch 2\n>p2 switch 2\n>p1 move closecombat\n>p2 move darkpulse", "uploadtime": 1733881113, "views": 1, "formatid": "gen9randombattle", "rating": 1982, "private": 0, "password": null}