{"id": "gen9randombattle-2260321741", "format": "[Gen 9] Random Battle", "players": ["rammyzh", "Sir_chronicles"], "log": "|j|\u2606rammyzh\n|j|\u2606Sir_chronicles\n|inactive|Battle timer is ON: inactive players will automatically lose when time's up.\n|t:|1733839682\n|gametype|singles\n|player|p1|rammyzh|169|\n|player|p2|Sir_chronicles|gambler|\n|teamsize|p1|6\n|teamsize|p2|6\n|gen|9\n|tier|[Gen 9] Random Battle\n|rated|Tournament battle\n|rule|Species Clause: Limit one of each Pok\u00e9mon\n|rule|HP Percentage Mod: HP is shown in percentages\n|rule|Sleep Clause Mod: Limit one foe put to sleep\n|rule|Illusion Level Mod: Illusion disguises the Pok\u00e9mon's true level\n|\n|t:|1733839682\n|start\n|switch|p1a: Typhlosion|Typhlosion-Hisui, L83, M|257/257\n|switch|p2a: Qwilfish|Qwilfish, L86, F|252/252\n|-ability|p2a: Qwilfish|Intimidate|boost\n|-unboost|p1a: Typhlosion|atk|1\n|turn|1\n|j|*Lady Monita \u2600\n|j| BB-8-NU\n|inactive|Sir_chronicles also wants the timer to be on.\n|j| Vecchiorei\n|j| MrDrainPunch\n|\n|t:|1733839696\n|switch|p1a: Quagsire|Quagsire, L84, F|297/297\n|move|p2a: Qwilfish|Flip Turn|p1a: Quagsire\n|-damage|p1a: Quagsire|224/297\n|c| MrDrainPunch|Crit merchant\n|c| MrDrainPunch|is back\n|inactive|Sir_chronicles has 120 seconds left.\n|c|\u2606Sir_chronicles|I\u2019m Mr Crit, back here one more time to put things straight yo\n|\n|t:|1733839733\n|switch|p2a: Virizion|Virizion, L82|283/283|[from] Flip Turn\n|\n|-heal|p1a: Quagsire|242/297|[from] item: Leftovers\n|upkeep\n|turn|2\n|inactive|Sir_chronicles has 120 seconds left.\n|\n|t:|1733839755\n|switch|p1a: Klefki|Klefki, L84, M|233/233\n|move|p2a: Virizion|Swords Dance|p2a: Virizion\n|-boost|p2a: Virizion|atk|2\n|\n|upkeep\n|turn|3\n|\n|t:|1733839759\n|move|p1a: Klefki|Thunder Wave|p2a: Virizion\n|-status|p2a: Virizion|par\n|move|p2a: Virizion|Close Combat|p1a: Klefki\n|-damage|p1a: Klefki|0 fnt\n|-unboost|p2a: Virizion|def|1\n|-unboost|p2a: Virizion|spd|1\n|faint|p1a: Klefki\n|-damage|p2a: Virizion|255/283 par|[from] item: Life Orb\n|\n|upkeep\n|\n|t:|1733839767\n|switch|p1a: Typhlosion|Typhlosion-Hisui, L83, M|257/257\n|turn|4\n|\n|t:|1733839792\n|switch|p2a: Munkidori|Munkidori, L79, M|269/269\n|move|p1a: Typhlosion|Eruption|p2a: Munkidori\n|-damage|p2a: Munkidori|1/269\n|\n|upkeep\n|turn|5\n|\n|t:|1733839802\n|switch|p1a: Weavile|Weavile, L79, F|240/240\n|move|p2a: Munkidori|Psyshock|p1a: Weavile\n|-immune|p1a: Weavile\n|\n|upkeep\n|turn|6\n|\n|t:|1733839810\n|move|p1a: Weavile|Swords Dance|p1a: Weavile\n|-boost|p1a: Weavile|atk|2\n|move|p2a: Munkidori|Sludge Wave|p1a: Weavile\n|-damage|p1a: Weavile|88/240\n|-status|p1a: Weavile|tox|[from] ability: Toxic Chain|[of] p2a: Munkidori\n|-damage|p2a: Munkidori|0 fnt|[from] item: Life Orb\n|faint|p2a: Munkidori\n|\n|-damage|p1a: Weavile|73/240 tox|[from] psn\n|upkeep\n|\n|t:|1733839820\n|switch|p2a: Qwilfish|Qwilfish, L86, F|252/252\n|-ability|p2a: Qwilfish|Intimidate|boost\n|-unboost|p1a: Weavile|atk|1\n|turn|7\n|\n|t:|1733839825\n|move|p1a: Weavile|Triple Axel|p2a: Qwilfish\n|-resisted|p2a: Qwilfish\n|-damage|p2a: Qwilfish|237/252\n|-resisted|p2a: Qwilfish\n|-damage|p2a: Qwilfish|206/252\n|-hitcount|p2a: Qwilfish|2\n|move|p2a: Qwilfish|Flip Turn|p1a: Weavile\n|-damage|p1a: Weavile|0 fnt\n|faint|p1a: Weavile\n|c|\u2606Sir_chronicles|Wtf\n|j| Zggggoi\n|j| Omarinator\n|c|\u2606Sir_chronicles|how strong is this fish\n|\n|t:|1733839845\n|switch|p2a: Golduck|Golduck, L90, M|290/290|[from] Flip Turn\n|-ability|p2a: Golduck|Cloud Nine\n|\n|upkeep\n|c|\u2606rammyzh|fr\n|\n|t:|1733839854\n|switch|p1a: Quagsire|Quagsire, L84, F|242/297\n|turn|8\n|\n|t:|1733839858\n|move|p2a: Golduck|Grass Knot|p1a: Quagsire\n|-supereffective|p1a: Quagsire\n|-damage|p1a: Quagsire|0 fnt\n|faint|p1a: Quagsire\n|\n|upkeep\n|l| Zggggoi\n|c|\u2606rammyzh|uh oh\n|\n|t:|1733839864\n|switch|p1a: Sinistcha|Sinistcha-Masterpiece, L83|254/254\n|turn|9\n|\n|t:|1733839869\n|switch|p2a: Qwilfish|Qwilfish, L86, F|206/252\n|-ability|p2a: Qwilfish|Intimidate|boost\n|-unboost|p1a: Sinistcha|atk|1\n|move|p1a: Sinistcha|Calm Mind|p1a: Sinistcha\n|-boost|p1a: Sinistcha|spa|1\n|-boost|p1a: Sinistcha|spd|1\n|\n|upkeep\n|turn|10\n|\n|t:|1733839874\n|move|p2a: Qwilfish|Toxic|p1a: Sinistcha\n|-status|p1a: Sinistcha|tox\n|move|p1a: Sinistcha|Calm Mind|p1a: Sinistcha\n|-boost|p1a: Sinistcha|spa|1\n|-boost|p1a: Sinistcha|spd|1\n|\n|-damage|p1a: Sinistcha|239/254 tox|[from] psn\n|upkeep\n|turn|11\n|\n|t:|1733839877\n|move|p2a: Qwilfish|Gunk Shot|p1a: Sinistcha\n|-damage|p1a: Sinistcha|113/254 tox\n|move|p1a: Sinistcha|Matcha Gotcha|p2a: Qwilfish\n|-damage|p2a: Qwilfish|0 fnt\n|-heal|p1a: Sinistcha|216/254 tox|[from] drain|[of] p2a: Qwilfish\n|faint|p2a: Qwilfish\n|\n|-heal|p1a: Sinistcha|231/254 tox|[from] item: Leftovers\n|-damage|p1a: Sinistcha|201/254 tox|[from] psn\n|upkeep\n|\n|t:|1733839887\n|switch|p2a: Mandibuzz|Mandibuzz, L85, F|326/326\n|turn|12\n|\n|t:|1733839890\n|switch|p1a: Kleavor|Kleavor, L78, F|237/237\n|move|p2a: Mandibuzz|Brave Bird|p1a: Kleavor\n|-damage|p1a: Kleavor|141/237\n|-damage|p2a: Mandibuzz|294/326|[from] Recoil\n|\n|upkeep\n|turn|13\n|\n|t:|1733839894\n|switch|p2a: Virizion|Virizion, L82|255/283 par\n|move|p1a: Kleavor|Stone Axe|p2a: Virizion\n|-resisted|p2a: Virizion\n|-damage|p2a: Virizion|181/283 par\n|-sidestart|p2: Sir_chronicles|move: Stealth Rock\n|\n|upkeep\n|turn|14\n|\n|t:|1733839908\n|switch|p1a: Sinistcha|Sinistcha-Masterpiece, L83|201/254 tox\n|move|p2a: Virizion|Leaf Blade|p1a: Sinistcha\n|-resisted|p1a: Sinistcha\n|-damage|p1a: Sinistcha|152/254 tox\n|-damage|p2a: Virizion|153/283 par|[from] item: Life Orb\n|\n|-heal|p1a: Sinistcha|167/254 tox|[from] item: Leftovers\n|-damage|p1a: Sinistcha|152/254 tox|[from] psn\n|upkeep\n|turn|15\n|\n|t:|1733839916\n|move|p1a: Sinistcha|Strength Sap|p2a: Virizion\n|-unboost|p2a: Virizion|atk|1\n|-heal|p1a: Sinistcha|254/254 tox\n|move|p2a: Virizion|Stone Edge|p1a: Sinistcha\n|-damage|p1a: Sinistcha|210/254 tox\n|-damage|p2a: Virizion|125/283 par|[from] item: Life Orb\n|\n|-heal|p1a: Sinistcha|225/254 tox|[from] item: Leftovers\n|-damage|p1a: Sinistcha|195/254 tox|[from] psn\n|upkeep\n|turn|16\n|\n|t:|1733839923\n|move|p1a: Sinistcha|Shadow Ball|p2a: Virizion\n|-damage|p2a: Virizion|47/283 par\n|-unboost|p2a: Virizion|spd|1\n|cant|p2a: Virizion|par\n|\n|-heal|p1a: Sinistcha|210/254 tox|[from] item: Leftovers\n|-damage|p1a: Sinistcha|165/254 tox|[from] psn\n|upkeep\n|turn|17\n|\n|t:|1733839926\n|move|p1a: Sinistcha|Matcha Gotcha|p2a: Virizion\n|-resisted|p2a: Virizion\n|-damage|p2a: Virizion|0 fnt\n|-heal|p1a: Sinistcha|189/254 tox|[from] drain|[of] p2a: Virizion\n|faint|p2a: Virizion\n|\n|-heal|p1a: Sinistcha|204/254 tox|[from] item: Leftovers\n|-damage|p1a: Sinistcha|144/254 tox|[from] psn\n|upkeep\n|c|\u2606Sir_chronicles|\u2026I think I lose\n|c|\u2606Sir_chronicles|no wait\n|inactive|Sir_chronicles has 120 seconds left.\n|c|\u2606rammyzh|hmmm\n|c|\u2606Sir_chronicles|I\u2019m just stupid\n|\n|t:|1733839961\n|switch|p2a: Spectrier|Spectrier, L75|274/274\n|-damage|p2a: Spectrier|240/274|[from] Stealth Rock\n|turn|18\n|c| Vecchiorei|BRO\n|\n|t:|1733839975\n|-terastallize|p1a: Sinistcha|Steel\n|move|p2a: Spectrier|Shadow Ball|p1a: Sinistcha\n|-damage|p1a: Sinistcha|15/254 tox\n|-unboost|p1a: Sinistcha|spd|1\n|-damage|p2a: Spectrier|213/274|[from] item: Life Orb\n|move|p1a: Sinistcha|Shadow Ball|p2a: Spectrier\n|-supereffective|p2a: Spectrier\n|-damage|p2a: Spectrier|0 fnt\n|faint|p2a: Spectrier\n|\n|-heal|p1a: Sinistcha|30/254 tox|[from] item: Leftovers\n|-damage|p1a: Sinistcha|0 fnt|[from] psn\n|faint|p1a: Sinistcha\n|upkeep\n|\n|t:|1733839987\n|switch|p2a: Golduck|Golduck, L90, M|290/290\n|switch|p1a: Typhlosion|Typhlosion-Hisui, L83, M|257/257\n|-damage|p2a: Golduck|254/290|[from] Stealth Rock\n|-ability|p2a: Golduck|Cloud Nine\n|turn|19\n|j| Surging Death\n|\n|t:|1733840000\n|move|p1a: Typhlosion|Shadow Ball|p2a: Golduck\n|-damage|p2a: Golduck|113/290\n|-unboost|p2a: Golduck|spd|1\n|move|p2a: Golduck|Hydro Pump|p1a: Typhlosion\n|-supereffective|p1a: Typhlosion\n|-damage|p1a: Typhlosion|0 fnt\n|faint|p1a: Typhlosion\n|\n|upkeep\n|\n|t:|1733840003\n|switch|p1a: Kleavor|Kleavor, L78, F|141/237\n|turn|20\n|\n|t:|1733840005\n|move|p2a: Golduck|Hydro Pump|p1a: Kleavor\n|-supereffective|p1a: Kleavor\n|-damage|p1a: Kleavor|0 fnt\n|faint|p1a: Kleavor\n|\n|win|Sir_chronicles\n|n|\u2606rammyzh|rammyzh\n|n|\u2606Sir_chronicles|sirchronicles\n|n|*Lady Monita \u2600|ladymonita\n|n| BB-8-NU|bb8nu\n|n| Vecchiorei|vecchiorei\n|n| MrDrainPunch|mrdrainpunch\n|n| Omarinator|omarinator\n|n| Surging Death|surgingdeath\n|l|*Lady Monita \u2600\n|c|\u2606rammyzh|gg\n|l|\u2606rammyzh\n|player|p1|\n|c|\u2606Sir_chronicles|gg\n|l| Vecchiorei\n", "inputlog": ">version bfd83cad13791eb5a5a409923076391caf6fb4d4\n>start {\"formatid\":\"gen9randombattle\",\"seed\":[38231,27594,22350,3652],\"rated\":\"Tournament battle\"}\n>player p1 {\"name\":\"rammyzh\",\"avatar\":\"169\",\"rating\":0,\"seed\":[48996,32341,42037,18213]}\n>player p2 {\"name\":\"Sir_chronicles\",\"avatar\":\"gambler\",\"rating\":0,\"seed\":[63916,20591,27815,50641]}\n>p1 switch 3\n>p2 move flipturn\n>chat  MrDrainPunch|Crit merchant\n>chat  MrDrainPunch|is back\n>chat \u2606Sir_chronicles|I\u2019m Mr Crit, back here one more time to put things straight yo\n>p2 switch 5\n>p1 switch 5\n>p2 move swordsdance\n>p1 move thunderwave\n>p2 move closecombat\n>p1 switch 3\n>p1 move eruption\n>p2 switch 4\n>p1 switch 4\n>p2 move psyshock\n>p1 move swordsdance\n>p2 move sludgewave\n>p2 switch 5\n>p1 move tripleaxel\n>p2 move flipturn\n>chat \u2606Sir_chronicles|Wtf\n>chat \u2606Sir_chronicles|how strong is this fish\n>p2 switch 3\n>chat \u2606rammyzh|fr\n>p1 switch 5\n>p1 move spikes\n>p2 move grassknot\n>chat \u2606rammyzh|uh oh\n>p1 switch 6\n>p1 move calmmind\n>p2 switch 3\n>p1 move calmmind\n>p2 move toxic\n>p1 move matchagotcha\n>p2 move gunkshot\n>p2 switch 2\n>p1 switch 2\n>p2 move bravebird\n>p1 move stoneaxe\n>p2 switch 4\n>p1 switch 2\n>p2 move leafblade\n>p1 move strengthsap\n>p2 move stoneedge\n>p1 move shadowball\n>p2 move stoneedge\n>p1 move matchagotcha\n>p2 move stoneedge\n>chat \u2606Sir_chronicles|\u2026I think I lose\n>chat \u2606Sir_chronicles|no wait\n>chat \u2606rammyzh|hmmm\n>chat \u2606Sir_chronicles|I\u2019m just stupid\n>p2 switch 6\n>chat  Vecchiorei|BRO\n>p1 move shadowball terastallize\n>p2 move shadowball\n>p1 switch 4\n>p2 switch 3\n>p1 move shadowball\n>p2 move hydropump\n>p1 switch 2\n>p1 move stoneaxe\n>p2 move hydropump", "uploadtime": 1733840005, "views": 3, "formatid": "gen9randombattle", "rating": null, "private": 0, "password": null}