{"id": "gen9randombattle-2260801438", "format": "[Gen 9] Random Battle", "players": ["puffibee", "yabriel"], "log": "|j|\u2606puffibee\n|j|\u2606yabriel\n|t:|1733894453\n|gametype|singles\n|player|p1|puffibee|bugcatcher-gen4dp|1127\n|player|p2|yabriel|2|1128\n|teamsize|p1|6\n|teamsize|p2|6\n|gen|9\n|tier|[Gen 9] Random Battle\n|rated|\n|rule|Species Clause: Limit one of each Pok\u00e9mon\n|rule|HP Percentage Mod: HP is shown in percentages\n|rule|Sleep Clause Mod: Limit one foe put to sleep\n|rule|Illusion Level Mod: Illusion disguises the Pok\u00e9mon's true level\n|\n|t:|1733894453\n|start\n|switch|p1a: Barraskewda|Barraskewda, L81, M|231/231\n|switch|p2a: Trevenant|Trevenant, L88, M|293/293\n|turn|1\n|inactive|Battle timer is ON: inactive players will automatically lose when time's up. (requested by yabriel)\n|\n|t:|1733894461\n|switch|p1a: Charizard|Charizard, L85, M|271/271\n|move|p2a: Trevenant|Toxic|p1a: Charizard\n|-status|p1a: Charizard|tox\n|\n|-damage|p1a: Charizard|255/271 tox|[from] psn\n|upkeep\n|turn|2\n|\n|t:|1733894475\n|move|p2a: Trevenant|Protect|p2a: Trevenant\n|-singleturn|p2a: Trevenant|Protect\n|move|p1a: Charizard|Flamethrower|p2a: Trevenant\n|-activate|p2a: Trevenant|move: Protect\n|\n|-damage|p1a: Charizard|223/271 tox|[from] psn\n|upkeep\n|turn|3\n|\n|t:|1733894493\n|switch|p2a: Delphox|Delphox, L84, F|263/263\n|move|p1a: Charizard|Will-O-Wisp|p2a: Delphox\n|-immune|p2a: Delphox\n|\n|-damage|p1a: Charizard|175/271 tox|[from] psn\n|upkeep\n|turn|4\n|\n|t:|1733894503\n|move|p2a: Delphox|Nasty Plot|p2a: Delphox\n|-boost|p2a: Delphox|spa|2\n|move|p1a: Charizard|Hurricane|p2a: Delphox\n|-damage|p2a: Delphox|145/263\n|\n|-damage|p1a: Charizard|111/271 tox|[from] psn\n|upkeep\n|turn|5\n|\n|t:|1733894512\n|move|p2a: Delphox|Psyshock|p1a: Charizard\n|-damage|p1a: Charizard|0 fnt\n|faint|p1a: Charizard\n|\n|upkeep\n|\n|t:|1733894516\n|switch|p1a: Barraskewda|Barraskewda, L81, M|231/231\n|turn|6\n|\n|t:|1733894523\n|move|p1a: Barraskewda|Waterfall|p2a: Delphox\n|-supereffective|p2a: Delphox\n|-damage|p2a: Delphox|0 fnt\n|faint|p2a: Delphox\n|\n|upkeep\n|\n|t:|1733894526\n|switch|p2a: Trevenant|Trevenant, L88, M|293/293\n|turn|7\n|\n|t:|1733894531\n|switch|p1a: Porygon-Z|Porygon-Z, L83|277/277\n|move|p2a: Trevenant|Toxic|p1a: Porygon-Z\n|-status|p1a: Porygon-Z|tox\n|\n|-damage|p1a: Porygon-Z|260/277 tox|[from] psn\n|upkeep\n|turn|8\n|\n|t:|1733894541\n|move|p2a: Trevenant|Protect|p2a: Trevenant\n|-singleturn|p2a: Trevenant|Protect\n|move|p1a: Porygon-Z|Shadow Ball|p2a: Trevenant\n|-activate|p2a: Trevenant|move: Protect\n|\n|-damage|p1a: Porygon-Z|226/277 tox|[from] psn\n|upkeep\n|turn|9\n|\n|t:|1733894557\n|move|p1a: Porygon-Z|Shadow Ball|p2a: Trevenant\n|-supereffective|p2a: Trevenant\n|-damage|p2a: Trevenant|65/293\n|-enditem|p2a: Trevenant|Sitrus Berry|[eat]\n|-heal|p2a: Trevenant|138/293|[from] item: Sitrus Berry\n|move|p2a: Trevenant|Drain Punch|p1a: Porygon-Z\n|-supereffective|p1a: Porygon-Z\n|-damage|p1a: Porygon-Z|76/277 tox\n|-heal|p2a: Trevenant|213/293|[from] drain|[of] p1a: Porygon-Z\n|\n|-damage|p1a: Porygon-Z|25/277 tox|[from] psn\n|-item|p2a: Trevenant|Sitrus Berry|[from] ability: Harvest\n|upkeep\n|turn|10\n|\n|t:|1733894570\n|move|p2a: Trevenant|Protect|p2a: Trevenant\n|-singleturn|p2a: Trevenant|Protect\n|move|p1a: Porygon-Z|Shadow Ball|p2a: Trevenant\n|-activate|p2a: Trevenant|move: Protect\n|\n|-damage|p1a: Porygon-Z|0 fnt|[from] psn\n|faint|p1a: Porygon-Z\n|upkeep\n|\n|t:|1733894581\n|switch|p1a: Iron Bundle|Iron Bundle, L77|213/213\n|turn|11\n|\n|t:|1733894586\n|move|p1a: Iron Bundle|Freeze-Dry|p2a: Trevenant\n|-supereffective|p2a: Trevenant\n|-damage|p2a: Trevenant|0 fnt\n|faint|p2a: Trevenant\n|\n|upkeep\n|\n|t:|1733894593\n|switch|p2a: Dudunsparce|Dudunsparce-Three-Segment, L83, F|343/343\n|turn|12\n|\n|t:|1733894600\n|move|p1a: Iron Bundle|Freeze-Dry|p2a: Dudunsparce\n|-damage|p2a: Dudunsparce|205/343\n|move|p2a: Dudunsparce|Calm Mind|p2a: Dudunsparce\n|-boost|p2a: Dudunsparce|spa|1\n|-boost|p2a: Dudunsparce|spd|1\n|\n|-heal|p2a: Dudunsparce|226/343|[from] item: Leftovers\n|upkeep\n|turn|13\n|\n|t:|1733894610\n|move|p1a: Iron Bundle|Freeze-Dry|p2a: Dudunsparce\n|-damage|p2a: Dudunsparce|139/343\n|move|p2a: Dudunsparce|Boomburst|p1a: Iron Bundle\n|-damage|p1a: Iron Bundle|0 fnt\n|faint|p1a: Iron Bundle\n|-end|p1a: Iron Bundle|Quark Drive|[silent]\n|\n|-heal|p2a: Dudunsparce|160/343|[from] item: Leftovers\n|upkeep\n|\n|t:|1733894618\n|switch|p1a: Beartic|Beartic, L91, F|321/321\n|turn|14\n|\n|t:|1733894625\n|move|p1a: Beartic|Swords Dance|p1a: Beartic\n|-boost|p1a: Beartic|atk|2\n|move|p2a: Dudunsparce|Boomburst|p1a: Beartic\n|-damage|p1a: Beartic|113/321\n|\n|-heal|p2a: Dudunsparce|181/343|[from] item: Leftovers\n|upkeep\n|turn|15\n|\n|t:|1733894632\n|move|p1a: Beartic|Aqua Jet|p2a: Dudunsparce\n|-damage|p2a: Dudunsparce|93/343\n|move|p2a: Dudunsparce|Boomburst|p1a: Beartic\n|-damage|p1a: Beartic|0 fnt\n|faint|p1a: Beartic\n|\n|-heal|p2a: Dudunsparce|114/343|[from] item: Leftovers\n|upkeep\n|\n|t:|1733894636\n|switch|p1a: Zebstrika|Zebstrika, L87, F|272/272\n|turn|16\n|\n|t:|1733894645\n|move|p1a: Zebstrika|Supercell Slam|p2a: Dudunsparce\n|-damage|p2a: Dudunsparce|0 fnt\n|faint|p2a: Dudunsparce\n|-damage|p1a: Zebstrika|245/272|[from] item: Life Orb\n|\n|upkeep\n|\n|t:|1733894662\n|switch|p2a: Cinderace|Cinderace, L77, F|238/238\n|turn|17\n|\n|t:|1733894673\n|move|p1a: Zebstrika|High Horsepower|p2a: Cinderace\n|-damage|p2a: Cinderace|118/238\n|replace|p2a: Zoroark|Zoroark, L84, M\n|-end|p2a: Zoroark|Illusion\n|-hint|Illusion Level Mod is active, so this Pok\u00e9mon's true level was hidden.\n|-damage|p1a: Zebstrika|218/272|[from] item: Life Orb\n|move|p2a: Zoroark|Trick|p1a: Zebstrika\n|-activate|p2a: Zoroark|move: Trick|[of] p1a: Zebstrika\n|-item|p1a: Zebstrika|Choice Specs|[from] move: Trick\n|-item|p2a: Zoroark|Life Orb|[from] move: Trick\n|\n|upkeep\n|turn|18\n|\n|t:|1733894696\n|move|p1a: Zebstrika|Supercell Slam|p2a: Zoroark\n|-damage|p2a: Zoroark|0 fnt\n|faint|p2a: Zoroark\n|\n|upkeep\n|\n|t:|1733894699\n|switch|p2a: Azelf|Azelf, L82|257/257\n|turn|19\n|\n|t:|1733894710\n|move|p1a: Zebstrika|Supercell Slam|p2a: Azelf\n|-damage|p2a: Azelf|113/257\n|move|p2a: Azelf|Thunderbolt|p1a: Zebstrika\n|-resisted|p1a: Zebstrika\n|-damage|p1a: Zebstrika|154/272\n|\n|upkeep\n|turn|20\n|\n|t:|1733894713\n|switch|p2a: Cinderace|Cinderace, L77, F|249/249\n|move|p1a: Zebstrika|Supercell Slam|p2a: Cinderace\n|-damage|p2a: Cinderace|108/249\n|\n|upkeep\n|turn|21\n|c|\u2606puffibee|why did you spec me\n|\n|t:|1733894731\n|move|p1a: Zebstrika|Supercell Slam|p2a: Cinderace\n|-damage|p2a: Cinderace|0 fnt\n|faint|p2a: Cinderace\n|\n|upkeep\n|\n|t:|1733894734\n|switch|p2a: Azelf|Azelf, L82|113/257\n|turn|22\n|\n|t:|1733894739\n|move|p1a: Zebstrika|Supercell Slam|p2a: Azelf\n|-damage|p2a: Azelf|0 fnt\n|faint|p2a: Azelf\n|\n|win|puffibee\n|raw|puffibee's rating: 1127 &rarr; <strong>1152</strong><br />(+25 for winning)\n|raw|yabriel's rating: 1128 &rarr; <strong>1103</strong><br />(-25 for losing)\n|l|\u2606yabriel\n|player|p2|\n|c|\u2606puffibee|ggs\n", "inputlog": ">version bfd83cad13791eb5a5a409923076391caf6fb4d4\n>start {\"formatid\":\"gen9randombattle\",\"seed\":[58619,25447,48290,4537],\"rated\":\"Rated battle\"}\n>player p1 {\"name\":\"puffibee\",\"avatar\":\"bugcatcher-gen4dp\",\"rating\":1127,\"seed\":[63878,34123,60922,39194]}\n>player p2 {\"name\":\"yabriel\",\"avatar\":\"2\",\"rating\":1128,\"seed\":[12639,3715,46508,48394]}\n>p1 switch 5\n>p2 move toxic\n>p1 move flamethrower\n>p2 move protect\n>p1 move willowisp\n>p2 switch 5\n>p1 move hurricane\n>p2 move nastyplot\n>p1 move hurricane\n>p2 move psyshock\n>p1 switch 5\n>p1 move waterfall\n>p2 move grassknot\n>p2 switch 5\n>p1 switch 3\n>p2 move toxic\n>p1 move shadowball\n>p2 move protect\n>p1 move shadowball\n>p2 move drainpunch\n>p1 move shadowball\n>p2 move protect\n>p1 switch 4\n>p1 move freezedry\n>p2 move toxic\n>p2 switch 6\n>p1 move freezedry\n>p2 move calmmind\n>p1 move freezedry\n>p2 move boomburst\n>p1 switch 2\n>p1 move swordsdance\n>p2 move boomburst\n>p1 move aquajet\n>p2 move boomburst\n>p1 switch 6\n>p1 move supercellslam\n>p2 move roost\n>p2 switch 4\n>p1 move highhorsepower\n>p2 move trick\n>p1 move supercellslam\n>p2 move sludgebomb\n>p2 switch 2\n>p1 move supercellslam\n>p2 move thunderbolt\n>p1 move supercellslam\n>p2 switch 3\n>chat \u2606puffibee|why did you spec me\n>p1 move supercellslam\n>p2 move highjumpkick\n>p2 switch 3\n>p1 move supercellslam\n>p2 move psychic", "uploadtime": 1733894743, "views": 3, "formatid": "gen9randombattle", "rating": 1103, "private": 0, "password": null}