{"id": "gen9randombattle-2260571692", "format": "[Gen 9] Random Battle", "players": ["SceptileKyle", "ADegel"], "log": "|j|\u2606SceptileKyle\n|j|\u2606ADegel\n|t:|1733864793\n|gametype|singles\n|player|p1|SceptileKyle|102|2073\n|player|p2|ADegel|n|2060\n|teamsize|p1|6\n|teamsize|p2|6\n|gen|9\n|tier|[Gen 9] Random Battle\n|rated|\n|rule|Species Clause: Limit one of each Pok\u00e9mon\n|rule|HP Percentage Mod: HP is shown in percentages\n|rule|Sleep Clause Mod: Limit one foe put to sleep\n|rule|Illusion Level Mod: Illusion disguises the Pok\u00e9mon's true level\n|\n|t:|1733864793\n|start\n|switch|p1a: Armarouge|Armarouge, L80, M|267/267\n|switch|p2a: Greninja|Greninja, L80, M|246/246\n|turn|1\n|\n|t:|1733864809\n|switch|p1a: Gastrodon|Gastrodon-East, L86, M|331/331\n|move|p2a: Greninja|Dark Pulse|p1a: Gastrodon\n|-start|p2a: Greninja|typechange|Dark|[from] ability: Protean\n|-damage|p1a: Gastrodon|218/331\n|-damage|p2a: Greninja|222/246|[from] item: Life Orb\n|\n|-heal|p1a: Gastrodon|238/331|[from] item: Leftovers\n|upkeep\n|turn|2\n|\n|t:|1733864814\n|move|p2a: Greninja|Grass Knot|p1a: Gastrodon\n|-supereffective|p1a: Gastrodon\n|-damage|p1a: Gastrodon|35/331\n|-damage|p2a: Greninja|198/246|[from] item: Life Orb\n|move|p1a: Gastrodon|Recover|p1a: Gastrodon\n|-heal|p1a: Gastrodon|201/331\n|\n|-heal|p1a: Gastrodon|221/331|[from] item: Leftovers\n|upkeep\n|turn|3\n|\n|t:|1733864822\n|switch|p1a: Kilowattrel|Kilowattrel, L83, F|252/252\n|move|p2a: Greninja|Grass Knot|p1a: Kilowattrel\n|-resisted|p1a: Kilowattrel\n|-damage|p1a: Kilowattrel|220/252\n|-damage|p2a: Greninja|174/246|[from] item: Life Orb\n|\n|upkeep\n|turn|4\n|\n|t:|1733864839\n|switch|p2a: Chansey|Chansey, L85, F|564/564\n|move|p1a: Kilowattrel|Thunderbolt|p2a: Chansey\n|-damage|p2a: Chansey|510/564\n|\n|upkeep\n|turn|5\n|\n|t:|1733864849\n|move|p1a: Kilowattrel|Thunder Wave|p2a: Chansey\n|-status|p2a: Chansey|par\n|move|p2a: Chansey|Thunder Wave|p1a: Kilowattrel\n|-heal|p1a: Kilowattrel|252/252|[from] ability: Volt Absorb|[of] p2a: Chansey\n|\n|upkeep\n|turn|6\n|\n|t:|1733864858\n|switch|p1a: Raging Bolt|Raging Bolt, L78|323/323\n|move|p2a: Chansey|Thunder Wave|p1a: Raging Bolt\n|-immune|p1a: Raging Bolt\n|\n|upkeep\n|turn|7\n|\n|t:|1733864868\n|-end|p1a: Raging Bolt|Protosynthesis|[silent]\n|switch|p1a: Dondozo|Dondozo, L78, F|362/362\n|-curestatus|p2a: Chansey|par|[from] ability: Natural Cure\n|switch|p2a: Ampharos|Ampharos, L88, M|302/302\n|\n|upkeep\n|turn|8\n|\n|t:|1733864885\n|switch|p2a: Sinistcha|Sinistcha-Masterpiece, L83|254/254\n|switch|p1a: Gastrodon|Gastrodon-East, L86, M|221/331\n|\n|-heal|p1a: Gastrodon|241/331|[from] item: Leftovers\n|upkeep\n|turn|9\n|\n|t:|1733864891\n|switch|p1a: Kilowattrel|Kilowattrel, L83, F|252/252\n|move|p2a: Sinistcha|Calm Mind|p2a: Sinistcha\n|-boost|p2a: Sinistcha|spa|1\n|-boost|p2a: Sinistcha|spd|1\n|\n|upkeep\n|turn|10\n|\n|t:|1733864896\n|move|p1a: Kilowattrel|Hurricane|p2a: Sinistcha\n|-supereffective|p2a: Sinistcha\n|-damage|p2a: Sinistcha|90/254\n|move|p2a: Sinistcha|Calm Mind|p2a: Sinistcha\n|-boost|p2a: Sinistcha|spa|1\n|-boost|p2a: Sinistcha|spd|1\n|\n|-heal|p2a: Sinistcha|105/254|[from] item: Leftovers\n|upkeep\n|turn|11\n|\n|t:|1733864902\n|-terastallize|p2a: Sinistcha|Steel\n|move|p1a: Kilowattrel|Hurricane|p2a: Sinistcha\n|-resisted|p2a: Sinistcha\n|-damage|p2a: Sinistcha|73/254\n|move|p2a: Sinistcha|Strength Sap|p1a: Kilowattrel\n|-unboost|p1a: Kilowattrel|atk|1\n|-heal|p2a: Sinistcha|194/254\n|\n|-heal|p2a: Sinistcha|209/254|[from] item: Leftovers\n|upkeep\n|turn|12\n|\n|t:|1733864907\n|move|p1a: Kilowattrel|Thunder Wave|p2a: Sinistcha\n|-status|p2a: Sinistcha|par\n|cant|p2a: Sinistcha|par\n|\n|-heal|p2a: Sinistcha|224/254 par|[from] item: Leftovers\n|upkeep\n|turn|13\n|\n|t:|1733864914\n|switch|p1a: Gastrodon|Gastrodon-East, L86, M|241/331\n|move|p2a: Sinistcha|Calm Mind|p2a: Sinistcha\n|-boost|p2a: Sinistcha|spa|1\n|-boost|p2a: Sinistcha|spd|1\n|\n|-heal|p1a: Gastrodon|261/331|[from] item: Leftovers\n|-heal|p2a: Sinistcha|239/254 par|[from] item: Leftovers\n|upkeep\n|turn|14\n|\n|t:|1733864922\n|move|p1a: Gastrodon|Earthquake|p2a: Sinistcha\n|-supereffective|p2a: Sinistcha\n|-damage|p2a: Sinistcha|63/254 par\n|move|p2a: Sinistcha|Matcha Gotcha|p1a: Gastrodon\n|-supereffective|p1a: Gastrodon\n|-damage|p1a: Gastrodon|0 fnt\n|-heal|p2a: Sinistcha|194/254 par|[from] drain|[of] p1a: Gastrodon\n|faint|p1a: Gastrodon\n|\n|-heal|p2a: Sinistcha|209/254 par|[from] item: Leftovers\n|upkeep\n|\n|t:|1733864935\n|switch|p1a: Dondozo|Dondozo, L78, F|362/362\n|turn|15\n|inactive|Battle timer is ON: inactive players will automatically lose when time's up. (requested by ADegel)\n|\n|t:|1733864938\n|-terastallize|p1a: Dondozo|Fairy\n|move|p1a: Dondozo|Wave Crash|p2a: Sinistcha\n|-damage|p2a: Sinistcha|115/254 par\n|-damage|p1a: Dondozo|331/362|[from] Recoil\n|move|p2a: Sinistcha|Matcha Gotcha|p1a: Dondozo\n|-damage|p1a: Dondozo|193/362\n|-heal|p2a: Sinistcha|184/254 par|[from] drain|[of] p1a: Dondozo\n|-status|p1a: Dondozo|brn\n|\n|-heal|p1a: Dondozo|215/362 brn|[from] item: Leftovers\n|-heal|p2a: Sinistcha|199/254 par|[from] item: Leftovers\n|-damage|p1a: Dondozo|193/362 brn|[from] brn\n|upkeep\n|turn|16\n|\n|t:|1733864944\n|move|p1a: Dondozo|Rest|p1a: Dondozo\n|-status|p1a: Dondozo|slp|[from] move: Rest\n|-heal|p1a: Dondozo|362/362 slp|[silent]\n|move|p2a: Sinistcha|Matcha Gotcha|p1a: Dondozo\n|-damage|p1a: Dondozo|217/362 slp\n|-heal|p2a: Sinistcha|254/254 par|[from] drain|[of] p1a: Dondozo\n|\n|-heal|p1a: Dondozo|239/362 slp|[from] item: Leftovers\n|upkeep\n|turn|17\n|\n|t:|1733864957\n|cant|p1a: Dondozo|slp\n|move|p1a: Dondozo|Sleep Talk|p1a: Dondozo\n|move|p1a: Dondozo|Wave Crash|p2a: Sinistcha|[from]move: Sleep Talk\n|-damage|p2a: Sinistcha|152/254 par\n|-damage|p1a: Dondozo|205/362 slp|[from] Recoil\n|move|p2a: Sinistcha|Shadow Ball|p1a: Dondozo\n|-damage|p1a: Dondozo|63/362 slp\n|\n|-heal|p1a: Dondozo|85/362 slp|[from] item: Leftovers\n|-heal|p2a: Sinistcha|167/254 par|[from] item: Leftovers\n|upkeep\n|turn|18\n|\n|t:|1733864964\n|cant|p1a: Dondozo|slp\n|move|p1a: Dondozo|Sleep Talk|p1a: Dondozo\n|move|p1a: Dondozo|Curse|p1a: Dondozo|[from]move: Sleep Talk\n|-unboost|p1a: Dondozo|spe|1\n|-boost|p1a: Dondozo|atk|1\n|-boost|p1a: Dondozo|def|1\n|move|p2a: Sinistcha|Matcha Gotcha|p1a: Dondozo\n|-damage|p1a: Dondozo|0 fnt\n|-heal|p2a: Sinistcha|210/254 par|[from] drain|[of] p1a: Dondozo\n|faint|p1a: Dondozo\n|\n|-heal|p2a: Sinistcha|225/254 par|[from] item: Leftovers\n|upkeep\n|\n|t:|1733864967\n|switch|p1a: Armarouge|Armarouge, L80, M|267/267\n|turn|19\n|\n|t:|1733864972\n|move|p1a: Armarouge|Meteor Beam||[still]\n|-prepare|p1a: Armarouge|Meteor Beam\n|-boost|p1a: Armarouge|spa|1\n|-enditem|p1a: Armarouge|Power Herb\n|-anim|p1a: Armarouge|Meteor Beam|p2a: Sinistcha\n|-resisted|p2a: Sinistcha\n|-damage|p2a: Sinistcha|194/254 par\n|move|p2a: Sinistcha|Shadow Ball|p1a: Armarouge\n|-supereffective|p1a: Armarouge\n|-damage|p1a: Armarouge|0 fnt\n|faint|p1a: Armarouge\n|\n|-heal|p2a: Sinistcha|209/254 par|[from] item: Leftovers\n|upkeep\n|c|\u2606SceptileKyle|Gg\n|\n|t:|1733864983\n|switch|p1a: Raging Bolt|Raging Bolt, L78|323/323\n|turn|20\n|\n|t:|1733864987\n|move|p1a: Raging Bolt|Calm Mind|p1a: Raging Bolt\n|-boost|p1a: Raging Bolt|spa|1\n|-boost|p1a: Raging Bolt|spd|1\n|move|p2a: Sinistcha|Shadow Ball|p1a: Raging Bolt\n|-damage|p1a: Raging Bolt|142/323\n|\n|-heal|p1a: Raging Bolt|162/323|[from] item: Leftovers\n|-heal|p2a: Sinistcha|224/254 par|[from] item: Leftovers\n|upkeep\n|turn|21\n|\n|t:|1733864990\n|move|p1a: Raging Bolt|Calm Mind|p1a: Raging Bolt\n|-boost|p1a: Raging Bolt|spa|1\n|-boost|p1a: Raging Bolt|spd|1\n|cant|p2a: Sinistcha|par\n|\n|-heal|p1a: Raging Bolt|182/323|[from] item: Leftovers\n|-heal|p2a: Sinistcha|239/254 par|[from] item: Leftovers\n|upkeep\n|turn|22\n|\n|t:|1733864993\n|move|p1a: Raging Bolt|Calm Mind|p1a: Raging Bolt\n|-boost|p1a: Raging Bolt|spa|1\n|-boost|p1a: Raging Bolt|spd|1\n|cant|p2a: Sinistcha|par\n|\n|-heal|p1a: Raging Bolt|202/323|[from] item: Leftovers\n|-heal|p2a: Sinistcha|254/254 par|[from] item: Leftovers\n|upkeep\n|turn|23\n|\n|t:|1733864998\n|move|p1a: Raging Bolt|Calm Mind|p1a: Raging Bolt\n|-boost|p1a: Raging Bolt|spa|1\n|-boost|p1a: Raging Bolt|spd|1\n|cant|p2a: Sinistcha|par\n|\n|-heal|p1a: Raging Bolt|222/323|[from] item: Leftovers\n|upkeep\n|turn|24\n|\n|t:|1733865004\n|move|p1a: Raging Bolt|Calm Mind|p1a: Raging Bolt\n|-boost|p1a: Raging Bolt|spa|1\n|-boost|p1a: Raging Bolt|spd|1\n|move|p2a: Sinistcha|Calm Mind|p2a: Sinistcha\n|-boost|p2a: Sinistcha|spa|1\n|-boost|p2a: Sinistcha|spd|1\n|\n|-heal|p1a: Raging Bolt|242/323|[from] item: Leftovers\n|upkeep\n|turn|25\n|\n|t:|1733865006\n|move|p1a: Raging Bolt|Calm Mind|p1a: Raging Bolt\n|-boost|p1a: Raging Bolt|spa|1\n|-boost|p1a: Raging Bolt|spd|1\n|move|p2a: Sinistcha|Calm Mind|p2a: Sinistcha\n|-boost|p2a: Sinistcha|spa|1\n|-boost|p2a: Sinistcha|spd|1\n|\n|-heal|p1a: Raging Bolt|262/323|[from] item: Leftovers\n|upkeep\n|turn|26\n|\n|t:|1733865009\n|move|p1a: Raging Bolt|Thunderbolt|p2a: Sinistcha\n|-damage|p2a: Sinistcha|127/254 par\n|move|p2a: Sinistcha|Calm Mind|p2a: Sinistcha\n|-boost|p2a: Sinistcha|spa|1\n|-boost|p2a: Sinistcha|spd|1\n|\n|-heal|p1a: Raging Bolt|282/323|[from] item: Leftovers\n|-heal|p2a: Sinistcha|142/254 par|[from] item: Leftovers\n|upkeep\n|turn|27\n|\n|t:|1733865013\n|move|p1a: Raging Bolt|Thunderbolt|p2a: Sinistcha\n|-damage|p2a: Sinistcha|30/254 par\n|cant|p2a: Sinistcha|par\n|\n|-heal|p1a: Raging Bolt|302/323|[from] item: Leftovers\n|-heal|p2a: Sinistcha|45/254 par|[from] item: Leftovers\n|upkeep\n|turn|28\n|\n|t:|1733865017\n|move|p1a: Raging Bolt|Thunderbolt|p2a: Sinistcha\n|-damage|p2a: Sinistcha|0 fnt\n|faint|p2a: Sinistcha\n|\n|-heal|p1a: Raging Bolt|322/323|[from] item: Leftovers\n|upkeep\n|\n|t:|1733865028\n|switch|p2a: Chansey|Chansey, L85, F|510/564\n|turn|29\n|\n|t:|1733865032\n|move|p1a: Raging Bolt|Thunderbolt|p2a: Chansey\n|-damage|p2a: Chansey|243/564\n|move|p2a: Chansey|Soft-Boiled|p2a: Chansey\n|-heal|p2a: Chansey|525/564\n|\n|-heal|p1a: Raging Bolt|323/323|[from] item: Leftovers\n|upkeep\n|turn|30\n|\n|t:|1733865037\n|move|p1a: Raging Bolt|Thunderbolt|p2a: Chansey\n|-damage|p2a: Chansey|284/564\n|-status|p2a: Chansey|par\n|move|p2a: Chansey|Seismic Toss|p1a: Raging Bolt\n|-damage|p1a: Raging Bolt|238/323\n|\n|-heal|p1a: Raging Bolt|258/323|[from] item: Leftovers\n|upkeep\n|turn|31\n|\n|t:|1733865041\n|move|p1a: Raging Bolt|Thunderbolt|p2a: Chansey\n|-damage|p2a: Chansey|14/564 par\n|move|p2a: Chansey|Soft-Boiled|p2a: Chansey\n|-heal|p2a: Chansey|296/564 par\n|\n|-heal|p1a: Raging Bolt|278/323|[from] item: Leftovers\n|upkeep\n|turn|32\n|\n|t:|1733865046\n|-curestatus|p2a: Chansey|par|[from] ability: Natural Cure\n|switch|p2a: Ampharos|Ampharos, L88, M|302/302\n|move|p1a: Raging Bolt|Dragon Pulse|p2a: Ampharos\n|-damage|p2a: Ampharos|62/302\n|\n|-heal|p1a: Raging Bolt|298/323|[from] item: Leftovers\n|upkeep\n|turn|33\n|\n|t:|1733865053\n|move|p1a: Raging Bolt|Thunderclap|p2a: Ampharos\n|-resisted|p2a: Ampharos\n|-damage|p2a: Ampharos|0 fnt\n|faint|p2a: Ampharos\n|\n|-heal|p1a: Raging Bolt|318/323|[from] item: Leftovers\n|upkeep\n|\n|t:|1733865063\n|switch|p2a: Greninja|Greninja, L80, M|174/246\n|turn|34\n|\n|t:|1733865067\n|move|p1a: Raging Bolt|Thunderclap|p2a: Greninja\n|-supereffective|p2a: Greninja\n|-damage|p2a: Greninja|0 fnt\n|faint|p2a: Greninja\n|\n|-heal|p1a: Raging Bolt|323/323|[from] item: Leftovers\n|upkeep\n|\n|t:|1733865076\n|switch|p2a: Magcargo|Magcargo, L95, M|268/268\n|turn|35\n|\n|t:|1733865079\n|move|p1a: Raging Bolt|Dragon Pulse|p2a: Magcargo\n|-damage|p2a: Magcargo|0 fnt\n|faint|p2a: Magcargo\n|\n|upkeep\n|\n|t:|1733865084\n|switch|p2a: Necrozma|Necrozma-Dawn-Wings, L76|272/272\n|turn|36\n|\n|t:|1733865091\n|move|p1a: Raging Bolt|Thunderbolt|p2a: Necrozma\n|-damage|p2a: Necrozma|0 fnt\n|faint|p2a: Necrozma\n|\n|upkeep\n|\n|t:|1733865094\n|switch|p2a: Chansey|Chansey, L85, F|296/564\n|turn|37\n|c|\u2606SceptileKyle|Gg fr\n|l|\u2606ADegel\n|inactive|ADegel disconnected and has a minute to reconnect!\n|player|p2|\n|c|\u2606SceptileKyle|Raging Bolt my hero\n|\n|t:|1733865110\n|move|p1a: Raging Bolt|Thunderbolt|p2a: Chansey\n|-damage|p2a: Chansey|40/564\n|move|p2a: Chansey|Soft-Boiled|p2a: Chansey\n|-heal|p2a: Chansey|322/564\n|\n|upkeep\n|turn|38\n|inactive|ADegel has 30 seconds to reconnect!\n|inactive|ADegel has 20 seconds to reconnect!\n|inactive|ADegel has 15 seconds to reconnect!\n|inactive|ADegel has 10 seconds to reconnect!\n|inactive|ADegel has 5 seconds to reconnect!\n|-message|ADegel lost due to inactivity.\n|\n|win|SceptileKyle\n|raw|SceptileKyle's rating: 2073 &rarr; <strong>2092</strong><br />(+19 for winning)\n|raw|ADegel's rating: 2060 &rarr; <strong>2041</strong><br />(-19 for losing)\n", "inputlog": ">version bfd83cad13791eb5a5a409923076391caf6fb4d4\n>start {\"formatid\":\"gen9randombattle\",\"seed\":[23713,57311,27241,58294],\"rated\":\"Rated battle\"}\n>player p1 {\"name\":\"SceptileKyle\",\"avatar\":\"102\",\"rating\":2073,\"seed\":[31264,7183,18956,50006]}\n>player p2 {\"name\":\"ADegel\",\"avatar\":\"n\",\"rating\":2060,\"seed\":[42013,747,24194,20086]}\n>p1 switch 6\n>p2 move darkpulse\n>p1 move recover\n>p2 move grassknot\n>p1 switch 3\n>p2 move grassknot\n>p1 move thunderbolt\n>p2 switch 3\n>p1 move thunderwave\n>p2 move thunderwave\n>p1 switch 4\n>p2 move thunderwave\n>p1 switch 5\n>p2 switch 2\n>p1 switch 3\n>p2 switch 6\n>p1 switch 4\n>p2 move calmmind\n>p1 move hurricane\n>p2 move calmmind\n>p1 move hurricane\n>p2 move strengthsap terastallize\n>p1 move thunderwave\n>p2 move calmmind\n>p1 switch 4\n>p2 move calmmind\n>p1 move earthquake\n>p2 move matchagotcha\n>p1 switch 3\n>p1 move wavecrash terastallize\n>p2 move matchagotcha\n>p1 move rest\n>p2 move matchagotcha\n>p1 move sleeptalk\n>p2 move shadowball\n>p1 move sleeptalk\n>p2 move matchagotcha\n>p1 switch 6\n>p1 move meteorbeam\n>p2 move shadowball\n>chat \u2606SceptileKyle|Gg\n>p1 switch 5\n>p1 move calmmind\n>p2 move shadowball\n>p1 move calmmind\n>p2 move shadowball\n>p1 move calmmind\n>p2 move shadowball\n>p1 move calmmind\n>p2 move shadowball\n>p1 move calmmind\n>p2 move calmmind\n>p1 move calmmind\n>p2 move calmmind\n>p1 move thunderbolt\n>p2 move calmmind\n>p1 move thunderbolt\n>p2 move matchagotcha\n>p1 move thunderbolt\n>p2 move strengthsap\n>p2 switch 2\n>p1 move thunderbolt\n>p2 move softboiled\n>p1 move thunderbolt\n>p2 move seismictoss\n>p1 move thunderbolt\n>p2 move softboiled\n>p1 move dragonpulse\n>p2 switch 6\n>p1 move thunderclap\n>p2 move dazzlinggleam\n>p2 switch 3\n>p1 move thunderclap\n>p2 move gunkshot\n>p2 switch 5\n>p1 move dragonpulse\n>p2 move yawn\n>p2 switch 4\n>p1 move thunderbolt\n>p2 move dragondance\n>p2 switch 6\n>chat \u2606SceptileKyle|Gg fr\n>chat \u2606SceptileKyle|Raging Bolt my hero\n>p1 move thunderbolt\n>p2 move softboiled\n>forcelose p2", "uploadtime": 1733865177, "views": 29, "formatid": "gen9randombattle", "rating": 2041, "private": 0, "password": null}