{"id": "gen9randombattle-2260666825", "format": "[Gen 9] Random Battle", "players": ["KingTranseunte", "zeolong"], "log": "|j|\u2606KingTranseunte\n|j|\u2606zeolong\n|t:|1733875898\n|gametype|singles\n|player|p1|KingTranseunte|shadowtriad|1340\n|player|p2|zeolong|170|1399\n|teamsize|p1|6\n|teamsize|p2|6\n|gen|9\n|tier|[Gen 9] Random Battle\n|rated|\n|rule|Species Clause: Limit one of each Pok\u00e9mon\n|rule|HP Percentage Mod: HP is shown in percentages\n|rule|Sleep Clause Mod: Limit one foe put to sleep\n|rule|Illusion Level Mod: Illusion disguises the Pok\u00e9mon's true level\n|\n|t:|1733875898\n|start\n|switch|p1a: Bruxish|Bruxish, L85, F|254/254\n|switch|p2a: Kilowattrel|Kilowattrel, L83, M|252/252\n|turn|1\n|inactive|Battle timer is ON: inactive players will automatically lose when time's up. (requested by zeolong)\n|inactive|KingTranseunte also wants the timer to be on.\n|\n|t:|1733875917\n|move|p2a: Kilowattrel|Thunderbolt|p1a: Bruxish\n|-supereffective|p1a: Bruxish\n|-damage|p1a: Bruxish|14/254\n|move|p1a: Bruxish|Flip Turn|p2a: Kilowattrel\n|-crit|p2a: Kilowattrel\n|-damage|p2a: Kilowattrel|38/252\n|\n|t:|1733875921\n|switch|p1a: Munkidori|Munkidori, L79, M|269/269|[from] Flip Turn\n|\n|upkeep\n|turn|2\n|\n|t:|1733875942\n|move|p1a: Munkidori|Fake Out|p2a: Kilowattrel\n|-damage|p2a: Kilowattrel|11/252\n|cant|p2a: Kilowattrel|flinch\n|\n|upkeep\n|turn|3\n|\n|t:|1733875951\n|move|p2a: Kilowattrel|U-turn|p1a: Munkidori\n|-damage|p1a: Munkidori|219/269\n|\n|t:|1733875960\n|switch|p2a: Kingambit|Kingambit, L74, M|270/270|[from] U-turn\n|move|p1a: Munkidori|U-turn|p2a: Kingambit\n|-damage|p2a: Kingambit|235/270\n|\n|t:|1733875974\n|switch|p1a: Sneasler|Sneasler, L74, M|240/240|[from] U-turn\n|\n|-heal|p2a: Kingambit|251/270|[from] item: Leftovers\n|upkeep\n|turn|4\n|\n|t:|1733875979\n|-end|p2a: Kingambit|fallenundefined|[silent]\n|switch|p2a: Illumise|Illumise, L91, F|266/266\n|move|p1a: Sneasler|Close Combat|p2a: Illumise\n|-resisted|p2a: Illumise\n|-damage|p2a: Illumise|176/266\n|-unboost|p1a: Sneasler|def|1\n|-unboost|p1a: Sneasler|spd|1\n|-status|p2a: Illumise|psn|[from] ability: Poison Touch|[of] p1a: Sneasler\n|\n|-damage|p2a: Illumise|143/266 psn|[from] psn\n|upkeep\n|turn|5\n|\n|t:|1733875999\n|switch|p1a: Bruxish|Bruxish, L85, F|14/254\n|move|p2a: Illumise|Roost|p2a: Illumise\n|-heal|p2a: Illumise|266/266 psn\n|-singleturn|p2a: Illumise|move: Roost\n|\n|-damage|p2a: Illumise|233/266 psn|[from] psn\n|upkeep\n|turn|6\n|\n|t:|1733876022\n|move|p2a: Illumise|Bug Buzz|p1a: Bruxish\n|-supereffective|p1a: Bruxish\n|-damage|p1a: Bruxish|0 fnt\n|faint|p1a: Bruxish\n|\n|-damage|p2a: Illumise|200/266 psn|[from] psn\n|upkeep\n|\n|t:|1733876031\n|switch|p1a: Sneasler|Sneasler, L74, M|240/240\n|turn|7\n|\n|t:|1733876036\n|move|p2a: Illumise|Roost|p2a: Illumise\n|-heal|p2a: Illumise|266/266 psn\n|-singleturn|p2a: Illumise|move: Roost\n|move|p1a: Sneasler|Gunk Shot|p2a: Illumise\n|-damage|p2a: Illumise|55/266 psn\n|\n|-damage|p2a: Illumise|22/266 psn|[from] psn\n|upkeep\n|turn|8\n|\n|t:|1733876042\n|switch|p1a: Zangoose|Zangoose, L85, F|263/263\n|move|p2a: Illumise|Thunder Wave|p1a: Zangoose\n|-status|p1a: Zangoose|par\n|\n|-damage|p2a: Illumise|0 fnt|[from] psn\n|faint|p2a: Illumise\n|upkeep\n|\n|t:|1733876059\n|switch|p2a: Noivern|Noivern, L82, F|274/274\n|turn|9\n|\n|t:|1733876065\n|move|p2a: Noivern|Hurricane|p1a: Zangoose\n|-damage|p1a: Zangoose|127/263 par\n|move|p1a: Zangoose|Knock Off|p2a: Noivern\n|-damage|p2a: Noivern|187/274\n|-enditem|p2a: Noivern|Heavy-Duty Boots|[from] move: Knock Off|[of] p1a: Zangoose\n|\n|upkeep\n|turn|10\n|inactive|zeolong has 120 seconds left.\n|\n|t:|1733876119\n|move|p2a: Noivern|Hurricane|p1a: Zangoose\n|-damage|p1a: Zangoose|0 fnt\n|faint|p1a: Zangoose\n|\n|upkeep\n|\n|t:|1733876126\n|switch|p1a: Iron Thorns|Iron Thorns, L83|302/302\n|-enditem|p1a: Iron Thorns|Booster Energy\n|-activate|p1a: Iron Thorns|ability: Quark Drive|[fromitem]\n|-start|p1a: Iron Thorns|quarkdriveatk\n|turn|11\n|inactive|zeolong has 90 seconds left.\n|\n|t:|1733876169\n|switch|p2a: Ting-Lu|Ting-Lu, L78|370/370\n|-ability|p2a: Ting-Lu|Vessel of Ruin\n|move|p1a: Iron Thorns|Dragon Dance|p1a: Iron Thorns\n|-boost|p1a: Iron Thorns|atk|1\n|-boost|p1a: Iron Thorns|spe|1\n|\n|upkeep\n|turn|12\n|inactive|KingTranseunte has 120 seconds left.\n|\n|t:|1733876200\n|-terastallize|p1a: Iron Thorns|Grass\n|move|p1a: Iron Thorns|Earthquake|p2a: Ting-Lu\n|-damage|p2a: Ting-Lu|215/370\n|move|p2a: Ting-Lu|Earthquake|p1a: Iron Thorns\n|-resisted|p1a: Iron Thorns\n|-damage|p1a: Iron Thorns|261/302\n|\n|-heal|p2a: Ting-Lu|238/370|[from] item: Leftovers\n|upkeep\n|turn|13\n|inactive|zeolong has 90 seconds left.\n|\n|t:|1733876216\n|move|p1a: Iron Thorns|Earthquake|p2a: Ting-Lu\n|-damage|p2a: Ting-Lu|87/370\n|move|p2a: Ting-Lu|Payback|p1a: Iron Thorns\n|-damage|p1a: Iron Thorns|180/302\n|\n|-heal|p2a: Ting-Lu|110/370|[from] item: Leftovers\n|upkeep\n|turn|14\n|\n|t:|1733876235\n|move|p1a: Iron Thorns|Earthquake|p2a: Ting-Lu\n|-damage|p2a: Ting-Lu|0 fnt\n|faint|p2a: Ting-Lu\n|\n|upkeep\n|inactive|zeolong has 60 seconds left.\n|\n|t:|1733876264\n|switch|p2a: Kilowattrel|Kilowattrel, L83, M|11/252\n|turn|15\n|\n|t:|1733876272\n|move|p2a: Kilowattrel|Hurricane|p1a: Iron Thorns\n|-supereffective|p1a: Iron Thorns\n|-damage|p1a: Iron Thorns|0 fnt\n|faint|p1a: Iron Thorns\n|-end|p1a: Iron Thorns|Quark Drive|[silent]\n|\n|upkeep\n|\n|t:|1733876276\n|switch|p1a: Munkidori|Munkidori, L79, M|219/269\n|turn|16\n|inactive|zeolong has 60 seconds left.\n|\n|t:|1733876298\n|switch|p2a: Noivern|Noivern, L82, F|187/274\n|move|p1a: Munkidori|Fake Out|p2a: Noivern\n|-damage|p2a: Noivern|163/274\n|\n|upkeep\n|turn|17\n|inactive|zeolong has 60 seconds left.\n|\n|t:|1733876313\n|-terastallize|p2a: Noivern|Normal\n|move|p2a: Noivern|Boomburst|p1a: Munkidori\n|-damage|p1a: Munkidori|122/269\n|move|p1a: Munkidori|Sludge Wave|p2a: Noivern\n|-damage|p2a: Noivern|33/274\n|-status|p2a: Noivern|tox|[from] ability: Toxic Chain|[of] p1a: Munkidori\n|\n|-damage|p2a: Noivern|16/274 tox|[from] psn\n|upkeep\n|turn|18\n|inactive|zeolong has 60 seconds left.\n|\n|t:|1733876336\n|move|p2a: Noivern|Boomburst|p1a: Munkidori\n|-damage|p1a: Munkidori|28/269\n|move|p1a: Munkidori|U-turn|p2a: Noivern\n|-damage|p2a: Noivern|0 fnt\n|faint|p2a: Noivern\n|\n|t:|1733876340\n|switch|p1a: Sneasler|Sneasler, L74, M|240/240|[from] U-turn\n|\n|upkeep\n|inactive|zeolong has 60 seconds left.\n|\n|t:|1733876348\n|switch|p2a: Kilowattrel|Kilowattrel, L83, M|11/252\n|turn|19\n|\n|t:|1733876358\n|move|p2a: Kilowattrel|Hurricane|p1a: Sneasler\n|-supereffective|p1a: Sneasler\n|-damage|p1a: Sneasler|0 fnt\n|faint|p1a: Sneasler\n|\n|upkeep\n|\n|t:|1733876360\n|switch|p1a: Munkidori|Munkidori, L79, M|28/269\n|turn|20\n|\n|t:|1733876370\n|switch|p2a: Kingambit|Kingambit, L74, M|251/270\n|-activate|p2a: Kingambit|ability: Supreme Overlord\n|-start|p2a: Kingambit|fallen3|[silent]\n|move|p1a: Munkidori|Fake Out|p2a: Kingambit\n|-resisted|p2a: Kingambit\n|-damage|p2a: Kingambit|241/270\n|\n|-heal|p2a: Kingambit|257/270|[from] item: Leftovers\n|upkeep\n|turn|21\n|\n|t:|1733876381\n|move|p1a: Munkidori|U-turn|p2a: Kingambit\n|-damage|p2a: Kingambit|223/270\n|\n|t:|1733876383\n|switch|p1a: Primarina|Primarina, L83, M|268/268|[from] U-turn\n|move|p2a: Kingambit|Kowtow Cleave|p1a: Primarina\n|-resisted|p1a: Primarina\n|-damage|p1a: Primarina|196/268\n|\n|-heal|p1a: Primarina|212/268|[from] item: Leftovers\n|-heal|p2a: Kingambit|239/270|[from] item: Leftovers\n|upkeep\n|turn|22\n|inactive|zeolong has 90 seconds left.\n|\n|t:|1733876399\n|-end|p2a: Kingambit|fallen3|[silent]\n|switch|p2a: Kilowattrel|Kilowattrel, L83, M|11/252\n|move|p1a: Primarina|Psychic Noise|p2a: Kilowattrel\n|-damage|p2a: Kilowattrel|0 fnt\n|faint|p2a: Kilowattrel\n|\n|-heal|p1a: Primarina|228/268|[from] item: Leftovers\n|upkeep\n|\n|t:|1733876405\n|switch|p2a: Zacian|Zacian-Crowned, L64|225/225\n|-ability|p2a: Zacian|Intrepid Sword|boost\n|-boost|p2a: Zacian|atk|1\n|turn|23\n|\n|t:|1733876415\n|move|p2a: Zacian|Swords Dance|p2a: Zacian\n|-boost|p2a: Zacian|atk|2\n|move|p1a: Primarina|Psychic Noise|p2a: Zacian\n|-damage|p2a: Zacian|120/225\n|-start|p2a: Zacian|move: Heal Block\n|\n|-heal|p1a: Primarina|244/268|[from] item: Leftovers\n|upkeep\n|turn|24\n|\n|t:|1733876420\n|move|p2a: Zacian|Behemoth Blade|p1a: Primarina\n|-damage|p1a: Primarina|9/268\n|move|p1a: Primarina|Psychic Noise|p2a: Zacian\n|-damage|p2a: Zacian|27/225\n|\n|-heal|p1a: Primarina|25/268|[from] item: Leftovers\n|-end|p2a: Zacian|move: Heal Block\n|upkeep\n|turn|25\n|\n|t:|1733876435\n|move|p2a: Zacian|Behemoth Blade|p1a: Primarina\n|-damage|p1a: Primarina|0 fnt\n|faint|p1a: Primarina\n|\n|upkeep\n|\n|t:|1733876438\n|switch|p1a: Munkidori|Munkidori, L79, M|28/269\n|turn|26\n|\n|t:|1733876444\n|move|p1a: Munkidori|Fake Out|p2a: Zacian\n|-resisted|p2a: Zacian\n|-damage|p2a: Zacian|15/225\n|cant|p2a: Zacian|flinch\n|\n|upkeep\n|turn|27\n|\n|t:|1733876456\n|move|p2a: Zacian|Behemoth Blade|p1a: Munkidori\n|-damage|p1a: Munkidori|0 fnt\n|faint|p1a: Munkidori\n|\n|win|zeolong\n|raw|KingTranseunte's rating: 1340 &rarr; <strong>1323</strong><br />(-17 for losing)\n|raw|zeolong's rating: 1399 &rarr; <strong>1416</strong><br />(+17 for winning)\n", "inputlog": ">version bfd83cad13791eb5a5a409923076391caf6fb4d4\n>start {\"formatid\":\"gen9randombattle\",\"seed\":[7553,47041,58234,52269],\"rated\":\"Rated battle\"}\n>player p1 {\"name\":\"KingTranseunte\",\"avatar\":\"shadowtriad\",\"rating\":1340,\"seed\":[1851,35634,41079,18298]}\n>player p2 {\"name\":\"zeolong\",\"avatar\":\"170\",\"rating\":1399,\"seed\":[42746,7174,39796,5506]}\n>p1 move flipturn\n>p2 move thunderbolt\n>p1 switch 2\n>p1 move fakeout\n>p2 move uturn\n>p1 move uturn\n>p2 move uturn\n>p2 switch 3\n>p1 switch 5\n>p1 move closecombat\n>p2 switch 4\n>p1 switch 2\n>p2 move roost\n>p1 move wavecrash\n>p2 move bugbuzz\n>p1 switch 2\n>p1 move gunkshot\n>p2 move roost\n>p1 switch 3\n>p2 move thunderwave\n>p2 switch 6\n>p1 move knockoff\n>p2 move hurricane\n>p1 move facade\n>p2 move hurricane\n>p1 switch 4\n>p1 move dragondance\n>p2 switch 5\n>p1 move earthquake terastallize\n>p2 move earthquake\n>p1 move earthquake\n>p2 move payback\n>p1 move earthquake\n>p2 move spikes\n>p2 switch 3\n>p1 move dragondance\n>p2 move hurricane\n>p1 switch 5\n>p1 move fakeout\n>p2 switch 5\n>p1 move sludgewave\n>p2 move boomburst terastallize\n>p1 move uturn\n>p2 move boomburst\n>p1 switch 3\n>p2 switch 5\n>p1 move uturn\n>p2 move hurricane\n>p1 switch 3\n>p1 move fakeout\n>p2 switch 4\n>p1 move uturn\n>p2 move kowtowcleave\n>p1 switch 6\n>p1 move psychicnoise\n>p2 switch 4\n>p2 switch 2\n>p1 move psychicnoise\n>p2 move swordsdance\n>p1 move psychicnoise\n>p2 move behemothblade\n>p1 move psychicnoise\n>p2 move behemothblade\n>p1 switch 6\n>p1 move fakeout\n>p2 move behemothblade\n>p1 move psychicnoise\n>p2 move behemothblade", "uploadtime": 1733876459, "views": 1, "formatid": "gen9randombattle", "rating": 1323, "private": 0, "password": null}