{"id": "gen9randombattle-2260840615", "format": "[Gen 9] Random Battle", "players": ["56i645i5s", "jtruet"], "log": "|j|\u260656i645i5s\n|j|\u2606jtruet\n|t:|1733902051\n|gametype|singles\n|player|p1|56i645i5s|2|1158\n|player|p2|jtruet|palmer|1205\n|teamsize|p1|6\n|teamsize|p2|6\n|gen|9\n|tier|[Gen 9] Random Battle\n|rated|\n|rule|Species Clause: Limit one of each Pok\u00e9mon\n|rule|HP Percentage Mod: HP is shown in percentages\n|rule|Sleep Clause Mod: Limit one foe put to sleep\n|rule|Illusion Level Mod: Illusion disguises the Pok\u00e9mon's true level\n|\n|t:|1733902051\n|start\n|switch|p1a: Tentacruel|Tentacruel, L84, M|272/272\n|switch|p2a: Flamigo|Flamigo, L82, M|269/269\n|turn|1\n|inactive|Battle timer is ON: inactive players will automatically lose when time's up. (requested by jtruet)\n|\n|t:|1733902064\n|move|p1a: Tentacruel|Sludge Bomb|p2a: Flamigo\n|-damage|p2a: Flamigo|172/269\n|-status|p2a: Flamigo|psn\n|move|p2a: Flamigo|Brave Bird|p1a: Tentacruel\n|-damage|p1a: Tentacruel|0 fnt\n|faint|p1a: Tentacruel\n|-damage|p2a: Flamigo|82/269 psn|[from] Recoil\n|\n|-damage|p2a: Flamigo|49/269 psn|[from] psn\n|upkeep\n|\n|t:|1733902085\n|switch|p1a: Iron Boulder|Iron Boulder, L77|265/265\n|-enditem|p1a: Iron Boulder|Booster Energy\n|-activate|p1a: Iron Boulder|ability: Quark Drive|[fromitem]\n|-start|p1a: Iron Boulder|quarkdrivespe\n|turn|2\n|\n|t:|1733902090\n|move|p1a: Iron Boulder|Swords Dance|p1a: Iron Boulder\n|-boost|p1a: Iron Boulder|atk|2\n|move|p2a: Flamigo|Brave Bird|p1a: Iron Boulder\n|-resisted|p1a: Iron Boulder\n|-damage|p1a: Iron Boulder|145/265\n|-damage|p2a: Flamigo|9/269 psn|[from] Recoil\n|\n|-damage|p2a: Flamigo|0 fnt|[from] psn\n|faint|p2a: Flamigo\n|upkeep\n|inactive|jtruet has 120 seconds left.\n|\n|t:|1733902121\n|switch|p2a: Rhydon|Rhydon, L85, F|317/317\n|turn|3\n|\n|t:|1733902132\n|-terastallize|p2a: Rhydon|Flying\n|move|p1a: Iron Boulder|Close Combat|p2a: Rhydon\n|-resisted|p2a: Rhydon\n|-damage|p2a: Rhydon|272/317\n|-unboost|p1a: Iron Boulder|def|1\n|-unboost|p1a: Iron Boulder|spd|1\n|move|p2a: Rhydon|Earthquake|p1a: Iron Boulder\n|-supereffective|p1a: Iron Boulder\n|-damage|p1a: Iron Boulder|0 fnt\n|faint|p1a: Iron Boulder\n|-end|p1a: Iron Boulder|Quark Drive|[silent]\n|\n|upkeep\n|\n|t:|1733902139\n|switch|p1a: Mudsdale|Mudsdale, L84, M|305/305\n|turn|4\n|\n|t:|1733902158\n|switch|p2a: Scrafty|Scrafty, L84, F|246/246\n|-ability|p2a: Scrafty|Intimidate|boost\n|-unboost|p1a: Mudsdale|atk|1\n|move|p1a: Mudsdale|Stealth Rock|p2a: Scrafty\n|-sidestart|p2: jtruet|move: Stealth Rock\n|\n|upkeep\n|turn|5\n|\n|t:|1733902163\n|move|p2a: Scrafty|Dragon Dance|p2a: Scrafty\n|-boost|p2a: Scrafty|atk|1\n|-boost|p2a: Scrafty|spe|1\n|move|p1a: Mudsdale|Earthquake|p2a: Scrafty\n|-damage|p2a: Scrafty|173/246\n|\n|upkeep\n|turn|6\n|\n|t:|1733902168\n|move|p2a: Scrafty|Dragon Dance|p2a: Scrafty\n|-boost|p2a: Scrafty|atk|1\n|-boost|p2a: Scrafty|spe|1\n|move|p1a: Mudsdale|Roar|p2a: Scrafty\n|drag|p2a: Rhydon|Rhydon, L85, F, tera:Flying|272/317\n|-damage|p2a: Rhydon|193/317|[from] Stealth Rock\n|\n|upkeep\n|turn|7\n|\n|t:|1733902173\n|move|p2a: Rhydon|Swords Dance|p2a: Rhydon\n|-boost|p2a: Rhydon|atk|2\n|move|p1a: Mudsdale|Roar|p2a: Rhydon\n|drag|p2a: Gardevoir|Gardevoir, L83, F|249/249\n|-damage|p2a: Gardevoir|218/249|[from] Stealth Rock\n|-ability|p2a: Gardevoir|Stamina|[from] ability: Trace|[of] p1a: Mudsdale\n|\n|upkeep\n|turn|8\n|\n|t:|1733902182\n|move|p2a: Gardevoir|Moonblast|p1a: Mudsdale\n|-damage|p1a: Mudsdale|173/305\n|-ability|p1a: Mudsdale|Stamina|boost\n|-boost|p1a: Mudsdale|def|1\n|move|p1a: Mudsdale|Heavy Slam|p2a: Gardevoir\n|-supereffective|p2a: Gardevoir\n|-damage|p2a: Gardevoir|48/249\n|-ability|p2a: Gardevoir|Stamina|boost\n|-boost|p2a: Gardevoir|def|1\n|\n|-heal|p1a: Mudsdale|192/305|[from] item: Leftovers\n|upkeep\n|turn|9\n|\n|t:|1733902199\n|switch|p1a: Hypno|Hypno, L95, F|315/315\n|move|p2a: Gardevoir|Moonblast|p1a: Hypno\n|-damage|p1a: Hypno|233/315\n|\n|-heal|p1a: Hypno|252/315|[from] item: Leftovers\n|upkeep\n|turn|10\n|\n|t:|1733902209\n|switch|p2a: Scrafty|Scrafty, L84, F|173/246\n|-damage|p2a: Scrafty|158/246|[from] Stealth Rock\n|-ability|p2a: Scrafty|Intimidate|boost\n|-unboost|p1a: Hypno|atk|1\n|move|p1a: Hypno|Toxic|p2a: Scrafty\n|-status|p2a: Scrafty|tox\n|\n|-heal|p1a: Hypno|271/315|[from] item: Leftovers\n|-damage|p2a: Scrafty|143/246 tox|[from] psn\n|upkeep\n|turn|11\n|\n|t:|1733902212\n|switch|p1a: Mudsdale|Mudsdale, L84, M|192/305\n|move|p2a: Scrafty|Knock Off|p1a: Mudsdale\n|-damage|p1a: Mudsdale|78/305\n|-ability|p1a: Mudsdale|Stamina|boost\n|-boost|p1a: Mudsdale|def|1\n|-enditem|p1a: Mudsdale|Leftovers|[from] move: Knock Off|[of] p2a: Scrafty\n|-damage|p2a: Scrafty|119/246 tox|[from] item: Life Orb\n|\n|-damage|p2a: Scrafty|89/246 tox|[from] psn\n|upkeep\n|turn|12\n|\n|t:|1733902226\n|move|p2a: Scrafty|Close Combat|p1a: Mudsdale\n|-damage|p1a: Mudsdale|0 fnt\n|-unboost|p2a: Scrafty|def|1\n|-unboost|p2a: Scrafty|spd|1\n|faint|p1a: Mudsdale\n|-damage|p2a: Scrafty|65/246 tox|[from] item: Life Orb\n|\n|-damage|p2a: Scrafty|20/246 tox|[from] psn\n|upkeep\n|\n|t:|1733902231\n|switch|p1a: Salamence|Salamence, L77, F|273/273\n|turn|13\n|inactive|jtruet has 120 seconds left.\n|\n|t:|1733902267\n|move|p1a: Salamence|Dual Wingbeat|p2a: Scrafty\n|-supereffective|p2a: Scrafty\n|-damage|p2a: Scrafty|0 fnt\n|faint|p2a: Scrafty\n|-ability|p1a: Salamence|Moxie|boost\n|-boost|p1a: Salamence|atk|1\n|-hitcount|p2: Scrafty|1\n|\n|upkeep\n|\n|t:|1733902276\n|switch|p2a: Gardevoir|Gardevoir, L83, F|48/249\n|-damage|p2a: Gardevoir|17/249|[from] Stealth Rock\n|-ability|p2a: Gardevoir|Moxie|[from] ability: Trace|[of] p1a: Salamence\n|turn|14\n|\n|t:|1733902286\n|-terastallize|p1a: Salamence|Ground\n|move|p2a: Gardevoir|Moonblast|p1a: Salamence\n|-damage|p1a: Salamence|120/273\n|move|p1a: Salamence|Dragon Dance|p1a: Salamence\n|-boost|p1a: Salamence|atk|1\n|-boost|p1a: Salamence|spe|1\n|\n|upkeep\n|turn|15\n|inactive|jtruet has 120 seconds left.\n|\n|t:|1733902305\n|move|p1a: Salamence|Earthquake|p2a: Gardevoir\n|-damage|p2a: Gardevoir|0 fnt\n|faint|p2a: Gardevoir\n|-ability|p1a: Salamence|Moxie|boost\n|-boost|p1a: Salamence|atk|1\n|\n|upkeep\n|\n|t:|1733902310\n|switch|p2a: Kleavor|Kleavor, L78, F|237/237\n|turn|16\n|\n|t:|1733902335\n|move|p1a: Salamence|Earthquake|p2a: Kleavor\n|-damage|p2a: Kleavor|0 fnt\n|faint|p2a: Kleavor\n|-ability|p1a: Salamence|Moxie|boost\n|-boost|p1a: Salamence|atk|1\n|\n|upkeep\n|inactive|jtruet has 120 seconds left.\n|\n|t:|1733902357\n|switch|p2a: Rhydon|Rhydon, L85, F, tera:Flying|193/317\n|-damage|p2a: Rhydon|114/317|[from] Stealth Rock\n|turn|17\n|inactive|jtruet has 120 seconds left.\n|\n|t:|1733902362\n|move|p1a: Salamence|Dual Wingbeat|p2a: Rhydon\n|-damage|p2a: Rhydon|42/317\n|-damage|p2a: Rhydon|0 fnt\n|faint|p2a: Rhydon\n|-ability|p1a: Salamence|Moxie|boost\n|-boost|p1a: Salamence|atk|1\n|-hitcount|p2: Rhydon|2\n|\n|upkeep\n|inactive|jtruet has 120 seconds left.\n|-message|jtruet forfeited.\n|\n|win|56i645i5s\n|raw|56i645i5s's rating: 1158 &rarr; <strong>1186</strong><br />(+28 for winning)\n|raw|jtruet's rating: 1205 &rarr; <strong>1177</strong><br />(-28 for losing)\n|l|\u2606jtruet\n|player|p2|\n", "inputlog": ">version bfd83cad13791eb5a5a409923076391caf6fb4d4\n>start {\"formatid\":\"gen9randombattle\",\"seed\":[58470,135,11067,9805],\"rated\":\"Rated battle\"}\n>player p1 {\"name\":\"56i645i5s\",\"avatar\":\"2\",\"rating\":1158,\"seed\":[64231,56627,45090,29342]}\n>player p2 {\"name\":\"jtruet\",\"avatar\":\"palmer\",\"rating\":1205,\"seed\":[47095,6750,19502,14209]}\n>p1 move sludgebomb\n>p2 move bravebird\n>p1 switch 6\n>p1 move swordsdance\n>p2 move bravebird\n>p2 switch 3\n>p1 move closecombat\n>p2 move earthquake terastallize\n>p1 switch 4\n>p1 move stealthrock\n>p2 switch 4\n>p1 move earthquake\n>p2 move dragondance\n>p1 move roar\n>p2 move dragondance\n>p1 move roar\n>p2 move swordsdance\n>p1 move heavyslam\n>p2 move moonblast\n>p1 switch 2\n>p2 move moonblast\n>p1 move toxic\n>p2 switch 4\n>p1 switch 2\n>p2 move knockoff\n>p1 move earthquake\n>p2 move closecombat\n>p1 switch 5\n>p1 move dualwingbeat\n>p2 move knockoff\n>p2 switch 4\n>p1 move dragondance terastallize\n>p2 move moonblast\n>p1 move earthquake\n>p2 move moonblast\n>p2 switch 2\n>p1 move earthquake\n>p2 move closecombat\n>p2 switch 5\n>p1 move dualwingbeat\n>p2 move earthquake\n>forcelose p2", "uploadtime": 1733902372, "views": 1, "formatid": "gen9randombattle", "rating": 1177, "private": 0, "password": null}