{"id": "gen9randombattle-2260337644", "format": "[Gen 9] Random Battle", "players": ["Sen_Jidai", "sjvotta"], "log": "|j|\u2606Sen_Jidai\n|j|\u2606sjvotta\n|t:|1733841481\n|gametype|singles\n|player|p1|Sen_Jidai|265|1100\n|player|p2|sjvotta|hilbert|1104\n|teamsize|p1|6\n|teamsize|p2|6\n|gen|9\n|tier|[Gen 9] Random Battle\n|rated|\n|rule|Species Clause: Limit one of each Pok\u00e9mon\n|rule|HP Percentage Mod: HP is shown in percentages\n|rule|Sleep Clause Mod: Limit one foe put to sleep\n|rule|Illusion Level Mod: Illusion disguises the Pok\u00e9mon's true level\n|\n|t:|1733841481\n|start\n|switch|p1a: Zapdos|Zapdos-Galar, L77|265/265\n|switch|p2a: Komala|Komala, L89, M|260/260\n|-ability|p2a: Komala|Comatose\n|turn|1\n|inactive|Battle timer is ON: inactive players will automatically lose when time's up. (requested by sjvotta)\n|c|\u2606sjvotta|!weak zapdos-galar\n|c| sjvotta|/raw <div class=\"infobox\">Zapdos-Galar (ignoring abilities):<br /><span class=\"message-effect-weak\">Weaknesses</span>: Electric, Fairy, Flying, Ice, Psychic<br /><span class=\"message-effect-resist\">Resistances</span>: <b>Bug</b>, Dark, Fighting, Grass<br /><span class=\"message-effect-immune\">Immunities</span>: Ground</div>\n|c|\u2606Sen_Jidai|hurry up brooo\n|\n|t:|1733841512\n|switch|p2a: Iron Boulder|Iron Boulder, L77|265/265\n|-enditem|p2a: Iron Boulder|Booster Energy\n|-activate|p2a: Iron Boulder|ability: Quark Drive|[fromitem]\n|-start|p2a: Iron Boulder|quarkdrivespe\n|move|p1a: Zapdos|Knock Off|p2a: Iron Boulder\n|-supereffective|p2a: Iron Boulder\n|-damage|p2a: Iron Boulder|132/265\n|-damage|p1a: Zapdos|239/265|[from] item: Life Orb\n|\n|upkeep\n|turn|2\n|\n|t:|1733841530\n|switch|p1a: Frosmoth|Frosmoth, L82, F|249/249\n|move|p2a: Iron Boulder|Zen Headbutt|p1a: Frosmoth\n|-damage|p1a: Frosmoth|131/249\n|\n|upkeep\n|turn|3\n|\n|t:|1733841542\n|move|p2a: Iron Boulder|Mighty Cleave|p1a: Frosmoth\n|-supereffective|p1a: Frosmoth\n|-damage|p1a: Frosmoth|0 fnt\n|faint|p1a: Frosmoth\n|\n|upkeep\n|\n|t:|1733841556\n|switch|p1a: Cresselia|Cresselia, L80, F|323/323\n|turn|4\n|c|\u2606sjvotta|!weak psychic\n|c| sjvotta|/raw <div class=\"infobox\">Psychic:<br /><span class=\"message-effect-weak\">Weaknesses</span>: Bug, Dark, Ghost<br /><span class=\"message-effect-resist\">Resistances</span>: Fighting, Psychic<br /><span class=\"message-effect-immune\">Immunities</span>: <font color=#999999>None</font></div>\n|\n|t:|1733841568\n|-end|p2a: Iron Boulder|Quark Drive|[silent]\n|switch|p2a: Banette|Banette, L93, F|270/270\n|move|p1a: Cresselia|Calm Mind|p1a: Cresselia\n|-boost|p1a: Cresselia|spa|1\n|-boost|p1a: Cresselia|spd|1\n|\n|upkeep\n|turn|5\n|\n|t:|1733841591\n|switch|p1a: Heracross|Heracross, L80, F|259/259\n|move|p2a: Banette|Poltergeist|p1a: Heracross\n|-activate|p1a: Heracross|move: Poltergeist|Choice Band\n|-damage|p1a: Heracross|0 fnt\n|faint|p1a: Heracross\n|-damage|p2a: Banette|243/270|[from] item: Life Orb\n|\n|upkeep\n|\n|t:|1733841602\n|switch|p1a: Golduck|Golduck, L90, M|290/290\n|-ability|p1a: Golduck|Cloud Nine\n|turn|6\n|c|\u2606sjvotta|!weak water\n|c| sjvotta|/raw <div class=\"infobox\">Water:<br /><span class=\"message-effect-weak\">Weaknesses</span>: Electric, Grass<br /><span class=\"message-effect-resist\">Resistances</span>: Fire, Ice, Steel, Water<br /><span class=\"message-effect-immune\">Immunities</span>: <font color=#999999>None</font></div>\n|\n|t:|1733841615\n|move|p1a: Golduck|Hydro Pump|p2a: Banette\n|-damage|p2a: Banette|99/270\n|move|p2a: Banette|Poltergeist|p1a: Golduck|[miss]\n|-miss|p2a: Banette|p1a: Golduck\n|\n|upkeep\n|turn|7\n|\n|t:|1733841622\n|move|p2a: Banette|Shadow Sneak|p1a: Golduck\n|-damage|p1a: Golduck|204/290\n|-damage|p2a: Banette|72/270|[from] item: Life Orb\n|move|p1a: Golduck|Hydro Pump|p2a: Banette|[miss]\n|-miss|p1a: Golduck|p2a: Banette\n|\n|-heal|p1a: Golduck|222/290|[from] item: Leftovers\n|upkeep\n|turn|8\n|\n|t:|1733841639\n|move|p1a: Golduck|Ice Beam|p2a: Banette\n|-damage|p2a: Banette|0 fnt\n|-start|p1a: Golduck|Disable|Ice Beam|[from] ability: Cursed Body|[of] p2a: Banette\n|faint|p2a: Banette\n|\n|-heal|p1a: Golduck|240/290|[from] item: Leftovers\n|upkeep\n|\n|t:|1733841643\n|switch|p2a: Slowbro|Slowbro, L85, M|300/300\n|turn|9\n|\n|t:|1733841655\n|switch|p1a: Archaludon|Archaludon, L78, M|268/268\n|move|p2a: Slowbro|Psychic Noise|p1a: Archaludon\n|-resisted|p1a: Archaludon\n|-damage|p1a: Archaludon|232/268\n|-start|p1a: Archaludon|move: Heal Block\n|-ability|p1a: Archaludon|Stamina|boost\n|-boost|p1a: Archaludon|def|1\n|\n|upkeep\n|turn|10\n|\n|t:|1733841667\n|move|p1a: Archaludon|Thunderbolt|p2a: Slowbro\n|-supereffective|p2a: Slowbro\n|-damage|p2a: Slowbro|166/300\n|move|p2a: Slowbro|Thunder Wave|p1a: Archaludon\n|-status|p1a: Archaludon|par\n|\n|-heal|p2a: Slowbro|184/300|[from] item: Leftovers\n|-end|p1a: Archaludon|move: Heal Block\n|upkeep\n|turn|11\n|\n|t:|1733841679\n|switch|p2a: Iron Boulder|Iron Boulder, L77|132/265\n|move|p1a: Archaludon|Flash Cannon|p2a: Iron Boulder\n|-supereffective|p2a: Iron Boulder\n|-damage|p2a: Iron Boulder|0 fnt\n|faint|p2a: Iron Boulder\n|-end|p2a: Iron Boulder|Quark Drive|[silent]\n|\n|upkeep\n|c|\u2606sjvotta|!weak archaludon\n|c| sjvotta|/raw <div class=\"infobox\">Archaludon (ignoring abilities):<br /><span class=\"message-effect-weak\">Weaknesses</span>: Fighting, Ground<br /><span class=\"message-effect-resist\">Resistances</span>: Bug, Electric, Flying, <b>Grass</b>, Normal, Psychic, Rock, Steel, Water<br /><span class=\"message-effect-immune\">Immunities</span>: Poison, Sandstorm damage, Toxic</div>\n|\n|t:|1733841696\n|switch|p2a: Komala|Komala, L89, M|260/260\n|-ability|p2a: Komala|Comatose\n|turn|12\n|\n|t:|1733841709\n|move|p2a: Komala|Earthquake|p1a: Archaludon\n|-supereffective|p1a: Archaludon\n|-damage|p1a: Archaludon|144/268 par\n|-ability|p1a: Archaludon|Stamina|boost\n|-boost|p1a: Archaludon|def|1\n|move|p1a: Archaludon|Body Press|p2a: Komala\n|-supereffective|p2a: Komala\n|-damage|p2a: Komala|0 fnt\n|faint|p2a: Komala\n|\n|upkeep\n|c|\u2606Sen_Jidai|do !weak all u want bro\n|c|\u2606Sen_Jidai|im kicking ur ass\n|c|\u2606sjvotta|lmao\n|inactive|sjvotta has 120 seconds left.\n|c|\u2606sjvotta|true\n|c|\u2606sjvotta|basically ggs\n|\n|t:|1733841763\n|switch|p2a: Blissey|Blissey, L84, F|566/566\n|turn|13\n|\n|t:|1733841770\n|move|p2a: Blissey|Seismic Toss|p1a: Archaludon\n|-damage|p1a: Archaludon|60/268 par\n|-ability|p1a: Archaludon|Stamina|boost\n|-boost|p1a: Archaludon|def|1\n|move|p1a: Archaludon|Thunderbolt|p2a: Blissey\n|-damage|p2a: Blissey|515/566\n|\n|-heal|p2a: Blissey|550/566|[from] item: Leftovers\n|upkeep\n|turn|14\n|\n|t:|1733841782\n|move|p2a: Blissey|Seismic Toss|p1a: Archaludon\n|-damage|p1a: Archaludon|0 fnt\n|faint|p1a: Archaludon\n|\n|-heal|p2a: Blissey|566/566|[from] item: Leftovers\n|upkeep\n|c|\u2606sjvotta|...\n|\n|t:|1733841792\n|switch|p1a: Golduck|Golduck, L90, M|240/290\n|-ability|p1a: Golduck|Cloud Nine\n|turn|15\n|c|\u2606Sen_Jidai|oopsy\n|\n|t:|1733841800\n|move|p1a: Golduck|Nasty Plot|p1a: Golduck\n|-boost|p1a: Golduck|spa|2\n|move|p2a: Blissey|Thunder Wave|p1a: Golduck\n|-status|p1a: Golduck|par\n|\n|-heal|p1a: Golduck|258/290 par|[from] item: Leftovers\n|upkeep\n|turn|16\n|\n|t:|1733841815\n|move|p2a: Blissey|Seismic Toss|p1a: Golduck\n|-damage|p1a: Golduck|174/290 par\n|move|p1a: Golduck|Encore|p2a: Blissey\n|-start|p2a: Blissey|Encore\n|\n|-heal|p1a: Golduck|192/290 par|[from] item: Leftovers\n|upkeep\n|turn|17\n|\n|t:|1733841834\n|move|p2a: Blissey|Seismic Toss|p1a: Golduck\n|-damage|p1a: Golduck|108/290 par\n|move|p1a: Golduck|Hydro Pump|p2a: Blissey\n|-damage|p2a: Blissey|362/566\n|\n|-heal|p2a: Blissey|397/566|[from] item: Leftovers\n|-heal|p1a: Golduck|126/290 par|[from] item: Leftovers\n|upkeep\n|turn|18\n|\n|t:|1733841845\n|-terastallize|p1a: Golduck|Water\n|move|p2a: Blissey|Seismic Toss|p1a: Golduck\n|-damage|p1a: Golduck|42/290 par\n|cant|p1a: Golduck|par\n|\n|-heal|p2a: Blissey|432/566|[from] item: Leftovers\n|-heal|p1a: Golduck|60/290 par|[from] item: Leftovers\n|upkeep\n|turn|19\n|\n|t:|1733841856\n|switch|p1a: Cresselia|Cresselia, L80, F|323/323\n|move|p2a: Blissey|Seismic Toss|p1a: Cresselia\n|-damage|p1a: Cresselia|239/323\n|\n|-heal|p1a: Cresselia|259/323|[from] item: Leftovers\n|-heal|p2a: Blissey|467/566|[from] item: Leftovers\n|-end|p2a: Blissey|Encore\n|upkeep\n|turn|20\n|\n|t:|1733841870\n|move|p1a: Cresselia|Calm Mind|p1a: Cresselia\n|-boost|p1a: Cresselia|spa|1\n|-boost|p1a: Cresselia|spd|1\n|move|p2a: Blissey|Thunder Wave|p1a: Cresselia\n|-status|p1a: Cresselia|par\n|\n|-heal|p2a: Blissey|502/566|[from] item: Leftovers\n|-heal|p1a: Cresselia|279/323 par|[from] item: Leftovers\n|upkeep\n|turn|21\n|\n|t:|1733841878\n|move|p2a: Blissey|Seismic Toss|p1a: Cresselia\n|-damage|p1a: Cresselia|195/323 par\n|move|p1a: Cresselia|Calm Mind|p1a: Cresselia\n|-boost|p1a: Cresselia|spa|1\n|-boost|p1a: Cresselia|spd|1\n|\n|-heal|p2a: Blissey|537/566|[from] item: Leftovers\n|-heal|p1a: Cresselia|215/323 par|[from] item: Leftovers\n|upkeep\n|turn|22\n|\n|t:|1733841901\n|move|p2a: Blissey|Seismic Toss|p1a: Cresselia\n|-damage|p1a: Cresselia|131/323 par\n|cant|p1a: Cresselia|par\n|\n|-heal|p2a: Blissey|566/566|[from] item: Leftovers\n|-heal|p1a: Cresselia|151/323 par|[from] item: Leftovers\n|upkeep\n|turn|23\n|\n|t:|1733841908\n|move|p2a: Blissey|Seismic Toss|p1a: Cresselia\n|-damage|p1a: Cresselia|67/323 par\n|move|p1a: Cresselia|Moonlight|p1a: Cresselia\n|-heal|p1a: Cresselia|228/323 par\n|\n|-heal|p1a: Cresselia|248/323 par|[from] item: Leftovers\n|upkeep\n|turn|24\n|\n|t:|1733841916\n|move|p2a: Blissey|Seismic Toss|p1a: Cresselia\n|-damage|p1a: Cresselia|164/323 par\n|move|p1a: Cresselia|Thunderbolt|p2a: Blissey\n|-damage|p2a: Blissey|496/566\n|\n|-heal|p2a: Blissey|531/566|[from] item: Leftovers\n|-heal|p1a: Cresselia|184/323 par|[from] item: Leftovers\n|upkeep\n|turn|25\n|\n|t:|1733841926\n|switch|p1a: Zapdos|Zapdos-Galar, L77|239/265\n|move|p2a: Blissey|Seismic Toss|p1a: Zapdos\n|-damage|p1a: Zapdos|155/265\n|\n|-heal|p2a: Blissey|566/566|[from] item: Leftovers\n|upkeep\n|turn|26\n|\n|t:|1733841946\n|switch|p2a: Slowbro|Slowbro, L85, M|284/300\n|move|p1a: Zapdos|Bulk Up|p1a: Zapdos\n|-boost|p1a: Zapdos|atk|1\n|-boost|p1a: Zapdos|def|1\n|\n|-heal|p2a: Slowbro|300/300|[from] item: Leftovers\n|upkeep\n|turn|27\n|\n|t:|1733841964\n|move|p1a: Zapdos|Knock Off|p2a: Slowbro\n|-supereffective|p2a: Slowbro\n|-damage|p2a: Slowbro|84/300\n|-enditem|p2a: Slowbro|Leftovers|[from] move: Knock Off|[of] p1a: Zapdos\n|-damage|p1a: Zapdos|129/265|[from] item: Life Orb\n|move|p2a: Slowbro|Psychic Noise|p1a: Zapdos\n|-supereffective|p1a: Zapdos\n|-damage|p1a: Zapdos|0 fnt\n|faint|p1a: Zapdos\n|\n|upkeep\n|\n|t:|1733841979\n|switch|p1a: Golduck|Golduck, L90, M, tera:Water|60/290 par\n|-ability|p1a: Golduck|Cloud Nine\n|turn|28\n|\n|t:|1733841987\n|cant|p1a: Golduck|par\n|move|p2a: Slowbro|Slack Off|p2a: Slowbro\n|-heal|p2a: Slowbro|234/300\n|\n|-heal|p1a: Golduck|78/290 par|[from] item: Leftovers\n|upkeep\n|turn|29\n|\n|t:|1733841997\n|switch|p1a: Cresselia|Cresselia, L80, F|184/323 par\n|move|p2a: Slowbro|Psychic Noise|p1a: Cresselia\n|-resisted|p1a: Cresselia\n|-damage|p1a: Cresselia|152/323 par\n|-start|p1a: Cresselia|move: Heal Block\n|\n|upkeep\n|turn|30\n|\n|t:|1733842011\n|switch|p2a: Blissey|Blissey, L84, F|566/566\n|move|p1a: Cresselia|Calm Mind|p1a: Cresselia\n|-boost|p1a: Cresselia|spa|1\n|-boost|p1a: Cresselia|spd|1\n|\n|-end|p1a: Cresselia|move: Heal Block\n|upkeep\n|turn|31\n|\n|t:|1733842018\n|move|p2a: Blissey|Seismic Toss|p1a: Cresselia\n|-damage|p1a: Cresselia|68/323 par\n|move|p1a: Cresselia|Calm Mind|p1a: Cresselia\n|-boost|p1a: Cresselia|spa|1\n|-boost|p1a: Cresselia|spd|1\n|\n|-heal|p1a: Cresselia|88/323 par|[from] item: Leftovers\n|upkeep\n|turn|32\n|\n|t:|1733842025\n|move|p2a: Blissey|Seismic Toss|p1a: Cresselia\n|-damage|p1a: Cresselia|4/323 par\n|move|p1a: Cresselia|Moonlight|p1a: Cresselia\n|-heal|p1a: Cresselia|165/323 par\n|\n|-heal|p1a: Cresselia|185/323 par|[from] item: Leftovers\n|upkeep\n|turn|33\n|\n|t:|1733842040\n|move|p2a: Blissey|Seismic Toss|p1a: Cresselia\n|-damage|p1a: Cresselia|101/323 par\n|move|p1a: Cresselia|Moonlight|p1a: Cresselia\n|-heal|p1a: Cresselia|262/323 par\n|\n|-heal|p1a: Cresselia|282/323 par|[from] item: Leftovers\n|upkeep\n|turn|34\n|\n|t:|1733842048\n|move|p2a: Blissey|Seismic Toss|p1a: Cresselia\n|-damage|p1a: Cresselia|198/323 par\n|move|p1a: Cresselia|Calm Mind|p1a: Cresselia\n|-boost|p1a: Cresselia|spa|1\n|-boost|p1a: Cresselia|spd|1\n|\n|-heal|p1a: Cresselia|218/323 par|[from] item: Leftovers\n|upkeep\n|turn|35\n|\n|t:|1733842073\n|move|p2a: Blissey|Seismic Toss|p1a: Cresselia\n|-damage|p1a: Cresselia|134/323 par\n|cant|p1a: Cresselia|par\n|\n|-heal|p1a: Cresselia|154/323 par|[from] item: Leftovers\n|upkeep\n|turn|36\n|inactive|sjvotta has 120 seconds left.\n|\n|t:|1733842094\n|switch|p2a: Lycanroc|Lycanroc-Midnight, L89, F|296/296\n|cant|p1a: Cresselia|par\n|\n|-heal|p1a: Cresselia|174/323 par|[from] item: Leftovers\n|upkeep\n|turn|37\n|\n|t:|1733842101\n|move|p2a: Lycanroc|Swords Dance|p2a: Lycanroc\n|-boost|p2a: Lycanroc|atk|2\n|move|p1a: Cresselia|Moonlight|p1a: Cresselia\n|-heal|p1a: Cresselia|323/323 par\n|\n|upkeep\n|turn|38\n|c|\u2606Sen_Jidai|!weak rock\n|c| Sen_Jidai|/raw <div class=\"infobox\">Rock:<br /><span class=\"message-effect-weak\">Weaknesses</span>: Fighting, Grass, Ground, Steel, Water<br /><span class=\"message-effect-resist\">Resistances</span>: Fire, Flying, Normal, Poison<br /><span class=\"message-effect-immune\">Immunities</span>: Sandstorm damage</div>\n|inactive|Sen_Jidai has 120 seconds left.\n|\n|t:|1733842133\n|move|p2a: Lycanroc|Stone Edge|p1a: Cresselia\n|-damage|p1a: Cresselia|6/323 par\n|-damage|p2a: Lycanroc|267/296|[from] item: Life Orb\n|cant|p1a: Cresselia|par\n|\n|-heal|p1a: Cresselia|26/323 par|[from] item: Leftovers\n|upkeep\n|turn|39\n|c|\u2606sjvotta|...\n|inactive|Sen_Jidai has 120 seconds left.\n|c|\u2606Sen_Jidai|crazy comeback\n|c|\u2606Sen_Jidai|gg\n|\n|t:|1733842152\n|move|p2a: Lycanroc|Stone Edge|p1a: Cresselia\n|-damage|p1a: Cresselia|0 fnt\n|faint|p1a: Cresselia\n|-damage|p2a: Lycanroc|238/296|[from] item: Life Orb\n|\n|upkeep\n|\n|t:|1733842157\n|switch|p1a: Golduck|Golduck, L90, M, tera:Water|78/290 par\n|-ability|p1a: Golduck|Cloud Nine\n|turn|40\n|inactive|Sen_Jidai has 120 seconds left.\n|\n|t:|1733842167\n|move|p2a: Lycanroc|Sucker Punch|p1a: Golduck\n|-damage|p1a: Golduck|0 fnt\n|faint|p1a: Golduck\n|-damage|p2a: Lycanroc|209/296|[from] item: Life Orb\n|\n|win|sjvotta\n", "inputlog": ">version bfd83cad13791eb5a5a409923076391caf6fb4d4\n>start {\"formatid\":\"gen9randombattle\",\"seed\":[26640,43927,7547,15381],\"rated\":\"Rated battle\"}\n>player p1 {\"name\":\"Sen_Jidai\",\"avatar\":\"265\",\"rating\":1100,\"seed\":[22886,5110,21416,25572]}\n>player p2 {\"name\":\"sjvotta\",\"avatar\":\"hilbert\",\"rating\":1104,\"seed\":[26266,50960,23180,3985]}\n>chat \u2606sjvotta|!weak zapdos-galar\n>chat \u2606Sen_Jidai|hurry up brooo\n>p1 move knockoff\n>p2 switch 5\n>p1 switch 4\n>p2 move zenheadbutt\n>p1 move bugbuzz\n>p2 move mightycleave\n>p1 switch 2\n>chat \u2606sjvotta|!weak psychic\n>p1 move calmmind\n>p2 switch 6\n>p1 switch 5\n>p2 move poltergeist\n>p1 switch 6\n>chat \u2606sjvotta|!weak water\n>p1 move hydropump\n>p2 move poltergeist\n>p1 move hydropump\n>p2 move shadowsneak\n>p1 move icebeam\n>p2 move poltergeist\n>p2 switch 3\n>p1 switch 3\n>p2 move psychicnoise\n>p1 move thunderbolt\n>p2 move thunderwave\n>p1 move flashcannon\n>p2 switch 6\n>chat \u2606sjvotta|!weak archaludon\n>p2 switch 5\n>p1 move bodypress\n>p2 move earthquake\n>chat \u2606Sen_Jidai|do !weak all u want bro\n>chat \u2606Sen_Jidai|im kicking ur ass\n>chat \u2606sjvotta|lmao\n>chat \u2606sjvotta|true\n>chat \u2606sjvotta|basically ggs\n>p2 switch 2\n>p1 move thunderbolt\n>p2 move seismictoss\n>p1 move bodypress\n>p2 move seismictoss\n>chat \u2606sjvotta|...\n>p1 switch 3\n>chat \u2606Sen_Jidai|oopsy\n>p1 move nastyplot\n>p2 move thunderwave\n>p1 move encore\n>p2 move seismictoss\n>p1 move hydropump\n>p2 move seismictoss\n>p1 move hydropump terastallize\n>p2 move seismictoss\n>p1 switch 5\n>p2 move seismictoss\n>p1 move calmmind\n>p2 move thunderwave\n>p1 move calmmind\n>p2 move seismictoss\n>p1 move thunderbolt\n>p2 move seismictoss\n>p1 move moonlight\n>p2 move seismictoss\n>p1 move thunderbolt\n>p2 move seismictoss\n>p1 switch 4\n>p2 move seismictoss\n>p1 move bulkup\n>p2 switch 6\n>p1 move knockoff\n>p2 move psychicnoise\n>p1 switch 5\n>p1 move hydropump\n>p2 move slackoff\n>p1 switch 4\n>p2 move psychicnoise\n>p1 move calmmind\n>p2 switch 6\n>p1 move calmmind\n>p2 move seismictoss\n>p1 move moonlight\n>p2 move seismictoss\n>p1 move moonlight\n>p2 move seismictoss\n>p1 move calmmind\n>p2 move seismictoss\n>p1 move calmmind\n>p2 move seismictoss\n>p1 move moonlight\n>p2 switch 4\n>p1 move moonlight\n>p2 move swordsdance\n>chat \u2606Sen_Jidai|!weak rock\n>p1 move calmmind\n>p2 move stoneedge\n>chat \u2606sjvotta|...\n>chat \u2606Sen_Jidai|crazy comeback\n>chat \u2606Sen_Jidai|gg\n>p1 move thunderbolt\n>p2 move stoneedge\n>p1 switch 4\n>p1 move hydropump\n>p2 move suckerpunch", "uploadtime": 1733841731, "views": 1, "formatid": "gen9randombattle", "rating": null, "private": 0, "password": null}