{"id": "gen9randombattle-2260807337", "format": "[Gen 9] Random Battle", "players": ["JessicaEsoterica", "baboonery"], "log": "|j|\u2606JessicaEsoterica\n|j|\u2606baboonery\n|t:|1733895529\n|gametype|singles\n|player|p1|JessicaEsoterica|2|1586\n|player|p2|baboonery|170|1582\n|teamsize|p1|6\n|teamsize|p2|6\n|gen|9\n|tier|[Gen 9] Random Battle\n|rated|\n|rule|Species Clause: Limit one of each Pok\u00e9mon\n|rule|HP Percentage Mod: HP is shown in percentages\n|rule|Sleep Clause Mod: Limit one foe put to sleep\n|rule|Illusion Level Mod: Illusion disguises the Pok\u00e9mon's true level\n|\n|t:|1733895529\n|start\n|switch|p1a: Cresselia|Cresselia, L80, F|323/323\n|switch|p2a: Espathra|Espathra, L80, F|283/283\n|turn|1\n|\n|t:|1733895564\n|switch|p2a: Skuntank|Skuntank, L84, M|310/310\n|move|p1a: Cresselia|Calm Mind|p1a: Cresselia\n|-boost|p1a: Cresselia|spa|1\n|-boost|p1a: Cresselia|spd|1\n|\n|upkeep\n|turn|2\n|\n|t:|1733895600\n|-terastallize|p1a: Cresselia|Poison\n|move|p2a: Skuntank|Knock Off|p1a: Cresselia\n|-damage|p1a: Cresselia|214/323\n|-enditem|p1a: Cresselia|Leftovers|[from] move: Knock Off|[of] p2a: Skuntank\n|-damage|p2a: Skuntank|279/310|[from] item: Life Orb\n|move|p1a: Cresselia|Calm Mind|p1a: Cresselia\n|-boost|p1a: Cresselia|spa|1\n|-boost|p1a: Cresselia|spd|1\n|\n|upkeep\n|turn|3\n|\n|t:|1733895607\n|move|p2a: Skuntank|Taunt|p1a: Cresselia\n|-start|p1a: Cresselia|move: Taunt\n|cant|p1a: Cresselia|move: Taunt|Calm Mind\n|\n|upkeep\n|turn|4\n|\n|t:|1733895612\n|move|p2a: Skuntank|Knock Off|p1a: Cresselia\n|-damage|p1a: Cresselia|131/323\n|-damage|p2a: Skuntank|248/310|[from] item: Life Orb\n|move|p1a: Cresselia|Thunderbolt|p2a: Skuntank\n|-damage|p2a: Skuntank|123/310\n|\n|upkeep\n|turn|5\n|\n|t:|1733895621\n|move|p2a: Skuntank|Knock Off|p1a: Cresselia\n|-damage|p1a: Cresselia|61/323\n|-damage|p2a: Skuntank|92/310|[from] item: Life Orb\n|move|p1a: Cresselia|Thunderbolt|p2a: Skuntank\n|-damage|p2a: Skuntank|0 fnt\n|faint|p2a: Skuntank\n|\n|-end|p1a: Cresselia|move: Taunt\n|upkeep\n|\n|t:|1733895636\n|switch|p2a: Floatzel|Floatzel, L85, F|283/283\n|turn|6\n|\n|t:|1733895655\n|move|p2a: Floatzel|Flip Turn|p1a: Cresselia\n|-damage|p1a: Cresselia|0 fnt\n|faint|p1a: Cresselia\n|\n|t:|1733895661\n|switch|p2a: Espathra|Espathra, L80, F|283/283|[from] Flip Turn\n|\n|upkeep\n|\n|t:|1733895678\n|switch|p1a: Jumpluff|Jumpluff, L87, F|271/271\n|turn|7\n|\n|t:|1733895718\n|move|p1a: Jumpluff|Sleep Powder|p2a: Espathra|[miss]\n|-miss|p1a: Jumpluff|p2a: Espathra\n|move|p2a: Espathra|Lumina Crash|p1a: Jumpluff\n|-damage|p1a: Jumpluff|169/271\n|-unboost|p1a: Jumpluff|spd|2\n|\n|-ability|p2a: Espathra|Speed Boost|boost\n|-boost|p2a: Espathra|spe|1\n|upkeep\n|turn|8\n|inactive|Battle timer is ON: inactive players will automatically lose when time's up. (requested by baboonery)\n|\n|t:|1733895760\n|move|p2a: Espathra|Lumina Crash|p1a: Jumpluff\n|-damage|p1a: Jumpluff|0 fnt\n|faint|p1a: Jumpluff\n|\n|-ability|p2a: Espathra|Speed Boost|boost\n|-boost|p2a: Espathra|spe|1\n|upkeep\n|\n|t:|1733895771\n|switch|p1a: Glaceon|Glaceon, L94, F|275/275\n|turn|9\n|inactive|baboonery has 120 seconds left.\n|\n|t:|1733895803\n|move|p2a: Espathra|Lumina Crash|p1a: Glaceon\n|-damage|p1a: Glaceon|163/275\n|-unboost|p1a: Glaceon|spd|2\n|move|p1a: Glaceon|Calm Mind|p1a: Glaceon\n|-boost|p1a: Glaceon|spa|1\n|-boost|p1a: Glaceon|spd|1\n|\n|-ability|p2a: Espathra|Speed Boost|boost\n|-boost|p2a: Espathra|spe|1\n|upkeep\n|turn|10\n|\n|t:|1733895813\n|move|p1a: Glaceon|Protect|p1a: Glaceon\n|-singleturn|p1a: Glaceon|Protect\n|move|p2a: Espathra|Lumina Crash|p1a: Glaceon\n|-activate|p1a: Glaceon|move: Protect\n|\n|-ability|p2a: Espathra|Speed Boost|boost\n|-boost|p2a: Espathra|spe|1\n|upkeep\n|turn|11\n|\n|t:|1733895817\n|move|p2a: Espathra|Lumina Crash|p1a: Glaceon\n|-damage|p1a: Glaceon|0 fnt\n|faint|p1a: Glaceon\n|\n|-ability|p2a: Espathra|Speed Boost|boost\n|-boost|p2a: Espathra|spe|1\n|upkeep\n|\n|t:|1733895821\n|switch|p1a: Bruxish|Bruxish, L85, M|254/254\n|turn|12\n|inactive|baboonery has 120 seconds left.\n|\n|t:|1733895853\n|switch|p2a: Slaking|Slaking, L84, F|389/389\n|move|p1a: Bruxish|Crunch|p2a: Slaking\n|-damage|p2a: Slaking|251/389\n|\n|upkeep\n|turn|13\n|inactive|baboonery has 120 seconds left.\n|\n|t:|1733895872\n|switch|p1a: Zapdos|Zapdos, L78|268/268\n|move|p2a: Slaking|Knock Off|p1a: Zapdos\n|-damage|p1a: Zapdos|156/268\n|-enditem|p1a: Zapdos|Heavy-Duty Boots|[from] move: Knock Off|[of] p2a: Slaking\n|\n|upkeep\n|turn|14\n|\n|t:|1733895882\n|switch|p2a: Perrserker|Perrserker, L89, M|269/269\n|move|p1a: Zapdos|Roost|p1a: Zapdos\n|-heal|p1a: Zapdos|268/268\n|-singleturn|p1a: Zapdos|move: Roost\n|\n|upkeep\n|turn|15\n|inactive|baboonery has 120 seconds left.\n|inactive|baboonery has 90 seconds left.\n|\n|t:|1733895929\n|switch|p1a: Pawmot|Pawmot, L80, M|243/243\n|move|p2a: Perrserker|Iron Head|p1a: Pawmot\n|-resisted|p1a: Pawmot\n|-damage|p1a: Pawmot|109/243\n|-damage|p2a: Perrserker|243/269|[from] item: Life Orb\n|\n|upkeep\n|turn|16\n|inactive|baboonery has 90 seconds left.\n|inactive|JessicaEsoterica has 120 seconds left.\n|\n|t:|1733895961\n|move|p1a: Pawmot|Close Combat|p2a: Perrserker\n|-supereffective|p2a: Perrserker\n|-damage|p2a: Perrserker|0 fnt\n|-unboost|p1a: Pawmot|def|1\n|-unboost|p1a: Pawmot|spd|1\n|faint|p2a: Perrserker\n|-damage|p1a: Pawmot|85/243|[from] item: Life Orb\n|\n|upkeep\n|\n|t:|1733895971\n|switch|p2a: Floatzel|Floatzel, L85, F|283/283\n|turn|17\n|inactive|JessicaEsoterica has 120 seconds left.\n|\n|t:|1733895990\n|switch|p1a: Zapdos|Zapdos, L78|268/268\n|move|p2a: Floatzel|Flip Turn|p1a: Zapdos\n|-damage|p1a: Zapdos|150/268\n|\n|t:|1733896001\n|switch|p2a: Espathra|Espathra, L80, F|283/283|[from] Flip Turn\n|\n|upkeep\n|turn|18\n|\n|t:|1733896009\n|switch|p1a: Bruxish|Bruxish, L85, M|254/254\n|move|p2a: Espathra|Lumina Crash|p1a: Bruxish\n|-resisted|p1a: Bruxish\n|-damage|p1a: Bruxish|185/254\n|-unboost|p1a: Bruxish|spd|2\n|\n|-ability|p2a: Espathra|Speed Boost|boost\n|-boost|p2a: Espathra|spe|1\n|upkeep\n|turn|19\n|\n|t:|1733896016\n|-terastallize|p2a: Espathra|Fairy\n|move|p2a: Espathra|Lumina Crash|p1a: Bruxish\n|-resisted|p1a: Bruxish\n|-damage|p1a: Bruxish|38/254\n|-unboost|p1a: Bruxish|spd|2\n|move|p1a: Bruxish|Crunch|p2a: Espathra\n|-resisted|p2a: Espathra\n|-damage|p2a: Espathra|185/283\n|-unboost|p2a: Espathra|def|1\n|\n|-ability|p2a: Espathra|Speed Boost|boost\n|-boost|p2a: Espathra|spe|1\n|upkeep\n|turn|20\n|inactive|baboonery has 90 seconds left.\n|\n|t:|1733896028\n|move|p2a: Espathra|Lumina Crash|p1a: Bruxish\n|-resisted|p1a: Bruxish\n|-damage|p1a: Bruxish|0 fnt\n|faint|p1a: Bruxish\n|\n|-ability|p2a: Espathra|Speed Boost|boost\n|-boost|p2a: Espathra|spe|1\n|upkeep\n|\n|t:|1733896029\n|switch|p1a: Zapdos|Zapdos, L78|150/268\n|turn|21\n|\n|t:|1733896044\n|move|p2a: Espathra|Lumina Crash|p1a: Zapdos\n|-damage|p1a: Zapdos|27/268\n|-unboost|p1a: Zapdos|spd|2\n|move|p1a: Zapdos|Discharge|p2a: Espathra\n|-damage|p2a: Espathra|49/283\n|\n|-ability|p2a: Espathra|Speed Boost|boost\n|-boost|p2a: Espathra|spe|1\n|upkeep\n|turn|22\n|-message|JessicaEsoterica forfeited.\n|\n|win|baboonery\n|raw|JessicaEsoterica's rating: 1586 &rarr; <strong>1566</strong><br />(-20 for losing)\n|raw|baboonery's rating: 1582 &rarr; <strong>1602</strong><br />(+20 for winning)\n|l|\u2606JessicaEsoterica\n|player|p1|\n|c|\u2606baboonery|gg\n|c|\u2606baboonery|emu mvp\n", "inputlog": ">version bfd83cad13791eb5a5a409923076391caf6fb4d4\n>start {\"formatid\":\"gen9randombattle\",\"seed\":[26849,15833,29754,12350],\"rated\":\"Rated battle\"}\n>player p1 {\"name\":\"JessicaEsoterica\",\"avatar\":\"2\",\"rating\":1586,\"seed\":[48363,45210,18134,43050]}\n>player p2 {\"name\":\"baboonery\",\"avatar\":\"170\",\"rating\":1582,\"seed\":[21229,54132,47332,64976]}\n>p1 move calmmind\n>p2 switch 4\n>p1 move calmmind terastallize\n>p2 move knockoff\n>p1 move calmmind\n>p2 move taunt\n>p1 move thunderbolt\n>p2 move knockoff\n>p1 move thunderbolt\n>p2 move knockoff\n>p2 switch 3\n>p1 move moonlight\n>p2 move flipturn\n>p2 switch 4\n>p1 switch 2\n>p1 move sleeppowder\n>p2 move luminacrash\n>p1 move sleeppowder\n>p2 move luminacrash\n>p1 switch 5\n>p1 move calmmind\n>p2 move luminacrash\n>p1 move protect\n>p2 move luminacrash\n>p1 move freezedry\n>p2 move luminacrash\n>p1 switch 4\n>p1 move crunch\n>p2 switch 2\n>p1 switch 6\n>p2 move knockoff\n>p1 move roost\n>p2 switch 5\n>p1 switch 3\n>p2 move ironhead\n>p1 move closecombat\n>p2 move ironhead\n>p2 switch 4\n>p1 switch 3\n>p2 move flipturn\n>p2 switch 2\n>p1 switch 6\n>p2 move luminacrash\n>p1 move crunch\n>p2 move luminacrash terastallize\n>p1 move crunch\n>p2 move luminacrash\n>p1 switch 6\n>p1 move discharge\n>p2 move luminacrash\n>forcelose p1", "uploadtime": 1733896065, "views": 1, "formatid": "gen9randombattle", "rating": 1566, "private": 0, "password": null}