{"id": "gen9randombattle-2166450440", "format": "[Gen 9] Random Battle", "players": ["Referrals", "HaunterBoy28"], "log": "|badge|p1|bronze|gen9randombattle|100-2\n|uhtml|medal-msg|<div class=\"broadcast-blue\">Curious what those medals under the avatar are? PS now has Ladder Seasons! For more information, check out the <a href=\"https://www.smogon.com/forums/threads/3740067/\">thread on Smogon.</a></div>\n|badge|p2|bronze|gen9randombattle|100-2\n|uhtml|medal-msg|<div class=\"broadcast-blue\">Curious what those medals under the avatar are? PS now has Ladder Seasons! For more information, check out the <a href=\"https://www.smogon.com/forums/threads/3740067/\">thread on Smogon.</a></div>\n|j|\u2606Referrals\n|j|\u2606HaunterBoy28\n|t:|1721805241\n|gametype|singles\n|player|p1|Referrals|carmine-festival|2409\n|player|p2|HaunterBoy28|#rbtt7teamhoopa|2384\n|teamsize|p1|6\n|teamsize|p2|6\n|gen|9\n|tier|[Gen 9] Random Battle\n|rated|\n|rule|Species Clause: Limit one of each Pok\u00e9mon\n|rule|HP Percentage Mod: HP is shown in percentages\n|rule|Sleep Clause Mod: Limit one foe put to sleep\n|rule|Illusion Level Mod: Illusion disguises the Pok\u00e9mon's true level\n|\n|t:|1721805241\n|start\n|switch|p1a: Sinistcha|Sinistcha, L83|254/254\n|switch|p2a: Mesprit|Mesprit, L85|275/275\n|turn|1\n|inactive|Battle timer is ON: inactive players will automatically lose when time's up. (requested by Referrals)\n|j| paysa\n|j| saltvik\n|j| JustOut459\n|j| Haern23\n|j| found it to\n|inactive|Referrals has 120 seconds left.\n|inactive|HaunterBoy28 has 120 seconds left.\n|\n|t:|1721805289\n|switch|p1a: Gastrodon|Gastrodon-East, L86, M|331/331\n|move|p2a: Mesprit|Ice Beam|p1a: Gastrodon\n|-damage|p1a: Gastrodon|229/331\n|\n|-heal|p1a: Gastrodon|249/331|[from] item: Leftovers\n|upkeep\n|turn|2\n|j| BeSilentBeStill\n|l| paysa\n|inactive|HaunterBoy28 has 120 seconds left.\n|j| paysa\n|\n|t:|1721805328\n|switch|p2a: Torterra|Torterra, L78, M|276/276\n|move|p1a: Gastrodon|Stealth Rock|p2a: Torterra\n|-sidestart|p2: HaunterBoy28|move: Stealth Rock\n|\n|-heal|p1a: Gastrodon|269/331|[from] item: Leftovers\n|upkeep\n|turn|3\n|inactive|HaunterBoy28 has 120 seconds left.\n|\n|t:|1721805349\n|switch|p2a: Mesprit|Mesprit, L85|275/275\n|-damage|p2a: Mesprit|241/275|[from] Stealth Rock\n|switch|p1a: Orthworm|Orthworm, L88, M|266/266\n|\n|upkeep\n|turn|4\n|inactive|HaunterBoy28 has 120 seconds left.\n|inactive|Referrals has 120 seconds left.\n|\n|t:|1721805387\n|move|p2a: Mesprit|Psychic|p1a: Orthworm\n|-resisted|p1a: Orthworm\n|-damage|p1a: Orthworm|170/266\n|move|p1a: Orthworm|Iron Tail|p2a: Mesprit\n|-damage|p2a: Mesprit|151/275\n|-unboost|p2a: Mesprit|def|1\n|\n|upkeep\n|turn|5\n|inactive|HaunterBoy28 has 120 seconds left.\n|\n|t:|1721805392\n|switch|p1a: Mightyena|Mightyena, L95, F|287/287\n|-ability|p1a: Mightyena|Intimidate|boost\n|-unboost|p2a: Mesprit|atk|1\n|move|p2a: Mesprit|Psychic|p1a: Mightyena\n|-immune|p1a: Mightyena\n|\n|upkeep\n|turn|6\n|inactive|HaunterBoy28 has 120 seconds left.\n|\n|t:|1721805413\n|switch|p2a: Zamazenta|Zamazenta-Crowned, L68|238/238\n|-damage|p2a: Zamazenta|231/238|[from] Stealth Rock\n|-ability|p2a: Zamazenta|Dauntless Shield|boost\n|-boost|p2a: Zamazenta|def|1\n|move|p1a: Mightyena|Crunch|p2a: Zamazenta\n|-resisted|p2a: Zamazenta\n|-damage|p2a: Zamazenta|186/238\n|\n|upkeep\n|turn|7\n|inactive|Referrals has 120 seconds left.\n|\n|t:|1721805421\n|move|p2a: Zamazenta|Crunch|p1a: Mightyena\n|-resisted|p1a: Mightyena\n|-damage|p1a: Mightyena|265/287\n|move|p1a: Mightyena|Crunch|p2a: Zamazenta\n|-resisted|p2a: Zamazenta\n|-damage|p2a: Zamazenta|143/238\n|\n|upkeep\n|turn|8\n|\n|t:|1721805429\n|switch|p1a: Sinistcha|Sinistcha, L83|254/254\n|move|p2a: Zamazenta|Body Press|p1a: Sinistcha\n|-immune|p1a: Sinistcha\n|\n|upkeep\n|turn|9\n|inactive|Referrals has 120 seconds left.\n|\n|t:|1721805450\n|move|p2a: Zamazenta|Crunch|p1a: Sinistcha\n|-supereffective|p1a: Sinistcha\n|-damage|p1a: Sinistcha|176/254\n|move|p1a: Sinistcha|Matcha Gotcha|p2a: Zamazenta\n|-resisted|p2a: Zamazenta\n|-damage|p2a: Zamazenta|101/238\n|-heal|p1a: Sinistcha|197/254|[from] drain|[of] p2a: Zamazenta\n|\n|-heal|p1a: Sinistcha|212/254|[from] item: Leftovers\n|upkeep\n|turn|10\n|c|\u2606HaunterBoy28|you made me out to be a chump.\n|inactive|Referrals has 120 seconds left.\n|\n|t:|1721805457\n|move|p2a: Zamazenta|Crunch|p1a: Sinistcha\n|-supereffective|p1a: Sinistcha\n|-damage|p1a: Sinistcha|134/254\n|move|p1a: Sinistcha|Matcha Gotcha|p2a: Zamazenta\n|-resisted|p2a: Zamazenta\n|-crit|p2a: Zamazenta\n|-damage|p2a: Zamazenta|35/238\n|-heal|p1a: Sinistcha|167/254|[from] drain|[of] p2a: Zamazenta\n|\n|-heal|p1a: Sinistcha|182/254|[from] item: Leftovers\n|upkeep\n|turn|11\n|\n|t:|1721805463\n|move|p2a: Zamazenta|Crunch|p1a: Sinistcha\n|-supereffective|p1a: Sinistcha\n|-damage|p1a: Sinistcha|100/254\n|move|p1a: Sinistcha|Strength Sap|p2a: Zamazenta\n|-unboost|p2a: Zamazenta|atk|1\n|-heal|p1a: Sinistcha|254/254\n|\n|upkeep\n|turn|12\n|j| Railu\n|\n|t:|1721805473\n|switch|p2a: Alcremie|Alcremie-Caramel-Swirl, L90, F|263/263\n|-damage|p2a: Alcremie|231/263|[from] Stealth Rock\n|move|p1a: Sinistcha|Matcha Gotcha|p2a: Alcremie|[miss]\n|-miss|p1a: Sinistcha|p2a: Alcremie\n|\n|-heal|p2a: Alcremie|247/263|[from] item: Leftovers\n|upkeep\n|turn|13\n|\n|t:|1721805497\n|switch|p2a: Zamazenta|Zamazenta-Crowned, L68|35/238\n|-damage|p2a: Zamazenta|28/238|[from] Stealth Rock\n|switch|p1a: Orthworm|Orthworm, L88, M|170/266\n|\n|upkeep\n|turn|14\n|\n|t:|1721805507\n|switch|p1a: Sinistcha|Sinistcha, L83|254/254\n|move|p2a: Zamazenta|Crunch|p1a: Sinistcha\n|-supereffective|p1a: Sinistcha\n|-damage|p1a: Sinistcha|178/254\n|\n|-heal|p1a: Sinistcha|193/254|[from] item: Leftovers\n|upkeep\n|turn|15\n|\n|t:|1721805512\n|move|p2a: Zamazenta|Crunch|p1a: Sinistcha\n|-supereffective|p1a: Sinistcha\n|-damage|p1a: Sinistcha|111/254\n|-unboost|p1a: Sinistcha|def|1\n|move|p1a: Sinistcha|Strength Sap|p2a: Zamazenta\n|-unboost|p2a: Zamazenta|atk|1\n|-heal|p1a: Sinistcha|254/254\n|\n|upkeep\n|turn|16\n|\n|t:|1721805518\n|move|p2a: Zamazenta|Crunch|p1a: Sinistcha\n|-supereffective|p1a: Sinistcha\n|-damage|p1a: Sinistcha|172/254\n|move|p1a: Sinistcha|Matcha Gotcha|p2a: Zamazenta|[miss]\n|-miss|p1a: Sinistcha|p2a: Zamazenta\n|\n|-heal|p1a: Sinistcha|187/254|[from] item: Leftovers\n|upkeep\n|turn|17\n|\n|t:|1721805522\n|move|p2a: Zamazenta|Crunch|p1a: Sinistcha\n|-supereffective|p1a: Sinistcha\n|-damage|p1a: Sinistcha|103/254\n|move|p1a: Sinistcha|Strength Sap|p2a: Zamazenta\n|-unboost|p2a: Zamazenta|atk|1\n|-heal|p1a: Sinistcha|238/254\n|\n|-heal|p1a: Sinistcha|253/254|[from] item: Leftovers\n|upkeep\n|turn|18\n|\n|t:|1721805528\n|move|p2a: Zamazenta|Crunch|p1a: Sinistcha\n|-supereffective|p1a: Sinistcha\n|-damage|p1a: Sinistcha|191/254\n|move|p1a: Sinistcha|Matcha Gotcha|p2a: Zamazenta\n|-resisted|p2a: Zamazenta\n|-damage|p2a: Zamazenta|0 fnt\n|-heal|p1a: Sinistcha|205/254|[from] drain|[of] p2a: Zamazenta\n|faint|p2a: Zamazenta\n|\n|-heal|p1a: Sinistcha|220/254|[from] item: Leftovers\n|upkeep\n|\n|t:|1721805539\n|switch|p2a: Haxorus|Haxorus, L77, F|244/244\n|-damage|p2a: Haxorus|214/244|[from] Stealth Rock\n|-ability|p2a: Haxorus|Mold Breaker\n|turn|19\n|\n|t:|1721805544\n|switch|p1a: Poliwrath|Poliwrath, L88, F|302/302\n|move|p2a: Haxorus|Dragon Dance|p2a: Haxorus\n|-boost|p2a: Haxorus|atk|1\n|-boost|p2a: Haxorus|spe|1\n|\n|upkeep\n|turn|20\n|\n|t:|1721805573\n|move|p2a: Haxorus|Outrage|p1a: Poliwrath\n|-damage|p1a: Poliwrath|107/302\n|move|p1a: Poliwrath|Circle Throw|p2a: Haxorus\n|-damage|p2a: Haxorus|139/244\n|drag|p2a: Mesprit|Mesprit, L85|151/275\n|-damage|p2a: Mesprit|117/275|[from] Stealth Rock\n|\n|upkeep\n|turn|21\n|l| BeSilentBeStill\n|\n|t:|1721805593\n|move|p2a: Mesprit|Dazzling Gleam|p1a: Poliwrath\n|-supereffective|p1a: Poliwrath\n|-damage|p1a: Poliwrath|0 fnt\n|faint|p1a: Poliwrath\n|\n|upkeep\n|\n|t:|1721805604\n|switch|p1a: Orthworm|Orthworm, L88, M|170/266\n|turn|22\n|\n|t:|1721805614\n|move|p2a: Mesprit|Dazzling Gleam|p1a: Orthworm\n|-resisted|p1a: Orthworm\n|-damage|p1a: Orthworm|112/266\n|move|p1a: Orthworm|Coil|p1a: Orthworm\n|-boost|p1a: Orthworm|atk|1\n|-boost|p1a: Orthworm|def|1\n|-boost|p1a: Orthworm|accuracy|1\n|\n|upkeep\n|turn|23\n|\n|t:|1721805631\n|move|p2a: Mesprit|Dazzling Gleam|p1a: Orthworm\n|-resisted|p1a: Orthworm\n|-damage|p1a: Orthworm|47/266\n|move|p1a: Orthworm|Rest|p1a: Orthworm\n|-status|p1a: Orthworm|slp|[from] move: Rest\n|-heal|p1a: Orthworm|266/266 slp|[silent]\n|-enditem|p1a: Orthworm|Chesto Berry|[eat]\n|-curestatus|p1a: Orthworm|slp|[msg]\n|\n|upkeep\n|turn|24\n|\n|t:|1721805637\n|move|p2a: Mesprit|Dazzling Gleam|p1a: Orthworm\n|-resisted|p1a: Orthworm\n|-damage|p1a: Orthworm|208/266\n|move|p1a: Orthworm|Iron Tail|p2a: Mesprit\n|-damage|p2a: Mesprit|0 fnt\n|faint|p2a: Mesprit\n|\n|upkeep\n|\n|t:|1721805654\n|switch|p2a: Haxorus|Haxorus, L77, F|139/244\n|-damage|p2a: Haxorus|109/244|[from] Stealth Rock\n|-ability|p2a: Haxorus|Mold Breaker\n|turn|25\n|\n|t:|1721805659\n|move|p2a: Haxorus|Close Combat|p1a: Orthworm\n|-supereffective|p1a: Orthworm\n|-damage|p1a: Orthworm|128/266\n|-unboost|p2a: Haxorus|def|1\n|-unboost|p2a: Haxorus|spd|1\n|move|p1a: Orthworm|Body Press|p2a: Haxorus\n|-damage|p2a: Haxorus|0 fnt\n|faint|p2a: Haxorus\n|\n|upkeep\n|\n|t:|1721805662\n|switch|p2a: Spectrier|Spectrier, L75|274/274\n|-damage|p2a: Spectrier|240/274|[from] Stealth Rock\n|turn|26\n|j| muddbud\n|\n|t:|1721805675\n|move|p2a: Spectrier|Shadow Ball|p1a: Orthworm\n|-crit|p1a: Orthworm\n|-damage|p1a: Orthworm|0 fnt\n|faint|p1a: Orthworm\n|-ability|p2a: Spectrier|Grim Neigh|boost\n|-boost|p2a: Spectrier|spa|1\n|-damage|p2a: Spectrier|213/274|[from] item: Life Orb\n|\n|upkeep\n|\n|t:|1721805679\n|switch|p1a: Gumshoos|Gumshoos, L95, F|321/321\n|turn|27\n|\n|t:|1721805702\n|-terastallize|p2a: Spectrier|Fairy\n|-terastallize|p1a: Gumshoos|Ground\n|move|p2a: Spectrier|Draining Kiss|p1a: Gumshoos\n|-damage|p1a: Gumshoos|161/321\n|-heal|p2a: Spectrier|274/274|[from] drain|[of] p1a: Gumshoos\n|-damage|p2a: Spectrier|247/274|[from] item: Life Orb\n|move|p1a: Gumshoos|Earthquake|p2a: Spectrier\n|-crit|p2a: Spectrier\n|-damage|p2a: Spectrier|0 fnt\n|faint|p2a: Spectrier\n|\n|upkeep\n|inactive|HaunterBoy28 has 120 seconds left.\n|\n|t:|1721805720\n|switch|p2a: Torterra|Torterra, L78, M|276/276\n|-damage|p2a: Torterra|259/276|[from] Stealth Rock\n|turn|28\n|\n|t:|1721805726\n|switch|p1a: Sinistcha|Sinistcha, L83|220/254\n|move|p2a: Torterra|Shell Smash|p2a: Torterra\n|-unboost|p2a: Torterra|def|1\n|-unboost|p2a: Torterra|spd|1\n|-boost|p2a: Torterra|atk|2\n|-boost|p2a: Torterra|spa|2\n|-boost|p2a: Torterra|spe|2\n|\n|-heal|p1a: Sinistcha|235/254|[from] item: Leftovers\n|upkeep\n|turn|29\n|\n|t:|1721805742\n|move|p2a: Torterra|Shell Smash|p2a: Torterra\n|-unboost|p2a: Torterra|def|1\n|-unboost|p2a: Torterra|spd|1\n|-boost|p2a: Torterra|atk|2\n|-boost|p2a: Torterra|spa|2\n|-boost|p2a: Torterra|spe|2\n|move|p1a: Sinistcha|Matcha Gotcha|p2a: Torterra\n|-damage|p2a: Torterra|22/276\n|-heal|p1a: Sinistcha|254/254|[from] drain|[of] p2a: Torterra\n|\n|upkeep\n|turn|30\n|\n|t:|1721805756\n|move|p2a: Torterra|Rock Blast|p1a: Sinistcha\n|-damage|p1a: Sinistcha|211/254\n|-damage|p1a: Sinistcha|164/254\n|-damage|p1a: Sinistcha|117/254\n|-damage|p1a: Sinistcha|70/254\n|-crit|p1a: Sinistcha\n|-damage|p1a: Sinistcha|6/254\n|-hitcount|p1a: Sinistcha|5\n|move|p1a: Sinistcha|Strength Sap|p2a: Torterra\n|-unboost|p2a: Torterra|atk|1\n|-heal|p1a: Sinistcha|254/254\n|\n|upkeep\n|turn|31\n|inactive|HaunterBoy28 has 120 seconds left.\n|\n|t:|1721805773\n|move|p2a: Torterra|Bullet Seed|p1a: Sinistcha\n|-resisted|p1a: Sinistcha\n|-damage|p1a: Sinistcha|212/254\n|-resisted|p1a: Sinistcha\n|-damage|p1a: Sinistcha|170/254\n|-resisted|p1a: Sinistcha\n|-damage|p1a: Sinistcha|131/254\n|-resisted|p1a: Sinistcha\n|-damage|p1a: Sinistcha|86/254\n|-hitcount|p1a: Sinistcha|4\n|move|p1a: Sinistcha|Shadow Ball|p2a: Torterra\n|-damage|p2a: Torterra|0 fnt\n|faint|p2a: Torterra\n|\n|-heal|p1a: Sinistcha|101/254|[from] item: Leftovers\n|upkeep\n|inactive|HaunterBoy28 has 120 seconds left.\n|\n|t:|1721805782\n|switch|p2a: Alcremie|Alcremie-Caramel-Swirl, L90, F|247/263\n|-damage|p2a: Alcremie|215/263|[from] Stealth Rock\n|turn|32\n|inactive|HaunterBoy28 has 120 seconds left.\n|\n|t:|1721805800\n|switch|p1a: Mightyena|Mightyena, L95, F|265/287\n|-ability|p1a: Mightyena|Intimidate|boost\n|-unboost|p2a: Alcremie|atk|1\n|move|p2a: Alcremie|Calm Mind|p2a: Alcremie\n|-boost|p2a: Alcremie|spa|1\n|-boost|p2a: Alcremie|spd|1\n|\n|-heal|p2a: Alcremie|231/263|[from] item: Leftovers\n|upkeep\n|turn|33\n|\n|t:|1721805808\n|move|p1a: Mightyena|Poison Fang|p2a: Alcremie\n|-supereffective|p2a: Alcremie\n|-damage|p2a: Alcremie|107/263\n|-status|p2a: Alcremie|tox\n|move|p2a: Alcremie|Alluring Voice|p1a: Mightyena\n|-supereffective|p1a: Mightyena\n|-damage|p1a: Mightyena|0 fnt\n|faint|p1a: Mightyena\n|\n|-heal|p2a: Alcremie|123/263 tox|[from] item: Leftovers\n|-damage|p2a: Alcremie|107/263 tox|[from] psn\n|upkeep\n|\n|t:|1721805813\n|switch|p1a: Gastrodon|Gastrodon-East, L86, M|269/331\n|turn|34\n|j| Kanha Greninja\n|\n|t:|1721805818\n|move|p2a: Alcremie|Alluring Voice|p1a: Gastrodon\n|-damage|p1a: Gastrodon|104/331\n|move|p1a: Gastrodon|Earthquake|p2a: Alcremie\n|-damage|p2a: Alcremie|4/263 tox\n|\n|-heal|p2a: Alcremie|20/263 tox|[from] item: Leftovers\n|-heal|p1a: Gastrodon|124/331|[from] item: Leftovers\n|-damage|p2a: Alcremie|0 fnt|[from] psn\n|faint|p2a: Alcremie\n|\n|win|Referrals\n|upkeep\n|raw|Referrals's rating: 2409 &rarr; <strong>2428</strong><br />(+19 for winning)\n|raw|HaunterBoy28's rating: 2384 &rarr; <strong>2365</strong><br />(-19 for losing)\n", "inputlog": ">version 16d9ffe07e6bc8e4f1c17d5198fc9cfb3141ab0a\n>start {\"formatid\":\"gen9randombattle\",\"seed\":[50975,27276,54385,43593],\"rated\":\"Rated battle\"}\n>player p1 {\"name\":\"Referrals\",\"avatar\":\"carmine-festival\",\"rating\":2409,\"seed\":[3935,13235,17867,53811]}\n>player p2 {\"name\":\"HaunterBoy28\",\"avatar\":\"#rbtt7teamhoopa\",\"rating\":2384,\"seed\":[16851,17461,49320,58256]}\n>p1 switch 5\n>p2 move icebeam\n>p1 move stealthrock\n>p2 switch 4\n>p1 switch 2\n>p2 switch 4\n>p1 move irontail\n>p2 move psychic\n>p1 switch 4\n>p2 move psychic\n>p1 move crunch\n>p2 switch 6\n>p1 move crunch\n>p2 move crunch\n>p1 switch 5\n>p2 move bodypress\n>p1 move matchagotcha\n>p2 move crunch\n>chat \u2606HaunterBoy28|you made me out to be a chump.\n>p1 move matchagotcha\n>p2 move crunch\n>p1 move strengthsap\n>p2 move crunch\n>p1 move matchagotcha\n>p2 switch 3\n>p1 switch 4\n>p2 switch 3\n>p1 switch 4\n>p2 move crunch\n>p1 move strengthsap\n>p2 move crunch\n>p1 move matchagotcha\n>p2 move crunch\n>p1 move strengthsap\n>p2 move crunch\n>p1 move matchagotcha\n>p2 move crunch\n>p2 switch 2\n>p1 switch 6\n>p2 move dragondance\n>p1 move circlethrow\n>p2 move outrage\n>p1 move knockoff\n>p2 move dazzlinggleam\n>p1 switch 4\n>p1 move coil\n>p2 move dazzlinggleam\n>p1 move rest\n>p2 move dazzlinggleam\n>p1 move irontail\n>p2 move dazzlinggleam\n>p2 switch 6\n>p1 move bodypress\n>p2 move closecombat\n>p2 switch 5\n>p1 move irontail\n>p2 move shadowball\n>p1 switch 3\n>p1 move earthquake terastallize\n>p2 move drainingkiss terastallize\n>p2 switch 4\n>p1 switch 6\n>p2 move shellsmash\n>p1 move matchagotcha\n>p2 move shellsmash\n>p1 move strengthsap\n>p2 move rockblast\n>p1 move shadowball\n>p2 move bulletseed\n>p2 switch 3\n>p1 switch 5\n>p2 move calmmind\n>p1 move poisonfang\n>p2 move alluringvoice\n>p1 switch 2\n>p1 move earthquake\n>p2 move alluringvoice", "uploadtime": 1721805820, "views": 190, "formatid": "gen9randombattle", "rating": 2365, "private": 0, "password": null}