{"id": "gen9randombattle-2259992061", "format": "[Gen 9] Random Battle", "players": ["cooljr17", "skw1234"], "log": "|j|\u2606cooljr17\n|j|\u2606skw1234\n|t:|1733788454\n|gametype|singles\n|player|p1|cooljr17|misty|1040\n|player|p2|skw1234|102|1043\n|teamsize|p1|6\n|teamsize|p2|6\n|gen|9\n|tier|[Gen 9] Random Battle\n|rated|\n|rule|Species Clause: Limit one of each Pok\u00e9mon\n|rule|HP Percentage Mod: HP is shown in percentages\n|rule|Sleep Clause Mod: Limit one foe put to sleep\n|rule|Illusion Level Mod: Illusion disguises the Pok\u00e9mon's true level\n|\n|t:|1733788454\n|start\n|switch|p1a: Typhlosion|Typhlosion, L84, F|267/267\n|switch|p2a: Heracross|Heracross, L80, M|259/259\n|turn|1\n|\n|t:|1733788468\n|switch|p2a: Blastoise|Blastoise, L80, M|258/258\n|move|p1a: Typhlosion|Fire Blast|p2a: Blastoise\n|-resisted|p2a: Blastoise\n|-damage|p2a: Blastoise|204/258\n|\n|upkeep\n|turn|2\n|\n|t:|1733788479\n|switch|p1a: Solgaleo|Solgaleo, L74|325/325\n|move|p2a: Blastoise|Hydro Pump|p1a: Solgaleo\n|-damage|p1a: Solgaleo|225/325\n|\n|upkeep\n|turn|3\n|\n|t:|1733788492\n|move|p1a: Solgaleo|Knock Off|p2a: Blastoise\n|-damage|p2a: Blastoise|132/258\n|-enditem|p2a: Blastoise|White Herb|[from] move: Knock Off|[of] p1a: Solgaleo\n|move|p2a: Blastoise|Shell Smash|p2a: Blastoise\n|-unboost|p2a: Blastoise|def|1\n|-unboost|p2a: Blastoise|spd|1\n|-boost|p2a: Blastoise|atk|2\n|-boost|p2a: Blastoise|spa|2\n|-boost|p2a: Blastoise|spe|2\n|\n|upkeep\n|turn|4\n|\n|t:|1733788509\n|-terastallize|p2a: Blastoise|Electric\n|-terastallize|p1a: Solgaleo|Water\n|move|p2a: Blastoise|Tera Blast|p1a: Solgaleo|[anim] Tera Blast Electric\n|-supereffective|p1a: Solgaleo\n|-damage|p1a: Solgaleo|0 fnt\n|faint|p1a: Solgaleo\n|\n|upkeep\n|\n|t:|1733788517\n|switch|p1a: Mudsdale|Mudsdale, L84, F|305/305\n|turn|5\n|\n|t:|1733788520\n|move|p2a: Blastoise|Hydro Pump|p1a: Mudsdale\n|-supereffective|p1a: Mudsdale\n|-damage|p1a: Mudsdale|0 fnt\n|faint|p1a: Mudsdale\n|\n|upkeep\n|\n|t:|1733788527\n|switch|p1a: Gardevoir|Gardevoir, L83, F|249/249\n|-ability|p1a: Gardevoir|Torrent|[from] ability: Trace|[of] p2a: Blastoise\n|turn|6\n|\n|t:|1733788542\n|move|p2a: Blastoise|Hydro Pump|p1a: Gardevoir\n|-damage|p1a: Gardevoir|92/249\n|move|p1a: Gardevoir|Psyshock|p2a: Blastoise\n|-damage|p2a: Blastoise|0 fnt\n|faint|p2a: Blastoise\n|\n|upkeep\n|\n|t:|1733788558\n|switch|p2a: Heracross|Heracross, L80, M|259/259\n|turn|7\n|\n|t:|1733788563\n|switch|p1a: Typhlosion|Typhlosion, L84, F|267/267\n|move|p2a: Heracross|Knock Off|p1a: Typhlosion\n|-damage|p1a: Typhlosion|177/267\n|-enditem|p1a: Typhlosion|Choice Scarf|[from] move: Knock Off|[of] p2a: Heracross\n|\n|-status|p2a: Heracross|brn|[from] item: Flame Orb\n|upkeep\n|turn|8\n|\n|t:|1733788604\n|switch|p2a: Okidogi|Okidogi, L77, M|262/262\n|move|p1a: Typhlosion|Focus Blast|p2a: Okidogi\n|-resisted|p2a: Okidogi\n|-damage|p2a: Okidogi|209/262\n|\n|-heal|p2a: Okidogi|225/262|[from] item: Leftovers\n|upkeep\n|turn|9\n|\n|t:|1733788620\n|switch|p1a: Mightyena|Mightyena, L95, F|287/287\n|-ability|p1a: Mightyena|Intimidate|boost\n|-unboost|p2a: Okidogi|atk|1\n|move|p2a: Okidogi|Drain Punch|p1a: Mightyena\n|-supereffective|p1a: Mightyena\n|-damage|p1a: Mightyena|161/287\n|-heal|p2a: Okidogi|262/262|[from] drain|[of] p1a: Mightyena\n|\n|upkeep\n|turn|10\n|\n|t:|1733788632\n|move|p1a: Mightyena|Super Fang|p2a: Okidogi\n|-damage|p2a: Okidogi|131/262\n|move|p2a: Okidogi|Bulk Up|p2a: Okidogi\n|-boost|p2a: Okidogi|atk|1\n|-boost|p2a: Okidogi|def|1\n|\n|-heal|p2a: Okidogi|147/262|[from] item: Leftovers\n|upkeep\n|turn|11\n|\n|t:|1733788640\n|move|p1a: Mightyena|Crunch|p2a: Okidogi\n|-resisted|p2a: Okidogi\n|-damage|p2a: Okidogi|114/262\n|move|p2a: Okidogi|Drain Punch|p1a: Mightyena\n|-supereffective|p1a: Mightyena\n|-damage|p1a: Mightyena|0 fnt\n|-heal|p2a: Okidogi|195/262|[from] drain|[of] p1a: Mightyena\n|faint|p1a: Mightyena\n|\n|-heal|p2a: Okidogi|211/262|[from] item: Leftovers\n|upkeep\n|\n|t:|1733788651\n|switch|p1a: Garganacl|Garganacl, L80, M|291/291\n|turn|12\n|\n|t:|1733788661\n|move|p2a: Okidogi|Drain Punch|p1a: Garganacl\n|-supereffective|p1a: Garganacl\n|-damage|p1a: Garganacl|157/291\n|-heal|p2a: Okidogi|262/262|[from] drain|[of] p1a: Garganacl\n|move|p1a: Garganacl|Earthquake|p2a: Okidogi\n|-supereffective|p2a: Okidogi\n|-damage|p2a: Okidogi|186/262\n|\n|-heal|p2a: Okidogi|202/262|[from] item: Leftovers\n|-heal|p1a: Garganacl|175/291|[from] item: Leftovers\n|upkeep\n|turn|13\n|\n|t:|1733788672\n|move|p1a: Garganacl|Protect|p1a: Garganacl\n|-singleturn|p1a: Garganacl|Protect\n|move|p2a: Okidogi|Bulk Up|p2a: Okidogi\n|-boost|p2a: Okidogi|atk|1\n|-boost|p2a: Okidogi|def|1\n|\n|-heal|p2a: Okidogi|218/262|[from] item: Leftovers\n|-heal|p1a: Garganacl|193/291|[from] item: Leftovers\n|upkeep\n|turn|14\n|\n|t:|1733788681\n|move|p2a: Okidogi|Drain Punch|p1a: Garganacl\n|-supereffective|p1a: Garganacl\n|-damage|p1a: Garganacl|0 fnt\n|-heal|p2a: Okidogi|262/262|[from] drain|[of] p1a: Garganacl\n|faint|p1a: Garganacl\n|\n|upkeep\n|\n|t:|1733788687\n|switch|p1a: Gardevoir|Gardevoir, L83, F|92/249\n|-ability|p1a: Gardevoir|Toxic Chain|[from] ability: Trace|[of] p2a: Okidogi\n|turn|15\n|\n|t:|1733788692\n|move|p1a: Gardevoir|Mystical Fire|p2a: Okidogi\n|-damage|p2a: Okidogi|194/262\n|-unboost|p2a: Okidogi|spa|1\n|move|p2a: Okidogi|Gunk Shot|p1a: Gardevoir\n|-supereffective|p1a: Gardevoir\n|-damage|p1a: Gardevoir|0 fnt\n|faint|p1a: Gardevoir\n|\n|-heal|p2a: Okidogi|210/262|[from] item: Leftovers\n|upkeep\n|\n|t:|1733788701\n|switch|p1a: Typhlosion|Typhlosion, L84, F|177/267\n|turn|16\n|\n|t:|1733788707\n|move|p1a: Typhlosion|Focus Blast|p2a: Okidogi|[miss]\n|-miss|p1a: Typhlosion|p2a: Okidogi\n|move|p2a: Okidogi|Drain Punch|p1a: Typhlosion\n|-damage|p1a: Typhlosion|30/267\n|-heal|p2a: Okidogi|262/262|[from] drain|[of] p1a: Typhlosion\n|\n|upkeep\n|turn|17\n|\n|t:|1733788715\n|move|p1a: Typhlosion|Scorching Sands|p2a: Okidogi\n|-supereffective|p2a: Okidogi\n|-damage|p2a: Okidogi|132/262\n|move|p2a: Okidogi|Drain Punch|p1a: Typhlosion\n|-damage|p1a: Typhlosion|0 fnt\n|-heal|p2a: Okidogi|147/262|[from] drain|[of] p1a: Typhlosion\n|faint|p1a: Typhlosion\n|\n|win|skw1234\n|raw|cooljr17's rating: 1040 &rarr; <strong>1024</strong><br />(-16 for losing)\n|raw|skw1234's rating: 1043 &rarr; <strong>1076</strong><br />(+33 for winning)\n|c|\u2606skw1234|gg sorry about that miss\n|l|\u2606cooljr17\n|player|p1|\n", "inputlog": ">version bfd83cad13791eb5a5a409923076391caf6fb4d4\n>start {\"formatid\":\"gen9randombattle\",\"seed\":[29283,20992,9393,36392],\"rated\":\"Rated battle\"}\n>player p1 {\"name\":\"cooljr17\",\"avatar\":\"misty\",\"rating\":1040,\"seed\":[1796,63313,13621,11573]}\n>player p2 {\"name\":\"skw1234\",\"avatar\":\"102\",\"rating\":1043,\"seed\":[53975,65141,45219,25088]}\n>p1 move fireblast\n>p2 switch 5\n>p1 switch 5\n>p2 move hydropump\n>p1 move knockoff\n>p2 move shellsmash\n>p1 move sunsteelstrike terastallize\n>p2 move terablast terastallize\n>p1 switch 4\n>p1 move earthquake\n>p2 move hydropump\n>p1 switch 3\n>p1 move psyshock\n>p2 move hydropump\n>p2 switch 5\n>p1 switch 5\n>p2 move knockoff\n>p1 move focusblast\n>p2 switch 4\n>p1 switch 6\n>p2 move drainpunch\n>p1 move superfang\n>p2 move bulkup\n>p1 move crunch\n>p2 move drainpunch\n>p1 switch 2\n>p1 move earthquake\n>p2 move drainpunch\n>p1 move protect\n>p2 move bulkup\n>p1 move recover\n>p2 move drainpunch\n>p1 switch 5\n>p1 move mysticalfire\n>p2 move gunkshot\n>p1 switch 6\n>p1 move focusblast\n>p2 move drainpunch\n>p1 move scorchingsands\n>p2 move drainpunch", "uploadtime": 1733788733, "views": 3, "formatid": "gen9randombattle", "rating": 1024, "private": 0, "password": null}