{"id": "gen9randombattle-2185696239", "format": "[Gen 9] Random Battle", "players": ["Qiuescent", "ferguma"], "log": "|j|\u203dQiuescent\n|j|\u2606ferguma\n|t:|1724362416\n|gametype|singles\n|player|p1|Qiuescent|265|2200\n|player|p2|ferguma|101|2317\n|teamsize|p1|6\n|teamsize|p2|6\n|gen|9\n|tier|[Gen 9] Random Battle\n|rated|\n|rule|Species Clause: Limit one of each Pok\u00e9mon\n|rule|HP Percentage Mod: HP is shown in percentages\n|rule|Sleep Clause Mod: Limit one foe put to sleep\n|rule|Illusion Level Mod: Illusion disguises the Pok\u00e9mon's true level\n|\n|t:|1724362416\n|start\n|switch|p1a: Diancie|Diancie, L82|216/216\n|switch|p2a: Comfey|Comfey, L85, F|225/225\n|turn|1\n|\n|t:|1724362427\n|switch|p2a: Sandy Shocks|Sandy Shocks, L80|267/267\n|move|p1a: Diancie|Diamond Storm|p2a: Sandy Shocks\n|-resisted|p2a: Sandy Shocks\n|-crit|p2a: Sandy Shocks\n|-damage|p2a: Sandy Shocks|193/267\n|\n|-heal|p2a: Sandy Shocks|209/267|[from] item: Leftovers\n|upkeep\n|turn|2\n|\n|t:|1724362432\n|move|p2a: Sandy Shocks|Spikes|p1a: Diancie\n|-sidestart|p1: Qiuescent|Spikes\n|move|p1a: Diancie|Earth Power|p2a: Sandy Shocks\n|-supereffective|p2a: Sandy Shocks\n|-crit|p2a: Sandy Shocks\n|-damage|p2a: Sandy Shocks|0 fnt\n|faint|p2a: Sandy Shocks\n|-end|p2a: Sandy Shocks|Protosynthesis|[silent]\n|\n|upkeep\n|inactive|Battle timer is ON: inactive players will automatically lose when time's up. (requested by Qiuescent)\n|\n|t:|1724362438\n|switch|p2a: Golduck|Golduck, L90, M|290/290\n|-ability|p2a: Golduck|Cloud Nine\n|turn|3\n|\n|t:|1724362447\n|-terastallize|p1a: Diancie|Water\n|move|p2a: Golduck|Hydro Pump|p1a: Diancie\n|-resisted|p1a: Diancie\n|-crit|p1a: Diancie\n|-damage|p1a: Diancie|114/216\n|move|p1a: Diancie|Diamond Storm|p2a: Golduck\n|-damage|p2a: Golduck|184/290\n|\n|-heal|p1a: Diancie|127/216|[from] item: Leftovers\n|upkeep\n|turn|4\n|\n|t:|1724362457\n|switch|p2a: Girafarig|Girafarig, L89, F|269/269\n|move|p1a: Diancie|Diamond Storm|p2a: Girafarig\n|-damage|p2a: Girafarig|181/269\n|\n|-heal|p1a: Diancie|140/216|[from] item: Leftovers\n|upkeep\n|turn|5\n|\n|t:|1724362460\n|move|p2a: Girafarig|Thunderbolt|p1a: Diancie\n|-supereffective|p1a: Diancie\n|-damage|p1a: Diancie|46/216\n|move|p1a: Diancie|Diamond Storm|p2a: Girafarig|[miss]\n|-miss|p1a: Diancie|p2a: Girafarig\n|\n|-heal|p1a: Diancie|59/216|[from] item: Leftovers\n|upkeep\n|turn|6\n|\n|t:|1724362464\n|switch|p1a: Dunsparce|Dunsparce, L86, M|312/312\n|-damage|p1a: Dunsparce|273/312|[from] Spikes\n|move|p2a: Girafarig|Thunderbolt|p1a: Dunsparce\n|-damage|p1a: Dunsparce|213/312\n|\n|upkeep\n|turn|7\n|\n|t:|1724362469\n|move|p2a: Girafarig|Nasty Plot|p2a: Girafarig\n|-boost|p2a: Girafarig|spa|2\n|move|p1a: Dunsparce|Body Slam|p2a: Girafarig\n|-damage|p2a: Girafarig|117/269\n|\n|upkeep\n|turn|8\n|\n|t:|1724362474\n|switch|p1a: Dusknoir|Dusknoir, L89, F|225/225\n|-damage|p1a: Dusknoir|197/225|[from] Spikes\n|-item|p2a: Girafarig|Eviolite|[from] ability: Frisk|[of] p1a: Dusknoir\n|move|p2a: Girafarig|Hyper Voice|p1a: Dusknoir\n|-immune|p1a: Dusknoir\n|\n|upkeep\n|turn|9\n|\n|t:|1724362476\n|move|p2a: Girafarig|Psyshock|p1a: Dusknoir\n|-damage|p1a: Dusknoir|79/225\n|move|p1a: Dusknoir|Leech Life|p2a: Girafarig\n|-supereffective|p2a: Girafarig\n|-damage|p2a: Girafarig|0 fnt\n|-heal|p1a: Dusknoir|138/225|[from] drain|[of] p2a: Girafarig\n|faint|p2a: Girafarig\n|\n|upkeep\n|\n|t:|1724362480\n|switch|p2a: Mightyena|Mightyena, L95, F|287/287\n|-ability|p2a: Mightyena|Intimidate|boost\n|-unboost|p1a: Dusknoir|atk|1\n|turn|10\n|\n|t:|1724362483\n|move|p2a: Mightyena|Crunch|p1a: Dusknoir\n|-supereffective|p1a: Dusknoir\n|-crit|p1a: Dusknoir\n|-damage|p1a: Dusknoir|0 fnt\n|faint|p1a: Dusknoir\n|\n|upkeep\n|\n|t:|1724362497\n|switch|p1a: Tauros|Tauros-Paldea-Combat, L83, M|260/260\n|-damage|p1a: Tauros|228/260|[from] Spikes\n|-ability|p1a: Tauros|Intimidate|boost\n|-unboost|p2a: Mightyena|atk|1\n|turn|11\n|\n|t:|1724362505\n|switch|p2a: Cresselia|Cresselia, L80, F|323/323\n|move|p1a: Tauros|Close Combat|p2a: Cresselia\n|-resisted|p2a: Cresselia\n|-crit|p2a: Cresselia\n|-damage|p2a: Cresselia|176/323\n|-unboost|p1a: Tauros|def|1\n|-unboost|p1a: Tauros|spd|1\n|\n|-heal|p2a: Cresselia|196/323|[from] item: Leftovers\n|upkeep\n|turn|12\n|\n|t:|1724362512\n|switch|p1a: Squawkabilly|Squawkabilly-Blue, L85, F|278/278\n|move|p2a: Cresselia|Psyshock|p1a: Squawkabilly\n|-damage|p1a: Squawkabilly|191/278\n|\n|-heal|p2a: Cresselia|216/323|[from] item: Leftovers\n|-status|p1a: Squawkabilly|brn|[from] item: Flame Orb\n|upkeep\n|turn|13\n|\n|t:|1724362522\n|move|p1a: Squawkabilly|Facade|p2a: Cresselia\n|-damage|p2a: Cresselia|0 fnt\n|faint|p2a: Cresselia\n|\n|-damage|p1a: Squawkabilly|174/278 brn|[from] brn\n|upkeep\n|\n|t:|1724362524\n|switch|p2a: Mightyena|Mightyena, L95, F|287/287\n|-ability|p2a: Mightyena|Intimidate|boost\n|-unboost|p1a: Squawkabilly|atk|1\n|turn|14\n|\n|t:|1724362528\n|switch|p1a: Diancie|Diancie, L82, tera:Water|59/216\n|-damage|p1a: Diancie|32/216|[from] Spikes\n|move|p2a: Mightyena|Play Rough|p1a: Diancie\n|-damage|p1a: Diancie|0 fnt\n|faint|p1a: Diancie\n|\n|upkeep\n|\n|t:|1724362530\n|switch|p1a: Tauros|Tauros-Paldea-Combat, L83, M|228/260\n|-damage|p1a: Tauros|196/260|[from] Spikes\n|-ability|p1a: Tauros|Intimidate|boost\n|-unboost|p2a: Mightyena|atk|1\n|turn|15\n|\n|t:|1724362533\n|switch|p2a: Golduck|Golduck, L90, M|184/290\n|-ability|p2a: Golduck|Cloud Nine\n|move|p1a: Tauros|Close Combat|p2a: Golduck\n|-damage|p2a: Golduck|0 fnt\n|-unboost|p1a: Tauros|def|1\n|-unboost|p1a: Tauros|spd|1\n|faint|p2a: Golduck\n|\n|upkeep\n|\n|t:|1724362535\n|switch|p2a: Comfey|Comfey, L85, F|225/225\n|turn|16\n|\n|t:|1724362538\n|switch|p1a: Squawkabilly|Squawkabilly-Blue, L85, F|174/278 brn\n|move|p2a: Comfey|Calm Mind|p2a: Comfey\n|-boost|p2a: Comfey|spa|1\n|-boost|p2a: Comfey|spd|1\n|\n|-damage|p1a: Squawkabilly|157/278 brn|[from] brn\n|upkeep\n|turn|17\n|\n|t:|1724362542\n|-terastallize|p2a: Comfey|Fairy\n|move|p2a: Comfey|Draining Kiss|p1a: Squawkabilly\n|-damage|p1a: Squawkabilly|11/278 brn\n|move|p1a: Squawkabilly|Facade|p2a: Comfey\n|-damage|p2a: Comfey|5/225\n|\n|-heal|p2a: Comfey|19/225|[from] item: Leftovers\n|-damage|p1a: Squawkabilly|0 fnt|[from] brn\n|faint|p1a: Squawkabilly\n|upkeep\n|\n|t:|1724362561\n|switch|p1a: Gouging Fire|Gouging Fire, L74|277/277\n|turn|18\n|\n|t:|1724362567\n|switch|p2a: Mightyena|Mightyena, L95, F|287/287\n|-ability|p2a: Mightyena|Intimidate|boost\n|-unboost|p1a: Gouging Fire|atk|1\n|move|p1a: Gouging Fire|Dragon Dance|p1a: Gouging Fire\n|-boost|p1a: Gouging Fire|atk|1\n|-boost|p1a: Gouging Fire|spe|1\n|\n|upkeep\n|turn|19\n|\n|t:|1724362575\n|move|p1a: Gouging Fire|Dragon Dance|p1a: Gouging Fire\n|-boost|p1a: Gouging Fire|atk|1\n|-boost|p1a: Gouging Fire|spe|1\n|move|p2a: Mightyena|Super Fang|p1a: Gouging Fire|[miss]\n|-miss|p2a: Mightyena|p1a: Gouging Fire\n|\n|upkeep\n|turn|20\n|\n|t:|1724362579\n|move|p1a: Gouging Fire|Heat Crash|p2a: Mightyena\n|-damage|p2a: Mightyena|109/287\n|move|p2a: Mightyena|Super Fang|p1a: Gouging Fire\n|-damage|p1a: Gouging Fire|139/277\n|\n|upkeep\n|turn|21\n|\n|t:|1724362584\n|move|p2a: Mightyena|Sucker Punch||[still]\n|-fail|p2a: Mightyena\n|move|p1a: Gouging Fire|Morning Sun|p1a: Gouging Fire\n|-heal|p1a: Gouging Fire|277/277\n|\n|upkeep\n|turn|22\n|\n|t:|1724362586\n|move|p2a: Mightyena|Sucker Punch||[still]\n|-fail|p2a: Mightyena\n|move|p1a: Gouging Fire|Dragon Dance|p1a: Gouging Fire\n|-boost|p1a: Gouging Fire|atk|1\n|-boost|p1a: Gouging Fire|spe|1\n|\n|upkeep\n|turn|23\n|\n|t:|1724362591\n|move|p2a: Mightyena|Sucker Punch|p1a: Gouging Fire\n|-damage|p1a: Gouging Fire|204/277\n|move|p1a: Gouging Fire|Heat Crash|p2a: Mightyena\n|-damage|p2a: Mightyena|0 fnt\n|faint|p2a: Mightyena\n|\n|upkeep\n|\n|t:|1724362594\n|switch|p2a: Comfey|Comfey, L85, F, tera:Fairy|19/225\n|turn|24\n|\n|t:|1724362596\n|move|p2a: Comfey|Draining Kiss|p1a: Gouging Fire\n|-damage|p1a: Gouging Fire|138/277\n|-heal|p2a: Comfey|69/225|[from] drain|[of] p1a: Gouging Fire\n|move|p1a: Gouging Fire|Heat Crash|p2a: Comfey\n|-damage|p2a: Comfey|0 fnt\n|faint|p2a: Comfey\n|\n|win|Qiuescent\n|raw|Qiuescent's rating: 2200 &rarr; <strong>2226</strong><br />(+26 for winning)\n|raw|ferguma's rating: 2317 &rarr; <strong>2291</strong><br />(-26 for losing)\n", "inputlog": ">version 6a1360c35b8aa5f7d54e32a492626d5298caa6f7\n>start {\"formatid\":\"gen9randombattle\",\"seed\":[48853,30594,42377,22369],\"rated\":\"Rated battle\"}\n>player p1 {\"name\":\"Qiuescent\",\"avatar\":\"265\",\"rating\":2200,\"seed\":[35754,7274,42291,52106]}\n>player p2 {\"name\":\"ferguma\",\"avatar\":\"101\",\"rating\":2317,\"seed\":[61096,28549,46436,54224]}\n>p1 move diamondstorm\n>p2 switch 5\n>p1 move earthpower\n>p2 move spikes\n>p2 switch 2\n>p1 move diamondstorm terastallize\n>p2 move hydropump\n>p1 move diamondstorm\n>p2 switch 4\n>p1 move diamondstorm\n>p2 move thunderbolt\n>p1 switch 2\n>p2 move thunderbolt\n>p1 move bodyslam\n>p2 move nastyplot\n>p1 switch 5\n>p2 move hypervoice\n>p1 move leechlife\n>p2 move psyshock\n>p2 switch 6\n>p1 move leechlife\n>p2 move crunch\n>p1 switch 6\n>p1 move closecombat\n>p2 switch 3\n>p1 switch 3\n>p2 move psyshock\n>p1 move facade\n>p2 move thunderbolt\n>p2 switch 3\n>p1 switch 2\n>p2 move playrough\n>p1 switch 3\n>p1 move closecombat\n>p2 switch 4\n>p2 switch 5\n>p1 switch 2\n>p2 move calmmind\n>p1 move facade\n>p2 move drainingkiss terastallize\n>p1 switch 4\n>p1 move dragondance\n>p2 switch 4\n>p1 move dragondance\n>p2 move superfang\n>p1 move heatcrash\n>p2 move superfang\n>p1 move morningsun\n>p2 move suckerpunch\n>p1 move dragondance\n>p2 move suckerpunch\n>p1 move heatcrash\n>p2 move suckerpunch\n>p2 switch 4\n>p1 move heatcrash\n>p2 move drainingkiss", "uploadtime": 1724362598, "views": 115, "formatid": "gen9randombattle", "rating": 2226, "private": 0, "password": null}