{"id": "gen9randombattle-2194134095", "format": "[Gen 9] Random Battle", "players": ["randoms meister", "dcenoris"], "log": "|j|\u2606randoms meister\n|j|\u2606dcenoris\n|t:|1725419092\n|gametype|singles\n|player|p1|randoms meister|2|2215\n|player|p2|dcenoris|lucas|2357\n|teamsize|p1|6\n|teamsize|p2|6\n|gen|9\n|tier|[Gen 9] Random Battle\n|rated|\n|rule|Species Clause: Limit one of each Pok\u00e9mon\n|rule|HP Percentage Mod: HP is shown in percentages\n|rule|Sleep Clause Mod: Limit one foe put to sleep\n|rule|Illusion Level Mod: Illusion disguises the Pok\u00e9mon's true level\n|\n|t:|1725419092\n|start\n|switch|p1a: Roaring Moon|Roaring Moon, L72|270/270\n|switch|p2a: Cinccino|Cinccino, L83, F|260/260\n|turn|1\n|inactive|Battle timer is ON: inactive players will automatically lose when time's up. (requested by dcenoris)\n|\n|t:|1725419119\n|-end|p1a: Roaring Moon|Protosynthesis|[silent]\n|switch|p1a: Dugtrio|Dugtrio-Alola, L84, M|196/196\n|move|p2a: Cinccino|Triple Axel|p1a: Dugtrio\n|-damage|p1a: Dugtrio|168/196\n|-ability|p1a: Dugtrio|Tangling Hair\n|-unboost|p2a: Cinccino|spe|1\n|-damage|p1a: Dugtrio|112/196\n|-ability|p1a: Dugtrio|Tangling Hair\n|-unboost|p2a: Cinccino|spe|1\n|-damage|p1a: Dugtrio|32/196\n|-ability|p1a: Dugtrio|Tangling Hair\n|-unboost|p2a: Cinccino|spe|1\n|-hitcount|p1a: Dugtrio|3\n|\n|upkeep\n|turn|2\n|\n|t:|1725419143\n|move|p1a: Dugtrio|Stealth Rock|p2a: Cinccino\n|-sidestart|p2: dcenoris|move: Stealth Rock\n|move|p2a: Cinccino|Bullet Seed|p1a: Dugtrio\n|-damage|p1a: Dugtrio|0 fnt\n|faint|p1a: Dugtrio\n|-hitcount|p1: Dugtrio|1\n|\n|upkeep\n|\n|t:|1725419155\n|switch|p1a: Roaring Moon|Roaring Moon, L72|270/270\n|turn|3\n|\n|t:|1725419161\n|move|p1a: Roaring Moon|Outrage|p2a: Cinccino\n|-damage|p2a: Cinccino|31/260\n|move|p2a: Cinccino|Triple Axel|p1a: Roaring Moon\n|-supereffective|p1a: Roaring Moon\n|-damage|p1a: Roaring Moon|216/270\n|-supereffective|p1a: Roaring Moon\n|-damage|p1a: Roaring Moon|104/270\n|-supereffective|p1a: Roaring Moon\n|-damage|p1a: Roaring Moon|0 fnt\n|faint|p1a: Roaring Moon\n|-end|p1a: Roaring Moon|Protosynthesis|[silent]\n|-hitcount|p1: Roaring Moon|3\n|\n|upkeep\n|\n|t:|1725419169\n|switch|p1a: Luxray|Luxray, L88, M|284/284\n|turn|4\n|\n|t:|1725419174\n|move|p1a: Luxray|Trailblaze|p2a: Cinccino\n|-damage|p2a: Cinccino|0 fnt\n|-boost|p1a: Luxray|spe|1\n|faint|p2a: Cinccino\n|\n|-status|p1a: Luxray|brn|[from] item: Flame Orb\n|upkeep\n|\n|t:|1725419182\n|switch|p2a: Kyurem|Kyurem, L77|319/319\n|-ability|p2a: Kyurem|Pressure\n|turn|5\n|\n|t:|1725419196\n|move|p1a: Luxray|Play Rough|p2a: Kyurem\n|-supereffective|p2a: Kyurem\n|-damage|p2a: Kyurem|63/319\n|move|p2a: Kyurem|Outrage|p1a: Luxray\n|-damage|p1a: Luxray|136/284 brn\n|\n|-damage|p1a: Luxray|119/284 brn|[from] brn\n|upkeep\n|turn|6\n|\n|t:|1725419201\n|move|p1a: Luxray|Facade|p2a: Kyurem\n|-damage|p2a: Kyurem|0 fnt\n|faint|p2a: Kyurem\n|\n|-damage|p1a: Luxray|102/284 brn|[from] brn\n|upkeep\n|\n|t:|1725419204\n|switch|p2a: Honchkrow|Honchkrow, L86, M|312/312\n|turn|7\n|inactive|randoms meister has 120 seconds left.\n|\n|t:|1725419236\n|move|p2a: Honchkrow|Sucker Punch|p1a: Luxray\n|-damage|p1a: Luxray|3/284 brn\n|move|p1a: Luxray|Supercell Slam|p2a: Honchkrow\n|-supereffective|p2a: Honchkrow\n|-damage|p2a: Honchkrow|0 fnt\n|faint|p2a: Honchkrow\n|\n|-damage|p1a: Luxray|0 fnt|[from] brn\n|faint|p1a: Luxray\n|upkeep\n|inactive|randoms meister has 120 seconds left.\n|\n|t:|1725419250\n|switch|p1a: Iron Leaves|Iron Leaves, L80|275/275\n|switch|p2a: Shaymin|Shaymin, L82|298/298\n|-damage|p2a: Shaymin|261/298|[from] Stealth Rock\n|turn|8\n|\n|t:|1725419258\n|move|p1a: Iron Leaves|Swords Dance|p1a: Iron Leaves\n|-boost|p1a: Iron Leaves|atk|2\n|move|p2a: Shaymin|Air Slash|p1a: Iron Leaves\n|-supereffective|p1a: Iron Leaves\n|-damage|p1a: Iron Leaves|173/275\n|\n|-heal|p2a: Shaymin|279/298|[from] item: Leftovers\n|upkeep\n|turn|9\n|\n|t:|1725419264\n|move|p1a: Iron Leaves|Psyblade|p2a: Shaymin\n|-damage|p2a: Shaymin|44/298\n|-damage|p1a: Iron Leaves|146/275|[from] item: Life Orb\n|move|p2a: Shaymin|Air Slash|p1a: Iron Leaves\n|-supereffective|p1a: Iron Leaves\n|-damage|p1a: Iron Leaves|60/275\n|\n|-heal|p2a: Shaymin|62/298|[from] item: Leftovers\n|upkeep\n|turn|10\n|\n|t:|1725419272\n|move|p1a: Iron Leaves|Leaf Blade|p2a: Shaymin\n|-resisted|p2a: Shaymin\n|-damage|p2a: Shaymin|0 fnt\n|faint|p2a: Shaymin\n|-damage|p1a: Iron Leaves|33/275|[from] item: Life Orb\n|\n|upkeep\n|\n|t:|1725419277\n|switch|p2a: Falinks|Falinks, L85|249/249\n|-damage|p2a: Falinks|234/249|[from] Stealth Rock\n|turn|11\n|\n|t:|1725419288\n|-terastallize|p1a: Iron Leaves|Fighting\n|-terastallize|p2a: Falinks|Dark\n|move|p1a: Iron Leaves|Close Combat|p2a: Falinks\n|-supereffective|p2a: Falinks\n|-damage|p2a: Falinks|0 fnt\n|-unboost|p1a: Iron Leaves|def|1\n|-unboost|p1a: Iron Leaves|spd|1\n|faint|p2a: Falinks\n|-damage|p1a: Iron Leaves|6/275|[from] item: Life Orb\n|\n|upkeep\n|\n|t:|1725419291\n|switch|p2a: Thundurus|Thundurus-Therian, L80, M|258/258\n|turn|12\n|\n|t:|1725419296\n|move|p1a: Iron Leaves|Psyblade|p2a: Thundurus\n|-damage|p2a: Thundurus|0 fnt\n|faint|p2a: Thundurus\n|-damage|p1a: Iron Leaves|0 fnt|[from] item: Life Orb\n|faint|p1a: Iron Leaves\n|-end|p1a: Iron Leaves|Quark Drive|[silent]\n|\n|win|randoms meister\n|raw|randoms meister's rating: 2215 &rarr; <strong>2243</strong><br />(+28 for winning)\n|raw|dcenoris's rating: 2357 &rarr; <strong>2329</strong><br />(-28 for losing)\n|l|\u2606dcenoris\n|player|p2|\n", "inputlog": ">version fb38517c27254f3634e2780c496b6b56e66c1790\n>start {\"formatid\":\"gen9randombattle\",\"seed\":[19217,1798,37829,45312],\"rated\":\"Rated battle\"}\n>player p1 {\"name\":\"randoms meister\",\"avatar\":\"2\",\"rating\":2215,\"seed\":[61773,16150,60333,44635]}\n>player p2 {\"name\":\"dcenoris\",\"avatar\":\"lucas\",\"rating\":2357,\"seed\":[35741,32745,18570,472]}\n>p1 switch 3\n>p2 move tripleaxel\n>p1 move stealthrock\n>p2 move bulletseed\n>p1 switch 3\n>p1 move outrage\n>p2 move tripleaxel\n>p1 switch 5\n>p1 move trailblaze\n>p2 move uturn\n>p2 switch 6\n>p1 move playrough\n>p2 move outrage\n>p1 move facade\n>p2 move outrage\n>p2 switch 3\n>p1 move supercellslam\n>p2 move suckerpunch\n>p1 switch 2\n>p2 switch 5\n>p1 move swordsdance\n>p2 move airslash\n>p1 move psyblade\n>p2 move airslash\n>p1 move leafblade\n>p2 move airslash\n>p2 switch 2\n>p1 move closecombat terastallize\n>p2 move noretreat terastallize\n>p2 switch 4\n>p1 move psyblade\n>p2 move nastyplot", "uploadtime": 1725419320, "views": 114, "formatid": "gen9randombattle", "rating": 2243, "private": 0, "password": null}