{"id": "gen9randombattle-2260435337", "format": "[Gen 9] Random Battle", "players": ["cc126", "Gatchimonaka"], "log": "|j|\u203dcc126\n|j|\u2606Gatchimonaka\n|t:|1733851348\n|gametype|singles\n|player|p1|cc126|acetrainer-gen4|1761\n|player|p2|Gatchimonaka|#gatchimonaka|1727\n|teamsize|p1|6\n|teamsize|p2|6\n|gen|9\n|tier|[Gen 9] Random Battle\n|rated|\n|rule|Species Clause: Limit one of each Pok\u00e9mon\n|rule|HP Percentage Mod: HP is shown in percentages\n|rule|Sleep Clause Mod: Limit one foe put to sleep\n|rule|Illusion Level Mod: Illusion disguises the Pok\u00e9mon's true level\n|\n|t:|1733851348\n|start\n|switch|p1a: Granbull|Granbull, L88, F|302/302\n|switch|p2a: Dunsparce|Dunsparce, L86, M|312/312\n|-ability|p1a: Granbull|Intimidate|boost\n|-unboost|p2a: Dunsparce|atk|1\n|turn|1\n|inactive|Battle timer is ON: inactive players will automatically lose when time's up. (requested by cc126)\n|\n|t:|1733851358\n|switch|p2a: Tropius|Tropius, L91, M|328/328\n|move|p1a: Granbull|Thunder Wave|p2a: Tropius\n|-status|p2a: Tropius|par\n|\n|upkeep\n|turn|2\n|\n|t:|1733851369\n|move|p1a: Granbull|Play Rough|p2a: Tropius\n|-damage|p2a: Tropius|210/328 par\n|move|p2a: Tropius|Dragon Dance|p2a: Tropius\n|-boost|p2a: Tropius|atk|1\n|-boost|p2a: Tropius|spe|1\n|\n|upkeep\n|turn|3\n|\n|t:|1733851373\n|move|p1a: Granbull|Encore|p2a: Tropius\n|-start|p2a: Tropius|Encore\n|move|p2a: Tropius|Dragon Dance|p2a: Tropius\n|-boost|p2a: Tropius|atk|1\n|-boost|p2a: Tropius|spe|1\n|\n|upkeep\n|turn|4\n|\n|t:|1733851376\n|switch|p1a: Incineroar|Incineroar, L82, M|290/290\n|-ability|p1a: Incineroar|Intimidate|boost\n|-unboost|p2a: Tropius|atk|1\n|move|p2a: Tropius|Dragon Dance|p2a: Tropius\n|-boost|p2a: Tropius|atk|1\n|-boost|p2a: Tropius|spe|1\n|\n|upkeep\n|turn|5\n|\n|t:|1733851380\n|switch|p2a: Hitmontop|Hitmontop, L88, M|231/231\n|-ability|p2a: Hitmontop|Intimidate|boost\n|-unboost|p1a: Incineroar|atk|1\n|move|p1a: Incineroar|Knock Off|p2a: Hitmontop\n|-resisted|p2a: Hitmontop\n|-damage|p2a: Hitmontop|195/231\n|-enditem|p2a: Hitmontop|Assault Vest|[from] move: Knock Off|[of] p1a: Incineroar\n|\n|upkeep\n|turn|6\n|\n|t:|1733851386\n|switch|p1a: Granbull|Granbull, L88, F|302/302\n|-ability|p1a: Granbull|Intimidate|boost\n|-unboost|p2a: Hitmontop|atk|1\n|move|p2a: Hitmontop|Earthquake|p1a: Granbull\n|-damage|p1a: Granbull|250/302\n|\n|-heal|p1a: Granbull|268/302|[from] item: Leftovers\n|upkeep\n|turn|7\n|\n|t:|1733851390\n|switch|p2a: Tropius|Tropius, L91, M|210/328 par\n|move|p1a: Granbull|Thunder Wave|p2a: Tropius|[miss]\n|-miss|p1a: Granbull|p2a: Tropius\n|\n|-heal|p1a: Granbull|286/302|[from] item: Leftovers\n|upkeep\n|turn|8\n|\n|t:|1733851393\n|move|p1a: Granbull|Play Rough|p2a: Tropius\n|-damage|p2a: Tropius|99/328 par\n|-enditem|p2a: Tropius|Sitrus Berry|[eat]\n|-heal|p2a: Tropius|181/328 par|[from] item: Sitrus Berry\n|move|p2a: Tropius|Earthquake|p1a: Granbull\n|-crit|p1a: Granbull\n|-damage|p1a: Granbull|188/302\n|\n|-heal|p1a: Granbull|206/302|[from] item: Leftovers\n|-item|p2a: Tropius|Sitrus Berry|[from] ability: Harvest\n|upkeep\n|turn|9\n|\n|t:|1733851407\n|move|p1a: Granbull|Encore|p2a: Tropius\n|-start|p2a: Tropius|Encore\n|move|p2a: Tropius|Earthquake|p1a: Granbull\n|-damage|p1a: Granbull|137/302\n|\n|-heal|p1a: Granbull|155/302|[from] item: Leftovers\n|upkeep\n|turn|10\n|\n|t:|1733851415\n|switch|p1a: Lugia|Lugia, L72|272/272\n|move|p2a: Tropius|Earthquake|p1a: Lugia\n|-immune|p1a: Lugia\n|\n|upkeep\n|turn|11\n|\n|t:|1733851422\n|switch|p2a: Malamar|Malamar, L82, M|275/275\n|move|p1a: Lugia|Calm Mind|p1a: Lugia\n|-boost|p1a: Lugia|spa|1\n|-boost|p1a: Lugia|spd|1\n|\n|upkeep\n|turn|12\n|\n|t:|1733851426\n|move|p1a: Lugia|Aeroblast|p2a: Malamar\n|-crit|p2a: Malamar\n|-damage|p2a: Malamar|95/275\n|move|p2a: Malamar|Knock Off|p1a: Lugia\n|-supereffective|p1a: Lugia\n|-damage|p1a: Lugia|191/272\n|-enditem|p1a: Lugia|Heavy-Duty Boots|[from] move: Knock Off|[of] p2a: Malamar\n|\n|-heal|p2a: Malamar|112/275|[from] item: Leftovers\n|upkeep\n|turn|13\n|\n|t:|1733851430\n|move|p1a: Lugia|Aeroblast|p2a: Malamar\n|-crit|p2a: Malamar\n|-damage|p2a: Malamar|0 fnt\n|faint|p2a: Malamar\n|\n|upkeep\n|-message|Gatchimonaka forfeited.\n|\n|win|cc126\n|raw|cc126's rating: 1761 &rarr; <strong>1779</strong><br />(+18 for winning)\n|raw|Gatchimonaka's rating: 1727 &rarr; <strong>1709</strong><br />(-18 for losing)\n|l|\u2606Gatchimonaka\n|player|p2|\n", "inputlog": ">version bfd83cad13791eb5a5a409923076391caf6fb4d4\n>start {\"formatid\":\"gen9randombattle\",\"seed\":[24679,61447,25521,40647],\"rated\":\"Rated battle\"}\n>player p1 {\"name\":\"cc126\",\"avatar\":\"acetrainer-gen4\",\"rating\":1761,\"seed\":[23232,31843,42281,28807]}\n>player p2 {\"name\":\"Gatchimonaka\",\"avatar\":\"#gatchimonaka\",\"rating\":1727,\"seed\":[57432,20661,15350,41773]}\n>p1 move thunderwave\n>p2 switch 4\n>p1 move playrough\n>p2 move dragondance\n>p1 move encore\n>p2 move dualwingbeat\n>p1 switch 2\n>p2 move dragondance\n>p1 move knockoff\n>p2 switch 2\n>p1 switch 2\n>p2 move earthquake\n>p1 move thunderwave\n>p2 switch 2\n>p1 move playrough\n>p2 move earthquake\n>p1 move encore\n>p2 move synthesis\n>p1 switch 5\n>p2 move earthquake\n>p1 move calmmind\n>p2 switch 6\n>p1 move aeroblast\n>p2 move knockoff\n>p1 move aeroblast\n>p2 move rest\n>forcelose p2", "uploadtime": 1733851436, "views": 1, "formatid": "gen9randombattle", "rating": 1709, "private": 0, "password": null}