{"id": "gen9randombattle-2260710534", "format": "[Gen 9] Random Battle", "players": ["cosmical_08", "Mepmopsok"], "log": "|j|\u2606cosmical_08\n|j|\u2606Mepmopsok\n|t:|1733881447\n|gametype|singles\n|player|p1|cosmical_08|n|1161\n|player|p2|Mepmopsok|266|1117\n|teamsize|p1|6\n|teamsize|p2|6\n|gen|9\n|tier|[Gen 9] Random Battle\n|rated|\n|rule|Species Clause: Limit one of each Pok\u00e9mon\n|rule|HP Percentage Mod: HP is shown in percentages\n|rule|Sleep Clause Mod: Limit one foe put to sleep\n|rule|Illusion Level Mod: Illusion disguises the Pok\u00e9mon's true level\n|\n|t:|1733881447\n|start\n|switch|p1a: Iron Hands|Iron Hands, L79|373/373\n|switch|p2a: Cryogonal|Cryogonal, L89|287/287\n|turn|1\n|\n|t:|1733881481\n|switch|p2a: Muk|Muk, L86, F|321/321\n|move|p1a: Iron Hands|Wild Charge|p2a: Muk\n|-damage|p2a: Muk|197/321\n|-damage|p1a: Iron Hands|342/373|[from] Recoil\n|\n|upkeep\n|turn|2\n|\n|t:|1733881504\n|move|p2a: Muk|Knock Off|p1a: Iron Hands\n|-resisted|p1a: Iron Hands\n|-damage|p1a: Iron Hands|309/373\n|-status|p1a: Iron Hands|psn|[from] ability: Poison Touch|[of] p2a: Muk\n|-enditem|p1a: Iron Hands|Assault Vest|[from] move: Knock Off|[of] p2a: Muk\n|move|p1a: Iron Hands|Wild Charge|p2a: Muk\n|-damage|p2a: Muk|77/321\n|-damage|p1a: Iron Hands|279/373 psn|[from] Recoil\n|\n|-damage|p1a: Iron Hands|233/373 psn|[from] psn\n|upkeep\n|turn|3\n|inactive|Battle timer is ON: inactive players will automatically lose when time's up. (requested by cosmical_08)\n|\n|t:|1733881529\n|move|p2a: Muk|Shadow Sneak|p1a: Iron Hands\n|-damage|p1a: Iron Hands|204/373 psn\n|move|p1a: Iron Hands|Wild Charge|p2a: Muk\n|-damage|p2a: Muk|0 fnt\n|faint|p2a: Muk\n|-damage|p1a: Iron Hands|185/373 psn|[from] Recoil\n|\n|-damage|p1a: Iron Hands|139/373 psn|[from] psn\n|upkeep\n|\n|t:|1733881539\n|switch|p2a: Walking Wake|Walking Wake, L79|286/286\n|turn|4\n|\n|t:|1733881549\n|move|p2a: Walking Wake|Flamethrower|p1a: Iron Hands\n|-damage|p1a: Iron Hands|17/373 psn\n|-damage|p2a: Walking Wake|258/286|[from] item: Life Orb\n|move|p1a: Iron Hands|Ice Punch|p2a: Walking Wake\n|-damage|p2a: Walking Wake|192/286\n|\n|-damage|p1a: Iron Hands|0 fnt|[from] psn\n|faint|p1a: Iron Hands\n|-end|p1a: Iron Hands|Quark Drive|[silent]\n|upkeep\n|\n|t:|1733881566\n|switch|p1a: Clefable|Clefable, L83, F|293/293\n|turn|5\n|\n|t:|1733881581\n|-end|p2a: Walking Wake|Protosynthesis|[silent]\n|switch|p2a: Seviper|Seviper, L93, M|287/287\n|move|p1a: Clefable|Moonblast|p2a: Seviper\n|-resisted|p2a: Seviper\n|-damage|p2a: Seviper|208/287\n|-unboost|p2a: Seviper|spa|1\n|\n|upkeep\n|turn|6\n|\n|t:|1733881605\n|-terastallize|p1a: Clefable|Poison\n|move|p2a: Seviper|Gunk Shot|p1a: Clefable\n|-resisted|p1a: Clefable\n|-damage|p1a: Clefable|173/293\n|-damage|p2a: Seviper|180/287|[from] item: Life Orb\n|move|p1a: Clefable|Fire Blast|p2a: Seviper\n|-damage|p2a: Seviper|57/287\n|\n|upkeep\n|turn|7\n|\n|t:|1733881637\n|move|p2a: Seviper|Earthquake|p1a: Clefable\n|-supereffective|p1a: Clefable\n|-damage|p1a: Clefable|0 fnt\n|faint|p1a: Clefable\n|-damage|p2a: Seviper|29/287|[from] item: Life Orb\n|\n|upkeep\n|inactive|cosmical_08 has 120 seconds left.\n|\n|t:|1733881649\n|switch|p1a: Zangoose|Zangoose, L85, F|263/263\n|turn|8\n|\n|t:|1733881657\n|move|p1a: Zangoose|Quick Attack|p2a: Seviper\n|-damage|p2a: Seviper|0 fnt\n|faint|p2a: Seviper\n|\n|-status|p1a: Zangoose|tox|[from] item: Toxic Orb\n|upkeep\n|\n|t:|1733881664\n|switch|p2a: Iron Thorns|Iron Thorns, L83|302/302\n|-item|p2a: Iron Thorns|Air Balloon\n|turn|9\n|\n|t:|1733881676\n|move|p1a: Zangoose|Close Combat|p2a: Iron Thorns\n|-supereffective|p2a: Iron Thorns\n|-damage|p2a: Iron Thorns|64/302\n|-unboost|p1a: Zangoose|def|1\n|-unboost|p1a: Zangoose|spd|1\n|-enditem|p2a: Iron Thorns|Air Balloon\n|move|p2a: Iron Thorns|Stealth Rock|p1a: Zangoose\n|-sidestart|p1: cosmical_08|move: Stealth Rock\n|\n|-damage|p1a: Zangoose|247/263 tox|[from] psn\n|upkeep\n|turn|10\n|\n|t:|1733881686\n|-end|p2a: Iron Thorns|Quark Drive|[silent]\n|switch|p2a: Lunala|Lunala, L70|308/308\n|move|p1a: Zangoose|Close Combat|p2a: Lunala\n|-immune|p2a: Lunala\n|\n|-damage|p1a: Zangoose|215/263 tox|[from] psn\n|upkeep\n|turn|11\n|\n|t:|1733881699\n|move|p1a: Zangoose|Knock Off|p2a: Lunala\n|-supereffective|p2a: Lunala\n|-damage|p2a: Lunala|10/308\n|-enditem|p2a: Lunala|Leftovers|[from] move: Knock Off|[of] p1a: Zangoose\n|move|p2a: Lunala|Moongeist Beam|p1a: Zangoose\n|-immune|p1a: Zangoose\n|\n|-damage|p1a: Zangoose|167/263 tox|[from] psn\n|upkeep\n|turn|12\n|\n|t:|1733881717\n|switch|p2a: Iron Thorns|Iron Thorns, L83|64/302\n|move|p1a: Zangoose|Knock Off|p2a: Iron Thorns\n|-damage|p2a: Iron Thorns|0 fnt\n|faint|p2a: Iron Thorns\n|-end|p2a: Iron Thorns|Quark Drive|[silent]\n|\n|-damage|p1a: Zangoose|103/263 tox|[from] psn\n|upkeep\n|\n|t:|1733881724\n|switch|p2a: Walking Wake|Walking Wake, L79|192/286\n|turn|13\n|\n|t:|1733881733\n|move|p2a: Walking Wake|Hydro Steam|p1a: Zangoose\n|-damage|p1a: Zangoose|0 fnt\n|faint|p1a: Zangoose\n|-damage|p2a: Walking Wake|164/286|[from] item: Life Orb\n|\n|upkeep\n|\n|t:|1733881744\n|switch|p1a: Chansey|Chansey, L85, F|564/564\n|-damage|p1a: Chansey|494/564|[from] Stealth Rock\n|turn|14\n|\n|t:|1733881753\n|move|p2a: Walking Wake|Hydro Steam|p1a: Chansey\n|-crit|p1a: Chansey\n|-damage|p1a: Chansey|385/564\n|-damage|p2a: Walking Wake|136/286|[from] item: Life Orb\n|move|p1a: Chansey|Thunder Wave|p2a: Walking Wake\n|-status|p2a: Walking Wake|par\n|\n|upkeep\n|turn|15\n|\n|t:|1733881769\n|move|p1a: Chansey|Seismic Toss|p2a: Walking Wake\n|-damage|p2a: Walking Wake|51/286 par\n|move|p2a: Walking Wake|Sunny Day|p2a: Walking Wake\n|-weather|SunnyDay\n|-activate|p2a: Walking Wake|ability: Protosynthesis\n|-start|p2a: Walking Wake|protosynthesisspa\n|\n|-weather|SunnyDay|[upkeep]\n|upkeep\n|turn|16\n|\n|t:|1733881777\n|move|p1a: Chansey|Seismic Toss|p2a: Walking Wake\n|-damage|p2a: Walking Wake|0 fnt\n|faint|p2a: Walking Wake\n|-end|p2a: Walking Wake|Protosynthesis|[silent]\n|\n|-weather|SunnyDay|[upkeep]\n|upkeep\n|\n|t:|1733881782\n|switch|p2a: Cryogonal|Cryogonal, L89|287/287\n|turn|17\n|\n|t:|1733881797\n|move|p2a: Cryogonal|Freeze-Dry|p1a: Chansey\n|-damage|p1a: Chansey|339/564\n|move|p1a: Chansey|Seismic Toss|p2a: Cryogonal\n|-damage|p2a: Cryogonal|202/287\n|\n|-weather|SunnyDay|[upkeep]\n|upkeep\n|turn|18\n|\n|t:|1733881810\n|move|p2a: Cryogonal|Freeze-Dry|p1a: Chansey\n|-damage|p1a: Chansey|293/564\n|move|p1a: Chansey|Thunder Wave|p2a: Cryogonal\n|-status|p2a: Cryogonal|par\n|\n|-weather|SunnyDay|[upkeep]\n|upkeep\n|turn|19\n|\n|t:|1733881831\n|move|p1a: Chansey|Soft-Boiled|p1a: Chansey\n|-heal|p1a: Chansey|564/564\n|move|p2a: Cryogonal|Freeze-Dry|p1a: Chansey\n|-damage|p1a: Chansey|516/564\n|\n|-weather|none\n|upkeep\n|turn|20\n|\n|t:|1733881843\n|move|p1a: Chansey|Seismic Toss|p2a: Cryogonal\n|-damage|p2a: Cryogonal|117/287 par\n|move|p2a: Cryogonal|Freeze-Dry|p1a: Chansey\n|-damage|p1a: Chansey|468/564\n|-status|p1a: Chansey|frz\n|\n|upkeep\n|turn|21\n|\n|t:|1733881853\n|-curestatus|p1a: Chansey|frz|[msg]\n|move|p1a: Chansey|Seismic Toss|p2a: Cryogonal\n|-damage|p2a: Cryogonal|32/287 par\n|cant|p2a: Cryogonal|par\n|\n|upkeep\n|turn|22\n|\n|t:|1733881865\n|move|p1a: Chansey|Seismic Toss|p2a: Cryogonal\n|-damage|p2a: Cryogonal|0 fnt\n|faint|p2a: Cryogonal\n|\n|upkeep\n|\n|t:|1733881869\n|switch|p2a: Lunala|Lunala, L70|10/308\n|turn|23\n|\n|t:|1733881879\n|-terastallize|p2a: Lunala|Fairy\n|move|p2a: Lunala|Moonlight|p2a: Lunala\n|-heal|p2a: Lunala|164/308\n|move|p1a: Chansey|Thunder Wave|p2a: Lunala\n|-status|p2a: Lunala|par\n|\n|upkeep\n|turn|24\n|\n|t:|1733881899\n|switch|p1a: Deoxys|Deoxys-Speed, L82|216/216\n|-damage|p1a: Deoxys|189/216|[from] Stealth Rock\n|-ability|p1a: Deoxys|Pressure\n|cant|p2a: Lunala|par\n|\n|-heal|p1a: Deoxys|202/216|[from] item: Leftovers\n|upkeep\n|turn|25\n|\n|t:|1733881916\n|move|p1a: Deoxys|Psycho Boost|p2a: Lunala\n|-damage|p2a: Lunala|32/308 par\n|-unboost|p1a: Deoxys|spa|2\n|cant|p2a: Lunala|par\n|\n|-heal|p1a: Deoxys|215/216|[from] item: Leftovers\n|upkeep\n|turn|26\n|\n|t:|1733881924\n|move|p1a: Deoxys|Psycho Boost|p2a: Lunala\n|-crit|p2a: Lunala\n|-damage|p2a: Lunala|0 fnt\n|-unboost|p1a: Deoxys|spa|2\n|faint|p2a: Lunala\n|\n|win|cosmical_08\n|raw|cosmical_08's rating: 1161 &rarr; <strong>1183</strong><br />(+22 for winning)\n|raw|Mepmopsok's rating: 1117 &rarr; <strong>1095</strong><br />(-22 for losing)\n|l|\u2606Mepmopsok\n|player|p2|\n", "inputlog": ">version bfd83cad13791eb5a5a409923076391caf6fb4d4\n>start {\"formatid\":\"gen9randombattle\",\"seed\":[32673,59794,55349,52884],\"rated\":\"Rated battle\"}\n>player p1 {\"name\":\"cosmical_08\",\"avatar\":\"n\",\"rating\":1161,\"seed\":[25167,19441,60450,8565]}\n>player p2 {\"name\":\"Mepmopsok\",\"avatar\":\"266\",\"rating\":1117,\"seed\":[11282,56984,18296,23755]}\n>p1 move wildcharge\n>p2 switch 2\n>p1 move wildcharge\n>p2 move knockoff\n>p1 move wildcharge\n>p2 move shadowsneak\n>p2 switch 3\n>p1 move icepunch\n>p2 move flamethrower\n>p1 switch 6\n>p1 move moonblast\n>p2 switch 5\n>p1 move fireblast terastallize\n>p2 move gunkshot\n>p1 move fireblast\n>p2 move earthquake\n>p1 switch 5\n>p1 move quickattack\n>p2 move knockoff\n>p2 switch 4\n>p1 move closecombat\n>p2 move stealthrock\n>p1 move closecombat\n>p2 switch 6\n>p1 move knockoff\n>p2 move moongeistbeam\n>p1 move knockoff\n>p2 switch 6\n>p2 switch 5\n>p1 move facade\n>p2 move hydrosteam\n>p1 switch 3\n>p1 move thunderwave\n>p2 move hydrosteam\n>p1 move seismictoss\n>p2 move sunnyday\n>p1 move seismictoss\n>p2 move hydrosteam\n>p2 switch 2\n>p1 move seismictoss\n>p2 move freezedry\n>p1 move thunderwave\n>p2 move freezedry\n>p1 move softboiled\n>p2 move freezedry\n>p1 move seismictoss\n>p2 move freezedry\n>p1 move seismictoss\n>p2 move recover\n>p1 move seismictoss\n>p2 move recover\n>p2 switch 6\n>p1 move thunderwave\n>p2 move moonlight terastallize\n>p1 switch 2\n>p2 move moonlight\n>p1 move psychoboost\n>p2 move moonlight\n>p1 move psychoboost\n>p2 move moonlight", "uploadtime": 1733881933, "views": 2, "formatid": "gen9randombattle", "rating": 1095, "private": 0, "password": null}