{"id": "gen9randombattle-2130669682", "format": "[Gen 9] Random Battle", "players": ["Emily in Paris", "metalhydra273"], "log": "|badge|p1|bronze|gen9randombattle|100-1\n|uhtml|medal-msg|<div class=\"broadcast-blue\">Curious what those medals under the avatar are? PS now has Ladder Seasons! For more information, check out the <a href=\"https://www.smogon.com/forums/threads/3740067/\">thread on Smogon.</a></div>\n|j|\u2606Emily in Paris\n|j|\u2606metalhydra273\n|t:|1716699990\n|gametype|singles\n|player|p1|Emily in Paris|yancy|2340\n|player|p2|metalhydra273|jasmine|2271\n|teamsize|p1|6\n|teamsize|p2|6\n|gen|9\n|tier|[Gen 9] Random Battle\n|rated|\n|rule|Species Clause: Limit one of each Pok\u00e9mon\n|rule|HP Percentage Mod: HP is shown in percentages\n|rule|Sleep Clause Mod: Limit one foe put to sleep\n|rule|Illusion Level Mod: Illusion disguises the Pok\u00e9mon's true level\n|\n|t:|1716699990\n|start\n|switch|p1a: Houndoom|Houndoom, L86, F|269/269\n|switch|p2a: Gogoat|Gogoat, L88, F|360/360\n|turn|1\n|\n|t:|1716700002\n|switch|p2a: Volcanion|Volcanion, L79|255/255\n|move|p1a: Houndoom|Nasty Plot|p1a: Houndoom\n|-boost|p1a: Houndoom|spa|2\n|\n|upkeep\n|turn|2\n|inactive|Battle timer is ON: inactive players will automatically lose when time's up. (requested by metalhydra273)\n|\n|t:|1716700011\n|move|p1a: Houndoom|Dark Pulse|p2a: Volcanion\n|-damage|p2a: Volcanion|128/255\n|move|p2a: Volcanion|Steam Eruption|p1a: Houndoom\n|-supereffective|p1a: Houndoom\n|-damage|p1a: Houndoom|0 fnt\n|faint|p1a: Houndoom\n|\n|upkeep\n|j| Shaky3\n|\n|t:|1716700021\n|switch|p1a: Urshifu|Urshifu, L74, M|270/270\n|turn|3\n|\n|t:|1716700027\n|switch|p2a: Chesnaught|Chesnaught, L84, F|285/285\n|move|p1a: Urshifu|Wicked Blow|p2a: Chesnaught\n|-resisted|p2a: Chesnaught\n|-crit|p2a: Chesnaught\n|-damage|p2a: Chesnaught|227/285\n|-damage|p1a: Urshifu|243/270|[from] item: Life Orb\n|\n|-heal|p2a: Chesnaught|244/285|[from] item: Leftovers\n|upkeep\n|turn|4\n|\n|t:|1716700049\n|switch|p1a: Oricorio|Oricorio-Pa'u, L87, F|272/272\n|move|p2a: Chesnaught|Knock Off|p1a: Oricorio\n|-supereffective|p1a: Oricorio\n|-damage|p1a: Oricorio|106/272\n|-enditem|p1a: Oricorio|Heavy-Duty Boots|[from] move: Knock Off|[of] p2a: Chesnaught\n|\n|-heal|p2a: Chesnaught|261/285|[from] item: Leftovers\n|upkeep\n|turn|5\n|\n|t:|1716700058\n|move|p1a: Oricorio|Roost|p1a: Oricorio\n|-heal|p1a: Oricorio|242/272\n|-singleturn|p1a: Oricorio|move: Roost\n|move|p2a: Chesnaught|Wood Hammer|p1a: Oricorio\n|-damage|p1a: Oricorio|82/272\n|-damage|p2a: Chesnaught|208/285|[from] Recoil\n|\n|-heal|p2a: Chesnaught|225/285|[from] item: Leftovers\n|upkeep\n|turn|6\n|\n|t:|1716700063\n|switch|p2a: Rotom|Rotom, L87|229/229\n|move|p1a: Oricorio|Roost|p1a: Oricorio\n|-heal|p1a: Oricorio|218/272\n|-singleturn|p1a: Oricorio|move: Roost\n|\n|upkeep\n|turn|7\n|l| Shaky3\n|\n|t:|1716700080\n|switch|p1a: Ariados|Ariados, L94, M|284/284\n|move|p2a: Rotom|Trick|p1a: Ariados\n|-activate|p2a: Rotom|move: Trick|[of] p1a: Ariados\n|-item|p1a: Ariados|Choice Scarf|[from] move: Trick\n|-item|p2a: Rotom|Heavy-Duty Boots|[from] move: Trick\n|\n|upkeep\n|turn|8\n|\n|t:|1716700089\n|move|p2a: Rotom|Volt Switch|p1a: Ariados\n|-damage|p1a: Ariados|200/284\n|\n|t:|1716700096\n|switch|p2a: Volcanion|Volcanion, L79|128/255|[from] Volt Switch\n|move|p1a: Ariados|Sticky Web|p2a: Volcanion\n|-sidestart|p2: metalhydra273|move: Sticky Web\n|\n|upkeep\n|turn|9\n|\n|t:|1716700101\n|move|p1a: Ariados|Sticky Web||[still]\n|-fail|p1a: Ariados\n|move|p2a: Volcanion|Flame Charge|p1a: Ariados\n|-supereffective|p1a: Ariados\n|-crit|p1a: Ariados\n|-damage|p1a: Ariados|26/284\n|-boost|p2a: Volcanion|spe|1\n|\n|upkeep\n|turn|10\n|\n|t:|1716700108\n|move|p2a: Volcanion|Flame Charge|p1a: Ariados\n|-supereffective|p1a: Ariados\n|-damage|p1a: Ariados|0 fnt\n|-boost|p2a: Volcanion|spe|1\n|faint|p1a: Ariados\n|\n|upkeep\n|\n|t:|1716700116\n|switch|p1a: Urshifu|Urshifu, L74, M|243/270\n|turn|11\n|\n|t:|1716700119\n|move|p2a: Volcanion|Steam Eruption|p1a: Urshifu\n|-damage|p1a: Urshifu|65/270\n|move|p1a: Urshifu|Wicked Blow|p2a: Volcanion\n|-crit|p2a: Volcanion\n|-damage|p2a: Volcanion|0 fnt\n|faint|p2a: Volcanion\n|-damage|p1a: Urshifu|38/270|[from] item: Life Orb\n|\n|upkeep\n|\n|t:|1716700133\n|switch|p2a: Rotom|Rotom, L87|229/229\n|turn|12\n|\n|t:|1716700146\n|move|p2a: Rotom|Shadow Ball|p1a: Urshifu\n|-resisted|p1a: Urshifu\n|-damage|p1a: Urshifu|0 fnt\n|faint|p1a: Urshifu\n|\n|upkeep\n|\n|t:|1716700158\n|switch|p1a: Solgaleo|Solgaleo, L74|325/325\n|turn|13\n|\n|t:|1716700165\n|move|p2a: Rotom|Trick|p1a: Solgaleo\n|-activate|p2a: Rotom|move: Trick|[of] p1a: Solgaleo\n|-item|p1a: Solgaleo|Heavy-Duty Boots|[from] move: Trick\n|-item|p2a: Rotom|Leftovers|[from] move: Trick\n|move|p1a: Solgaleo|Knock Off|p2a: Rotom\n|-supereffective|p2a: Rotom\n|-damage|p2a: Rotom|79/229\n|-enditem|p2a: Rotom|Leftovers|[from] move: Knock Off|[of] p1a: Solgaleo\n|\n|upkeep\n|turn|14\n|j| Etm455\n|\n|t:|1716700189\n|move|p2a: Rotom|Shadow Ball|p1a: Solgaleo\n|-supereffective|p1a: Solgaleo\n|-damage|p1a: Solgaleo|133/325\n|move|p1a: Solgaleo|Knock Off|p2a: Rotom\n|-supereffective|p2a: Rotom\n|-damage|p2a: Rotom|0 fnt\n|faint|p2a: Rotom\n|\n|upkeep\n|\n|t:|1716700196\n|switch|p2a: Gogoat|Gogoat, L88, F|360/360\n|-activate|p2a: Gogoat|move: Sticky Web\n|-unboost|p2a: Gogoat|spe|1\n|turn|15\n|\n|t:|1716700202\n|switch|p1a: Hawlucha|Hawlucha, L80, M|256/256\n|move|p2a: Gogoat|Bulk Up|p2a: Gogoat\n|-boost|p2a: Gogoat|atk|1\n|-boost|p2a: Gogoat|def|1\n|\n|upkeep\n|turn|16\n|\n|t:|1716700211\n|-terastallize|p2a: Gogoat|Water\n|move|p1a: Hawlucha|Encore|p2a: Gogoat\n|-start|p2a: Gogoat|Encore\n|move|p2a: Gogoat|Bulk Up|p2a: Gogoat\n|-boost|p2a: Gogoat|atk|1\n|-boost|p2a: Gogoat|def|1\n|\n|upkeep\n|turn|17\n|\n|t:|1716700217\n|switch|p2a: Orthworm|Orthworm, L88, F|266/266\n|-activate|p2a: Orthworm|move: Sticky Web\n|-unboost|p2a: Orthworm|spe|1\n|move|p1a: Hawlucha|Swords Dance|p1a: Hawlucha\n|-boost|p1a: Hawlucha|atk|2\n|\n|upkeep\n|turn|18\n|\n|t:|1716700229\n|switch|p2a: Chesnaught|Chesnaught, L84, F|225/285\n|-activate|p2a: Chesnaught|move: Sticky Web\n|-unboost|p2a: Chesnaught|spe|1\n|move|p1a: Hawlucha|Close Combat|p2a: Chesnaught\n|-damage|p2a: Chesnaught|42/285\n|-unboost|p1a: Hawlucha|def|1\n|-unboost|p1a: Hawlucha|spd|1\n|-enditem|p1a: Hawlucha|White Herb\n|-clearnegativeboost|p1a: Hawlucha|[silent]\n|\n|-heal|p2a: Chesnaught|59/285|[from] item: Leftovers\n|upkeep\n|turn|19\n|\n|t:|1716700234\n|move|p1a: Hawlucha|Brave Bird|p2a: Chesnaught\n|-supereffective|p2a: Chesnaught\n|-damage|p2a: Chesnaught|0 fnt\n|faint|p2a: Chesnaught\n|-damage|p1a: Hawlucha|237/256|[from] Recoil\n|\n|upkeep\n|\n|t:|1716700237\n|switch|p2a: Slowking|Slowking, L88, M|310/310\n|turn|20\n|\n|t:|1716700240\n|-terastallize|p1a: Hawlucha|Flying\n|move|p1a: Hawlucha|Brave Bird|p2a: Slowking\n|-damage|p2a: Slowking|22/310\n|-damage|p1a: Hawlucha|142/256|[from] Recoil\n|move|p2a: Slowking|Future Sight|p1a: Hawlucha\n|-start|p2a: Slowking|move: Future Sight\n|\n|upkeep\n|turn|21\n|\n|t:|1716700249\n|move|p1a: Hawlucha|Close Combat|p2a: Slowking\n|-resisted|p2a: Slowking\n|-damage|p2a: Slowking|0 fnt\n|-unboost|p1a: Hawlucha|def|1\n|-unboost|p1a: Hawlucha|spd|1\n|faint|p2a: Slowking\n|\n|upkeep\n|\n|t:|1716700250\n|switch|p2a: Orthworm|Orthworm, L88, F|266/266\n|-activate|p2a: Orthworm|move: Sticky Web\n|-unboost|p2a: Orthworm|spe|1\n|turn|22\n|inactive|Emily in Paris has 120 seconds left.\n|inactive|Emily in Paris has 90 seconds left.\n|\n|t:|1716700318\n|switch|p1a: Solgaleo|Solgaleo, L74|133/325\n|move|p2a: Orthworm|Shed Tail|p2a: Orthworm\n|-start|p2a: Orthworm|Substitute|[from] move: Shed Tail\n|-damage|p2a: Orthworm|133/266\n|\n|t:|1716700321\n|switch|p2a: Gogoat|Gogoat, L88, F, tera:Water|360/360|[from] Shed Tail\n|-activate|p2a: Gogoat|move: Sticky Web\n|-unboost|p2a: Gogoat|spe|1\n|\n|-end|p1a: Solgaleo|move: Future Sight\n|-resisted|p1a: Solgaleo\n|-damage|p1a: Solgaleo|95/325\n|upkeep\n|turn|23\n|\n|t:|1716700326\n|switch|p1a: Hawlucha|Hawlucha, L80, M, tera:Flying|142/256\n|move|p2a: Gogoat|Rock Slide|p1a: Hawlucha\n|-supereffective|p1a: Hawlucha\n|-damage|p1a: Hawlucha|0 fnt\n|faint|p1a: Hawlucha\n|\n|upkeep\n|\n|t:|1716700337\n|switch|p1a: Oricorio|Oricorio-Pa'u, L87, F|218/272\n|turn|24\n|\n|t:|1716700341\n|move|p1a: Oricorio|Revelation Dance|p2a: Gogoat\n|-end|p2a: Gogoat|Substitute\n|move|p2a: Gogoat|Rock Slide|p1a: Oricorio\n|-supereffective|p1a: Oricorio\n|-damage|p1a: Oricorio|76/272\n|\n|upkeep\n|turn|25\n|\n|t:|1716700348\n|move|p1a: Oricorio|Roost|p1a: Oricorio\n|-heal|p1a: Oricorio|212/272\n|-singleturn|p1a: Oricorio|move: Roost\n|move|p2a: Gogoat|Rock Slide|p1a: Oricorio\n|-damage|p1a: Oricorio|142/272\n|\n|upkeep\n|turn|26\n|inactive|Emily in Paris has 120 seconds left.\n|\n|t:|1716700356\n|move|p1a: Oricorio|Quiver Dance|p1a: Oricorio\n|-boost|p1a: Oricorio|spa|1\n|-boost|p1a: Oricorio|spd|1\n|-boost|p1a: Oricorio|spe|1\n|move|p2a: Gogoat|Rock Slide|p1a: Oricorio\n|-supereffective|p1a: Oricorio\n|-damage|p1a: Oricorio|12/272\n|\n|upkeep\n|turn|27\n|\n|t:|1716700363\n|move|p1a: Oricorio|Roost|p1a: Oricorio\n|-heal|p1a: Oricorio|148/272\n|-singleturn|p1a: Oricorio|move: Roost\n|move|p2a: Gogoat|Bulk Up|p2a: Gogoat\n|-boost|p2a: Gogoat|atk|1\n|-boost|p2a: Gogoat|def|1\n|\n|upkeep\n|turn|28\n|\n|t:|1716700369\n|move|p1a: Oricorio|Roost|p1a: Oricorio\n|-heal|p1a: Oricorio|272/272\n|-singleturn|p1a: Oricorio|move: Roost\n|move|p2a: Gogoat|Rock Slide|p1a: Oricorio|[miss]\n|-miss|p2a: Gogoat|p1a: Oricorio\n|\n|upkeep\n|turn|29\n|j| Shaky3\n|l| Shaky3\n|\n|t:|1716700376\n|move|p1a: Oricorio|Hurricane|p2a: Gogoat|[miss]\n|-miss|p1a: Oricorio|p2a: Gogoat\n|move|p2a: Gogoat|Rock Slide|p1a: Oricorio\n|-supereffective|p1a: Oricorio\n|-damage|p1a: Oricorio|64/272\n|\n|upkeep\n|turn|30\n|\n|t:|1716700382\n|move|p1a: Oricorio|Hurricane|p2a: Gogoat\n|-damage|p2a: Gogoat|159/360\n|move|p2a: Gogoat|Horn Leech|p1a: Oricorio\n|-resisted|p1a: Oricorio\n|-damage|p1a: Oricorio|0 fnt\n|-heal|p2a: Gogoat|191/360|[from] drain|[of] p1a: Oricorio\n|faint|p1a: Oricorio\n|\n|-heal|p2a: Gogoat|213/360|[from] item: Leftovers\n|upkeep\n|\n|t:|1716700385\n|switch|p1a: Solgaleo|Solgaleo, L74|95/325\n|turn|31\n|\n|t:|1716700391\n|move|p1a: Solgaleo|Knock Off|p2a: Gogoat\n|-damage|p2a: Gogoat|149/360\n|-enditem|p2a: Gogoat|Leftovers|[from] move: Knock Off|[of] p1a: Solgaleo\n|move|p2a: Gogoat|Milk Drink|p2a: Gogoat\n|-heal|p2a: Gogoat|329/360\n|\n|upkeep\n|turn|32\n|-message|Emily in Paris forfeited.\n|\n|win|metalhydra273\n|raw|Emily in Paris's rating: 2340 &rarr; <strong>2316</strong><br />(-24 for losing)\n|raw|metalhydra273's rating: 2271 &rarr; <strong>2295</strong><br />(+24 for winning)\n|l|\u2606Emily in Paris\n|player|p1|\n", "inputlog": ">version 7158ead19aeac8750849df2840eabb6dbec77df6\n>start {\"formatid\":\"gen9randombattle\",\"seed\":[51620,20781,18299,43114],\"rated\":\"Rated battle\"}\n>player p1 {\"name\":\"Emily in Paris\",\"avatar\":\"yancy\",\"rating\":2340,\"seed\":[5730,48921,43475,52526]}\n>player p2 {\"name\":\"metalhydra273\",\"avatar\":\"jasmine\",\"rating\":2271,\"seed\":[59685,25177,6705,7907]}\n>p1 move nastyplot\n>p2 switch 2\n>p1 move darkpulse\n>p2 move steameruption\n>p1 switch 6\n>p1 move wickedblow\n>p2 switch 3\n>p1 switch 4\n>p2 move knockoff\n>p1 move roost\n>p2 move woodhammer\n>p1 move roost\n>p2 switch 6\n>p1 switch 3\n>p2 move trick\n>p1 move stickyweb\n>p2 move voltswitch\n>p2 switch 3\n>p1 move stickyweb\n>p2 move flamecharge\n>p1 move stickyweb\n>p2 move flamecharge\n>p1 switch 4\n>p1 move wickedblow\n>p2 move steameruption\n>p2 switch 3\n>p1 move wickedblow\n>p2 move shadowball\n>p1 switch 2\n>p1 move knockoff\n>p2 move trick\n>p1 move knockoff\n>p2 move shadowball\n>p2 switch 2\n>p1 switch 5\n>p2 move bulkup\n>p1 move encore\n>p2 move bulkup terastallize\n>p1 move swordsdance\n>p2 switch 4\n>p1 move closecombat\n>p2 switch 6\n>p1 move bravebird\n>p2 move woodhammer\n>p2 switch 5\n>p1 move bravebird terastallize\n>p2 move futuresight\n>p1 move closecombat\n>p2 move slackoff\n>p2 switch 6\n>p1 switch 5\n>p2 move shedtail\n>p2 switch 4\n>p1 switch 5\n>p2 move rockslide\n>p1 switch 3\n>p1 move revelationdance\n>p2 move rockslide\n>p1 move roost\n>p2 move rockslide\n>p1 move quiverdance\n>p2 move rockslide\n>p1 move roost\n>p2 move bulkup\n>p1 move roost\n>p2 move rockslide\n>p1 move hurricane\n>p2 move rockslide\n>p1 move hurricane\n>p2 move hornleech\n>p1 switch 5\n>p1 move knockoff\n>p2 move milkdrink\n>forcelose p1", "uploadtime": 1716700404, "views": 213, "formatid": "gen9randombattle", "rating": 2295, "private": 0, "password": null}