{"id": "gen9randombattle-2199957155", "format": "[Gen 9] Random Battle", "players": ["JuanAsh \u2605\u2605\u2605\u2605", "IndeedeeNerd"], "log": "|j|\u2606JuanAsh \u2605\u2605\u2605\u2605\n|j|\u2606IndeedeeNerd\n|t:|1726139563\n|gametype|singles\n|player|p1|JuanAsh \u2605\u2605\u2605\u2605|nemona-v|2222\n|player|p2|IndeedeeNerd|veteran|2258\n|teamsize|p1|6\n|teamsize|p2|6\n|gen|9\n|tier|[Gen 9] Random Battle\n|rated|\n|rule|Species Clause: Limit one of each Pok\u00e9mon\n|rule|HP Percentage Mod: HP is shown in percentages\n|rule|Sleep Clause Mod: Limit one foe put to sleep\n|rule|Illusion Level Mod: Illusion disguises the Pok\u00e9mon's true level\n|\n|t:|1726139563\n|start\n|switch|p1a: Falinks|Falinks, L85|249/249\n|switch|p2a: Ting-Lu|Ting-Lu, L78|370/370\n|-ability|p2a: Ting-Lu|Vessel of Ruin\n|turn|1\n|inactive|Battle timer is ON: inactive players will automatically lose when time's up. (requested by IndeedeeNerd)\n|inactive|JuanAsh \u2605\u2605\u2605\u2605 also wants the timer to be on.\n|inactive|IndeedeeNerd has 120 seconds left.\n|\n|t:|1726139603\n|switch|p2a: Hitmonchan|Hitmonchan, L87, M|229/229\n|move|p1a: Falinks|Close Combat|p2a: Hitmonchan\n|-damage|p2a: Hitmonchan|41/229\n|-unboost|p1a: Falinks|def|1\n|-unboost|p1a: Falinks|spd|1\n|-damage|p1a: Falinks|225/249|[from] item: Life Orb\n|\n|-heal|p2a: Hitmonchan|55/229|[from] item: Leftovers\n|upkeep\n|turn|2\n|\n|t:|1726139608\n|switch|p1a: Tornadus|Tornadus-Therian, L79, M|254/254\n|move|p2a: Hitmonchan|Close Combat|p1a: Tornadus\n|-resisted|p1a: Tornadus\n|-damage|p1a: Tornadus|176/254\n|-unboost|p2a: Hitmonchan|def|1\n|-unboost|p2a: Hitmonchan|spd|1\n|\n|-heal|p2a: Hitmonchan|69/229|[from] item: Leftovers\n|upkeep\n|turn|3\n|\n|t:|1726139620\n|switch|p2a: Metagross|Metagross, L79|256/256\n|move|p1a: Tornadus|Bleakwind Storm|p2a: Metagross|[miss]\n|-miss|p1a: Tornadus|p2a: Metagross\n|\n|upkeep\n|turn|4\n|\n|t:|1726139625\n|move|p1a: Tornadus|U-turn|p2a: Metagross\n|-damage|p2a: Metagross|223/256\n|\n|t:|1726139634\n|switch|p1a: Typhlosion|Typhlosion, L84, F|267/267|[from] U-turn\n|move|p2a: Metagross|Agility|p2a: Metagross\n|-boost|p2a: Metagross|spe|2\n|\n|upkeep\n|turn|5\n|\n|t:|1726139639\n|-terastallize|p2a: Metagross|Ground\n|move|p2a: Metagross|Earthquake|p1a: Typhlosion\n|-supereffective|p1a: Typhlosion\n|-damage|p1a: Typhlosion|0 fnt\n|faint|p1a: Typhlosion\n|\n|upkeep\n|\n|t:|1726139650\n|switch|p1a: Articuno|Articuno-Galar, L84|288/288\n|turn|6\n|\n|t:|1726139656\n|move|p2a: Metagross|Knock Off|p1a: Articuno\n|-supereffective|p1a: Articuno\n|-damage|p1a: Articuno|112/288\n|-enditem|p1a: Articuno|Heavy-Duty Boots|[from] move: Knock Off|[of] p2a: Metagross\n|move|p1a: Articuno|Freezing Glare|p2a: Metagross\n|-damage|p2a: Metagross|100/256\n|\n|upkeep\n|turn|7\n|\n|t:|1726139667\n|move|p2a: Metagross|Heavy Slam|p1a: Articuno\n|-damage|p1a: Articuno|0 fnt\n|faint|p1a: Articuno\n|\n|upkeep\n|\n|t:|1726139672\n|switch|p1a: Meloetta|Meloetta, L82|298/298\n|turn|8\n|\n|t:|1726139678\n|move|p2a: Metagross|Knock Off|p1a: Meloetta\n|-supereffective|p1a: Meloetta\n|-damage|p1a: Meloetta|130/298\n|-enditem|p1a: Meloetta|Life Orb|[from] move: Knock Off|[of] p2a: Metagross\n|move|p1a: Meloetta|Relic Song|p2a: Metagross\n|-damage|p2a: Metagross|0 fnt\n|faint|p2a: Metagross\n|-formechange|p1a: Meloetta|Meloetta-Pirouette|[msg]\n|\n|upkeep\n|\n|t:|1726139698\n|switch|p2a: Falinks|Falinks, L85|249/249\n|turn|9\n|\n|t:|1726139713\n|move|p1a: Meloetta|Close Combat|p2a: Falinks\n|-damage|p2a: Falinks|111/249\n|-unboost|p1a: Meloetta|def|1\n|-unboost|p1a: Meloetta|spd|1\n|move|p2a: Falinks|No Retreat|p2a: Falinks\n|-boost|p2a: Falinks|atk|1\n|-boost|p2a: Falinks|def|1\n|-boost|p2a: Falinks|spa|1\n|-boost|p2a: Falinks|spd|1\n|-boost|p2a: Falinks|spe|1\n|-start|p2a: Falinks|move: No Retreat\n|\n|upkeep\n|turn|10\n|\n|t:|1726139717\n|move|p2a: Falinks|Close Combat|p1a: Meloetta\n|-supereffective|p1a: Meloetta\n|-damage|p1a: Meloetta|0 fnt\n|-unboost|p2a: Falinks|def|1\n|-unboost|p2a: Falinks|spd|1\n|faint|p1a: Meloetta\n|-damage|p2a: Falinks|87/249|[from] item: Life Orb\n|\n|upkeep\n|\n|t:|1726139720\n|switch|p1a: Tornadus|Tornadus-Therian, L79, M|254/254\n|turn|11\n|\n|t:|1726139728\n|move|p2a: Falinks|Knock Off|p1a: Tornadus\n|-damage|p1a: Tornadus|79/254\n|-enditem|p1a: Tornadus|Assault Vest|[from] move: Knock Off|[of] p2a: Falinks\n|-damage|p2a: Falinks|63/249|[from] item: Life Orb\n|move|p1a: Tornadus|Heat Wave|p2a: Falinks\n|-damage|p2a: Falinks|0 fnt\n|faint|p2a: Falinks\n|\n|upkeep\n|\n|t:|1726139745\n|switch|p2a: Cetitan|Cetitan, L82, M|413/413\n|turn|12\n|\n|t:|1726139754\n|move|p2a: Cetitan|Ice Shard|p1a: Tornadus\n|-supereffective|p1a: Tornadus\n|-damage|p1a: Tornadus|0 fnt\n|faint|p1a: Tornadus\n|-damage|p2a: Cetitan|372/413|[from] item: Life Orb\n|\n|upkeep\n|\n|t:|1726139762\n|switch|p1a: Probopass|Probopass, L92, F|260/260\n|turn|13\n|\n|t:|1726139769\n|-terastallize|p1a: Probopass|Fighting\n|move|p2a: Cetitan|Earthquake|p1a: Probopass\n|-damage|p1a: Probopass|199/260\n|-damage|p2a: Cetitan|331/413|[from] item: Life Orb\n|move|p1a: Probopass|Iron Defense|p1a: Probopass\n|-boost|p1a: Probopass|def|2\n|\n|upkeep\n|turn|14\n|\n|t:|1726139778\n|move|p2a: Cetitan|Icicle Crash|p1a: Probopass\n|-damage|p1a: Probopass|148/260\n|move|p1a: Probopass|Iron Defense|p1a: Probopass\n|-boost|p1a: Probopass|def|2\n|\n|upkeep\n|turn|15\n|\n|t:|1726139786\n|switch|p2a: Ting-Lu|Ting-Lu, L78|370/370\n|-ability|p2a: Ting-Lu|Vessel of Ruin\n|move|p1a: Probopass|Iron Defense|p1a: Probopass\n|-boost|p1a: Probopass|def|2\n|\n|upkeep\n|turn|16\n|\n|t:|1726139793\n|move|p1a: Probopass|Body Press|p2a: Ting-Lu\n|-supereffective|p2a: Ting-Lu\n|-damage|p2a: Ting-Lu|0 fnt\n|faint|p2a: Ting-Lu\n|\n|upkeep\n|\n|t:|1726139795\n|switch|p2a: Glaceon|Glaceon, L94, M|275/275\n|turn|17\n|\n|t:|1726139804\n|move|p2a: Glaceon|Freeze-Dry|p1a: Probopass\n|-damage|p1a: Probopass|81/260\n|move|p1a: Probopass|Rest|p1a: Probopass\n|-status|p1a: Probopass|slp|[from] move: Rest\n|-heal|p1a: Probopass|260/260 slp|[silent]\n|-enditem|p1a: Probopass|Chesto Berry|[eat]\n|-curestatus|p1a: Probopass|slp|[msg]\n|\n|upkeep\n|turn|18\n|\n|t:|1726139808\n|move|p2a: Glaceon|Freeze-Dry|p1a: Probopass\n|-damage|p1a: Probopass|191/260\n|move|p1a: Probopass|Body Press|p2a: Glaceon\n|-supereffective|p2a: Glaceon\n|-damage|p2a: Glaceon|0 fnt\n|faint|p2a: Glaceon\n|\n|upkeep\n|-message|IndeedeeNerd forfeited.\n|\n|win|JuanAsh \u2605\u2605\u2605\u2605\n|raw|JuanAsh \u2605\u2605\u2605\u2605's rating: 2222 &rarr; <strong>2244</strong><br />(+22 for winning)\n|raw|IndeedeeNerd's rating: 2258 &rarr; <strong>2236</strong><br />(-22 for losing)\n|c|\u2606JuanAsh \u2605\u2605\u2605\u2605|best tera ever\n|c|\u2606JuanAsh \u2605\u2605\u2605\u2605|/log JuanAsh \u2605\u2605\u2605\u2605 made this room public.\n|l|\u2606IndeedeeNerd\n|player|p2|\n", "inputlog": ">version 4aaeaf600b1c44f5d740f3e60432e126c6a1bdf3\n>start {\"formatid\":\"gen9randombattle\",\"seed\":[7428,58399,2207,14797],\"rated\":\"Rated battle\"}\n>player p1 {\"name\":\"JuanAsh \u2605\u2605\u2605\u2605\",\"avatar\":\"nemona-v\",\"rating\":2222,\"seed\":[22796,64878,49094,45811]}\n>player p2 {\"name\":\"IndeedeeNerd\",\"avatar\":\"veteran\",\"rating\":2258,\"seed\":[4931,54392,22529,22537]}\n>p1 move closecombat\n>p2 switch 6\n>p1 switch 3\n>p2 move closecombat\n>p1 move bleakwindstorm\n>p2 switch 3\n>p1 move uturn\n>p2 move agility\n>p1 switch 5\n>p1 move fireblast\n>p2 move earthquake terastallize\n>p1 switch 6\n>p1 move freezingglare\n>p2 move knockoff\n>p1 move recover\n>p2 move heavyslam\n>p1 switch 4\n>p1 move relicsong\n>p2 move knockoff\n>p2 switch 2\n>p1 move closecombat\n>p2 move noretreat\n>p1 move closecombat\n>p2 move closecombat\n>p1 switch 5\n>p1 move heatwave\n>p2 move knockoff\n>p2 switch 5\n>p1 move knockoff\n>p2 move iceshard\n>p1 switch 2\n>p1 move irondefense terastallize\n>p2 move earthquake\n>p1 move irondefense\n>p2 move iciclecrash\n>p1 move irondefense\n>p2 switch 6\n>p1 move bodypress\n>p2 move whirlwind\n>p2 switch 4\n>p1 move rest\n>p2 move freezedry\n>p1 move bodypress\n>p2 move freezedry\n>forcelose p2", "uploadtime": 1726139819, "views": 93, "formatid": "gen9randombattle", "rating": 2236, "private": 0, "password": null}