{"id": "gen9randombattle-2209040623", "format": "[Gen 9] Random Battle", "players": ["velvestrade", "Node"], "log": "|j|\u2606velvestrade\n|j|\u2606Node\n|t:|1727226478\n|gametype|singles\n|player|p1|velvestrade|miku-ground|2230\n|player|p2|Node|#agplviblackpink|2259\n|teamsize|p1|6\n|teamsize|p2|6\n|gen|9\n|tier|[Gen 9] Random Battle\n|rated|\n|rule|Species Clause: Limit one of each Pok\u00e9mon\n|rule|HP Percentage Mod: HP is shown in percentages\n|rule|Sleep Clause Mod: Limit one foe put to sleep\n|rule|Illusion Level Mod: Illusion disguises the Pok\u00e9mon's true level\n|\n|t:|1727226478\n|start\n|switch|p1a: Azumarill|Azumarill, L82, F|298/298\n|switch|p2a: Salazzle|Salazzle, L83, F|249/249\n|turn|1\n|inactive|Battle timer is ON: inactive players will automatically lose when time's up. (requested by velvestrade)\n|c|\u2606velvestrade|whoa nice avatar\n|inactive|Node has 120 seconds left.\n|inactive|Node has 90 seconds left.\n|c|\u2606Node|ty, courtesy of temp6t\n|\n|t:|1727226553\n|move|p2a: Salazzle|Sludge Wave|p1a: Azumarill\n|-supereffective|p1a: Azumarill\n|-damage|p1a: Azumarill|124/298\n|move|p1a: Azumarill|Knock Off|p2a: Salazzle\n|-damage|p2a: Salazzle|142/249\n|-enditem|p2a: Salazzle|Heavy-Duty Boots|[from] move: Knock Off|[of] p1a: Azumarill\n|\n|upkeep\n|turn|2\n|\n|t:|1727226568\n|switch|p2a: Volbeat|Volbeat, L90, M|263/263\n|switch|p1a: Snorlax|Snorlax, L82, F|397/397\n|\n|upkeep\n|turn|3\n|j| kinich's servant\n|\n|t:|1727226575\n|move|p2a: Volbeat|Lunge|p1a: Snorlax\n|-damage|p1a: Snorlax|294/397\n|-unboost|p1a: Snorlax|atk|1\n|move|p1a: Snorlax|Body Slam|p2a: Volbeat\n|-damage|p2a: Volbeat|200/263\n|\n|-heal|p1a: Snorlax|318/397|[from] item: Leftovers\n|upkeep\n|turn|4\n|\n|t:|1727226586\n|move|p2a: Volbeat|Lunge|p1a: Snorlax\n|-damage|p1a: Snorlax|210/397\n|-unboost|p1a: Snorlax|atk|1\n|move|p1a: Snorlax|Body Slam|p2a: Volbeat\n|-damage|p2a: Volbeat|148/263\n|\n|-heal|p1a: Snorlax|234/397|[from] item: Leftovers\n|upkeep\n|turn|5\n|\n|t:|1727226598\n|move|p2a: Volbeat|Lunge|p1a: Snorlax\n|-damage|p1a: Snorlax|126/397\n|-unboost|p1a: Snorlax|atk|1\n|move|p1a: Snorlax|Body Slam|p2a: Volbeat\n|-damage|p2a: Volbeat|105/263\n|\n|-heal|p1a: Snorlax|150/397|[from] item: Leftovers\n|upkeep\n|turn|6\n|\n|t:|1727226606\n|move|p2a: Volbeat|Roost|p2a: Volbeat\n|-heal|p2a: Volbeat|237/263\n|-singleturn|p2a: Volbeat|move: Roost\n|move|p1a: Snorlax|Rest|p1a: Snorlax\n|-status|p1a: Snorlax|slp|[from] move: Rest\n|-heal|p1a: Snorlax|397/397 slp|[silent]\n|\n|upkeep\n|turn|7\n|\n|t:|1727226627\n|switch|p1a: Crabominable|Crabominable, L90, M|321/321\n|move|p2a: Volbeat|Lunge|p1a: Crabominable\n|-resisted|p1a: Crabominable\n|-damage|p1a: Crabominable|282/321\n|-unboost|p1a: Crabominable|atk|1\n|\n|upkeep\n|turn|8\n|inactive|Node has 120 seconds left.\n|\n|t:|1727226671\n|switch|p1a: Snorlax|Snorlax, L82, F|397/397 slp\n|move|p2a: Volbeat|Thunder Wave|p1a: Snorlax|[miss]\n|-miss|p2a: Volbeat|p1a: Snorlax\n|\n|upkeep\n|turn|9\n|inactive|velvestrade has 120 seconds left.\n|\n|t:|1727226694\n|move|p2a: Volbeat|Lunge|p1a: Snorlax\n|-damage|p1a: Snorlax|288/397 slp\n|-unboost|p1a: Snorlax|atk|1\n|cant|p1a: Snorlax|slp\n|move|p1a: Snorlax|Sleep Talk|p1a: Snorlax\n|move|p1a: Snorlax|Rest||[from]move: Sleep Talk|[still]\n|-fail|p1a: Snorlax\n|\n|-heal|p1a: Snorlax|312/397 slp|[from] item: Leftovers\n|upkeep\n|turn|10\n|\n|t:|1727226703\n|move|p2a: Volbeat|Lunge|p1a: Snorlax\n|-damage|p1a: Snorlax|215/397 slp\n|-unboost|p1a: Snorlax|atk|1\n|cant|p1a: Snorlax|slp\n|move|p1a: Snorlax|Sleep Talk|p1a: Snorlax\n|move|p1a: Snorlax|Body Slam|p2a: Volbeat|[from]move: Sleep Talk\n|-crit|p2a: Volbeat\n|-damage|p2a: Volbeat|93/263\n|\n|-heal|p1a: Snorlax|239/397 slp|[from] item: Leftovers\n|upkeep\n|turn|11\n|inactive|velvestrade has 120 seconds left.\n|\n|t:|1727226722\n|move|p2a: Volbeat|Roost|p2a: Volbeat\n|-heal|p2a: Volbeat|225/263\n|-singleturn|p2a: Volbeat|move: Roost\n|-curestatus|p1a: Snorlax|slp|[msg]\n|move|p1a: Snorlax|Body Slam|p2a: Volbeat\n|-damage|p2a: Volbeat|177/263\n|\n|-heal|p1a: Snorlax|263/397|[from] item: Leftovers\n|upkeep\n|turn|12\n|\n|t:|1727226731\n|move|p2a: Volbeat|Lunge|p1a: Snorlax\n|-damage|p1a: Snorlax|163/397\n|-unboost|p1a: Snorlax|atk|1\n|move|p1a: Snorlax|Body Slam|p2a: Volbeat\n|-damage|p2a: Volbeat|137/263\n|\n|-heal|p1a: Snorlax|187/397|[from] item: Leftovers\n|upkeep\n|turn|13\n|\n|t:|1727226745\n|move|p2a: Volbeat|Encore|p1a: Snorlax\n|-start|p1a: Snorlax|Encore\n|move|p1a: Snorlax|Body Slam|p2a: Volbeat\n|-damage|p2a: Volbeat|97/263\n|\n|-heal|p1a: Snorlax|211/397|[from] item: Leftovers\n|upkeep\n|turn|14\n|\n|t:|1727226759\n|move|p2a: Volbeat|Lunge|p1a: Snorlax\n|-damage|p1a: Snorlax|105/397\n|-unboost|p1a: Snorlax|atk|1\n|move|p1a: Snorlax|Body Slam|p2a: Volbeat\n|-damage|p2a: Volbeat|63/263\n|-status|p2a: Volbeat|par\n|\n|-heal|p1a: Snorlax|129/397|[from] item: Leftovers\n|upkeep\n|turn|15\n|\n|t:|1727226771\n|switch|p1a: Crabominable|Crabominable, L90, M|282/321\n|move|p2a: Volbeat|Lunge|p1a: Crabominable\n|-resisted|p1a: Crabominable\n|-damage|p1a: Crabominable|244/321\n|-unboost|p1a: Crabominable|atk|1\n|\n|upkeep\n|turn|16\n|\n|t:|1727226796\n|switch|p1a: Snorlax|Snorlax, L82, F|129/397\n|move|p2a: Volbeat|Lunge|p1a: Snorlax\n|-damage|p1a: Snorlax|27/397\n|-unboost|p1a: Snorlax|atk|1\n|\n|-heal|p1a: Snorlax|51/397|[from] item: Leftovers\n|upkeep\n|turn|17\n|\n|t:|1727226802\n|cant|p2a: Volbeat|par\n|move|p1a: Snorlax|Rest|p1a: Snorlax\n|-status|p1a: Snorlax|slp|[from] move: Rest\n|-heal|p1a: Snorlax|397/397 slp|[silent]\n|\n|upkeep\n|turn|18\n|\n|t:|1727226810\n|move|p2a: Volbeat|Roost|p2a: Volbeat\n|-heal|p2a: Volbeat|195/263 par\n|-singleturn|p2a: Volbeat|move: Roost\n|cant|p1a: Snorlax|slp\n|move|p1a: Snorlax|Sleep Talk|p1a: Snorlax\n|move|p1a: Snorlax|Body Slam|p2a: Volbeat|[from]move: Sleep Talk\n|-damage|p2a: Volbeat|128/263 par\n|\n|upkeep\n|turn|19\n|\n|t:|1727226822\n|switch|p1a: Crabominable|Crabominable, L90, M|244/321\n|move|p2a: Volbeat|Lunge|p1a: Crabominable\n|-resisted|p1a: Crabominable\n|-damage|p1a: Crabominable|202/321\n|-unboost|p1a: Crabominable|atk|1\n|\n|upkeep\n|turn|20\n|\n|t:|1727226828\n|move|p2a: Volbeat|Roost|p2a: Volbeat\n|-heal|p2a: Volbeat|260/263 par\n|-singleturn|p2a: Volbeat|move: Roost\n|move|p1a: Crabominable|Ice Hammer|p2a: Volbeat\n|-damage|p2a: Volbeat|118/263 par\n|-unboost|p1a: Crabominable|spe|1\n|\n|upkeep\n|turn|21\n|\n|t:|1727226839\n|cant|p2a: Volbeat|par\n|move|p1a: Crabominable|Ice Hammer|p2a: Volbeat|[miss]\n|-miss|p1a: Crabominable|p2a: Volbeat\n|\n|upkeep\n|turn|22\n|\n|t:|1727226845\n|move|p2a: Volbeat|Thunder Wave|p1a: Crabominable\n|-status|p1a: Crabominable|par\n|move|p1a: Crabominable|Ice Hammer|p2a: Volbeat|[miss]\n|-miss|p1a: Crabominable|p2a: Volbeat\n|\n|upkeep\n|turn|23\n|j| 78 bnjjmk\n|\n|t:|1727226853\n|cant|p2a: Volbeat|par\n|move|p1a: Crabominable|Ice Hammer|p2a: Volbeat\n|-damage|p2a: Volbeat|0 fnt\n|-unboost|p1a: Crabominable|spe|1\n|faint|p2a: Volbeat\n|\n|upkeep\n|\n|t:|1727226856\n|switch|p2a: Flareon|Flareon, L90, F|263/263\n|turn|24\n|\n|t:|1727226873\n|move|p2a: Flareon|Trailblaze|p1a: Crabominable\n|-damage|p1a: Crabominable|145/321 par\n|-boost|p2a: Flareon|spe|1\n|cant|p1a: Crabominable|par\n|\n|-status|p2a: Flareon|tox|[from] item: Toxic Orb\n|upkeep\n|turn|25\n|\n|t:|1727226886\n|move|p2a: Flareon|Facade|p1a: Crabominable\n|-damage|p1a: Crabominable|0 fnt\n|faint|p1a: Crabominable\n|\n|-damage|p2a: Flareon|247/263 tox|[from] psn\n|upkeep\n|\n|t:|1727226904\n|switch|p1a: Iron Boulder|Iron Boulder, L77|265/265\n|-enditem|p1a: Iron Boulder|Booster Energy\n|-activate|p1a: Iron Boulder|ability: Quark Drive|[fromitem]\n|-start|p1a: Iron Boulder|quarkdrivespe\n|turn|26\n|inactive|Node has 120 seconds left.\n|\n|t:|1727226935\n|move|p1a: Iron Boulder|Mighty Cleave|p2a: Flareon\n|-supereffective|p2a: Flareon\n|-damage|p2a: Flareon|11/263 tox\n|move|p2a: Flareon|Trailblaze|p1a: Iron Boulder\n|-supereffective|p1a: Iron Boulder\n|-damage|p1a: Iron Boulder|89/265\n|-boost|p2a: Flareon|spe|1\n|\n|-damage|p2a: Flareon|0 fnt|[from] psn\n|faint|p2a: Flareon\n|upkeep\n|inactive|Node has 120 seconds left.\n|\n|t:|1727226944\n|switch|p2a: Gumshoos|Gumshoos, L95, M|321/321\n|turn|27\n|\n|t:|1727226953\n|move|p1a: Iron Boulder|Close Combat|p2a: Gumshoos\n|-supereffective|p2a: Gumshoos\n|-damage|p2a: Gumshoos|117/321\n|-unboost|p1a: Iron Boulder|def|1\n|-unboost|p1a: Iron Boulder|spd|1\n|move|p2a: Gumshoos|Double-Edge|p1a: Iron Boulder\n|-resisted|p1a: Iron Boulder\n|-damage|p1a: Iron Boulder|0 fnt\n|faint|p1a: Iron Boulder\n|-end|p1a: Iron Boulder|Quark Drive|[silent]\n|-damage|p2a: Gumshoos|88/321|[from] Recoil\n|\n|upkeep\n|\n|t:|1727226965\n|switch|p1a: Urshifu|Urshifu-Rapid-Strike, L75, M|274/274\n|turn|28\n|\n|t:|1727226976\n|switch|p2a: Salazzle|Salazzle, L83, F|142/249\n|move|p1a: Urshifu|Surging Strikes|p2a: Salazzle\n|-supereffective|p2a: Salazzle\n|-crit|p2a: Salazzle\n|-damage|p2a: Salazzle|0 fnt\n|faint|p2a: Salazzle\n|-hitcount|p2: Salazzle|1\n|\n|upkeep\n|\n|t:|1727226982\n|switch|p2a: Diancie|Diancie, L82|216/216\n|turn|29\n|\n|t:|1727227003\n|-terastallize|p1a: Urshifu|Water\n|-terastallize|p2a: Diancie|Water\n|move|p1a: Urshifu|Surging Strikes|p2a: Diancie\n|-resisted|p2a: Diancie\n|-crit|p2a: Diancie\n|-damage|p2a: Diancie|190/216\n|-resisted|p2a: Diancie\n|-crit|p2a: Diancie\n|-damage|p2a: Diancie|160/216\n|-resisted|p2a: Diancie\n|-crit|p2a: Diancie\n|-damage|p2a: Diancie|134/216\n|-hitcount|p2a: Diancie|3\n|move|p2a: Diancie|Diamond Storm|p1a: Urshifu\n|-damage|p1a: Urshifu|172/274\n|\n|-heal|p2a: Diancie|147/216|[from] item: Leftovers\n|upkeep\n|turn|30\n|inactive|velvestrade has 120 seconds left.\n|\n|t:|1727227035\n|switch|p1a: Azumarill|Azumarill, L82, F|124/298\n|move|p2a: Diancie|Draining Kiss|p1a: Azumarill\n|-damage|p1a: Azumarill|85/298\n|-heal|p2a: Diancie|176/216|[from] drain|[of] p1a: Azumarill\n|\n|-heal|p2a: Diancie|189/216|[from] item: Leftovers\n|upkeep\n|turn|31\n|inactive|Node has 120 seconds left.\n|\n|t:|1727227066\n|move|p1a: Azumarill|Knock Off|p2a: Diancie\n|-damage|p2a: Diancie|135/216\n|-enditem|p2a: Diancie|Leftovers|[from] move: Knock Off|[of] p1a: Azumarill\n|move|p2a: Diancie|Diamond Storm|p1a: Azumarill\n|-damage|p1a: Azumarill|0 fnt\n|faint|p1a: Azumarill\n|\n|upkeep\n|inactive|velvestrade has 120 seconds left.\n|\n|t:|1727227085\n|switch|p1a: Urshifu|Urshifu-Rapid-Strike, L75, M, tera:Water|172/274\n|turn|32\n|inactive|velvestrade has 120 seconds left.\n|\n|t:|1727227095\n|move|p1a: Urshifu|Close Combat|p2a: Diancie\n|-damage|p2a: Diancie|0 fnt\n|-unboost|p1a: Urshifu|def|1\n|-unboost|p1a: Urshifu|spd|1\n|faint|p2a: Diancie\n|\n|upkeep\n|inactive|Node has 120 seconds left.\n|\n|t:|1727227113\n|switch|p2a: Floatzel|Floatzel, L85, F|283/283\n|turn|33\n|\n|t:|1727227118\n|switch|p1a: Snorlax|Snorlax, L82, F|397/397 slp\n|move|p2a: Floatzel|Bulk Up|p2a: Floatzel\n|-boost|p2a: Floatzel|atk|1\n|-boost|p2a: Floatzel|def|1\n|\n|upkeep\n|turn|34\n|inactive|velvestrade has 120 seconds left.\n|inactive|Node has 120 seconds left.\n|\n|t:|1727227160\n|move|p2a: Floatzel|Bulk Up|p2a: Floatzel\n|-boost|p2a: Floatzel|atk|1\n|-boost|p2a: Floatzel|def|1\n|cant|p1a: Snorlax|slp\n|move|p1a: Snorlax|Sleep Talk|p1a: Snorlax\n|move|p1a: Snorlax|Curse|p1a: Snorlax|[from]move: Sleep Talk\n|-unboost|p1a: Snorlax|spe|1\n|-boost|p1a: Snorlax|atk|1\n|-boost|p1a: Snorlax|def|1\n|\n|upkeep\n|turn|35\n|inactive|velvestrade has 120 seconds left.\n|\n|t:|1727227180\n|move|p2a: Floatzel|Wave Crash|p1a: Snorlax\n|-damage|p1a: Snorlax|154/397 slp\n|-damage|p2a: Floatzel|203/283|[from] Recoil\n|-curestatus|p1a: Snorlax|slp|[msg]\n|move|p1a: Snorlax|Body Slam|p2a: Floatzel\n|-damage|p2a: Floatzel|109/283\n|\n|-heal|p2a: Floatzel|126/283|[from] item: Leftovers\n|-heal|p1a: Snorlax|178/397|[from] item: Leftovers\n|upkeep\n|turn|36\n|inactive|velvestrade has 120 seconds left.\n|\n|t:|1727227194\n|move|p2a: Floatzel|Wave Crash|p1a: Snorlax\n|-damage|p1a: Snorlax|0 fnt\n|faint|p1a: Snorlax\n|-damage|p2a: Floatzel|67/283|[from] Recoil\n|\n|-heal|p2a: Floatzel|84/283|[from] item: Leftovers\n|upkeep\n|inactive|velvestrade has 90 seconds left.\n|\n|t:|1727227224\n|switch|p1a: Urshifu|Urshifu-Rapid-Strike, L75, M, tera:Water|172/274\n|turn|37\n|inactive|velvestrade has 90 seconds left.\n|\n|t:|1727227241\n|move|p2a: Floatzel|Wave Crash|p1a: Urshifu\n|-resisted|p1a: Urshifu\n|-damage|p1a: Urshifu|41/274\n|-damage|p2a: Floatzel|41/283|[from] Recoil\n|move|p1a: Urshifu|Surging Strikes|p2a: Floatzel\n|-resisted|p2a: Floatzel\n|-crit|p2a: Floatzel\n|-damage|p2a: Floatzel|0 fnt\n|faint|p2a: Floatzel\n|-hitcount|p2: Floatzel|1\n|\n|upkeep\n|c|\u2606Node|diancie is so ass for that sequence\n|-message|Node forfeited.\n|\n|win|velvestrade\n|raw|velvestrade's rating: 2230 &rarr; <strong>2252</strong><br />(+22 for winning)\n|raw|Node's rating: 2259 &rarr; <strong>2237</strong><br />(-22 for losing)\n|l|\u2606Node\n|player|p2|\n|c| kinich's servant|gg\n|l| 78 bnjjmk\n|c|\u2606velvestrade|gg cetitan\n|l| kinich's servant\n", "inputlog": ">version d155b4937d18dfffda2dee3f1f762535b4a408ed\n>start {\"formatid\":\"gen9randombattle\",\"seed\":[5076,46522,43014,36733],\"rated\":\"Rated battle\"}\n>player p1 {\"name\":\"velvestrade\",\"avatar\":\"miku-ground\",\"rating\":2230,\"seed\":[21096,30610,9251,14702]}\n>player p2 {\"name\":\"Node\",\"avatar\":\"#agplviblackpink\",\"rating\":2259,\"seed\":[55509,30152,22539,19575]}\n>chat \u2606velvestrade|whoa nice avatar\n>chat \u2606Node|ty, courtesy of temp6t \n>p1 move knockoff\n>p2 move sludgewave\n>p1 switch 3\n>p2 switch 3\n>p1 move bodyslam\n>p2 move lunge\n>p1 move bodyslam\n>p2 move lunge\n>p1 move bodyslam\n>p2 move lunge\n>p1 move rest\n>p2 move roost\n>p1 switch 4\n>p2 move lunge\n>p1 switch 4\n>p2 move thunderwave\n>p1 move sleeptalk\n>p2 move lunge\n>p1 move sleeptalk\n>p2 move lunge\n>p1 move bodyslam\n>p2 move roost\n>p1 move bodyslam\n>p2 move lunge\n>p1 move rest\n>p2 move encore\n>p1 move bodyslam\n>p2 move lunge\n>p1 switch 4\n>p2 move lunge\n>p1 switch 4\n>p2 move lunge\n>p1 move rest\n>p2 move lunge\n>p1 move sleeptalk\n>p2 move roost\n>p1 switch 4\n>p2 move lunge\n>p1 move icehammer\n>p2 move roost\n>p1 move icehammer\n>p2 move thunderwave\n>p1 move icehammer\n>p2 move thunderwave\n>p1 move icehammer\n>p2 move lunge\n>p2 switch 2\n>p1 move knockoff\n>p2 move trailblaze\n>p1 move earthquake\n>p2 move facade\n>p1 switch 2\n>p1 move mightycleave\n>p2 move trailblaze\n>p2 switch 6\n>p1 move closecombat\n>p2 move doubleedge\n>p1 switch 5\n>p1 move surgingstrikes\n>p2 switch 3\n>p2 switch 5\n>p1 move surgingstrikes terastallize\n>p2 move diamondstorm terastallize\n>p1 switch 3\n>p2 move drainingkiss\n>p1 move knockoff\n>p2 move diamondstorm\n>p1 switch 3\n>p1 move closecombat\n>p2 move drainingkiss\n>p2 switch 4\n>p1 switch 4\n>p2 move bulkup\n>p1 move sleeptalk\n>p2 move bulkup\n>p1 move bodyslam\n>p2 move wavecrash\n>p1 move rest\n>p2 move wavecrash\n>p1 switch 4\n>p1 move surgingstrikes\n>p2 move wavecrash\n>chat \u2606Node|diancie is so ass for that sequence \n>forcelose p2", "uploadtime": 1727227309, "views": 80, "formatid": "gen9randombattle", "rating": 2237, "private": 0, "password": null}