{"id": "gen9randombattle-2260909061", "format": "[Gen 9] Random Battle", "players": ["Adrianana111", "miguelyagoobian"], "log": "|j|\u2606Adrianana111\n|j|\u2606miguelyagoobian\n|t:|1733915006\n|gametype|singles\n|player|p1|Adrianana111|biker-gen4|\n|player|p2|miguelyagoobian|n|\n|teamsize|p1|6\n|teamsize|p2|6\n|gen|9\n|tier|[Gen 9] Random Battle\n|rule|Species Clause: Limit one of each Pok\u00e9mon\n|rule|HP Percentage Mod: HP is shown in percentages\n|rule|Sleep Clause Mod: Limit one foe put to sleep\n|rule|Illusion Level Mod: Illusion disguises the Pok\u00e9mon's true level\n|\n|t:|1733915006\n|start\n|switch|p1a: Smeargle|Smeargle, L95, M|258/258\n|switch|p2a: Frosmoth|Frosmoth, L82, M|249/249\n|turn|1\n|\n|t:|1733915017\n|switch|p2a: Mienshao|Mienshao, L83, F|243/243\n|move|p1a: Smeargle|Population Bomb|p2a: Mienshao\n|-damage|p2a: Mienshao|221/243\n|-damage|p2a: Mienshao|200/243\n|-damage|p2a: Mienshao|179/243\n|-damage|p2a: Mienshao|157/243\n|-crit|p2a: Mienshao\n|-damage|p2a: Mienshao|121/243\n|-crit|p2a: Mienshao\n|-damage|p2a: Mienshao|84/243\n|-damage|p2a: Mienshao|60/243\n|-damage|p2a: Mienshao|39/243\n|-damage|p2a: Mienshao|18/243\n|-damage|p2a: Mienshao|0 fnt\n|faint|p2a: Mienshao\n|-hitcount|p2: Mienshao|10\n|\n|upkeep\n|c|\u2606miguelyagoobian|MAN WHAT\n|c|\u2606miguelyagoobian|WHTA THTE UFK\n|c|\u2606Adrianana111|LOL\n|\n|t:|1733915040\n|switch|p2a: Cloyster|Cloyster, L80, M|211/211\n|turn|2\n|c|\u2606Adrianana111|baka\n|\n|t:|1733915052\n|move|p1a: Smeargle|Population Bomb|p2a: Cloyster\n|-damage|p2a: Cloyster|201/211\n|-damage|p2a: Cloyster|191/211\n|-damage|p2a: Cloyster|181/211\n|-damage|p2a: Cloyster|171/211\n|-damage|p2a: Cloyster|159/211\n|-damage|p2a: Cloyster|149/211\n|-damage|p2a: Cloyster|139/211\n|-damage|p2a: Cloyster|129/211\n|-damage|p2a: Cloyster|119/211\n|-damage|p2a: Cloyster|110/211\n|-hitcount|p2a: Cloyster|10\n|move|p2a: Cloyster|Icicle Spear|p1a: Smeargle\n|-damage|p1a: Smeargle|221/258\n|-damage|p1a: Smeargle|182/258\n|-damage|p1a: Smeargle|137/258\n|-damage|p1a: Smeargle|92/258\n|-damage|p1a: Smeargle|53/258\n|-hitcount|p1a: Smeargle|5\n|\n|upkeep\n|turn|3\n|c|\u2606miguelyagoobian|why did i even bring cloyster\n|c|\u2606Adrianana111|bankay\n|c|\u2606Adrianana111|bankai\n|c|\u2606Adrianana111|chrsp copy\n|c|\u2606miguelyagoobian|why are they repeating\n|\n|t:|1733915083\n|move|p1a: Smeargle|Spore|p2a: Cloyster\n|-status|p2a: Cloyster|slp|[from] move: Spore\n|cant|p2a: Cloyster|slp\n|\n|upkeep\n|turn|4\n|\n|t:|1733915089\n|move|p1a: Smeargle|Shell Smash|p1a: Smeargle\n|-unboost|p1a: Smeargle|def|1\n|-unboost|p1a: Smeargle|spd|1\n|-boost|p1a: Smeargle|atk|2\n|-boost|p1a: Smeargle|spa|2\n|-boost|p1a: Smeargle|spe|2\n|cant|p2a: Cloyster|slp\n|\n|upkeep\n|turn|5\n|c|\u2606Adrianana111|xd\n|\n|t:|1733915103\n|move|p1a: Smeargle|Population Bomb|p2a: Cloyster\n|-damage|p2a: Cloyster|91/211 slp\n|-damage|p2a: Cloyster|72/211 slp\n|-crit|p2a: Cloyster\n|-damage|p2a: Cloyster|44/211 slp\n|-damage|p2a: Cloyster|23/211 slp\n|-damage|p2a: Cloyster|4/211 slp\n|-damage|p2a: Cloyster|0 fnt\n|faint|p2a: Cloyster\n|-hitcount|p2: Cloyster|6\n|\n|upkeep\n|\n|t:|1733915125\n|switch|p2a: Dedenne|Dedenne, L88, M|261/261\n|turn|6\n|\n|t:|1733915129\n|move|p1a: Smeargle|Population Bomb|p2a: Dedenne\n|-damage|p2a: Dedenne|222/261\n|-damage|p2a: Dedenne|182/261\n|-damage|p2a: Dedenne|143/261\n|-damage|p2a: Dedenne|101/261\n|-enditem|p2a: Dedenne|Sitrus Berry|[eat]\n|-heal|p2a: Dedenne|166/261|[from] item: Sitrus Berry\n|-heal|p2a: Dedenne|253/261|[from] ability: Cheek Pouch\n|-damage|p2a: Dedenne|214/261\n|-damage|p2a: Dedenne|175/261\n|-damage|p2a: Dedenne|133/261\n|-damage|p2a: Dedenne|91/261\n|-damage|p2a: Dedenne|48/261\n|-damage|p2a: Dedenne|3/261\n|-hitcount|p2a: Dedenne|10\n|move|p2a: Dedenne|Thunderbolt|p1a: Smeargle\n|-damage|p1a: Smeargle|0 fnt\n|faint|p1a: Smeargle\n|\n|upkeep\n|n|\u203dAdrianana111|adrianana111\n|n|\u203dmiguelyagoobian|miguelyagoobian\n|\n|t:|1733915154\n|switch|p1a: Clodsire|Clodsire, L81, F|343/343\n|turn|7\n|\n|t:|1733915158\n|move|p2a: Dedenne|Thunderbolt|p1a: Clodsire\n|-immune|p1a: Clodsire\n|move|p1a: Clodsire|Earthquake|p2a: Dedenne\n|-supereffective|p2a: Dedenne\n|-damage|p2a: Dedenne|0 fnt\n|faint|p2a: Dedenne\n|\n|upkeep\n|\n|t:|1733915180\n|switch|p2a: Tatsugiri|Tatsugiri-Droopy, L87, M|260/260\n|turn|8\n|\n|t:|1733915191\n|move|p2a: Tatsugiri|Draco Meteor|p1a: Clodsire\n|-damage|p1a: Clodsire|177/343\n|-unboost|p2a: Tatsugiri|spa|2\n|move|p1a: Clodsire|Poison Jab|p2a: Tatsugiri\n|-damage|p2a: Tatsugiri|170/260\n|-status|p2a: Tatsugiri|psn\n|\n|-heal|p1a: Clodsire|198/343|[from] item: Leftovers\n|-damage|p2a: Tatsugiri|138/260 psn|[from] psn\n|upkeep\n|turn|9\n|\n|t:|1733915201\n|move|p2a: Tatsugiri|Draco Meteor|p1a: Clodsire\n|-damage|p1a: Clodsire|117/343\n|-unboost|p2a: Tatsugiri|spa|2\n|move|p1a: Clodsire|Recover|p1a: Clodsire\n|-heal|p1a: Clodsire|289/343\n|\n|-heal|p1a: Clodsire|310/343|[from] item: Leftovers\n|-damage|p2a: Tatsugiri|106/260 psn|[from] psn\n|upkeep\n|turn|10\n|\n|t:|1733915215\n|-terastallize|p2a: Tatsugiri|Water\n|move|p2a: Tatsugiri|Hydro Pump|p1a: Clodsire\n|-heal|p1a: Clodsire|343/343|[from] ability: Water Absorb|[of] p2a: Tatsugiri\n|move|p1a: Clodsire|Poison Jab|p2a: Tatsugiri\n|-damage|p2a: Tatsugiri|25/260 psn\n|\n|-damage|p2a: Tatsugiri|0 fnt|[from] psn\n|faint|p2a: Tatsugiri\n|upkeep\n|\n|t:|1733915231\n|switch|p2a: Arceus|Arceus-Fighting, L70|284/284\n|turn|11\n|\n|t:|1733915245\n|move|p2a: Arceus|Body Press|p1a: Clodsire\n|-resisted|p1a: Clodsire\n|-crit|p1a: Clodsire\n|-damage|p1a: Clodsire|248/343\n|move|p1a: Clodsire|Earthquake|p2a: Arceus\n|-damage|p2a: Arceus|205/284\n|\n|-heal|p1a: Clodsire|269/343|[from] item: Leftovers\n|upkeep\n|turn|12\n|\n|t:|1733915257\n|move|p2a: Arceus|Body Press|p1a: Clodsire\n|-resisted|p1a: Clodsire\n|-damage|p1a: Clodsire|208/343\n|move|p1a: Clodsire|Poison Jab|p2a: Arceus\n|-damage|p2a: Arceus|144/284\n|\n|-heal|p1a: Clodsire|229/343|[from] item: Leftovers\n|upkeep\n|turn|13\n|\n|t:|1733915265\n|move|p2a: Arceus|Body Press|p1a: Clodsire\n|-resisted|p1a: Clodsire\n|-damage|p1a: Clodsire|166/343\n|move|p1a: Clodsire|Earthquake|p2a: Arceus\n|-crit|p2a: Arceus\n|-damage|p2a: Arceus|35/284\n|\n|-heal|p1a: Clodsire|187/343|[from] item: Leftovers\n|upkeep\n|turn|14\n|\n|t:|1733915275\n|move|p2a: Arceus|Recover|p2a: Arceus\n|-heal|p2a: Arceus|177/284\n|move|p1a: Clodsire|Earthquake|p2a: Arceus\n|-damage|p2a: Arceus|95/284\n|\n|-heal|p1a: Clodsire|208/343|[from] item: Leftovers\n|upkeep\n|turn|15\n|\n|t:|1733915284\n|move|p2a: Arceus|Recover|p2a: Arceus\n|-heal|p2a: Arceus|237/284\n|move|p1a: Clodsire|Earthquake|p2a: Arceus\n|-damage|p2a: Arceus|165/284\n|\n|-heal|p1a: Clodsire|229/343|[from] item: Leftovers\n|upkeep\n|turn|16\n|\n|t:|1733915292\n|move|p2a: Arceus|Shadow Ball|p1a: Clodsire\n|-damage|p1a: Clodsire|181/343\n|-unboost|p1a: Clodsire|spd|1\n|move|p1a: Clodsire|Earthquake|p2a: Arceus\n|-damage|p2a: Arceus|86/284\n|\n|-heal|p1a: Clodsire|202/343|[from] item: Leftovers\n|upkeep\n|turn|17\n|\n|t:|1733915300\n|move|p2a: Arceus|Recover|p2a: Arceus\n|-heal|p2a: Arceus|228/284\n|move|p1a: Clodsire|Earthquake|p2a: Arceus\n|-damage|p2a: Arceus|156/284\n|\n|-heal|p1a: Clodsire|223/343|[from] item: Leftovers\n|upkeep\n|turn|18\n|\n|t:|1733915315\n|switch|p1a: Minun|Minun, L95, F|268/268\n|move|p2a: Arceus|Shadow Ball|p1a: Minun\n|-damage|p1a: Minun|226/268\n|\n|upkeep\n|turn|19\n|\n|t:|1733915326\n|-terastallize|p1a: Minun|Fairy\n|move|p1a: Minun|Nasty Plot|p1a: Minun\n|-boost|p1a: Minun|spa|2\n|move|p2a: Arceus|Recover|p2a: Arceus\n|-heal|p2a: Arceus|284/284\n|\n|upkeep\n|turn|20\n|\n|t:|1733915335\n|move|p1a: Minun|Nasty Plot|p1a: Minun\n|-boost|p1a: Minun|spa|2\n|move|p2a: Arceus|Shadow Ball|p1a: Minun\n|-damage|p1a: Minun|183/268\n|\n|upkeep\n|turn|21\n|\n|t:|1733915342\n|move|p1a: Minun|Alluring Voice|p2a: Arceus\n|-supereffective|p2a: Arceus\n|-damage|p2a: Arceus|0 fnt\n|faint|p2a: Arceus\n|-damage|p1a: Minun|157/268|[from] item: Life Orb\n|\n|upkeep\n|\n|t:|1733915347\n|switch|p2a: Frosmoth|Frosmoth, L82, M|249/249\n|turn|22\n|\n|t:|1733915354\n|move|p1a: Minun|Thunderbolt|p2a: Frosmoth\n|-damage|p2a: Frosmoth|49/249\n|-damage|p1a: Minun|131/268|[from] item: Life Orb\n|move|p2a: Frosmoth|Bug Buzz|p1a: Minun\n|-resisted|p1a: Minun\n|-damage|p1a: Minun|78/268\n|\n|upkeep\n|turn|23\n|\n|t:|1733915367\n|move|p1a: Minun|Thunderbolt|p2a: Frosmoth\n|-damage|p2a: Frosmoth|0 fnt\n|faint|p2a: Frosmoth\n|-damage|p1a: Minun|52/268|[from] item: Life Orb\n|\n|win|Adrianana111\n", "inputlog": ">version bfd83cad13791eb5a5a409923076391caf6fb4d4\n>start {\"formatid\":\"gen9randombattle\",\"seed\":[35118,20713,47066,32851]}\n>player p1 {\"name\":\"Adrianana111\",\"avatar\":\"biker-gen4\",\"rating\":0,\"seed\":[42009,54574,40641,36915]}\n>player p2 {\"name\":\"miguelyagoobian\",\"avatar\":\"n\",\"rating\":0,\"seed\":[64285,62347,27802,11080]}\n>p1 move populationbomb\n>p2 switch 3\n>chat \u2606miguelyagoobian|MAN WHAT\n>chat \u2606miguelyagoobian|WHTA THTE UFK\n>chat \u2606Adrianana111|LOL\n>p2 switch 2\n>chat \u2606Adrianana111|baka\n>p1 move populationbomb\n>p2 move iciclespear\n>chat \u2606miguelyagoobian|why did i even bring cloyster\n>chat \u2606Adrianana111|bankay\n>chat \u2606Adrianana111|bankai\n>chat \u2606Adrianana111|chrsp copy\n>chat \u2606miguelyagoobian|why are they repeating\n>p1 move spore\n>p2 move rockblast\n>p1 move shellsmash\n>p2 move drillrun\n>chat \u2606Adrianana111|xd\n>p1 move populationbomb\n>p2 move drillrun\n>p2 switch 4\n>p1 move populationbomb\n>p2 move thunderbolt\n>chat \u2606Adrianana111|faggoooot\n>p1 switch 5\n>p1 move earthquake\n>p2 move thunderbolt\n>p2 switch 5\n>p1 move poisonjab\n>p2 move dracometeor\n>p1 move recover\n>p2 move dracometeor\n>p1 move poisonjab\n>p2 move hydropump terastallize\n>p2 switch 6\n>p1 move earthquake\n>p2 move bodypress\n>p1 move poisonjab\n>p2 move bodypress\n>p1 move earthquake\n>p2 move bodypress\n>p1 move earthquake\n>p2 move recover\n>p1 move earthquake\n>p2 move recover\n>p1 move earthquake\n>p2 move shadowball\n>p1 move earthquake\n>p2 move recover\n>p1 switch 6\n>p2 move shadowball\n>p1 move nastyplot terastallize\n>p2 move recover\n>p1 move nastyplot\n>p2 move shadowball\n>p1 move alluringvoice\n>p2 move shadowball\n>p2 switch 3\n>p1 move thunderbolt\n>p2 move bugbuzz\n>p1 move thunderbolt\n>p2 move icebeam", "uploadtime": 1733915139, "views": 1, "formatid": "gen9randombattle", "rating": null, "private": 0, "password": null}