{"id": "gen9randombattle-2260920146", "format": "[Gen 9] Random Battle", "players": ["holamiamigos123_", "yed02"], "log": "|j|\u2606holamiamigos123_\n|j|\u2606yed02\n|t:|1733916898\n|gametype|singles\n|player|p1|holamiamigos123_|102|\n|player|p2|yed02|265|\n|teamsize|p1|6\n|teamsize|p2|6\n|gen|9\n|tier|[Gen 9] Random Battle\n|rule|Species Clause: Limit one of each Pok\u00e9mon\n|rule|HP Percentage Mod: HP is shown in percentages\n|rule|Sleep Clause Mod: Limit one foe put to sleep\n|rule|Illusion Level Mod: Illusion disguises the Pok\u00e9mon's true level\n|\n|t:|1733916898\n|start\n|switch|p1a: Plusle|Plusle, L95, F|268/268\n|switch|p2a: Comfey|Comfey, L85, M|225/225\n|turn|1\n|\n|t:|1733916908\n|move|p1a: Plusle|Nasty Plot|p1a: Plusle\n|-boost|p1a: Plusle|spa|2\n|move|p2a: Comfey|Calm Mind|p2a: Comfey\n|-boost|p2a: Comfey|spa|1\n|-boost|p2a: Comfey|spd|1\n|\n|upkeep\n|turn|2\n|\n|t:|1733916916\n|move|p1a: Plusle|Nasty Plot|p1a: Plusle\n|-boost|p1a: Plusle|spa|2\n|move|p2a: Comfey|Calm Mind|p2a: Comfey\n|-boost|p2a: Comfey|spa|1\n|-boost|p2a: Comfey|spd|1\n|\n|upkeep\n|turn|3\n|\n|t:|1733916927\n|move|p1a: Plusle|Encore|p2a: Comfey\n|-start|p2a: Comfey|Encore\n|move|p2a: Comfey|Calm Mind|p2a: Comfey\n|-boost|p2a: Comfey|spa|1\n|-boost|p2a: Comfey|spd|1\n|\n|upkeep\n|turn|4\n|\n|t:|1733916934\n|move|p1a: Plusle|Thunderbolt|p2a: Comfey\n|-damage|p2a: Comfey|87/225\n|-damage|p1a: Plusle|242/268|[from] item: Life Orb\n|move|p2a: Comfey|Calm Mind|p2a: Comfey\n|-boost|p2a: Comfey|spa|1\n|-boost|p2a: Comfey|spd|1\n|\n|-heal|p2a: Comfey|101/225|[from] item: Leftovers\n|upkeep\n|turn|5\n|\n|t:|1733916944\n|-terastallize|p2a: Comfey|Ground\n|move|p1a: Plusle|Thunderbolt|p2a: Comfey\n|-immune|p2a: Comfey\n|move|p2a: Comfey|Calm Mind|p2a: Comfey\n|-boost|p2a: Comfey|spa|1\n|-boost|p2a: Comfey|spd|1\n|\n|-heal|p2a: Comfey|115/225|[from] item: Leftovers\n|-end|p2a: Comfey|Encore\n|upkeep\n|turn|6\n|\n|t:|1733916957\n|move|p1a: Plusle|Grass Knot|p2a: Comfey\n|-supereffective|p2a: Comfey\n|-damage|p2a: Comfey|84/225\n|-damage|p1a: Plusle|216/268|[from] item: Life Orb\n|move|p2a: Comfey|Calm Mind|p2a: Comfey\n|-boost|p2a: Comfey|spa|1\n|-boost|p2a: Comfey|spd|1\n|\n|-heal|p2a: Comfey|98/225|[from] item: Leftovers\n|upkeep\n|turn|7\n|\n|t:|1733916967\n|move|p2a: Comfey|Draining Kiss|p1a: Plusle\n|-damage|p1a: Plusle|36/268\n|-heal|p2a: Comfey|225/225|[from] drain|[of] p1a: Plusle\n|move|p1a: Plusle|Nasty Plot|p1a: Plusle\n|-boost|p1a: Plusle|spa|2\n|\n|upkeep\n|turn|8\n|\n|t:|1733916975\n|move|p2a: Comfey|Draining Kiss|p1a: Plusle\n|-damage|p1a: Plusle|0 fnt\n|faint|p1a: Plusle\n|\n|upkeep\n|\n|t:|1733916980\n|switch|p1a: Barraskewda|Barraskewda, L81, F|231/231\n|turn|9\n|\n|t:|1733916990\n|move|p2a: Comfey|Draining Kiss|p1a: Barraskewda\n|-damage|p1a: Barraskewda|0 fnt\n|faint|p1a: Barraskewda\n|\n|upkeep\n|inactive|Battle timer is ON: inactive players will automatically lose when time's up. (requested by yed02)\n|\n|t:|1733917016\n|switch|p1a: Galvantula|Galvantula, L82, M|249/249\n|turn|10\n|\n|t:|1733917021\n|move|p1a: Galvantula|Giga Drain|p2a: Comfey\n|-supereffective|p2a: Comfey\n|-damage|p2a: Comfey|201/225\n|move|p2a: Comfey|Tera Blast|p1a: Galvantula|[anim] Tera Blast Ground\n|-damage|p1a: Galvantula|0 fnt\n|faint|p1a: Galvantula\n|\n|-heal|p2a: Comfey|215/225|[from] item: Leftovers\n|upkeep\n|c|\u2606yed02|Ggs\n|c|\u2606yed02|Hard game\n|\n|t:|1733917049\n|switch|p1a: Excadrill|Excadrill, L79, F|303/303\n|-ability|p1a: Excadrill|Mold Breaker\n|turn|11\n|c|\u2606yed02|\ud83d\udd95\n|\n|t:|1733917065\n|move|p2a: Comfey|Tera Blast|p1a: Excadrill|[anim] Tera Blast Ground\n|-supereffective|p1a: Excadrill\n|-damage|p1a: Excadrill|0 fnt\n|faint|p1a: Excadrill\n|\n|-heal|p2a: Comfey|225/225|[from] item: Leftovers\n|upkeep\n|\n|t:|1733917070\n|switch|p1a: Typhlosion|Typhlosion-Hisui, L83, M|257/257\n|turn|12\n|\n|t:|1733917080\n|move|p2a: Comfey|Draining Kiss|p1a: Typhlosion\n|-resisted|p1a: Typhlosion\n|-crit|p1a: Typhlosion\n|-damage|p1a: Typhlosion|100/257\n|move|p1a: Typhlosion|Shadow Ball|p2a: Comfey\n|-damage|p2a: Comfey|204/225\n|\n|-heal|p2a: Comfey|218/225|[from] item: Leftovers\n|upkeep\n|turn|13\n|\n|t:|1733917104\n|move|p2a: Comfey|Draining Kiss|p1a: Typhlosion\n|-resisted|p1a: Typhlosion\n|-damage|p1a: Typhlosion|0 fnt\n|-heal|p2a: Comfey|225/225|[from] drain|[of] p1a: Typhlosion\n|faint|p1a: Typhlosion\n|\n|upkeep\n|\n|t:|1733917106\n|switch|p1a: Granbull|Granbull, L88, M|302/302\n|-ability|p1a: Granbull|Intimidate|boost\n|-unboost|p2a: Comfey|atk|1\n|turn|14\n|\n|t:|1733917115\n|move|p2a: Comfey|Tera Blast|p1a: Granbull|[anim] Tera Blast Ground\n|-damage|p1a: Granbull|0 fnt\n|faint|p1a: Granbull\n|\n|win|yed02\n", "inputlog": ">version bfd83cad13791eb5a5a409923076391caf6fb4d4\n>start {\"formatid\":\"gen9randombattle\",\"seed\":[27876,30663,10948,43540]}\n>player p1 {\"name\":\"holamiamigos123_\",\"avatar\":\"102\",\"rating\":0,\"seed\":[43376,39700,39649,58039]}\n>player p2 {\"name\":\"yed02\",\"avatar\":\"265\",\"rating\":0,\"seed\":[8365,53307,28129,53149]}\n>p1 move nastyplot\n>p2 move calmmind\n>p1 move nastyplot\n>p2 move calmmind\n>p1 move encore\n>p2 move calmmind\n>p1 move thunderbolt\n>p2 move calmmind\n>p1 move thunderbolt\n>p2 move calmmind terastallize\n>p1 move grassknot\n>p2 move calmmind\n>p1 move nastyplot\n>p2 move drainingkiss\n>p1 move encore\n>p2 move drainingkiss\n>p1 switch 6\n>p1 move waterfall\n>p2 move drainingkiss\n>p1 switch 3\n>p1 move gigadrain\n>p2 move terablast\n>chat \u2606yed02|Ggs\n>chat \u2606yed02|Hard game\n>p1 switch 2\n>chat \u2606yed02|\ud83d\udd95\n>p1 move earthquake\n>p2 move terablast\n>p1 switch 5\n>p1 move shadowball\n>p2 move drainingkiss\n>p1 move willowisp\n>p2 move drainingkiss\n>p1 switch 4\n>p1 move roar\n>p2 move terablast", "uploadtime": 1733917123, "views": 2, "formatid": "gen9randombattle", "rating": null, "private": 0, "password": null}