{"id": "gen9randombattle-2260438329", "format": "[Gen 9] Random Battle", "players": ["Valcopp", "enzlo33"], "log": "|j|\u2606Valcopp\n|j|\u2606enzlo33\n|t:|1733851636\n|gametype|singles\n|player|p1|Valcopp|calem-masters|\n|player|p2|enzlo33|170|\n|teamsize|p1|6\n|teamsize|p2|6\n|gen|9\n|tier|[Gen 9] Random Battle\n|rule|Species Clause: Limit one of each Pok\u00e9mon\n|rule|HP Percentage Mod: HP is shown in percentages\n|rule|Sleep Clause Mod: Limit one foe put to sleep\n|rule|Illusion Level Mod: Illusion disguises the Pok\u00e9mon's true level\n|\n|t:|1733851636\n|start\n|switch|p1a: Tentacruel|Tentacruel, L84, F|272/272\n|switch|p2a: Alomomola|Alomomola, L87, M|429/429\n|turn|1\n|\n|t:|1733851654\n|move|p1a: Tentacruel|Sludge Bomb|p2a: Alomomola\n|-damage|p2a: Alomomola|312/429\n|-status|p2a: Alomomola|psn\n|move|p2a: Alomomola|Flip Turn|p1a: Tentacruel\n|-resisted|p1a: Tentacruel\n|-damage|p1a: Tentacruel|237/272\n|\n|t:|1733851669\n|switch|p2a: Munkidori|Munkidori, L79, M|269/269|[from] Flip Turn\n|\n|-heal|p1a: Tentacruel|254/272|[from] item: Leftovers\n|upkeep\n|turn|2\n|\n|t:|1733851701\n|move|p1a: Tentacruel|Haze|p1a: Tentacruel\n|-clearallboost\n|move|p2a: Munkidori|Psyshock|p1a: Tentacruel\n|-supereffective|p1a: Tentacruel\n|-crit|p1a: Tentacruel\n|-damage|p1a: Tentacruel|0 fnt\n|faint|p1a: Tentacruel\n|\n|upkeep\n|c|\u2606enzlo33|idolo\n|\n|t:|1733851714\n|switch|p1a: Probopass|Probopass, L92, F|260/260\n|turn|3\n|\n|t:|1733851720\n|switch|p2a: Hariyama|Hariyama, L87, F|392/392\n|move|p1a: Probopass|Thunder Wave|p2a: Hariyama\n|-status|p2a: Hariyama|par\n|\n|upkeep\n|turn|4\n|\n|t:|1733851731\n|switch|p1a: Meganium|Meganium, L90, M|290/290\n|move|p2a: Hariyama|Close Combat|p1a: Meganium\n|-damage|p1a: Meganium|155/290\n|-unboost|p2a: Hariyama|def|1\n|-unboost|p2a: Hariyama|spd|1\n|\n|upkeep\n|turn|5\n|c|\u2606enzlo33|santo rng\n|\n|t:|1733851766\n|switch|p1a: Enamorus|Enamorus, L79, F|247/247\n|switch|p2a: Ogerpon|Ogerpon-Hearthflame, L74, F|239/239\n|-ability|p2a: Ogerpon|Mold Breaker\n|\n|upkeep\n|turn|6\n|\n|t:|1733851780\n|switch|p2a: Qwilfish|Qwilfish, L86, F|252/252\n|-ability|p2a: Qwilfish|Intimidate|boost\n|-unboost|p1a: Enamorus|atk|1\n|move|p1a: Enamorus|Calm Mind|p1a: Enamorus\n|-boost|p1a: Enamorus|spa|1\n|-boost|p1a: Enamorus|spd|1\n|\n|upkeep\n|turn|7\n|\n|t:|1733851791\n|switch|p1a: Meganium|Meganium, L90, M|155/290\n|move|p2a: Qwilfish|Gunk Shot|p1a: Meganium\n|-supereffective|p1a: Meganium\n|-damage|p1a: Meganium|0 fnt\n|faint|p1a: Meganium\n|\n|upkeep\n|\n|t:|1733851798\n|switch|p1a: Probopass|Probopass, L92, F|260/260\n|turn|8\n|c|\u2606enzlo33|idolo x2\n|\n|t:|1733851803\n|move|p2a: Qwilfish|Flip Turn|p1a: Probopass\n|-supereffective|p1a: Probopass\n|-damage|p1a: Probopass|180/260\n|\n|t:|1733851808\n|switch|p2a: Munkidori|Munkidori, L79, M|269/269|[from] Flip Turn\n|move|p1a: Probopass|Thunder Wave|p2a: Munkidori\n|-status|p2a: Munkidori|par\n|\n|-heal|p1a: Probopass|196/260|[from] item: Leftovers\n|upkeep\n|turn|9\n|\n|t:|1733851841\n|switch|p1a: Enamorus|Enamorus, L79, F|247/247\n|move|p2a: Munkidori|Focus Blast|p1a: Enamorus\n|-resisted|p1a: Enamorus\n|-damage|p1a: Enamorus|205/247\n|\n|upkeep\n|turn|10\n|\n|t:|1733851851\n|switch|p2a: Wigglytuff|Wigglytuff, L96, F|424/424\n|move|p1a: Enamorus|Earth Power|p2a: Wigglytuff\n|-damage|p2a: Wigglytuff|325/424\n|\n|-heal|p2a: Wigglytuff|351/424|[from] item: Leftovers\n|upkeep\n|turn|11\n|\n|t:|1733851862\n|switch|p1a: Probopass|Probopass, L92, F|196/260\n|move|p2a: Wigglytuff|Thunder Wave|p1a: Probopass|[miss]\n|-miss|p2a: Wigglytuff|p1a: Probopass\n|\n|-heal|p2a: Wigglytuff|377/424|[from] item: Leftovers\n|-heal|p1a: Probopass|212/260|[from] item: Leftovers\n|upkeep\n|turn|12\n|\n|t:|1733851874\n|switch|p2a: Ogerpon|Ogerpon-Hearthflame, L74, F|239/239\n|-ability|p2a: Ogerpon|Mold Breaker\n|move|p1a: Probopass|Thunder Wave|p2a: Ogerpon\n|-status|p2a: Ogerpon|par\n|\n|-heal|p1a: Probopass|228/260|[from] item: Leftovers\n|upkeep\n|turn|13\n|c|\u2606enzlo33|cine\n|c|\u2606enzlo33|todos mis pokes quedaron paraliticos\n|\n|t:|1733851908\n|move|p1a: Probopass|Iron Defense|p1a: Probopass\n|-boost|p1a: Probopass|def|2\n|move|p2a: Ogerpon|Ivy Cudgel|p1a: Probopass|[anim] Ivy Cudgel Fire\n|-damage|p1a: Probopass|192/260\n|\n|-heal|p1a: Probopass|208/260|[from] item: Leftovers\n|upkeep\n|turn|14\n|\n|t:|1733851922\n|switch|p2a: Hariyama|Hariyama, L87, F|392/392 par\n|move|p1a: Probopass|Iron Defense|p1a: Probopass\n|-boost|p1a: Probopass|def|2\n|\n|-heal|p1a: Probopass|224/260|[from] item: Leftovers\n|upkeep\n|turn|15\n|\n|t:|1733851935\n|move|p1a: Probopass|Body Press|p2a: Hariyama\n|-damage|p2a: Hariyama|59/392 par\n|move|p2a: Hariyama|Close Combat|p1a: Probopass\n|-supereffective|p1a: Probopass\n|-damage|p1a: Probopass|100/260\n|-unboost|p2a: Hariyama|def|1\n|-unboost|p2a: Hariyama|spd|1\n|\n|-heal|p1a: Probopass|116/260|[from] item: Leftovers\n|upkeep\n|turn|16\n|\n|t:|1733851948\n|move|p1a: Probopass|Body Press|p2a: Hariyama\n|-damage|p2a: Hariyama|0 fnt\n|faint|p2a: Hariyama\n|\n|-heal|p1a: Probopass|132/260|[from] item: Leftovers\n|upkeep\n|\n|t:|1733851954\n|switch|p2a: Munkidori|Munkidori, L79, M|269/269 par\n|turn|17\n|c|\u2606Valcopp|TIENE COMO 1000 DE DEFENSA EL BICHO MIO JAJSJSJS\n|\n|t:|1733851976\n|move|p1a: Probopass|Iron Defense|p1a: Probopass\n|-boost|p1a: Probopass|def|2\n|move|p2a: Munkidori|Focus Blast|p1a: Probopass\n|-supereffective|p1a: Probopass\n|-damage|p1a: Probopass|0 fnt\n|faint|p1a: Probopass\n|\n|upkeep\n|c|\u2606enzlo33|cine\n|c|\u2606enzlo33|jajajajja\n|\n|t:|1733851988\n|switch|p1a: Enamorus|Enamorus, L79, F|205/247\n|turn|18\n|c|\u2606enzlo33|se murio\n|\n|t:|1733851999\n|switch|p2a: Qwilfish|Qwilfish, L86, F|252/252\n|-ability|p2a: Qwilfish|Intimidate|boost\n|-unboost|p1a: Enamorus|atk|1\n|-terastallize|p1a: Enamorus|Ground\n|move|p1a: Enamorus|Earth Power|p2a: Qwilfish\n|-supereffective|p2a: Qwilfish\n|-damage|p2a: Qwilfish|0 fnt\n|faint|p2a: Qwilfish\n|\n|upkeep\n|\n|t:|1733852012\n|switch|p2a: Alomomola|Alomomola, L87, M|429/429 psn\n|turn|19\n|\n|t:|1733852020\n|switch|p1a: Salamence|Salamence, L77, M|273/273\n|-ability|p1a: Salamence|Intimidate|boost\n|-unboost|p2a: Alomomola|atk|1\n|move|p2a: Alomomola|Scald|p1a: Salamence\n|-resisted|p1a: Salamence\n|-damage|p1a: Salamence|243/273\n|\n|-damage|p2a: Alomomola|376/429 psn|[from] psn\n|upkeep\n|turn|20\n|\n|t:|1733852029\n|move|p1a: Salamence|Dual Wingbeat|p2a: Alomomola\n|-damage|p2a: Alomomola|327/429 psn\n|-damage|p1a: Salamence|198/273|[from] item: Rocky Helmet|[of] p2a: Alomomola\n|-damage|p2a: Alomomola|275/429 psn\n|-damage|p1a: Salamence|153/273|[from] item: Rocky Helmet|[of] p2a: Alomomola\n|-hitcount|p2a: Alomomola|2\n|move|p2a: Alomomola|Flip Turn|p1a: Salamence\n|-resisted|p1a: Salamence\n|-damage|p1a: Salamence|130/273\n|\n|t:|1733852038\n|switch|p2a: Wigglytuff|Wigglytuff, L96, F|377/424|[from] Flip Turn\n|\n|-heal|p2a: Wigglytuff|403/424|[from] item: Leftovers\n|upkeep\n|turn|21\n|\n|t:|1733852053\n|move|p1a: Salamence|Outrage|p2a: Wigglytuff\n|-immune|p2a: Wigglytuff\n|move|p2a: Wigglytuff|Dazzling Gleam|p1a: Salamence\n|-supereffective|p1a: Salamence\n|-damage|p1a: Salamence|0 fnt\n|faint|p1a: Salamence\n|\n|-heal|p2a: Wigglytuff|424/424|[from] item: Leftovers\n|upkeep\n|c|\u2606enzlo33|nmms ene un ataque tipo dragon a un tipo hada\n|c|\u2606Valcopp|fuck iba a usar danza dragon\n|\n|t:|1733852078\n|switch|p1a: Enamorus|Enamorus, L79, F, tera:Ground|205/247\n|turn|22\n|\n|t:|1733852106\n|move|p2a: Wigglytuff|Protect|p2a: Wigglytuff\n|-singleturn|p2a: Wigglytuff|Protect\n|move|p1a: Enamorus|Mystical Fire|p2a: Wigglytuff\n|-activate|p2a: Wigglytuff|move: Protect\n|\n|upkeep\n|turn|23\n|\n|t:|1733852114\n|switch|p2a: Alomomola|Alomomola, L87, M|418/429 psn\n|move|p1a: Enamorus|Calm Mind|p1a: Enamorus\n|-boost|p1a: Enamorus|spa|1\n|-boost|p1a: Enamorus|spd|1\n|\n|-damage|p2a: Alomomola|365/429 psn|[from] psn\n|upkeep\n|turn|24\n|\n|t:|1733852127\n|move|p1a: Enamorus|Moonblast|p2a: Alomomola\n|-damage|p2a: Alomomola|83/429 psn\n|move|p2a: Alomomola|Flip Turn|p1a: Enamorus\n|-supereffective|p1a: Enamorus\n|-damage|p1a: Enamorus|77/247\n|-start|p2a: Alomomola|Attract|[from] ability: Cute Charm|[of] p1a: Enamorus\n|c|\u2606Valcopp|mis ultimos pokes son debil a fuego\n|\n|t:|1733852140\n|switch|p2a: Wigglytuff|Wigglytuff, L96, F|424/424|[from] Flip Turn\n|\n|upkeep\n|turn|25\n|\n|t:|1733852146\n|move|p1a: Enamorus|Moonblast|p2a: Wigglytuff\n|-damage|p2a: Wigglytuff|204/424\n|-unboost|p2a: Wigglytuff|spa|1\n|-ability|p2a: Wigglytuff|Competitive|boost\n|-boost|p2a: Wigglytuff|spa|2\n|move|p2a: Wigglytuff|Dazzling Gleam|p1a: Enamorus\n|-damage|p1a: Enamorus|0 fnt\n|faint|p1a: Enamorus\n|\n|-heal|p2a: Wigglytuff|230/424|[from] item: Leftovers\n|upkeep\n|\n|t:|1733852150\n|switch|p1a: Reshiram|Reshiram, L76|277/277\n|-ability|p1a: Reshiram|Turboblaze\n|turn|26\n|c|\u2606enzlo33|santa maria madre de dios\n|\n|t:|1733852171\n|move|p1a: Reshiram|Flare Blitz|p2a: Wigglytuff\n|-damage|p2a: Wigglytuff|61/424\n|-damage|p1a: Reshiram|221/277|[from] Recoil\n|move|p2a: Wigglytuff|Dazzling Gleam|p1a: Reshiram\n|-damage|p1a: Reshiram|82/277\n|\n|-heal|p2a: Wigglytuff|87/424|[from] item: Leftovers\n|upkeep\n|turn|27\n|c|\u2606enzlo33|sigue vivo\n|\n|t:|1733852183\n|move|p2a: Wigglytuff|Protect|p2a: Wigglytuff\n|-singleturn|p2a: Wigglytuff|Protect\n|move|p1a: Reshiram|Stone Edge|p2a: Wigglytuff\n|-activate|p2a: Wigglytuff|move: Protect\n|\n|-heal|p2a: Wigglytuff|113/424|[from] item: Leftovers\n|upkeep\n|turn|28\n|c|\u2606Valcopp|NAH ID GAMBLE\n|\n|t:|1733852197\n|move|p1a: Reshiram|Stone Edge|p2a: Wigglytuff\n|-damage|p2a: Wigglytuff|13/424\n|move|p2a: Wigglytuff|Dazzling Gleam|p1a: Reshiram\n|-damage|p1a: Reshiram|0 fnt\n|faint|p1a: Reshiram\n|\n|win|enzlo33\n|c|\u2606enzlo33|jajajjaja\n|c|\u2606enzlo33|nmms\n|c|\u2606Valcopp|SE QUEDO CON 4-\n|c|\u2606Valcopp|otra\n|c|\u2606enzlo33|wigglytuff mi padre\n|l|\u2606Valcopp\n|player|p1|\n|c|\u2606enzlo33|ok\n", "inputlog": ">version bfd83cad13791eb5a5a409923076391caf6fb4d4\n>start {\"formatid\":\"gen9randombattle\",\"seed\":[63120,23590,50765,44912]}\n>player p1 {\"name\":\"Valcopp\",\"avatar\":\"calem-masters\",\"rating\":0,\"seed\":[29644,38657,31258,5476]}\n>player p2 {\"name\":\"enzlo33\",\"avatar\":\"170\",\"rating\":0,\"seed\":[34246,16519,60421,16730]}\n>p1 move sludgebomb\n>p2 move flipturn\n>p2 switch 4\n>p1 move haze\n>p2 move psyshock\n>chat \u2606enzlo33|idolo\n>p1 switch 6\n>p1 move thunderwave\n>p2 switch 2\n>p1 switch 5\n>p2 move closecombat\n>chat \u2606enzlo33|santo rng\n>p1 switch 2\n>p2 switch 6\n>p1 move calmmind\n>p2 switch 5\n>p1 switch 2\n>p2 move gunkshot\n>p1 switch 5\n>chat \u2606enzlo33|idolo x2\n>p1 move thunderwave\n>p2 move flipturn\n>p2 switch 2\n>p1 switch 2\n>p2 move focusblast\n>p1 move earthpower\n>p2 switch 3\n>p1 switch 2\n>p2 move thunderwave\n>p1 move thunderwave\n>p2 switch 5\n>chat \u2606enzlo33|cine\n>chat \u2606enzlo33|todos mis pokes quedaron paraliticos\n>p1 move irondefense\n>p2 move ivycudgel\n>p1 move irondefense\n>p2 switch 6\n>p1 move bodypress\n>p2 move closecombat\n>p1 move bodypress\n>p2 move closecombat\n>p2 switch 3\n>chat \u2606Valcopp|TIENE COMO 1000 DE DEFENSA EL BICHO MIO JAJSJSJS\n>p1 move irondefense\n>p2 move focusblast\n>chat \u2606enzlo33|cine\n>chat \u2606enzlo33|jajajajja\n>p1 switch 2\n>chat \u2606enzlo33|se murio\n>p1 move earthpower terastallize\n>p2 switch 2\n>p2 switch 4\n>p1 switch 4\n>p2 move scald\n>p1 move dualwingbeat\n>p2 move flipturn\n>p2 switch 5\n>p1 move outrage\n>p2 move dazzlinggleam\n>chat \u2606enzlo33|nmms ene un ataque tipo dragon a un tipo hada\n>chat \u2606Valcopp|fuck iba a usar danza dragon\n>p1 switch 4\n>p1 move mysticalfire\n>p2 move protect\n>p1 move calmmind\n>p2 switch 5\n>p1 move moonblast\n>p2 move flipturn\n>chat \u2606Valcopp|mis ultimos pokes son debil a fuego\n>p2 switch 5\n>p1 move moonblast\n>p2 move dazzlinggleam\n>p1 switch 3\n>chat \u2606enzlo33|santa maria madre de dios\n>p1 move flareblitz\n>p2 move dazzlinggleam\n>chat \u2606enzlo33|sigue vivo\n>p1 move stoneedge\n>p2 move protect\n>chat \u2606Valcopp|NAH ID GAMBLE\n>p1 move stoneedge\n>p2 move dazzlinggleam", "uploadtime": 1733852223, "views": 8, "formatid": "gen9randombattle", "rating": null, "private": 0, "password": null}