{"id": "gen9randombattle-2260868357", "format": "[Gen 9] Random Battle", "players": ["moist bill", "mak7xz"], "log": "|j|\u2606moist bill\n|j|\u203dmak7xz\n|t:|1733907531\n|gametype|singles\n|player|p1|moist bill|preschooler|1513\n|player|p2|mak7xz|worker-gen4|1529\n|teamsize|p1|6\n|teamsize|p2|6\n|gen|9\n|tier|[Gen 9] Random Battle\n|rated|\n|rule|Species Clause: Limit one of each Pok\u00e9mon\n|rule|HP Percentage Mod: HP is shown in percentages\n|rule|Sleep Clause Mod: Limit one foe put to sleep\n|rule|Illusion Level Mod: Illusion disguises the Pok\u00e9mon's true level\n|\n|t:|1733907531\n|start\n|switch|p1a: Azelf|Azelf, L82|257/257\n|switch|p2a: Mudsdale|Mudsdale, L84, F|305/305\n|turn|1\n|inactive|Battle timer is ON: inactive players will automatically lose when time's up. (requested by mak7xz)\n|c|\u2606moist bill|glhf!\n|\n|t:|1733907547\n|move|p1a: Azelf|Psychic|p2a: Mudsdale\n|-damage|p2a: Mudsdale|136/305\n|-ability|p2a: Mudsdale|Stamina|boost\n|-boost|p2a: Mudsdale|def|1\n|move|p2a: Mudsdale|Heavy Slam|p1a: Azelf\n|-damage|p1a: Azelf|143/257\n|\n|-heal|p2a: Mudsdale|155/305|[from] item: Leftovers\n|upkeep\n|turn|2\n|c|\u2606moist bill|you must be from the horse council\n|\n|t:|1733907555\n|switch|p2a: Slowking|Slowking-Galar, L85, M|300/300\n|move|p1a: Azelf|Psychic|p2a: Slowking\n|-damage|p2a: Slowking|156/300\n|\n|-heal|p2a: Slowking|174/300|[from] item: Leftovers\n|upkeep\n|turn|3\n|\n|t:|1733907565\n|move|p1a: Azelf|Psychic|p2a: Slowking\n|-damage|p2a: Slowking|47/300\n|move|p2a: Slowking|Slack Off|p2a: Slowking\n|-heal|p2a: Slowking|197/300\n|\n|-heal|p2a: Slowking|215/300|[from] item: Leftovers\n|upkeep\n|turn|4\n|\n|t:|1733907573\n|move|p1a: Azelf|Psychic|p2a: Slowking\n|-damage|p2a: Slowking|85/300\n|move|p2a: Slowking|Slack Off|p2a: Slowking\n|-heal|p2a: Slowking|235/300\n|\n|-heal|p2a: Slowking|253/300|[from] item: Leftovers\n|upkeep\n|turn|5\n|\n|t:|1733907576\n|move|p1a: Azelf|Psychic|p2a: Slowking\n|-damage|p2a: Slowking|108/300\n|move|p2a: Slowking|Sludge Bomb|p1a: Azelf\n|-damage|p1a: Azelf|13/257\n|\n|-heal|p2a: Slowking|126/300|[from] item: Leftovers\n|upkeep\n|turn|6\n|\n|t:|1733907591\n|move|p1a: Azelf|Psychic|p2a: Slowking\n|-damage|p2a: Slowking|0 fnt\n|faint|p2a: Slowking\n|\n|upkeep\n|\n|t:|1733907596\n|switch|p2a: Salazzle|Salazzle, L83, F|249/249\n|turn|7\n|c|\u2606moist bill|damn got the glowking\n|\n|t:|1733907625\n|switch|p1a: Raichu|Raichu, L88, M|249/249\n|move|p2a: Salazzle|Sludge Wave|p1a: Raichu\n|-damage|p1a: Raichu|134/249\n|\n|upkeep\n|turn|8\n|inactive|mak7xz has 120 seconds left.\n|\n|t:|1733907661\n|move|p1a: Raichu|Nasty Plot|p1a: Raichu\n|-boost|p1a: Raichu|spa|2\n|move|p2a: Salazzle|Fire Blast|p1a: Raichu\n|-damage|p1a: Raichu|11/249\n|\n|upkeep\n|turn|9\n|inactive|mak7xz has 120 seconds left.\n|\n|t:|1733907668\n|switch|p2a: Mudsdale|Mudsdale, L84, F|155/305\n|move|p1a: Raichu|Thunderbolt|p2a: Mudsdale\n|-immune|p2a: Mudsdale\n|\n|-heal|p2a: Mudsdale|174/305|[from] item: Leftovers\n|upkeep\n|turn|10\n|\n|t:|1733907673\n|switch|p2a: Oricorio|Oricorio-Sensu, L85, F|266/266\n|-terastallize|p1a: Raichu|Ice\n|move|p1a: Raichu|Tera Blast|p2a: Oricorio|[anim] Tera Blast Ice\n|-supereffective|p2a: Oricorio\n|-damage|p2a: Oricorio|0 fnt\n|faint|p2a: Oricorio\n|-damage|p1a: Raichu|0 fnt|[from] item: Life Orb\n|faint|p1a: Raichu\n|\n|upkeep\n|\n|t:|1733907689\n|switch|p1a: Manaphy|Manaphy, L78|284/284\n|switch|p2a: Salazzle|Salazzle, L83, F|249/249\n|turn|11\n|\n|t:|1733907695\n|-terastallize|p2a: Salazzle|Grass\n|move|p2a: Salazzle|Nasty Plot|p2a: Salazzle\n|-boost|p2a: Salazzle|spa|2\n|move|p1a: Manaphy|Hydro Pump|p2a: Salazzle\n|-resisted|p2a: Salazzle\n|-damage|p2a: Salazzle|180/249\n|\n|upkeep\n|turn|12\n|\n|t:|1733907706\n|move|p2a: Salazzle|Tera Blast|p1a: Manaphy|[anim] Tera Blast Grass\n|-supereffective|p1a: Manaphy\n|-damage|p1a: Manaphy|0 fnt\n|faint|p1a: Manaphy\n|\n|upkeep\n|\n|t:|1733907709\n|switch|p1a: Azelf|Azelf, L82|13/257\n|turn|13\n|\n|t:|1733907714\n|move|p2a: Salazzle|Tera Blast|p1a: Azelf|[anim] Tera Blast Grass\n|-damage|p1a: Azelf|0 fnt\n|faint|p1a: Azelf\n|\n|upkeep\n|\n|t:|1733907717\n|switch|p1a: Ting-Lu|Ting-Lu, L78|370/370\n|-ability|p1a: Ting-Lu|Vessel of Ruin\n|turn|14\n|\n|t:|1733907729\n|move|p2a: Salazzle|Tera Blast|p1a: Ting-Lu|[anim] Tera Blast Grass\n|-supereffective|p1a: Ting-Lu\n|-damage|p1a: Ting-Lu|38/370\n|move|p1a: Ting-Lu|Throat Chop|p2a: Salazzle\n|-damage|p2a: Salazzle|65/249\n|-start|p2a: Salazzle|Throat Chop|[silent]\n|\n|-heal|p1a: Ting-Lu|61/370|[from] item: Leftovers\n|upkeep\n|turn|15\n|\n|t:|1733907739\n|move|p2a: Salazzle|Tera Blast|p1a: Ting-Lu|[anim] Tera Blast Grass\n|-supereffective|p1a: Ting-Lu\n|-damage|p1a: Ting-Lu|0 fnt\n|faint|p1a: Ting-Lu\n|\n|-end|p2a: Salazzle|Throat Chop|[silent]\n|upkeep\n|\n|t:|1733907742\n|switch|p1a: Perrserker|Perrserker, L89, M|269/269\n|turn|16\n|c|\u2606moist bill|miss\n|\n|t:|1733907756\n|move|p2a: Salazzle|Fire Blast|p1a: Perrserker\n|-supereffective|p1a: Perrserker\n|-damage|p1a: Perrserker|0 fnt\n|faint|p1a: Perrserker\n|\n|upkeep\n|-message|moist bill forfeited.\n|\n|win|mak7xz\n|raw|moist bill's rating: 1513 &rarr; <strong>1494</strong><br />(-19 for losing)\n|raw|mak7xz's rating: 1529 &rarr; <strong>1548</strong><br />(+19 for winning)\n|l|\u2606moist bill\n|player|p1|\n|j| mewingmaxxing\n", "inputlog": ">version bfd83cad13791eb5a5a409923076391caf6fb4d4\n>start {\"formatid\":\"gen9randombattle\",\"seed\":[16225,39770,59536,157],\"rated\":\"Rated battle\"}\n>player p1 {\"name\":\"moist bill\",\"avatar\":\"preschooler\",\"rating\":1513,\"seed\":[63264,7948,63141,25213]}\n>player p2 {\"name\":\"mak7xz\",\"avatar\":\"worker-gen4\",\"rating\":1529,\"seed\":[17255,54681,23873,5139]}\n>chat \u2606moist bill|glhf!\n>p1 move psychic\n>p2 move heavyslam\n>chat \u2606moist bill|you must be from the horse council\n>p1 move psychic\n>p2 switch 2\n>p1 move psychic\n>p2 move slackoff\n>p1 move psychic\n>p2 move slackoff\n>p1 move psychic\n>p2 move sludgebomb\n>p1 move psychic\n>p2 move slackoff\n>p2 switch 5\n>chat \u2606moist bill|damn got the glowking\n>p1 switch 3\n>p2 move sludgewave\n>p1 move nastyplot\n>p2 move fireblast\n>p1 move thunderbolt\n>p2 switch 2\n>p1 move terablast terastallize\n>p2 switch 3\n>p1 switch 2\n>p2 switch 2\n>p1 move hydropump\n>p2 move nastyplot terastallize\n>p1 move icebeam\n>p2 move terablast\n>p1 switch 3\n>p1 move psychic\n>p2 move terablast\n>p1 switch 4\n>p1 move throatchop\n>p2 move terablast\n>p1 move throatchop\n>p2 move terablast\n>p1 switch 5\n>chat \u2606moist bill|miss\n>p1 move uturn\n>p2 move fireblast\n>forcelose p1", "uploadtime": 1733908215, "views": 1, "formatid": "gen9randombattle", "rating": 1494, "private": 0, "password": null}