{"id": "gen9randombattle-2181814711", "format": "[Gen 9] Random Battle", "players": ["Sowla", "Qiuescent"], "log": "|j|\u2606Sowla\n|j|\u203dQiuescent\n|t:|1723878974\n|gametype|singles\n|player|p1|Sowla|101|2260\n|player|p2|Qiuescent|170|2220\n|teamsize|p1|6\n|teamsize|p2|6\n|gen|9\n|tier|[Gen 9] Random Battle\n|rated|\n|rule|Species Clause: Limit one of each Pok\u00e9mon\n|rule|HP Percentage Mod: HP is shown in percentages\n|rule|Sleep Clause Mod: Limit one foe put to sleep\n|rule|Illusion Level Mod: Illusion disguises the Pok\u00e9mon's true level\n|\n|t:|1723878974\n|start\n|switch|p1a: Avalugg|Avalugg, L88, F|310/310\n|switch|p2a: Chesnaught|Chesnaught, L84, F|285/285\n|turn|1\n|inactive|Battle timer is ON: inactive players will automatically lose when time's up. (requested by Sowla)\n|\n|t:|1723878988\n|switch|p1a: Florges|Florges-Blue, L85, F|271/271\n|move|p2a: Chesnaught|Iron Defense|p2a: Chesnaught\n|-boost|p2a: Chesnaught|def|2\n|\n|upkeep\n|turn|2\n|\n|t:|1723879000\n|switch|p2a: Blissey|Blissey, L84, F|566/566\n|move|p1a: Florges|Moonblast|p2a: Blissey\n|-damage|p2a: Blissey|478/566\n|\n|-heal|p2a: Blissey|513/566|[from] item: Leftovers\n|upkeep\n|turn|3\n|\n|t:|1723879010\n|switch|p1a: Avalugg|Avalugg, L88, F|310/310\n|move|p2a: Blissey|Thunder Wave|p1a: Avalugg\n|-status|p1a: Avalugg|par\n|\n|-heal|p2a: Blissey|548/566|[from] item: Leftovers\n|upkeep\n|turn|4\n|\n|t:|1723879020\n|switch|p2a: Kricketune|Kricketune, L99, M|312/312\n|move|p1a: Avalugg|Avalanche|p2a: Kricketune\n|-damage|p2a: Kricketune|209/312\n|\n|upkeep\n|turn|5\n|\n|t:|1723879031\n|move|p2a: Kricketune|Sticky Web|p1a: Avalugg\n|-sidestart|p1: Sowla|move: Sticky Web\n|cant|p1a: Avalugg|par\n|\n|upkeep\n|turn|6\n|\n|t:|1723879036\n|move|p2a: Kricketune|Knock Off|p1a: Avalugg\n|-damage|p1a: Avalugg|263/310 par\n|-enditem|p1a: Avalugg|Heavy-Duty Boots|[from] move: Knock Off|[of] p2a: Kricketune\n|move|p1a: Avalugg|Rapid Spin|p2a: Kricketune\n|-damage|p2a: Kricketune|152/312\n|-boost|p1a: Avalugg|spe|1\n|-sideend|p1: Sowla|Sticky Web|[from] move: Rapid Spin|[of] p1a: Avalugg\n|\n|upkeep\n|turn|7\n|\n|t:|1723879045\n|move|p2a: Kricketune|Sticky Web|p1a: Avalugg\n|-sidestart|p1: Sowla|move: Sticky Web\n|move|p1a: Avalugg|Rapid Spin|p2a: Kricketune\n|-damage|p2a: Kricketune|97/312\n|-boost|p1a: Avalugg|spe|1\n|-sideend|p1: Sowla|Sticky Web|[from] move: Rapid Spin|[of] p1a: Avalugg\n|\n|upkeep\n|turn|8\n|\n|t:|1723879061\n|move|p2a: Kricketune|Sticky Web|p1a: Avalugg\n|-sidestart|p1: Sowla|move: Sticky Web\n|move|p1a: Avalugg|Rapid Spin|p2a: Kricketune\n|-damage|p2a: Kricketune|36/312\n|-boost|p1a: Avalugg|spe|1\n|-sideend|p1: Sowla|Sticky Web|[from] move: Rapid Spin|[of] p1a: Avalugg\n|\n|upkeep\n|turn|9\n|\n|t:|1723879069\n|switch|p2a: Chesnaught|Chesnaught, L84, F|285/285\n|move|p1a: Avalugg|Rapid Spin|p2a: Chesnaught\n|-damage|p2a: Chesnaught|250/285\n|-boost|p1a: Avalugg|spe|1\n|\n|-heal|p2a: Chesnaught|267/285|[from] item: Leftovers\n|upkeep\n|turn|10\n|\n|t:|1723879085\n|switch|p1a: Florges|Florges-Blue, L85, F|271/271\n|move|p2a: Chesnaught|Iron Defense|p2a: Chesnaught\n|-boost|p2a: Chesnaught|def|2\n|\n|-heal|p2a: Chesnaught|284/285|[from] item: Leftovers\n|upkeep\n|turn|11\n|\n|t:|1723879094\n|switch|p2a: Sandy Shocks|Sandy Shocks, L80|267/267\n|move|p1a: Florges|Moonblast|p2a: Sandy Shocks\n|-damage|p2a: Sandy Shocks|135/267\n|\n|upkeep\n|turn|12\n|\n|t:|1723879101\n|move|p2a: Sandy Shocks|Volt Switch|p1a: Florges\n|-damage|p1a: Florges|220/271\n|\n|t:|1723879104\n|-end|p2a: Sandy Shocks|Protosynthesis|[silent]\n|switch|p2a: Blissey|Blissey, L84, F|548/566|[from] Volt Switch\n|move|p1a: Florges|Moonblast|p2a: Blissey\n|-damage|p2a: Blissey|466/566\n|\n|-heal|p1a: Florges|236/271|[from] item: Leftovers\n|-heal|p2a: Blissey|501/566|[from] item: Leftovers\n|upkeep\n|turn|13\n|\n|t:|1723879115\n|move|p1a: Florges|Protect|p1a: Florges\n|-singleturn|p1a: Florges|Protect\n|move|p2a: Blissey|Seismic Toss|p1a: Florges\n|-activate|p1a: Florges|move: Protect\n|\n|-heal|p1a: Florges|252/271|[from] item: Leftovers\n|-heal|p2a: Blissey|536/566|[from] item: Leftovers\n|upkeep\n|turn|14\n|\n|t:|1723879126\n|switch|p1a: Avalugg|Avalugg, L88, F|263/310 par\n|switch|p2a: Ribombee|Ribombee, L82, M|233/233\n|\n|upkeep\n|turn|15\n|\n|t:|1723879135\n|switch|p1a: Florges|Florges-Blue, L85, F|252/271\n|move|p2a: Ribombee|Moonblast|p1a: Florges\n|-damage|p1a: Florges|192/271\n|\n|-heal|p1a: Florges|208/271|[from] item: Leftovers\n|upkeep\n|turn|16\n|\n|t:|1723879144\n|move|p2a: Ribombee|Stun Spore|p1a: Florges\n|-status|p1a: Florges|par\n|move|p1a: Florges|Wish|p1a: Florges\n|\n|-heal|p1a: Florges|224/271 par|[from] item: Leftovers\n|upkeep\n|turn|17\n|\n|t:|1723879154\n|switch|p2a: Blissey|Blissey, L84, F|536/566\n|move|p1a: Florges|Moonblast|p2a: Blissey\n|-damage|p2a: Blissey|457/566\n|\n|-heal|p1a: Florges|271/271 par|[from] move: Wish|[wisher] Florges\n|-heal|p2a: Blissey|492/566|[from] item: Leftovers\n|upkeep\n|turn|18\n|\n|t:|1723879165\n|switch|p1a: Avalugg|Avalugg, L88, F|263/310 par\n|move|p2a: Blissey|Seismic Toss|p1a: Avalugg\n|-damage|p1a: Avalugg|179/310 par\n|\n|-heal|p2a: Blissey|527/566|[from] item: Leftovers\n|upkeep\n|turn|19\n|\n|t:|1723879191\n|switch|p2a: Ribombee|Ribombee, L82, M|233/233\n|move|p1a: Avalugg|Recover|p1a: Avalugg\n|-heal|p1a: Avalugg|310/310 par\n|\n|upkeep\n|turn|20\n|\n|t:|1723879202\n|switch|p1a: Florges|Florges-Blue, L85, F|271/271 par\n|move|p2a: Ribombee|U-turn|p1a: Florges\n|-resisted|p1a: Florges\n|-damage|p1a: Florges|242/271 par\n|inactive|Qiuescent has 120 seconds left.\n|\n|t:|1723879223\n|switch|p2a: Sandy Shocks|Sandy Shocks, L80|135/267|[from] U-turn\n|\n|-heal|p1a: Florges|258/271 par|[from] item: Leftovers\n|upkeep\n|turn|21\n|\n|t:|1723879232\n|move|p2a: Sandy Shocks|Stealth Rock|p1a: Florges\n|-sidestart|p1: Sowla|move: Stealth Rock\n|move|p1a: Florges|Wish|p1a: Florges\n|\n|-heal|p1a: Florges|271/271 par|[from] item: Leftovers\n|upkeep\n|turn|22\n|\n|t:|1723879244\n|move|p2a: Sandy Shocks|Volt Switch|p1a: Florges\n|-damage|p1a: Florges|220/271 par\n|\n|t:|1723879246\n|-end|p2a: Sandy Shocks|Protosynthesis|[silent]\n|switch|p2a: Blissey|Blissey, L84, F|527/566|[from] Volt Switch\n|move|p1a: Florges|Calm Mind|p1a: Florges\n|-boost|p1a: Florges|spa|1\n|-boost|p1a: Florges|spd|1\n|\n|-heal|p1a: Florges|271/271 par|[from] move: Wish|[wisher] Florges\n|-heal|p2a: Blissey|562/566|[from] item: Leftovers\n|upkeep\n|turn|23\n|\n|t:|1723879258\n|move|p2a: Blissey|Seismic Toss|p1a: Florges\n|-damage|p1a: Florges|187/271 par\n|move|p1a: Florges|Calm Mind|p1a: Florges\n|-boost|p1a: Florges|spa|1\n|-boost|p1a: Florges|spd|1\n|\n|-heal|p2a: Blissey|566/566|[from] item: Leftovers\n|-heal|p1a: Florges|203/271 par|[from] item: Leftovers\n|upkeep\n|turn|24\n|\n|t:|1723879269\n|move|p1a: Florges|Protect|p1a: Florges\n|-singleturn|p1a: Florges|Protect\n|move|p2a: Blissey|Seismic Toss|p1a: Florges\n|-activate|p1a: Florges|move: Protect\n|\n|-heal|p1a: Florges|219/271 par|[from] item: Leftovers\n|upkeep\n|turn|25\n|\n|t:|1723879295\n|move|p2a: Blissey|Seismic Toss|p1a: Florges\n|-damage|p1a: Florges|135/271 par\n|move|p1a: Florges|Calm Mind|p1a: Florges\n|-boost|p1a: Florges|spa|1\n|-boost|p1a: Florges|spd|1\n|\n|-heal|p1a: Florges|151/271 par|[from] item: Leftovers\n|upkeep\n|turn|26\n|\n|t:|1723879307\n|move|p1a: Florges|Protect|p1a: Florges\n|-singleturn|p1a: Florges|Protect\n|move|p2a: Blissey|Seismic Toss|p1a: Florges\n|-activate|p1a: Florges|move: Protect\n|\n|-heal|p1a: Florges|167/271 par|[from] item: Leftovers\n|upkeep\n|turn|27\n|\n|t:|1723879317\n|move|p2a: Blissey|Seismic Toss|p1a: Florges\n|-damage|p1a: Florges|83/271 par\n|cant|p1a: Florges|par\n|\n|-heal|p1a: Florges|99/271 par|[from] item: Leftovers\n|upkeep\n|turn|28\n|\n|t:|1723879328\n|move|p2a: Blissey|Seismic Toss|p1a: Florges\n|-damage|p1a: Florges|15/271 par\n|move|p1a: Florges|Wish|p1a: Florges\n|\n|-heal|p1a: Florges|31/271 par|[from] item: Leftovers\n|upkeep\n|turn|29\n|\n|t:|1723879337\n|cant|p1a: Florges|par\n|move|p2a: Blissey|Seismic Toss|p1a: Florges\n|-damage|p1a: Florges|0 fnt\n|faint|p1a: Florges\n|\n|upkeep\n|\n|t:|1723879359\n|switch|p1a: Leafeon|Leafeon, L88, F|258/258\n|-damage|p1a: Leafeon|226/258|[from] Stealth Rock\n|turn|30\n|\n|t:|1723879372\n|switch|p2a: Ribombee|Ribombee, L82, M|233/233\n|move|p1a: Leafeon|Substitute|p1a: Leafeon\n|-start|p1a: Leafeon|Substitute\n|-damage|p1a: Leafeon|162/258\n|\n|-heal|p1a: Leafeon|178/258|[from] item: Leftovers\n|upkeep\n|turn|31\n|\n|t:|1723879390\n|-terastallize|p1a: Leafeon|Normal\n|move|p2a: Ribombee|Bug Buzz|p1a: Leafeon\n|-damage|p1a: Leafeon|69/258\n|move|p1a: Leafeon|Swords Dance|p1a: Leafeon\n|-boost|p1a: Leafeon|atk|2\n|\n|-heal|p1a: Leafeon|85/258|[from] item: Leftovers\n|upkeep\n|turn|32\n|-message|Sowla forfeited.\n|\n|win|Qiuescent\n|raw|Sowla's rating: 2260 &rarr; <strong>2236</strong><br />(-24 for losing)\n|raw|Qiuescent's rating: 2194 &rarr; <strong>2218</strong><br />(+24 for winning)\n|l|\u2606Sowla\n|player|p1|\n", "inputlog": ">version c8723271ab0675f5f411eb9d2dac5dec06d0ce89\n>start {\"formatid\":\"gen9randombattle\",\"seed\":[32159,62618,25185,59115],\"rated\":\"Rated battle\"}\n>player p1 {\"name\":\"Sowla\",\"avatar\":\"101\",\"rating\":2260,\"seed\":[6253,4496,58303,59899]}\n>player p2 {\"name\":\"Qiuescent\",\"avatar\":\"170\",\"rating\":2220,\"seed\":[8055,56031,27378,41244]}\n>p1 switch 2\n>p2 move irondefense\n>p1 move moonblast\n>p2 switch 6\n>p1 switch 2\n>p2 move thunderwave\n>p1 move avalanche\n>p2 switch 4\n>p1 move rapidspin\n>p2 move stickyweb\n>p1 move rapidspin\n>p2 move knockoff\n>p1 move rapidspin\n>p2 move stickyweb\n>p1 move rapidspin\n>p2 move stickyweb\n>p1 move rapidspin\n>p2 switch 6\n>p1 switch 2\n>p2 move irondefense\n>p1 move moonblast\n>p2 switch 2\n>p1 move moonblast\n>p2 move voltswitch\n>p2 switch 4\n>p1 move protect\n>p2 move seismictoss\n>p1 switch 2\n>p2 switch 5\n>p1 switch 2\n>p2 move moonblast\n>p1 move wish\n>p2 move stunspore\n>p1 move moonblast\n>p2 switch 5\n>p1 switch 2\n>p2 move seismictoss\n>p1 move recover\n>p2 switch 5\n>p1 switch 2\n>p2 move uturn\n>p2 switch 4\n>p1 move wish\n>p2 move stealthrock\n>p1 move calmmind\n>p2 move voltswitch\n>p2 switch 5\n>p1 move calmmind\n>p2 move seismictoss\n>p1 move protect\n>p2 move seismictoss\n>p1 move calmmind\n>p2 move seismictoss\n>p1 move protect\n>p2 move seismictoss\n>p1 move wish\n>p2 move seismictoss\n>p1 move wish\n>p2 move seismictoss\n>p1 move protect\n>p2 move seismictoss\n>p1 switch 4\n>p1 move substitute\n>p2 switch 4\n>p1 move swordsdance terastallize\n>p2 move bugbuzz\n>forcelose p1", "uploadtime": 1723879401, "views": 121, "formatid": "gen9randombattle", "rating": 2218, "private": 0, "password": null}