{"id": "gen9randombattle-2134947186", "format": "[Gen 9] Random Battle", "players": ["Qiuescent", "Nicmi27"], "log": "|badge|p2|bronze|gen9randombattle|100-1\n|uhtml|medal-msg|<div class=\"broadcast-blue\">Curious what those medals under the avatar are? PS now has Ladder Seasons! For more information, check out the <a href=\"https://www.smogon.com/forums/threads/3740067/\">thread on Smogon.</a></div>\n|j|\u203dQiuescent\n|j|\u2606Nicmi27\n|t:|1717264942\n|gametype|singles\n|player|p1|Qiuescent|170|2203\n|player|p2|Nicmi27|volo|2360\n|teamsize|p1|6\n|teamsize|p2|6\n|gen|9\n|tier|[Gen 9] Random Battle\n|rated|\n|rule|Species Clause: Limit one of each Pok\u00e9mon\n|rule|HP Percentage Mod: HP is shown in percentages\n|rule|Sleep Clause Mod: Limit one foe put to sleep\n|rule|Illusion Level Mod: Illusion disguises the Pok\u00e9mon's true level\n|\n|t:|1717264942\n|start\n|switch|p1a: Quagsire|Quagsire, L84, F|297/297\n|switch|p2a: Lumineon|Lumineon, L93, M|279/279\n|turn|1\n|inactive|Battle timer is ON: inactive players will automatically lose when time's up. (requested by Nicmi27)\n|inactive|Nicmi27 has 120 seconds left.\n|\n|t:|1717264990\n|move|p2a: Lumineon|Hydro Pump|p1a: Quagsire|[miss]\n|-miss|p2a: Lumineon|p1a: Quagsire\n|move|p1a: Quagsire|Toxic|p2a: Lumineon|[miss]\n|-miss|p1a: Quagsire|p2a: Lumineon\n|\n|upkeep\n|turn|2\n|\n|t:|1717264998\n|move|p2a: Lumineon|U-turn|p1a: Quagsire\n|-damage|p1a: Quagsire|246/297\n|\n|t:|1717265000\n|switch|p2a: Altaria|Altaria, L88, M|275/275|[from] U-turn\n|move|p1a: Quagsire|Toxic|p2a: Altaria|[miss]\n|-miss|p1a: Quagsire|p2a: Altaria\n|\n|-heal|p1a: Quagsire|264/297|[from] item: Leftovers\n|upkeep\n|turn|3\n|\n|t:|1717265003\n|switch|p2a: Slither Wing|Slither Wing, L81|270/270\n|move|p1a: Quagsire|Ice Beam|p2a: Slither Wing\n|-damage|p2a: Slither Wing|224/270\n|\n|-heal|p1a: Quagsire|282/297|[from] item: Leftovers\n|upkeep\n|turn|4\n|\n|t:|1717265008\n|move|p2a: Slither Wing|Close Combat|p1a: Quagsire\n|-damage|p1a: Quagsire|35/297\n|-unboost|p2a: Slither Wing|def|1\n|-unboost|p2a: Slither Wing|spd|1\n|move|p1a: Quagsire|Recover|p1a: Quagsire\n|-heal|p1a: Quagsire|184/297\n|\n|-heal|p1a: Quagsire|202/297|[from] item: Leftovers\n|upkeep\n|turn|5\n|\n|t:|1717265014\n|-end|p2a: Slither Wing|Protosynthesis|[silent]\n|switch|p2a: Lumineon|Lumineon, L93, M|279/279\n|switch|p1a: Chimecho|Chimecho, L94, M|293/293\n|\n|upkeep\n|turn|6\n|\n|t:|1717265018\n|move|p2a: Lumineon|Hydro Pump|p1a: Chimecho\n|-damage|p1a: Chimecho|187/293\n|move|p1a: Chimecho|Thunder Wave|p2a: Lumineon\n|-status|p2a: Lumineon|par\n|\n|-heal|p1a: Chimecho|205/293|[from] item: Leftovers\n|upkeep\n|turn|7\n|\n|t:|1717265021\n|move|p1a: Chimecho|Psychic Noise|p2a: Lumineon\n|-damage|p2a: Lumineon|185/279 par\n|-start|p2a: Lumineon|move: Heal Block\n|move|p2a: Lumineon|U-turn|p1a: Chimecho\n|-supereffective|p1a: Chimecho\n|-damage|p1a: Chimecho|117/293\n|\n|t:|1717265027\n|switch|p2a: Slither Wing|Slither Wing, L81|224/270|[from] U-turn\n|\n|-heal|p1a: Chimecho|135/293|[from] item: Leftovers\n|upkeep\n|turn|8\n|\n|t:|1717265037\n|switch|p1a: Suicune|Suicune, L82|298/298\n|-ability|p1a: Suicune|Pressure\n|move|p2a: Slither Wing|U-turn|p1a: Suicune\n|-damage|p1a: Suicune|186/298\n|\n|t:|1717265047\n|-end|p2a: Slither Wing|Protosynthesis|[silent]\n|switch|p2a: Minun|Minun, L95, M|268/268|[from] U-turn\n|\n|upkeep\n|turn|9\n|\n|t:|1717265050\n|switch|p1a: Ursaring|Ursaring, L84, M|288/288\n|move|p2a: Minun|Nasty Plot|p2a: Minun\n|-boost|p2a: Minun|spa|2\n|\n|upkeep\n|turn|10\n|\n|t:|1717265059\n|switch|p2a: Slither Wing|Slither Wing, L81|224/270\n|move|p1a: Ursaring|Earthquake|p2a: Slither Wing\n|-resisted|p2a: Slither Wing\n|-damage|p2a: Slither Wing|179/270\n|\n|upkeep\n|turn|11\n|\n|t:|1717265064\n|-terastallize|p1a: Ursaring|Ghost\n|move|p2a: Slither Wing|Close Combat|p1a: Ursaring\n|-immune|p1a: Ursaring\n|move|p1a: Ursaring|Body Slam|p2a: Slither Wing\n|-damage|p2a: Slither Wing|43/270\n|\n|upkeep\n|turn|12\n|\n|t:|1717265072\n|move|p2a: Slither Wing|Close Combat|p1a: Ursaring\n|-immune|p1a: Ursaring\n|move|p1a: Ursaring|Body Slam|p2a: Slither Wing\n|-crit|p2a: Slither Wing\n|-damage|p2a: Slither Wing|0 fnt\n|faint|p2a: Slither Wing\n|-end|p2a: Slither Wing|Protosynthesis|[silent]\n|\n|upkeep\n|\n|t:|1717265098\n|switch|p2a: Baxcalibur|Baxcalibur, L75, F|295/295\n|turn|13\n|\n|t:|1717265110\n|move|p2a: Baxcalibur|Swords Dance|p2a: Baxcalibur\n|-boost|p2a: Baxcalibur|atk|2\n|move|p1a: Ursaring|Body Slam|p2a: Baxcalibur\n|-damage|p2a: Baxcalibur|163/295\n|\n|upkeep\n|turn|14\n|\n|t:|1717265118\n|move|p2a: Baxcalibur|Icicle Spear|p1a: Ursaring\n|-damage|p1a: Ursaring|240/288\n|-damage|p1a: Ursaring|197/288\n|-damage|p1a: Ursaring|155/288\n|-damage|p1a: Ursaring|110/288\n|-hitcount|p1a: Ursaring|4\n|move|p1a: Ursaring|Body Slam|p2a: Baxcalibur\n|-damage|p2a: Baxcalibur|31/295\n|-status|p2a: Baxcalibur|par\n|\n|upkeep\n|turn|15\n|\n|t:|1717265127\n|move|p1a: Ursaring|Body Slam|p2a: Baxcalibur\n|-damage|p2a: Baxcalibur|0 fnt\n|faint|p2a: Baxcalibur\n|\n|upkeep\n|\n|t:|1717265139\n|switch|p2a: Minun|Minun, L95, M|268/268\n|turn|16\n|\n|t:|1717265144\n|move|p2a: Minun|Thunderbolt|p1a: Ursaring\n|-damage|p1a: Ursaring|16/288\n|-damage|p2a: Minun|242/268|[from] item: Life Orb\n|move|p1a: Ursaring|Earthquake|p2a: Minun\n|-supereffective|p2a: Minun\n|-damage|p2a: Minun|10/268\n|\n|upkeep\n|turn|17\n|\n|t:|1717265149\n|move|p2a: Minun|Thunderbolt|p1a: Ursaring\n|-damage|p1a: Ursaring|0 fnt\n|faint|p1a: Ursaring\n|-damage|p2a: Minun|0 fnt|[from] item: Life Orb\n|faint|p2a: Minun\n|\n|upkeep\n|\n|t:|1717265157\n|switch|p2a: Altaria|Altaria, L88, M|275/275\n|switch|p1a: Glaceon|Glaceon, L94, M|275/275\n|turn|18\n|\n|t:|1717265177\n|switch|p2a: Lumineon|Lumineon, L93, M|185/279 par\n|move|p1a: Glaceon|Freeze-Dry|p2a: Lumineon\n|-supereffective|p2a: Lumineon\n|-damage|p2a: Lumineon|0 fnt\n|faint|p2a: Lumineon\n|\n|upkeep\n|\n|t:|1717265180\n|switch|p2a: Zamazenta|Zamazenta-Crowned, L68|238/238\n|-ability|p2a: Zamazenta|Dauntless Shield|boost\n|-boost|p2a: Zamazenta|def|1\n|turn|19\n|\n|t:|1717265193\n|switch|p1a: Azelf|Azelf, L82|257/257\n|-terastallize|p2a: Zamazenta|Fighting\n|move|p2a: Zamazenta|Body Press|p1a: Azelf\n|-resisted|p1a: Azelf\n|-damage|p1a: Azelf|172/257\n|\n|upkeep\n|turn|20\n|-message|Nicmi27 forfeited.\n|\n|win|Qiuescent\n|raw|Qiuescent's rating: 2203 &rarr; <strong>2231</strong><br />(+28 for winning)\n|raw|Nicmi27's rating: 2360 &rarr; <strong>2332</strong><br />(-28 for losing)\n|l|\u2606Nicmi27\n|player|p2|\n", "inputlog": ">version 7c8d37c5aaa9eff7a3b20281576ec05e776aaf74\n>start {\"formatid\":\"gen9randombattle\",\"seed\":[59497,38129,53757,23611],\"rated\":\"Rated battle\"}\n>player p1 {\"name\":\"Qiuescent\",\"avatar\":\"170\",\"rating\":2203,\"seed\":[6393,62167,27457,3488]}\n>player p2 {\"name\":\"Nicmi27\",\"avatar\":\"volo\",\"rating\":2360,\"seed\":[57963,25396,41667,40135]}\n>p1 move toxic\n>p2 move hydropump\n>p1 move toxic\n>p2 move uturn\n>p2 switch 5\n>p1 move icebeam\n>p2 switch 4\n>p1 move recover\n>p2 move closecombat\n>p1 switch 5\n>p2 switch 5\n>p1 move thunderwave\n>p2 move hydropump\n>p1 move psychicnoise\n>p2 move uturn\n>p2 switch 5\n>p1 switch 3\n>p2 move uturn\n>p2 switch 3\n>p1 switch 2\n>p2 move nastyplot\n>p1 move earthquake\n>p2 switch 3\n>p1 move bodyslam terastallize\n>p2 move closecombat\n>p1 move bodyslam\n>p2 move closecombat\n>p2 switch 2\n>p1 move bodyslam\n>p2 move swordsdance\n>p1 move bodyslam\n>p2 move iciclespear\n>p1 move bodyslam\n>p2 move iciclespear\n>p2 switch 3\n>p1 move earthquake\n>p2 move thunderbolt\n>p1 move bodyslam\n>p2 move thunderbolt\n>p1 switch 4\n>p2 switch 4\n>p1 move freezedry\n>p2 switch 5\n>p2 switch 6\n>p1 switch 6\n>p2 move bodypress terastallize\n>forcelose p2", "uploadtime": 1717265200, "views": 217, "formatid": "gen9randombattle", "rating": 2231, "private": 0, "password": null}