{"id": "gen9randombattle-2260527796", "format": "[Gen 9] Random Battle", "players": ["en kerro", "Somberz"], "log": "|j|\u2606en kerro\n|j|\u2606Somberz\n|t:|1733860298\n|gametype|singles\n|player|p1|en kerro|1|1554\n|player|p2|Somberz|ingo|1530\n|teamsize|p1|6\n|teamsize|p2|6\n|gen|9\n|tier|[Gen 9] Random Battle\n|rated|\n|rule|Species Clause: Limit one of each Pok\u00e9mon\n|rule|HP Percentage Mod: HP is shown in percentages\n|rule|Sleep Clause Mod: Limit one foe put to sleep\n|rule|Illusion Level Mod: Illusion disguises the Pok\u00e9mon's true level\n|\n|t:|1733860298\n|start\n|switch|p1a: Grumpig|Grumpig, L92, F|297/297\n|switch|p2a: Phione|Phione, L91|293/293\n|turn|1\n|inactive|Battle timer is ON: inactive players will automatically lose when time's up. (requested by en kerro)\n|\n|t:|1733860318\n|move|p1a: Grumpig|Nasty Plot|p1a: Grumpig\n|-boost|p1a: Grumpig|spa|2\n|move|p2a: Phione|Take Heart|p2a: Phione\n|-boost|p2a: Phione|spa|1\n|-boost|p2a: Phione|spd|1\n|\n|upkeep\n|turn|2\n|\n|t:|1733860323\n|move|p1a: Grumpig|Psychic|p2a: Phione\n|-damage|p2a: Phione|146/293\n|move|p2a: Phione|Scald|p1a: Grumpig\n|-damage|p1a: Grumpig|204/297\n|-status|p1a: Grumpig|brn\n|\n|-heal|p1a: Grumpig|222/297 brn|[from] item: Leftovers\n|-heal|p2a: Phione|164/293|[from] item: Leftovers\n|-damage|p1a: Grumpig|204/297 brn|[from] brn\n|upkeep\n|turn|3\n|\n|t:|1733860329\n|move|p1a: Grumpig|Psychic|p2a: Phione\n|-damage|p2a: Phione|16/293\n|move|p2a: Phione|Scald|p1a: Grumpig\n|-damage|p1a: Grumpig|104/297 brn\n|\n|-heal|p1a: Grumpig|122/297 brn|[from] item: Leftovers\n|-heal|p2a: Phione|34/293|[from] item: Leftovers\n|-damage|p1a: Grumpig|104/297 brn|[from] brn\n|upkeep\n|turn|4\n|\n|t:|1733860333\n|switch|p2a: Blissey|Blissey, L84, F|566/566\n|move|p1a: Grumpig|Psychic|p2a: Blissey\n|-damage|p2a: Blissey|409/566\n|\n|-heal|p1a: Grumpig|122/297 brn|[from] item: Leftovers\n|-heal|p2a: Blissey|444/566|[from] item: Leftovers\n|-damage|p1a: Grumpig|104/297 brn|[from] brn\n|upkeep\n|turn|5\n|\n|t:|1733860346\n|switch|p1a: Spiritomb|Spiritomb, L89, M|234/234\n|move|p2a: Blissey|Seismic Toss|p1a: Spiritomb\n|-immune|p1a: Spiritomb\n|\n|-heal|p2a: Blissey|479/566|[from] item: Leftovers\n|upkeep\n|turn|6\n|\n|t:|1733860356\n|switch|p1a: Luxray|Luxray, L88, M|284/284\n|-ability|p1a: Luxray|Intimidate|boost\n|-unboost|p2a: Blissey|atk|1\n|move|p2a: Blissey|Thunder Wave|p1a: Luxray\n|-immune|p1a: Luxray\n|\n|-heal|p2a: Blissey|514/566|[from] item: Leftovers\n|upkeep\n|turn|7\n|\n|t:|1733860368\n|switch|p2a: Ogerpon|Ogerpon, L80, F|259/259\n|move|p1a: Luxray|Wild Charge|p2a: Ogerpon\n|-resisted|p2a: Ogerpon\n|-damage|p2a: Ogerpon|193/259\n|-damage|p1a: Luxray|267/284|[from] Recoil\n|\n|upkeep\n|turn|8\n|\n|t:|1733860376\n|switch|p1a: Gogoat|Gogoat, L88, M|360/360\n|move|p2a: Ogerpon|Ivy Cudgel|p1a: Gogoat\n|-ability|p1a: Gogoat|Sap Sipper|boost\n|-boost|p1a: Gogoat|atk|1\n|\n|upkeep\n|turn|9\n|\n|t:|1733860382\n|move|p2a: Ogerpon|Knock Off|p1a: Gogoat\n|-damage|p1a: Gogoat|248/360\n|-enditem|p1a: Gogoat|Leftovers|[from] move: Knock Off|[of] p2a: Ogerpon\n|-damage|p2a: Ogerpon|168/259|[from] item: Life Orb\n|move|p1a: Gogoat|Bulk Up|p1a: Gogoat\n|-boost|p1a: Gogoat|atk|1\n|-boost|p1a: Gogoat|def|1\n|\n|upkeep\n|turn|10\n|\n|t:|1733860392\n|switch|p2a: Phione|Phione, L91|34/293\n|move|p1a: Gogoat|Bulk Up|p1a: Gogoat\n|-boost|p1a: Gogoat|atk|1\n|-boost|p1a: Gogoat|def|1\n|\n|-heal|p2a: Phione|52/293|[from] item: Leftovers\n|upkeep\n|turn|11\n|\n|t:|1733860394\n|move|p2a: Phione|Ice Beam|p1a: Gogoat\n|-supereffective|p1a: Gogoat\n|-damage|p1a: Gogoat|122/360\n|move|p1a: Gogoat|Horn Leech|p2a: Phione\n|-supereffective|p2a: Phione\n|-damage|p2a: Phione|0 fnt\n|-heal|p1a: Gogoat|148/360|[from] drain|[of] p2a: Phione\n|faint|p2a: Phione\n|\n|upkeep\n|\n|t:|1733860413\n|switch|p2a: Annihilape|Annihilape, L76, M|292/292\n|turn|12\n|\n|t:|1733860418\n|move|p2a: Annihilape|Bulk Up|p2a: Annihilape\n|-boost|p2a: Annihilape|atk|1\n|-boost|p2a: Annihilape|def|1\n|move|p1a: Gogoat|Horn Leech|p2a: Annihilape\n|-damage|p2a: Annihilape|127/292\n|-heal|p1a: Gogoat|231/360|[from] drain|[of] p2a: Annihilape\n|\n|-heal|p2a: Annihilape|145/292|[from] item: Leftovers\n|upkeep\n|turn|13\n|\n|t:|1733860430\n|move|p2a: Annihilape|Drain Punch|p1a: Gogoat\n|-damage|p1a: Gogoat|158/360\n|-heal|p2a: Annihilape|182/292|[from] drain|[of] p1a: Gogoat\n|move|p1a: Gogoat|Horn Leech|p2a: Annihilape\n|-damage|p2a: Annihilape|16/292\n|-heal|p1a: Gogoat|241/360|[from] drain|[of] p2a: Annihilape\n|\n|-heal|p2a: Annihilape|34/292|[from] item: Leftovers\n|upkeep\n|turn|14\n|\n|t:|1733860434\n|move|p2a: Annihilape|Rage Fist|p1a: Gogoat\n|-damage|p1a: Gogoat|93/360\n|move|p1a: Gogoat|Horn Leech|p2a: Annihilape\n|-damage|p2a: Annihilape|0 fnt\n|-heal|p1a: Gogoat|110/360|[from] drain|[of] p2a: Annihilape\n|faint|p2a: Annihilape\n|\n|upkeep\n|\n|t:|1733860437\n|switch|p2a: Ogerpon|Ogerpon, L80, F|168/259\n|turn|15\n|\n|t:|1733860440\n|-terastallize|p2a: Ogerpon|Grass\n|detailschange|p2a: Ogerpon|Ogerpon-Teal-Tera, L80, F, tera:Grass\n|-ability|p2a: Ogerpon|Embody Aspect (Teal)|boost\n|-boost|p2a: Ogerpon|spe|1\n|move|p2a: Ogerpon|Swords Dance|p2a: Ogerpon\n|-boost|p2a: Ogerpon|atk|2\n|move|p1a: Gogoat|Horn Leech|p2a: Ogerpon\n|-resisted|p2a: Ogerpon\n|-damage|p2a: Ogerpon|47/259\n|-heal|p1a: Gogoat|171/360|[from] drain|[of] p2a: Ogerpon\n|\n|upkeep\n|turn|16\n|\n|t:|1733860447\n|move|p2a: Ogerpon|Superpower|p1a: Gogoat\n|-damage|p1a: Gogoat|25/360\n|-unboost|p2a: Ogerpon|atk|1\n|-unboost|p2a: Ogerpon|def|1\n|-damage|p2a: Ogerpon|22/259|[from] item: Life Orb\n|move|p1a: Gogoat|Horn Leech|p2a: Ogerpon\n|-resisted|p2a: Ogerpon\n|-damage|p2a: Ogerpon|0 fnt\n|-heal|p1a: Gogoat|36/360|[from] drain|[of] p2a: Ogerpon\n|faint|p2a: Ogerpon\n|\n|upkeep\n|\n|t:|1733860449\n|switch|p2a: Lycanroc|Lycanroc, L86, M|269/269\n|turn|17\n|\n|t:|1733860451\n|move|p2a: Lycanroc|Stone Edge|p1a: Gogoat\n|-crit|p1a: Gogoat\n|-damage|p1a: Gogoat|0 fnt\n|faint|p1a: Gogoat\n|-damage|p2a: Lycanroc|243/269|[from] item: Life Orb\n|\n|upkeep\n|c|\u2606Somberz|this thing is so fucked\n|\n|t:|1733860461\n|switch|p1a: Luxray|Luxray, L88, M|267/284\n|-ability|p1a: Luxray|Intimidate|boost\n|-unboost|p2a: Lycanroc|atk|1\n|turn|18\n|\n|t:|1733860465\n|move|p2a: Lycanroc|Swords Dance|p2a: Lycanroc\n|-boost|p2a: Lycanroc|atk|2\n|move|p1a: Luxray|Volt Switch|p2a: Lycanroc\n|-damage|p2a: Lycanroc|150/269\n|\n|t:|1733860468\n|switch|p1a: Spiritomb|Spiritomb, L89, M|234/234|[from] Volt Switch\n|\n|upkeep\n|turn|19\n|\n|t:|1733860470\n|move|p2a: Lycanroc|Stone Edge|p1a: Spiritomb\n|-damage|p1a: Spiritomb|26/234\n|-damage|p2a: Lycanroc|124/269|[from] item: Life Orb\n|move|p1a: Spiritomb|Foul Play|p2a: Lycanroc\n|-damage|p2a: Lycanroc|0 fnt\n|faint|p2a: Lycanroc\n|\n|upkeep\n|\n|t:|1733860472\n|switch|p2a: Cloyster|Cloyster, L80, M|211/211\n|turn|20\n|\n|t:|1733860476\n|switch|p1a: Luxray|Luxray, L88, M|267/284\n|-ability|p1a: Luxray|Intimidate|boost\n|-unboost|p2a: Cloyster|atk|1\n|-enditem|p2a: Cloyster|White Herb\n|-clearnegativeboost|p2a: Cloyster|[silent]\n|move|p2a: Cloyster|Shell Smash|p2a: Cloyster\n|-unboost|p2a: Cloyster|def|1\n|-unboost|p2a: Cloyster|spd|1\n|-boost|p2a: Cloyster|atk|2\n|-boost|p2a: Cloyster|spa|2\n|-boost|p2a: Cloyster|spe|2\n|\n|upkeep\n|turn|21\n|\n|t:|1733860481\n|move|p2a: Cloyster|Icicle Spear|p1a: Luxray\n|-damage|p1a: Luxray|216/284\n|-damage|p1a: Luxray|161/284\n|-damage|p1a: Luxray|110/284\n|-damage|p1a: Luxray|58/284\n|-damage|p1a: Luxray|9/284\n|-hitcount|p1a: Luxray|5\n|move|p1a: Luxray|Volt Switch|p2a: Cloyster\n|-supereffective|p2a: Cloyster\n|-damage|p2a: Cloyster|0 fnt\n|faint|p2a: Cloyster\n|\n|t:|1733860484\n|switch|p1a: Crawdaunt|Crawdaunt, L84, F|243/243|[from] Volt Switch\n|\n|upkeep\n|c|\u2606Somberz|aight\n|l|\u2606Somberz\n|inactive|Somberz disconnected and has a minute to reconnect!\n|player|p2|\n|n|!en kerro|enkerro\n|inactive|Somberz has 30 seconds to reconnect!\n|inactive|Somberz has 20 seconds to reconnect!\n|inactive|Somberz has 15 seconds to reconnect!\n|inactive|Somberz has 10 seconds to reconnect!\n|inactive|Somberz has 5 seconds to reconnect!\n|-message|Somberz lost due to inactivity.\n|\n|win|en kerro\n", "inputlog": ">version bfd83cad13791eb5a5a409923076391caf6fb4d4\n>start {\"formatid\":\"gen9randombattle\",\"seed\":[39774,43444,43291,61527],\"rated\":\"Rated battle\"}\n>player p1 {\"name\":\"en kerro\",\"avatar\":\"1\",\"rating\":1554,\"seed\":[22629,55242,29287,3836]}\n>player p2 {\"name\":\"Somberz\",\"avatar\":\"ingo\",\"rating\":1530,\"seed\":[59067,4523,13129,2529]}\n>p1 move nastyplot\n>p2 move takeheart\n>p1 move psychic\n>p2 move scald\n>p1 move psychic\n>p2 move scald\n>p1 move psychic\n>p2 switch 4\n>p1 switch 2\n>p2 move seismictoss\n>p1 switch 3\n>p2 move thunderwave\n>p1 move wildcharge\n>p2 switch 6\n>p1 switch 5\n>p2 move ivycudgel\n>p1 move bulkup\n>p2 move knockoff\n>p1 move bulkup\n>p2 switch 4\n>p1 move hornleech\n>p2 move icebeam\n>p2 switch 2\n>p1 move hornleech\n>p2 move bulkup\n>p1 move hornleech\n>p2 move drainpunch\n>p1 move hornleech\n>p2 move ragefist\n>p2 switch 4\n>p1 move hornleech\n>p2 move swordsdance terastallize\n>p1 move hornleech\n>p2 move superpower\n>p2 switch 5\n>p1 move hornleech\n>p2 move stoneedge\n>chat \u2606Somberz|this thing is so fucked\n>p1 switch 5\n>p1 move voltswitch\n>p2 move swordsdance\n>p1 switch 3\n>p1 move foulplay\n>p2 move stoneedge\n>p2 switch 3\n>p1 switch 3\n>p2 move shellsmash\n>p1 move voltswitch\n>p2 move iciclespear\n>p1 switch 4\n>chat \u2606Somberz|aight\n>chat \u2606en kerro|pussy\n>forcelose p2", "uploadtime": 1733860492, "views": 1, "formatid": "gen9randombattle", "rating": null, "private": 0, "password": null}