{"id": "gen9randombattle-2185394275", "format": "[Gen 9] Random Battle", "players": ["Yusei1789", "scyther225"], "log": "|badge|p1|bronze|gen9randombattle|100-2\n|uhtml|medal-msg|<div class=\"broadcast-blue\">Curious what those medals under the avatar are? PS now has Ladder Seasons! For more information, check out the <a href=\"https://www.smogon.com/forums/threads/3740067/\">thread on Smogon.</a></div>\n|j|\u2606Yusei1789\n|j|\u2606scyther225\n|t:|1724333990\n|gametype|singles\n|player|p1|Yusei1789|101|2344\n|player|p2|scyther225|acetrainer-gen4dp|2350\n|teamsize|p1|6\n|teamsize|p2|6\n|gen|9\n|tier|[Gen 9] Random Battle\n|rated|\n|rule|Species Clause: Limit one of each Pok\u00e9mon\n|rule|HP Percentage Mod: HP is shown in percentages\n|rule|Sleep Clause Mod: Limit one foe put to sleep\n|rule|Illusion Level Mod: Illusion disguises the Pok\u00e9mon's true level\n|\n|t:|1724333990\n|start\n|switch|p1a: Scrafty|Scrafty, L84, F|246/246\n|switch|p2a: Tatsugiri|Tatsugiri, L86, F|257/257\n|turn|1\n|inactive|Battle timer is ON: inactive players will automatically lose when time's up. (requested by Yusei1789)\n|\n|t:|1724333996\n|switch|p2a: Zacian|Zacian-Crowned, L64|225/225\n|-ability|p2a: Zacian|Intrepid Sword|boost\n|-boost|p2a: Zacian|atk|1\n|move|p1a: Scrafty|Knock Off|p2a: Zacian\n|-resisted|p2a: Zacian\n|-damage|p2a: Zacian|193/225\n|\n|upkeep\n|turn|2\n|inactive|Yusei1789 has 120 seconds left.\n|\n|t:|1724334053\n|move|p2a: Zacian|Swords Dance|p2a: Zacian\n|-boost|p2a: Zacian|atk|2\n|move|p1a: Scrafty|Drain Punch|p2a: Zacian\n|-damage|p2a: Zacian|108/225\n|\n|upkeep\n|turn|3\n|\n|t:|1724334062\n|-terastallize|p1a: Scrafty|Poison\n|move|p2a: Zacian|Behemoth Blade|p1a: Scrafty\n|-damage|p1a: Scrafty|68/246\n|move|p1a: Scrafty|Drain Punch|p2a: Zacian\n|-damage|p2a: Zacian|24/225\n|-heal|p1a: Scrafty|110/246|[from] drain|[of] p2a: Zacian\n|\n|-heal|p1a: Scrafty|125/246|[from] item: Leftovers\n|upkeep\n|turn|4\n|\n|t:|1724334078\n|switch|p1a: Infernape|Infernape, L82, F|259/259\n|move|p2a: Zacian|Behemoth Blade|p1a: Infernape\n|-resisted|p1a: Infernape\n|-damage|p1a: Infernape|128/259\n|\n|upkeep\n|turn|5\n|\n|t:|1724334083\n|move|p1a: Infernape|Mach Punch|p2a: Zacian\n|-damage|p2a: Zacian|0 fnt\n|faint|p2a: Zacian\n|\n|upkeep\n|\n|t:|1724334088\n|switch|p2a: Ceruledge|Ceruledge, L78, M|245/245\n|turn|6\n|\n|t:|1724334112\n|switch|p1a: Thundurus|Thundurus, L80, M|258/258\n|move|p2a: Ceruledge|Swords Dance|p2a: Ceruledge\n|-boost|p2a: Ceruledge|atk|2\n|\n|upkeep\n|turn|7\n|\n|t:|1724334118\n|move|p1a: Thundurus|Thunderbolt|p2a: Ceruledge\n|-damage|p2a: Ceruledge|142/245\n|move|p2a: Ceruledge|Bitter Blade|p1a: Thundurus\n|-damage|p1a: Thundurus|0 fnt\n|-heal|p2a: Ceruledge|245/245|[from] drain|[of] p1a: Thundurus\n|faint|p1a: Thundurus\n|\n|upkeep\n|\n|t:|1724334124\n|switch|p1a: Basculin|Basculin-Blue-Striped, L86, F|261/261\n|turn|8\n|\n|t:|1724334136\n|switch|p2a: Tatsugiri|Tatsugiri, L86, F|257/257\n|move|p1a: Basculin|Wave Crash|p2a: Tatsugiri\n|-ability|p2a: Tatsugiri|Storm Drain|boost\n|-boost|p2a: Tatsugiri|spa|1\n|\n|upkeep\n|turn|9\n|\n|t:|1724334145\n|switch|p1a: Regice|Regice, L88|284/284\n|move|p2a: Tatsugiri|Rapid Spin|p1a: Regice\n|-damage|p1a: Regice|262/284\n|-boost|p2a: Tatsugiri|spe|1\n|\n|upkeep\n|turn|10\n|\n|t:|1724334152\n|switch|p2a: Ceruledge|Ceruledge, L78, M|245/245\n|move|p1a: Regice|Ice Beam|p2a: Ceruledge\n|-resisted|p2a: Ceruledge\n|-damage|p2a: Ceruledge|196/245\n|\n|upkeep\n|turn|11\n|inactive|Yusei1789 has 120 seconds left.\n|\n|t:|1724334160\n|switch|p1a: Basculin|Basculin-Blue-Striped, L86, F|261/261\n|move|p2a: Ceruledge|Swords Dance|p2a: Ceruledge\n|-boost|p2a: Ceruledge|atk|2\n|\n|upkeep\n|turn|12\n|\n|t:|1724334165\n|switch|p2a: Tatsugiri|Tatsugiri, L86, F|257/257\n|move|p1a: Basculin|Wave Crash|p2a: Tatsugiri\n|-ability|p2a: Tatsugiri|Storm Drain|boost\n|-boost|p2a: Tatsugiri|spa|1\n|\n|upkeep\n|turn|13\n|\n|t:|1724334172\n|switch|p1a: Regice|Regice, L88|262/284\n|move|p2a: Tatsugiri|Hydro Pump|p1a: Regice\n|-damage|p1a: Regice|160/284\n|\n|upkeep\n|turn|14\n|\n|t:|1724334175\n|switch|p2a: Ceruledge|Ceruledge, L78, M|196/245\n|move|p1a: Regice|Thunderbolt|p2a: Ceruledge\n|-damage|p2a: Ceruledge|129/245\n|\n|upkeep\n|turn|15\n|\n|t:|1724334186\n|move|p2a: Ceruledge|Poltergeist|p1a: Regice|[miss]\n|-miss|p2a: Ceruledge|p1a: Regice\n|move|p1a: Regice|Thunderbolt|p2a: Ceruledge\n|-damage|p2a: Ceruledge|58/245\n|\n|upkeep\n|turn|16\n|\n|t:|1724334194\n|switch|p1a: Basculin|Basculin-Blue-Striped, L86, F|261/261\n|move|p2a: Ceruledge|Bitter Blade|p1a: Basculin\n|-resisted|p1a: Basculin\n|-damage|p1a: Basculin|194/261\n|-heal|p2a: Ceruledge|92/245|[from] drain|[of] p1a: Basculin\n|\n|upkeep\n|turn|17\n|\n|t:|1724334201\n|switch|p2a: Tatsugiri|Tatsugiri, L86, F|257/257\n|move|p1a: Basculin|Double-Edge|p2a: Tatsugiri\n|-damage|p2a: Tatsugiri|94/257\n|-damage|p1a: Basculin|140/261|[from] Recoil\n|\n|upkeep\n|turn|18\n|\n|t:|1724334220\n|switch|p1a: Regice|Regice, L88|160/284\n|switch|p2a: Ceruledge|Ceruledge, L78, M|92/245\n|\n|upkeep\n|turn|19\n|\n|t:|1724334236\n|switch|p1a: Infernape|Infernape, L82, F|128/259\n|move|p2a: Ceruledge|Bitter Blade|p1a: Infernape\n|-resisted|p1a: Infernape\n|-damage|p1a: Infernape|65/259\n|-heal|p2a: Ceruledge|124/245|[from] drain|[of] p1a: Infernape\n|\n|upkeep\n|turn|20\n|\n|t:|1724334250\n|-terastallize|p2a: Ceruledge|Fighting\n|move|p1a: Infernape|Flare Blitz|p2a: Ceruledge\n|-damage|p2a: Ceruledge|0 fnt\n|faint|p2a: Ceruledge\n|-damage|p1a: Infernape|24/259|[from] Recoil\n|\n|upkeep\n|\n|t:|1724334255\n|switch|p2a: Tatsugiri|Tatsugiri, L86, F|94/257\n|turn|21\n|\n|t:|1724334271\n|switch|p1a: Regice|Regice, L88|160/284\n|move|p2a: Tatsugiri|Rapid Spin|p1a: Regice\n|-damage|p1a: Regice|140/284\n|-boost|p2a: Tatsugiri|spe|1\n|\n|upkeep\n|turn|22\n|\n|t:|1724334274\n|move|p2a: Tatsugiri|Hydro Pump|p1a: Regice\n|-damage|p1a: Regice|67/284\n|move|p1a: Regice|Ice Beam|p2a: Tatsugiri\n|-damage|p2a: Tatsugiri|0 fnt\n|faint|p2a: Tatsugiri\n|\n|upkeep\n|\n|t:|1724334286\n|switch|p2a: Scovillain|Scovillain, L91, F|266/266\n|turn|23\n|\n|t:|1724334291\n|move|p2a: Scovillain|Sunny Day|p2a: Scovillain\n|-weather|SunnyDay\n|move|p1a: Regice|Ice Beam|p2a: Scovillain\n|-damage|p2a: Scovillain|140/266\n|\n|-weather|SunnyDay|[upkeep]\n|upkeep\n|turn|24\n|\n|t:|1724334299\n|move|p2a: Scovillain|Stomping Tantrum|p1a: Regice\n|-damage|p1a: Regice|7/284\n|move|p1a: Regice|Ice Beam|p2a: Scovillain\n|-damage|p2a: Scovillain|11/266\n|\n|-weather|SunnyDay|[upkeep]\n|upkeep\n|turn|25\n|\n|t:|1724334307\n|move|p2a: Scovillain|Energy Ball|p1a: Regice\n|-crit|p1a: Regice\n|-damage|p1a: Regice|0 fnt\n|faint|p1a: Regice\n|\n|-weather|SunnyDay|[upkeep]\n|upkeep\n|\n|t:|1724334316\n|switch|p1a: Infernape|Infernape, L82, F|24/259\n|turn|26\n|\n|t:|1724334334\n|switch|p2a: Gholdengo|Gholdengo, L77|261/261\n|move|p1a: Infernape|Mach Punch|p2a: Gholdengo\n|-immune|p2a: Gholdengo\n|\n|-weather|SunnyDay|[upkeep]\n|upkeep\n|turn|27\n|\n|t:|1724334350\n|switch|p1a: Scrafty|Scrafty, L84, F, tera:Poison|125/246\n|move|p2a: Gholdengo|Shadow Ball|p1a: Scrafty\n|-damage|p1a: Scrafty|58/246\n|\n|-weather|none\n|-heal|p1a: Scrafty|73/246|[from] item: Leftovers\n|upkeep\n|turn|28\n|\n|t:|1724334357\n|move|p2a: Gholdengo|Make It Rain|p1a: Scrafty\n|-damage|p1a: Scrafty|0 fnt\n|-unboost|p2a: Gholdengo|spa|1\n|faint|p1a: Scrafty\n|\n|upkeep\n|\n|t:|1724334380\n|switch|p1a: Basculin|Basculin-Blue-Striped, L86, F|140/261\n|turn|29\n|\n|t:|1724334382\n|move|p1a: Basculin|Wave Crash|p2a: Gholdengo\n|-damage|p2a: Gholdengo|3/261\n|-damage|p1a: Basculin|55/261|[from] Recoil\n|move|p2a: Gholdengo|Shadow Ball|p1a: Basculin\n|-damage|p1a: Basculin|0 fnt\n|faint|p1a: Basculin\n|\n|-heal|p2a: Gholdengo|19/261|[from] item: Leftovers\n|upkeep\n|\n|t:|1724334391\n|switch|p1a: Iron Boulder|Iron Boulder, L77|265/265\n|turn|30\n|\n|t:|1724334395\n|move|p1a: Iron Boulder|Mighty Cleave|p2a: Gholdengo\n|-resisted|p2a: Gholdengo\n|-damage|p2a: Gholdengo|0 fnt\n|faint|p2a: Gholdengo\n|-damage|p1a: Iron Boulder|239/265|[from] item: Life Orb\n|\n|upkeep\n|c|\u2606scyther225|my ability to choke is crazy\n|c|\u2606scyther225|lol\n|-message|scyther225 forfeited.\n|\n|win|Yusei1789\n|raw|Yusei1789's rating: 2344 &rarr; <strong>2364</strong><br />(+20 for winning)\n|raw|scyther225's rating: 2350 &rarr; <strong>2330</strong><br />(-20 for losing)\n|l|\u2606scyther225\n|player|p2|\n", "inputlog": ">version 6a1360c35b8aa5f7d54e32a492626d5298caa6f7\n>start {\"formatid\":\"gen9randombattle\",\"seed\":[17897,39536,7464,38228],\"rated\":\"Rated battle\"}\n>player p1 {\"name\":\"Yusei1789\",\"avatar\":\"101\",\"rating\":2344,\"seed\":[28934,58964,62734,24977]}\n>player p2 {\"name\":\"scyther225\",\"avatar\":\"acetrainer-gen4dp\",\"rating\":2350,\"seed\":[53697,59015,41088,62776]}\n>p1 move knockoff\n>p2 switch 2\n>p1 move drainpunch\n>p2 move swordsdance\n>p1 move drainpunch terastallize\n>p2 move behemothblade\n>p1 switch 6\n>p2 move behemothblade\n>p1 move machpunch\n>p2 move behemothblade\n>p2 switch 5\n>p1 switch 3\n>p2 move swordsdance\n>p1 move thunderbolt\n>p2 move bitterblade\n>p1 switch 5\n>p1 move wavecrash\n>p2 switch 2\n>p1 switch 4\n>p2 move rapidspin\n>p1 move icebeam\n>p2 switch 2\n>p1 switch 4\n>p2 move swordsdance\n>p1 move wavecrash\n>p2 switch 2\n>p1 switch 4\n>p2 move hydropump\n>p1 move thunderbolt\n>p2 switch 2\n>p1 move thunderbolt\n>p2 move poltergeist\n>p1 switch 4\n>p2 move bitterblade\n>p1 move doubleedge\n>p2 switch 2\n>p1 switch 4\n>p2 switch 2\n>p1 switch 3\n>p2 move bitterblade\n>p1 move flareblitz\n>p2 move bitterblade terastallize\n>p2 switch 2\n>p1 switch 3\n>p2 move rapidspin\n>p1 move icebeam\n>p2 move hydropump\n>p2 switch 6\n>p1 move icebeam\n>p2 move sunnyday\n>p1 move icebeam\n>p2 move stompingtantrum\n>p1 move icebeam\n>p2 move energyball\n>p1 switch 3\n>p1 move machpunch\n>p2 switch 3\n>p1 switch 6\n>p2 move shadowball\n>p1 move knockoff\n>p2 move makeitrain\n>p1 switch 4\n>p1 move wavecrash\n>p2 move shadowball\n>p1 switch 2\n>p1 move mightycleave\n>p2 move makeitrain\n>chat \u2606scyther225|my ability to choke is crazy\n>chat \u2606scyther225|lol\n>forcelose p2", "uploadtime": 1724334419, "views": 114, "formatid": "gen9randombattle", "rating": 2330, "private": 0, "password": null}