{"id": "gen9randombattle-2259957379", "format": "[Gen 9] Random Battle", "players": ["Funny55Man", "CVF1"], "log": "|j|\u2606Funny55Man\n|j|\u2606CVF1\n|t:|1733784196\n|gametype|singles\n|player|p1|Funny55Man|harlequin|1277\n|player|p2|CVF1|steven-masters2|1227\n|teamsize|p1|6\n|teamsize|p2|6\n|gen|9\n|tier|[Gen 9] Random Battle\n|rated|\n|rule|Species Clause: Limit one of each Pok\u00e9mon\n|rule|HP Percentage Mod: HP is shown in percentages\n|rule|Sleep Clause Mod: Limit one foe put to sleep\n|rule|Illusion Level Mod: Illusion disguises the Pok\u00e9mon's true level\n|\n|t:|1733784196\n|start\n|switch|p1a: Charizard|Charizard, L85, F|271/271\n|switch|p2a: Swanna|Swanna, L88, M|275/275\n|turn|1\n|\n|t:|1733784222\n|switch|p1a: Persian|Persian, L92, M|269/269\n|move|p2a: Swanna|Hydro Pump|p1a: Persian\n|-damage|p1a: Persian|143/269\n|\n|upkeep\n|turn|2\n|\n|t:|1733784242\n|move|p1a: Persian|Double-Edge|p2a: Swanna\n|-damage|p2a: Swanna|55/275\n|-damage|p1a: Persian|70/269|[from] Recoil\n|move|p2a: Swanna|Hydro Pump|p1a: Persian|[miss]\n|-miss|p2a: Swanna|p1a: Persian\n|\n|upkeep\n|turn|3\n|\n|t:|1733784254\n|move|p1a: Persian|Double-Edge|p2a: Swanna\n|-damage|p2a: Swanna|0 fnt\n|faint|p2a: Swanna\n|-damage|p1a: Persian|52/269|[from] Recoil\n|\n|upkeep\n|\n|t:|1733784264\n|switch|p2a: Clodsire|Clodsire, L81, F|343/343\n|turn|4\n|\n|t:|1733784282\n|move|p1a: Persian|Double-Edge|p2a: Clodsire\n|-damage|p2a: Clodsire|118/343\n|-damage|p1a: Persian|0 fnt|[from] Recoil\n|faint|p1a: Persian\n|move|p2a: Clodsire|Earthquake|p1: Persian|[notarget]\n|-fail|p2a: Clodsire\n|\n|-heal|p2a: Clodsire|139/343|[from] item: Leftovers\n|upkeep\n|\n|t:|1733784300\n|switch|p1a: Wyrdeer|Wyrdeer, L87, F|321/321\n|-ability|p1a: Wyrdeer|Intimidate|boost\n|-unboost|p2a: Clodsire|atk|1\n|turn|5\n|\n|t:|1733784307\n|move|p1a: Wyrdeer|Psychic Noise|p2a: Clodsire\n|-supereffective|p2a: Clodsire\n|-damage|p2a: Clodsire|0 fnt\n|faint|p2a: Clodsire\n|\n|upkeep\n|\n|t:|1733784312\n|switch|p2a: Mabosstiff|Mabosstiff, L86, F|278/278\n|turn|6\n|inactive|Battle timer is ON: inactive players will automatically lose when time's up. (requested by CVF1)\n|\n|t:|1733784346\n|switch|p1a: Arceus|Arceus-Bug, L73|295/295\n|move|p2a: Mabosstiff|Crunch|p1a: Arceus\n|-damage|p1a: Arceus|12/295\n|\n|upkeep\n|turn|7\n|\n|t:|1733784359\n|switch|p2a: Cyclizar|Cyclizar, L83, M|252/252\n|move|p1a: Arceus|Judgment|p2a: Cyclizar\n|-damage|p2a: Cyclizar|113/252\n|\n|upkeep\n|turn|8\n|\n|t:|1733784378\n|switch|p1a: Hawlucha|Hawlucha, L80, M|256/256\n|move|p2a: Cyclizar|Knock Off|p1a: Hawlucha\n|-resisted|p1a: Hawlucha\n|-damage|p1a: Hawlucha|217/256\n|-enditem|p1a: Hawlucha|White Herb|[from] move: Knock Off|[of] p2a: Cyclizar\n|\n|upkeep\n|turn|9\n|inactive|Funny55Man has 120 seconds left.\n|\n|t:|1733784404\n|move|p1a: Hawlucha|Swords Dance|p1a: Hawlucha\n|-boost|p1a: Hawlucha|atk|2\n|move|p2a: Cyclizar|Shed Tail|p2a: Cyclizar\n|-fail|p2a: Cyclizar|move: Shed Tail|[weak]\n|\n|upkeep\n|turn|10\n|inactive|Funny55Man has 120 seconds left.\n|\n|t:|1733784417\n|move|p1a: Hawlucha|Brave Bird|p2a: Cyclizar\n|-damage|p2a: Cyclizar|0 fnt\n|faint|p2a: Cyclizar\n|-damage|p1a: Hawlucha|180/256|[from] Recoil\n|\n|upkeep\n|\n|t:|1733784423\n|switch|p2a: Pawmot|Pawmot, L80, F|243/243\n|turn|11\n|inactive|Funny55Man has 120 seconds left.\n|\n|t:|1733784449\n|-terastallize|p2a: Pawmot|Electric\n|move|p1a: Hawlucha|Close Combat|p2a: Pawmot\n|-damage|p2a: Pawmot|0 fnt\n|-unboost|p1a: Hawlucha|def|1\n|-unboost|p1a: Hawlucha|spd|1\n|faint|p2a: Pawmot\n|\n|upkeep\n|\n|t:|1733784455\n|switch|p2a: Porygon2|Porygon2, L82|274/274\n|-ability|p2a: Porygon2|Download|boost\n|-boost|p2a: Porygon2|spa|1\n|turn|12\n|\n|t:|1733784460\n|move|p1a: Hawlucha|Close Combat|p2a: Porygon2\n|-supereffective|p2a: Porygon2\n|-damage|p2a: Porygon2|0 fnt\n|-unboost|p1a: Hawlucha|def|1\n|-unboost|p1a: Hawlucha|spd|1\n|faint|p2a: Porygon2\n|\n|upkeep\n|\n|t:|1733784462\n|switch|p2a: Mabosstiff|Mabosstiff, L86, F|278/278\n|turn|13\n|\n|t:|1733784467\n|move|p1a: Hawlucha|Close Combat|p2a: Mabosstiff\n|-supereffective|p2a: Mabosstiff\n|-crit|p2a: Mabosstiff\n|-damage|p2a: Mabosstiff|0 fnt\n|-unboost|p1a: Hawlucha|def|1\n|-unboost|p1a: Hawlucha|spd|1\n|faint|p2a: Mabosstiff\n|\n|win|Funny55Man\n|raw|Funny55Man's rating: 1277 &rarr; <strong>1298</strong><br />(+21 for winning)\n|raw|CVF1's rating: 1227 &rarr; <strong>1206</strong><br />(-21 for losing)\n|l|\u2606CVF1\n|player|p2|\n", "inputlog": ">version bfd83cad13791eb5a5a409923076391caf6fb4d4\n>start {\"formatid\":\"gen9randombattle\",\"seed\":[4059,60949,28986,3850],\"rated\":\"Rated battle\"}\n>player p1 {\"name\":\"Funny55Man\",\"avatar\":\"harlequin\",\"rating\":1277,\"seed\":[4173,51997,49959,55443]}\n>player p2 {\"name\":\"CVF1\",\"avatar\":\"steven-masters2\",\"rating\":1227,\"seed\":[62331,29175,32040,40889]}\n>p1 switch 2\n>p2 move hydropump\n>p1 move doubleedge\n>p2 move hydropump\n>p1 move doubleedge\n>p2 move roost\n>p2 switch 6\n>p1 move doubleedge\n>p2 move earthquake\n>p1 switch 5\n>p1 move psychicnoise\n>p2 move recover\n>p2 switch 2\n>p1 switch 3\n>p2 move crunch\n>p1 move judgment\n>p2 switch 3\n>p1 switch 6\n>p2 move knockoff\n>p1 move swordsdance\n>p2 move shedtail\n>p1 move bravebird\n>p2 move dracometeor\n>p2 switch 5\n>p1 move closecombat\n>p2 move doubleshock terastallize\n>p2 switch 4\n>p1 move closecombat\n>p2 move discharge\n>p2 switch 3\n>p1 move closecombat\n>p2 move wildcharge", "uploadtime": 1733784474, "views": 9, "formatid": "gen9randombattle", "rating": 1206, "private": 0, "password": null}