{"id": "gen9randombattle-2260588182", "format": "[Gen 9] Random Battle", "players": ["PlanetAaron", "YetAnotherDodo"], "log": "|j|\u2606PlanetAaron\n|j|\u2606YetAnotherDodo\n|t:|1733866546\n|gametype|singles\n|player|p1|PlanetAaron|169|\n|player|p2|YetAnotherDodo|larry|\n|teamsize|p1|6\n|teamsize|p2|6\n|gen|9\n|tier|[Gen 9] Random Battle\n|rule|Species Clause: Limit one of each Pok\u00e9mon\n|rule|HP Percentage Mod: HP is shown in percentages\n|rule|Sleep Clause Mod: Limit one foe put to sleep\n|rule|Illusion Level Mod: Illusion disguises the Pok\u00e9mon's true level\n|\n|t:|1733866546\n|start\n|switch|p1a: Lokix|Lokix, L82, F|251/251\n|switch|p2a: Golduck|Golduck, L90, M|290/290\n|-ability|p2a: Golduck|Cloud Nine\n|turn|1\n|c|\u2606YetAnotherDodo|glhf!\n|\n|t:|1733866575\n|switch|p2a: Bastiodon|Bastiodon, L89, M|252/252\n|move|p1a: Lokix|First Impression|p2a: Bastiodon\n|-resisted|p2a: Bastiodon\n|-damage|p2a: Bastiodon|182/252\n|-damage|p1a: Lokix|226/251|[from] item: Life Orb\n|\n|upkeep\n|turn|2\n|\n|t:|1733866597\n|move|p1a: Lokix|Knock Off|p2a: Bastiodon\n|-damage|p2a: Bastiodon|111/252\n|-enditem|p2a: Bastiodon|Chesto Berry|[from] move: Knock Off|[of] p1a: Lokix\n|-damage|p1a: Lokix|201/251|[from] item: Life Orb\n|move|p2a: Bastiodon|Body Press|p1a: Lokix\n|-damage|p1a: Lokix|97/251\n|\n|upkeep\n|turn|3\n|\n|t:|1733866613\n|move|p1a: Lokix|Knock Off|p2a: Bastiodon\n|-damage|p2a: Bastiodon|55/252\n|-damage|p1a: Lokix|72/251|[from] item: Life Orb\n|move|p2a: Bastiodon|Body Press|p1a: Lokix\n|-damage|p1a: Lokix|0 fnt\n|faint|p1a: Lokix\n|\n|upkeep\n|\n|t:|1733866626\n|switch|p1a: Orthworm|Orthworm, L88, M|266/266\n|turn|4\n|\n|t:|1733866642\n|switch|p2a: Raichu|Raichu-Alola, L87, F|246/246\n|move|p1a: Orthworm|Body Press|p2a: Raichu\n|-resisted|p2a: Raichu\n|-damage|p2a: Raichu|189/246\n|\n|upkeep\n|turn|5\n|\n|t:|1733866672\n|switch|p1a: Sudowoodo|Sudowoodo, L94, F|284/284\n|move|p2a: Raichu|Thunderbolt|p1a: Sudowoodo\n|-damage|p1a: Sudowoodo|128/284\n|\n|-heal|p1a: Sudowoodo|145/284|[from] item: Leftovers\n|upkeep\n|turn|6\n|\n|t:|1733866686\n|move|p2a: Raichu|Thunderbolt|p1a: Sudowoodo\n|-damage|p1a: Sudowoodo|0 fnt\n|faint|p1a: Sudowoodo\n|\n|upkeep\n|c|\u2606PlanetAaron|damn\n|\n|t:|1733866703\n|switch|p1a: Farigiraf|Farigiraf, L91, M|366/366\n|turn|7\n|\n|t:|1733866727\n|move|p2a: Raichu|Thunderbolt|p1a: Farigiraf\n|-damage|p1a: Farigiraf|216/366\n|move|p1a: Farigiraf|Wish|p1a: Farigiraf\n|\n|-heal|p1a: Farigiraf|238/366|[from] item: Leftovers\n|upkeep\n|turn|8\n|\n|t:|1733866735\n|switch|p2a: Mightyena|Mightyena, L95, F|287/287\n|-ability|p2a: Mightyena|Intimidate|boost\n|-unboost|p1a: Farigiraf|atk|1\n|move|p1a: Farigiraf|Body Slam|p2a: Mightyena\n|-damage|p2a: Mightyena|223/287\n|-status|p2a: Mightyena|par\n|\n|-heal|p1a: Farigiraf|366/366|[from] move: Wish|[wisher] Farigiraf\n|upkeep\n|turn|9\n|\n|t:|1733866762\n|-terastallize|p1a: Farigiraf|Ground\n|move|p1a: Farigiraf|Wish|p1a: Farigiraf\n|cant|p2a: Mightyena|par\n|\n|upkeep\n|turn|10\n|\n|t:|1733866777\n|switch|p2a: Golduck|Golduck, L90, M|290/290\n|-ability|p2a: Golduck|Cloud Nine\n|move|p1a: Farigiraf|Body Slam|p2a: Golduck\n|-damage|p2a: Golduck|224/290\n|\n|upkeep\n|turn|11\n|\n|t:|1733866794\n|move|p2a: Golduck|Hydro Pump|p1a: Farigiraf|[miss]\n|-miss|p2a: Golduck|p1a: Farigiraf\n|move|p1a: Farigiraf|Psychic Noise|p2a: Golduck\n|-damage|p2a: Golduck|112/290\n|-start|p2a: Golduck|move: Heal Block\n|\n|upkeep\n|turn|12\n|\n|t:|1733866804\n|move|p2a: Golduck|Hydro Pump|p1a: Farigiraf\n|-supereffective|p1a: Farigiraf\n|-damage|p1a: Farigiraf|0 fnt\n|faint|p1a: Farigiraf\n|-damage|p2a: Golduck|83/290|[from] item: Life Orb\n|\n|-end|p2a: Golduck|move: Heal Block\n|upkeep\n|c|\u2606YetAnotherDodo|That was a roll\n|\n|t:|1733866857\n|switch|p1a: Cetitan|Cetitan, L82, F|413/413\n|turn|13\n|\n|t:|1733866906\n|move|p2a: Golduck|Grass Knot|p1a: Cetitan\n|-damage|p1a: Cetitan|238/413\n|-damage|p2a: Golduck|54/290|[from] item: Life Orb\n|move|p1a: Cetitan|Icicle Crash|p2a: Golduck\n|-resisted|p2a: Golduck\n|-damage|p2a: Golduck|0 fnt\n|faint|p2a: Golduck\n|\n|upkeep\n|\n|t:|1733866923\n|switch|p2a: Regieleki|Regieleki, L79|256/256\n|turn|14\n|\n|t:|1733866941\n|switch|p1a: Orthworm|Orthworm, L88, M|266/266\n|-terastallize|p2a: Regieleki|Electric\n|move|p2a: Regieleki|Thunderbolt|p1a: Orthworm\n|-damage|p1a: Orthworm|12/266\n|-status|p1a: Orthworm|par\n|\n|-heal|p1a: Orthworm|28/266 par|[from] item: Leftovers\n|upkeep\n|turn|15\n|\n|t:|1733866958\n|move|p2a: Regieleki|Volt Switch|p1a: Orthworm\n|-damage|p1a: Orthworm|0 fnt\n|faint|p1a: Orthworm\n|\n|t:|1733866961\n|switch|p2a: Raichu|Raichu-Alola, L87, F|189/246|[from] Volt Switch\n|\n|upkeep\n|\n|t:|1733866966\n|switch|p1a: Cetitan|Cetitan, L82, F|238/413\n|turn|16\n|\n|t:|1733866981\n|move|p2a: Raichu|Thunderbolt|p1a: Cetitan\n|-damage|p1a: Cetitan|36/413\n|move|p1a: Cetitan|Icicle Crash|p2a: Raichu\n|-crit|p2a: Raichu\n|-damage|p2a: Raichu|0 fnt\n|faint|p2a: Raichu\n|\n|upkeep\n|\n|t:|1733866988\n|switch|p2a: Regieleki|Regieleki, L79, tera:Electric|256/256\n|turn|17\n|\n|t:|1733866992\n|move|p2a: Regieleki|Thunderbolt|p1a: Cetitan\n|-damage|p1a: Cetitan|0 fnt\n|faint|p1a: Cetitan\n|\n|upkeep\n|\n|t:|1733866996\n|switch|p1a: Polteageist|Polteageist, L79|224/224\n|turn|18\n|\n|t:|1733867014\n|move|p2a: Regieleki|Thunderbolt|p1a: Polteageist\n|-damage|p1a: Polteageist|58/224\n|move|p1a: Polteageist|Shell Smash|p1a: Polteageist\n|-unboost|p1a: Polteageist|def|1\n|-unboost|p1a: Polteageist|spd|1\n|-boost|p1a: Polteageist|atk|2\n|-boost|p1a: Polteageist|spa|2\n|-boost|p1a: Polteageist|spe|2\n|-enditem|p1a: Polteageist|White Herb\n|-clearnegativeboost|p1a: Polteageist|[silent]\n|\n|upkeep\n|turn|19\n|\n|t:|1733867027\n|move|p2a: Regieleki|Thunderbolt|p1a: Polteageist\n|-damage|p1a: Polteageist|0 fnt\n|faint|p1a: Polteageist\n|\n|win|YetAnotherDodo\n|c|\u2606YetAnotherDodo|gg\n", "inputlog": ">version bfd83cad13791eb5a5a409923076391caf6fb4d4\n>start {\"formatid\":\"gen9randombattle\",\"seed\":[60001,36915,16234,54578]}\n>player p1 {\"name\":\"PlanetAaron\",\"avatar\":\"169\",\"rating\":0,\"seed\":[2866,31976,53133,19425]}\n>player p2 {\"name\":\"YetAnotherDodo\",\"avatar\":\"larry\",\"rating\":0,\"seed\":[51943,43674,63446,31090]}\n>chat \u2606YetAnotherDodo|glhf!\n>p1 move firstimpression\n>p2 switch 4\n>p1 move knockoff\n>p2 move bodypress\n>p1 move knockoff\n>p2 move bodypress\n>p1 switch 2\n>p1 move bodypress\n>p2 switch 6\n>p1 switch 6\n>p2 move thunderbolt\n>p1 move stealthrock\n>p2 move thunderbolt\n>chat \u2606PlanetAaron|damn\n>p1 switch 4\n>p1 move wish\n>p2 move thunderbolt\n>p1 move bodyslam\n>p2 switch 2\n>p1 move wish terastallize\n>p2 move throatchop\n>p1 move bodyslam\n>p2 switch 4\n>p1 move psychicnoise\n>p2 move hydropump\n>p1 move bodyslam\n>p2 move hydropump\n>chat \u2606YetAnotherDodo|That was a roll\n>p1 switch 5\n>p1 move iciclecrash\n>p2 move grassknot\n>p2 switch 3\n>p1 switch 6\n>p2 move thunderbolt terastallize\n>p1 move spikes\n>p2 move voltswitch\n>p2 switch 2\n>p1 switch 6\n>p1 move iciclecrash\n>p2 move thunderbolt\n>p2 switch 2\n>p1 move iciclecrash\n>p2 move thunderbolt\n>p1 switch 3\n>p1 move shellsmash\n>p2 move thunderbolt\n>p1 move gigadrain\n>p2 move thunderbolt", "uploadtime": 1733867031, "views": 2, "formatid": "gen9randombattle", "rating": null, "private": 0, "password": null}