{"id": "gen9randombattle-2260799236", "format": "[Gen 9] Random Battle", "players": ["KingpinLi", "dejsejjde"], "log": "|j|\u2606KingpinLi\n|j|\u2606dejsejjde\n|t:|1733894052\n|gametype|singles\n|player|p1|KingpinLi|blue|1090\n|player|p2|dejsejjde|1|1085\n|teamsize|p1|6\n|teamsize|p2|6\n|gen|9\n|tier|[Gen 9] Random Battle\n|rated|\n|rule|Species Clause: Limit one of each Pok\u00e9mon\n|rule|HP Percentage Mod: HP is shown in percentages\n|rule|Sleep Clause Mod: Limit one foe put to sleep\n|rule|Illusion Level Mod: Illusion disguises the Pok\u00e9mon's true level\n|\n|t:|1733894052\n|start\n|switch|p1a: Crawdaunt|Crawdaunt, L84, F|243/243\n|switch|p2a: Walking Wake|Walking Wake, L79|286/286\n|turn|1\n|inactive|Battle timer is ON: inactive players will automatically lose when time's up. (requested by KingpinLi)\n|\n|t:|1733894060\n|move|p2a: Walking Wake|Draco Meteor|p1a: Crawdaunt\n|-damage|p1a: Crawdaunt|0 fnt\n|-unboost|p2a: Walking Wake|spa|2\n|faint|p1a: Crawdaunt\n|\n|upkeep\n|\n|t:|1733894070\n|switch|p1a: Tsareena|Tsareena, L87, F|267/267\n|turn|2\n|\n|t:|1733894084\n|-end|p2a: Walking Wake|Protosynthesis|[silent]\n|switch|p2a: Munkidori|Munkidori, L79, M|269/269\n|move|p1a: Tsareena|Triple Axel|p2a: Munkidori\n|-damage|p2a: Munkidori|240/269\n|-damage|p2a: Munkidori|176/269\n|-damage|p2a: Munkidori|80/269\n|-hitcount|p2a: Munkidori|3\n|-damage|p1a: Tsareena|241/267|[from] item: Life Orb\n|\n|upkeep\n|turn|3\n|\n|t:|1733894097\n|switch|p1a: Seviper|Seviper, L93, M|287/287\n|move|p2a: Munkidori|Sludge Wave|p1a: Seviper\n|-resisted|p1a: Seviper\n|-damage|p1a: Seviper|208/287\n|-damage|p2a: Munkidori|54/269|[from] item: Life Orb\n|\n|-heal|p1a: Seviper|225/287|[from] item: Leftovers\n|upkeep\n|turn|4\n|\n|t:|1733894119\n|-terastallize|p1a: Seviper|Grass\n|move|p2a: Munkidori|Psyshock|p1a: Seviper\n|-damage|p1a: Seviper|81/287\n|-damage|p2a: Munkidori|28/269|[from] item: Life Orb\n|move|p1a: Seviper|Earthquake|p2a: Munkidori\n|-supereffective|p2a: Munkidori\n|-damage|p2a: Munkidori|0 fnt\n|faint|p2a: Munkidori\n|\n|-heal|p1a: Seviper|98/287|[from] item: Leftovers\n|upkeep\n|\n|t:|1733894129\n|switch|p2a: Vigoroth|Vigoroth, L85, F|275/275\n|turn|5\n|\n|t:|1733894133\n|move|p2a: Vigoroth|Body Slam|p1a: Seviper\n|-damage|p1a: Seviper|0 fnt\n|faint|p1a: Seviper\n|\n|upkeep\n|\n|t:|1733894137\n|switch|p1a: Spectrier|Spectrier, L75|274/274\n|turn|6\n|\n|t:|1733894149\n|move|p1a: Spectrier|Substitute|p1a: Spectrier\n|-start|p1a: Spectrier|Substitute\n|-damage|p1a: Spectrier|206/274\n|move|p2a: Vigoroth|Earthquake|p1a: Spectrier\n|-end|p1a: Spectrier|Substitute\n|\n|-heal|p1a: Spectrier|223/274|[from] item: Leftovers\n|upkeep\n|turn|7\n|\n|t:|1733894157\n|move|p1a: Spectrier|Nasty Plot|p1a: Spectrier\n|-boost|p1a: Spectrier|spa|2\n|move|p2a: Vigoroth|Earthquake|p1a: Spectrier\n|-damage|p1a: Spectrier|130/274\n|\n|-heal|p1a: Spectrier|147/274|[from] item: Leftovers\n|upkeep\n|turn|8\n|\n|t:|1733894167\n|move|p1a: Spectrier|Tera Blast|p2a: Vigoroth\n|-damage|p2a: Vigoroth|165/275\n|move|p2a: Vigoroth|Earthquake|p1a: Spectrier\n|-damage|p1a: Spectrier|51/274\n|\n|-heal|p1a: Spectrier|68/274|[from] item: Leftovers\n|upkeep\n|turn|9\n|\n|t:|1733894176\n|move|p1a: Spectrier|Tera Blast|p2a: Vigoroth\n|-crit|p2a: Vigoroth\n|-damage|p2a: Vigoroth|0 fnt\n|faint|p2a: Vigoroth\n|-ability|p1a: Spectrier|Grim Neigh|boost\n|-boost|p1a: Spectrier|spa|1\n|\n|-heal|p1a: Spectrier|85/274|[from] item: Leftovers\n|upkeep\n|\n|t:|1733894194\n|switch|p2a: Drednaw|Drednaw, L81, F|278/278\n|turn|10\n|\n|t:|1733894200\n|-terastallize|p2a: Drednaw|Dark\n|move|p1a: Spectrier|Tera Blast|p2a: Drednaw\n|-damage|p2a: Drednaw|69/278\n|move|p2a: Drednaw|Shell Smash|p2a: Drednaw\n|-unboost|p2a: Drednaw|def|1\n|-unboost|p2a: Drednaw|spd|1\n|-boost|p2a: Drednaw|atk|2\n|-boost|p2a: Drednaw|spa|2\n|-boost|p2a: Drednaw|spe|2\n|-enditem|p2a: Drednaw|White Herb\n|-clearnegativeboost|p2a: Drednaw|[silent]\n|\n|-heal|p1a: Spectrier|102/274|[from] item: Leftovers\n|upkeep\n|turn|11\n|\n|t:|1733894214\n|move|p2a: Drednaw|Crunch|p1a: Spectrier\n|-supereffective|p1a: Spectrier\n|-damage|p1a: Spectrier|0 fnt\n|faint|p1a: Spectrier\n|\n|upkeep\n|\n|t:|1733894219\n|switch|p1a: Dugtrio|Dugtrio, L84, M|196/196\n|turn|12\n|\n|t:|1733894233\n|move|p1a: Dugtrio|Sucker Punch|p2a: Drednaw\n|-resisted|p2a: Drednaw\n|-damage|p2a: Drednaw|37/278\n|-damage|p1a: Dugtrio|177/196|[from] item: Life Orb\n|move|p2a: Drednaw|Liquidation|p1a: Dugtrio\n|-supereffective|p1a: Dugtrio\n|-damage|p1a: Dugtrio|0 fnt\n|faint|p1a: Dugtrio\n|\n|upkeep\n|\n|t:|1733894243\n|switch|p1a: Komala|Komala, L89, M|260/260\n|-ability|p1a: Komala|Comatose\n|turn|13\n|\n|t:|1733894256\n|move|p2a: Drednaw|Crunch|p1a: Komala\n|-damage|p1a: Komala|0 fnt\n|faint|p1a: Komala\n|\n|upkeep\n|\n|t:|1733894260\n|switch|p1a: Tsareena|Tsareena, L87, F|241/267\n|turn|14\n|\n|t:|1733894264\n|move|p2a: Drednaw|Crunch|p1a: Tsareena\n|-crit|p1a: Tsareena\n|-damage|p1a: Tsareena|0 fnt\n|faint|p1a: Tsareena\n|\n|win|dejsejjde\n|raw|KingpinLi's rating: 1090 &rarr; <strong>1068</strong><br />(-22 for losing)\n|raw|dejsejjde's rating: 1117 &rarr; <strong>1140</strong><br />(+23 for winning)\n", "inputlog": ">version bfd83cad13791eb5a5a409923076391caf6fb4d4\n>start {\"formatid\":\"gen9randombattle\",\"seed\":[61614,15767,19027,52386],\"rated\":\"Rated battle\"}\n>player p1 {\"name\":\"KingpinLi\",\"avatar\":\"blue\",\"rating\":1090,\"seed\":[10549,9098,24824,5736]}\n>player p2 {\"name\":\"dejsejjde\",\"avatar\":\"1\",\"rating\":1085,\"seed\":[16553,31708,9809,52515]}\n>p1 move dragondance\n>p2 move dracometeor\n>p1 switch 6\n>p1 move tripleaxel\n>p2 switch 4\n>p1 switch 3\n>p2 move sludgewave\n>p1 move earthquake terastallize\n>p2 move psyshock\n>p2 switch 6\n>p1 move trailblaze\n>p2 move bodyslam\n>p1 switch 4\n>p1 move substitute\n>p2 move earthquake\n>p1 move nastyplot\n>p2 move earthquake\n>p1 move terablast\n>p2 move earthquake\n>p1 move terablast\n>p2 move slackoff\n>p2 switch 3\n>p1 move terablast\n>p2 move shellsmash terastallize\n>p1 move terablast\n>p2 move crunch\n>p1 switch 5\n>p1 move suckerpunch\n>p2 move liquidation\n>p1 switch 2\n>p1 move doubleedge\n>p2 move crunch\n>p1 switch 3\n>p1 move synthesis\n>p2 move crunch", "uploadtime": 1733894266, "views": 1, "formatid": "gen9randombattle", "rating": 1068, "private": 0, "password": null}