{"id": "gen9randombattle-2260773505", "format": "[Gen 9] Random Battle", "players": ["ahceh", "uazimov"], "log": "|j|\u2606ahceh\n|j|\u2606uazimov\n|t:|1733889939\n|gametype|singles\n|player|p1|ahceh|2|1327\n|player|p2|uazimov|palmer|1361\n|teamsize|p1|6\n|teamsize|p2|6\n|gen|9\n|tier|[Gen 9] Random Battle\n|rated|\n|rule|Species Clause: Limit one of each Pok\u00e9mon\n|rule|HP Percentage Mod: HP is shown in percentages\n|rule|Sleep Clause Mod: Limit one foe put to sleep\n|rule|Illusion Level Mod: Illusion disguises the Pok\u00e9mon's true level\n|\n|t:|1733889939\n|start\n|switch|p1a: Ditto|Ditto, L87|225/225\n|switch|p2a: Shiftry|Shiftry, L89, M|305/305\n|-transform|p1a: Ditto|p2a: Shiftry|[from] ability: Imposter\n|turn|1\n|inactive|Battle timer is ON: inactive players will automatically lose when time's up. (requested by uazimov)\n|\n|t:|1733889952\n|switch|p1a: Weezing|Weezing-Galar, L86, F|252/252\n|move|p2a: Shiftry|Swords Dance|p2a: Shiftry\n|-boost|p2a: Shiftry|atk|2\n|\n|upkeep\n|turn|2\n|\n|t:|1733889975\n|-terastallize|p2a: Shiftry|Poison\n|move|p2a: Shiftry|Swords Dance|p2a: Shiftry\n|-boost|p2a: Shiftry|atk|2\n|move|p1a: Weezing|Fire Blast|p2a: Shiftry\n|-damage|p2a: Shiftry|210/305\n|\n|upkeep\n|turn|3\n|\n|t:|1733889992\n|move|p2a: Shiftry|Knock Off|p1a: Weezing\n|-resisted|p1a: Weezing\n|-damage|p1a: Weezing|73/252\n|-enditem|p1a: Weezing|Leftovers|[from] move: Knock Off|[of] p2a: Shiftry\n|-damage|p2a: Shiftry|180/305|[from] item: Life Orb\n|move|p1a: Weezing|Fire Blast|p2a: Shiftry\n|-damage|p2a: Shiftry|90/305\n|\n|upkeep\n|turn|4\n|\n|t:|1733890008\n|move|p2a: Shiftry|Leaf Blade|p1a: Weezing\n|-resisted|p1a: Weezing\n|-damage|p1a: Weezing|0 fnt\n|faint|p1a: Weezing\n|-damage|p2a: Shiftry|60/305|[from] item: Life Orb\n|\n|upkeep\n|\n|t:|1733890012\n|switch|p1a: Ditto|Ditto, L87|225/225\n|-transform|p1a: Ditto|p2a: Shiftry|[from] ability: Imposter\n|-start|p1a: Ditto|typechange|Grass/Dark|[silent]\n|turn|5\n|\n|t:|1733890028\n|move|p1a: Ditto|Knock Off|p2a: Shiftry\n|-damage|p2a: Shiftry|0 fnt\n|-enditem|p2a: Shiftry|Life Orb|[from] move: Knock Off|[of] p1a: Ditto\n|faint|p2a: Shiftry\n|\n|upkeep\n|\n|t:|1733890037\n|switch|p2a: Overqwil|Overqwil, L82, F|274/274\n|-ability|p2a: Overqwil|Intimidate|boost\n|-unboost|p1a: Ditto|atk|1\n|turn|6\n|\n|t:|1733890050\n|move|p1a: Ditto|Knock Off|p2a: Overqwil\n|-resisted|p2a: Overqwil\n|-crit|p2a: Overqwil\n|-damage|p2a: Overqwil|76/274\n|-enditem|p2a: Overqwil|Loaded Dice|[from] move: Knock Off|[of] p1a: Ditto\n|move|p2a: Overqwil|Gunk Shot|p1a: Ditto\n|-supereffective|p1a: Ditto\n|-damage|p1a: Ditto|0 fnt\n|faint|p1a: Ditto\n|\n|upkeep\n|\n|t:|1733890061\n|switch|p1a: Galvantula|Galvantula, L82, M|249/249\n|turn|7\n|\n|t:|1733890075\n|move|p1a: Galvantula|Sticky Web|p2a: Overqwil\n|-sidestart|p2: uazimov|move: Sticky Web\n|move|p2a: Overqwil|Crunch|p1a: Galvantula\n|-damage|p1a: Galvantula|129/249\n|\n|upkeep\n|turn|8\n|\n|t:|1733890084\n|move|p1a: Galvantula|Bug Buzz|p2a: Overqwil\n|-damage|p2a: Overqwil|0 fnt\n|faint|p2a: Overqwil\n|\n|upkeep\n|\n|t:|1733890092\n|switch|p2a: Chandelure|Chandelure, L83, F|235/235\n|-activate|p2a: Chandelure|move: Sticky Web\n|-unboost|p2a: Chandelure|spe|1\n|turn|9\n|\n|t:|1733890109\n|move|p1a: Galvantula|Thunder|p2a: Chandelure\n|-damage|p2a: Chandelure|120/235\n|move|p2a: Chandelure|Fire Blast|p1a: Galvantula\n|-supereffective|p1a: Galvantula\n|-damage|p1a: Galvantula|0 fnt\n|faint|p1a: Galvantula\n|\n|upkeep\n|\n|t:|1733890128\n|switch|p1a: Roaring Moon|Roaring Moon, L72|270/270\n|-enditem|p1a: Roaring Moon|Booster Energy\n|-activate|p1a: Roaring Moon|ability: Protosynthesis|[fromitem]\n|-start|p1a: Roaring Moon|protosynthesisatk\n|turn|10\n|\n|t:|1733890137\n|switch|p2a: Iron Valiant|Iron Valiant, L78|244/244\n|-activate|p2a: Iron Valiant|move: Sticky Web\n|-unboost|p2a: Iron Valiant|spe|1\n|move|p1a: Roaring Moon|Knock Off|p2a: Iron Valiant\n|-resisted|p2a: Iron Valiant\n|-damage|p2a: Iron Valiant|210/244\n|-enditem|p2a: Iron Valiant|Life Orb|[from] move: Knock Off|[of] p1a: Roaring Moon\n|\n|upkeep\n|turn|11\n|\n|t:|1733890148\n|move|p1a: Roaring Moon|Iron Head|p2a: Iron Valiant\n|-supereffective|p2a: Iron Valiant\n|-crit|p2a: Iron Valiant\n|-damage|p2a: Iron Valiant|0 fnt\n|faint|p2a: Iron Valiant\n|-end|p2a: Iron Valiant|Quark Drive|[silent]\n|\n|upkeep\n|\n|t:|1733890154\n|switch|p2a: Girafarig|Girafarig, L89, M|269/269\n|-activate|p2a: Girafarig|move: Sticky Web\n|-unboost|p2a: Girafarig|spe|1\n|turn|12\n|\n|t:|1733890165\n|move|p1a: Roaring Moon|Knock Off|p2a: Girafarig\n|-supereffective|p2a: Girafarig\n|-damage|p2a: Girafarig|77/269\n|-enditem|p2a: Girafarig|Eviolite|[from] move: Knock Off|[of] p1a: Roaring Moon\n|move|p2a: Girafarig|Dazzling Gleam|p1a: Roaring Moon\n|-supereffective|p1a: Roaring Moon\n|-damage|p1a: Roaring Moon|18/270\n|\n|upkeep\n|turn|13\n|\n|t:|1733890175\n|switch|p2a: Electrode|Electrode-Hisui, L87|246/246\n|-activate|p2a: Electrode|move: Sticky Web\n|-unboost|p2a: Electrode|spe|1\n|move|p1a: Roaring Moon|Knock Off|p2a: Electrode\n|-damage|p2a: Electrode|104/246\n|-enditem|p2a: Electrode|Life Orb|[from] move: Knock Off|[of] p1a: Roaring Moon\n|\n|upkeep\n|turn|14\n|\n|t:|1733890183\n|move|p1a: Roaring Moon|Outrage|p2a: Electrode\n|-crit|p2a: Electrode\n|-damage|p2a: Electrode|0 fnt\n|faint|p2a: Electrode\n|\n|upkeep\n|-message|uazimov forfeited.\n|\n|win|ahceh\n|raw|ahceh's rating: 1327 &rarr; <strong>1349</strong><br />(+22 for winning)\n|raw|uazimov's rating: 1361 &rarr; <strong>1339</strong><br />(-22 for losing)\n|l|\u2606uazimov\n|player|p2|\n", "inputlog": ">version bfd83cad13791eb5a5a409923076391caf6fb4d4\n>start {\"formatid\":\"gen9randombattle\",\"seed\":[4631,3868,27900,19961],\"rated\":\"Rated battle\"}\n>player p1 {\"name\":\"ahceh\",\"avatar\":\"2\",\"rating\":1327,\"seed\":[44656,49679,22235,52641]}\n>player p2 {\"name\":\"uazimov\",\"avatar\":\"palmer\",\"rating\":1361,\"seed\":[2087,62183,61342,21654]}\n>p1 switch 4\n>p2 move swordsdance\n>p1 move fireblast\n>p2 move swordsdance terastallize\n>p1 move fireblast\n>p2 move knockoff\n>p1 move fireblast\n>p2 move leafblade\n>p1 switch 4\n>p1 move knockoff\n>p2 move knockoff\n>p2 switch 6\n>p1 move knockoff\n>p2 move gunkshot\n>p1 switch 6\n>p1 move stickyweb\n>p2 move crunch\n>p1 move bugbuzz\n>p2 move scaleshot\n>p2 switch 5\n>p1 move thunder\n>p2 move fireblast\n>p1 switch 2\n>p1 move knockoff\n>p2 switch 3\n>p1 move ironhead\n>p2 move moonblast\n>p2 switch 4\n>p1 move knockoff\n>p2 move dazzlinggleam\n>p1 move knockoff\n>p2 switch 2\n>p1 move outrage\n>p2 move thunderbolt\n>forcelose p2", "uploadtime": 1733890195, "views": 10, "formatid": "gen9randombattle", "rating": 1339, "private": 0, "password": null}