{"id": "gen9randombattle-2113366608", "format": "[Gen 9] Random Battle", "players": ["malignantlychained", "minhthuanpk"], "log": "|badge|p2|silver|gen9randombattle|30-1\n|html|<div class=\"broadcast-red\"><strong>This battle is required to be public due to one or more player having a season medal.</strong><br />During the public phase, you can discuss the state of the ladder <a href=\"/seasondiscussion\">in a special chatroom.</a></div>\n|uhtml|medal-msg|<div class=\"broadcast-blue\">Curious what those medals under the avatar are? PS now has Ladder Seasons! For more information, check out the <a href=\"https://www.smogon.com/forums/threads/3740067/\">thread on Smogon.</a></div>\n|raw|<div class=\"broadcast-blue\"><strong>This battle is required to be public due to a player having a name starting with 'medal'.</div>\n|j|\u2606malignantlychained\n|j|\u2606minhthuanpk\n|t:|1714316249\n|gametype|singles\n|player|p1|malignantlychained|kieran-champion|2232\n|player|p2|minhthuanpk|1|2258\n|teamsize|p1|6\n|teamsize|p2|6\n|gen|9\n|tier|[Gen 9] Random Battle\n|rated|\n|rule|Species Clause: Limit one of each Pok\u00e9mon\n|rule|HP Percentage Mod: HP is shown in percentages\n|rule|Sleep Clause Mod: Limit one foe put to sleep\n|rule|Illusion Level Mod: Illusion disguises the Pok\u00e9mon's true level\n|\n|t:|1714316249\n|start\n|switch|p1a: Basculin|Basculin-Blue-Striped, L86, M|219/219\n|switch|p2a: Gogoat|Gogoat, L88, F|360/360\n|turn|1\n|inactive|Battle timer is ON: inactive players will automatically lose when time's up. (requested by malignantlychained)\n|\n|t:|1714316272\n|switch|p1a: Tornadus|Tornadus, L82, M|263/263\n|move|p2a: Gogoat|Bulk Up|p2a: Gogoat\n|-boost|p2a: Gogoat|atk|1\n|-boost|p2a: Gogoat|def|1\n|\n|upkeep\n|turn|2\n|\n|t:|1714316289\n|-terastallize|p2a: Gogoat|Water\n|move|p1a: Tornadus|Bleakwind Storm|p2a: Gogoat\n|-damage|p2a: Gogoat|173/360\n|-unboost|p2a: Gogoat|spe|1\n|move|p2a: Gogoat|Bulk Up|p2a: Gogoat\n|-boost|p2a: Gogoat|atk|1\n|-boost|p2a: Gogoat|def|1\n|\n|-heal|p2a: Gogoat|195/360|[from] item: Leftovers\n|upkeep\n|turn|3\n|\n|t:|1714316296\n|move|p1a: Tornadus|Bleakwind Storm|p2a: Gogoat\n|-damage|p2a: Gogoat|0 fnt\n|faint|p2a: Gogoat\n|\n|upkeep\n|\n|t:|1714316300\n|switch|p2a: Revavroom|Revavroom, L79, M|256/256\n|turn|4\n|\n|t:|1714316303\n|switch|p1a: Golurk|Golurk, L87|297/297\n|move|p2a: Revavroom|Shift Gear|p2a: Revavroom\n|-boost|p2a: Revavroom|spe|2\n|-boost|p2a: Revavroom|atk|1\n|\n|upkeep\n|turn|5\n|\n|t:|1714316320\n|move|p2a: Revavroom|Iron Head|p1a: Golurk\n|-damage|p1a: Golurk|116/297\n|-damage|p2a: Revavroom|231/256|[from] item: Life Orb\n|move|p1a: Golurk|Earthquake|p2a: Revavroom\n|-supereffective|p2a: Revavroom\n|-damage|p2a: Revavroom|0 fnt\n|faint|p2a: Revavroom\n|\n|upkeep\n|\n|t:|1714316337\n|switch|p2a: Houndoom|Houndoom, L86, M|269/269\n|turn|6\n|\n|t:|1714316342\n|move|p2a: Houndoom|Dark Pulse|p1a: Golurk\n|-supereffective|p1a: Golurk\n|-damage|p1a: Golurk|0 fnt\n|faint|p1a: Golurk\n|\n|upkeep\n|\n|t:|1714316345\n|switch|p1a: Basculin|Basculin-Blue-Striped, L86, M|261/261\n|turn|7\n|\n|t:|1714316373\n|move|p1a: Basculin|Flip Turn|p2a: Houndoom\n|-supereffective|p2a: Houndoom\n|-damage|p2a: Houndoom|0 fnt\n|faint|p2a: Houndoom\n|\n|t:|1714316378\n|switch|p1a: Tornadus|Tornadus, L82, M|263/263|[from] Flip Turn\n|\n|upkeep\n|\n|t:|1714316382\n|switch|p2a: Mew|Mew, L82|298/298\n|turn|8\n|\n|t:|1714316389\n|move|p1a: Tornadus|U-turn|p2a: Mew\n|-supereffective|p2a: Mew\n|-damage|p2a: Mew|194/298\n|\n|t:|1714316393\n|switch|p1a: Maushold|Maushold-Four, L76|238/238|[from] U-turn\n|move|p2a: Mew|Psychic Fangs|p1a: Maushold\n|-damage|p1a: Maushold|100/238\n|-damage|p2a: Mew|165/298|[from] item: Life Orb\n|\n|upkeep\n|turn|9\n|\n|t:|1714316402\n|move|p1a: Maushold|Population Bomb|p2a: Mew\n|-damage|p2a: Mew|144/298\n|-damage|p2a: Mew|120/298\n|-damage|p2a: Mew|99/298\n|-damage|p2a: Mew|77/298\n|-damage|p2a: Mew|58/298\n|-damage|p2a: Mew|37/298\n|-damage|p2a: Mew|18/298\n|-damage|p2a: Mew|0 fnt\n|faint|p2a: Mew\n|-hitcount|p2: Mew|8\n|\n|upkeep\n|\n|t:|1714316407\n|switch|p2a: Great Tusk|Great Tusk, L77|304/304\n|-enditem|p2a: Great Tusk|Booster Energy\n|-activate|p2a: Great Tusk|ability: Protosynthesis|[fromitem]\n|-start|p2a: Great Tusk|protosynthesisatk\n|turn|10\n|\n|t:|1714316411\n|move|p1a: Maushold|Tidy Up|p1a: Maushold\n|-boost|p1a: Maushold|atk|1\n|-boost|p1a: Maushold|spe|1\n|move|p2a: Great Tusk|Close Combat|p1a: Maushold\n|-supereffective|p1a: Maushold\n|-damage|p1a: Maushold|0 fnt\n|-unboost|p2a: Great Tusk|def|1\n|-unboost|p2a: Great Tusk|spd|1\n|faint|p1a: Maushold\n|\n|upkeep\n|\n|t:|1714316414\n|switch|p1a: Basculin|Basculin-Blue-Striped, L86, M|261/261\n|turn|11\n|\n|t:|1714316419\n|move|p1a: Basculin|Wave Crash|p2a: Great Tusk\n|-supereffective|p2a: Great Tusk\n|-damage|p2a: Great Tusk|0 fnt\n|faint|p2a: Great Tusk\n|-end|p2a: Great Tusk|Protosynthesis|[silent]\n|-damage|p1a: Basculin|161/261|[from] Recoil\n|\n|upkeep\n|\n|t:|1714316423\n|switch|p2a: Hitmonchan|Hitmonchan, L87, M|229/229\n|turn|12\n|\n|t:|1714316426\n|move|p1a: Basculin|Wave Crash|p2a: Hitmonchan\n|-damage|p2a: Hitmonchan|0 fnt\n|faint|p2a: Hitmonchan\n|-damage|p1a: Basculin|85/261|[from] Recoil\n|\n|win|malignantlychained\n|raw|malignantlychained's rating: 2232 &rarr; <strong>2253</strong><br />(+21 for winning)\n|raw|minhthuanpk's rating: 2258 &rarr; <strong>2237</strong><br />(-21 for losing)\n", "inputlog": ">version b84337b8f7878220839aa0c41b4e8e9021e31424\n>start {\"formatid\":\"gen9randombattle\",\"seed\":[16776,24756,56422,46223],\"rated\":\"Rated battle\"}\n>player p1 {\"name\":\"malignantlychained\",\"avatar\":\"kieran-champion\",\"rating\":2232,\"seed\":[18100,26404,26415,48937]}\n>player p2 {\"name\":\"minhthuanpk\",\"avatar\":\"1\",\"rating\":2258,\"seed\":[57614,10083,46113,38915]}\n>p1 switch 4\n>p2 move bulkup\n>p1 move bleakwindstorm\n>p2 move bulkup terastallize\n>p1 move bleakwindstorm\n>p2 move hornleech\n>p2 switch 2\n>p1 switch 3\n>p2 move shiftgear\n>p1 move earthquake\n>p2 move ironhead\n>p2 switch 5\n>p1 move earthquake\n>p2 move darkpulse\n>p1 switch 6\n>p1 move flipturn\n>p2 move darkpulse\n>p1 switch 3\n>p2 switch 6\n>p1 move uturn\n>p2 move psychicfangs\n>p1 switch 2\n>p1 move populationbomb\n>p2 move psychicfangs\n>p2 switch 3\n>p1 move tidyup\n>p2 move closecombat\n>p1 switch 3\n>p1 move wavecrash\n>p2 move closecombat\n>p2 switch 4\n>p1 move wavecrash\n>p2 move drainpunch", "uploadtime": 1714316428, "views": 241, "formatid": "gen9randombattle", "rating": 2237, "private": 0, "password": null}