{"id": "gen9randombattle-2166239213", "format": "[Gen 9] Random Battle", "players": ["bmence", "MichaelderBeste2"], "log": "|badge|p2|silver|gen9randombattle|30-2\n|uhtml|medal-msg|<div class=\"broadcast-blue\">Curious what those medals under the avatar are? PS now has Ladder Seasons! For more information, check out the <a href=\"https://www.smogon.com/forums/threads/3740067/\">thread on Smogon.</a></div>\n|j|\u203dbmence\n|j|\u2606MichaelderBeste2\n|t:|1721772886\n|gametype|singles\n|player|p1|bmence|101|2274\n|player|p2|MichaelderBeste2|#wcop2021germany|2417\n|teamsize|p1|6\n|teamsize|p2|6\n|gen|9\n|tier|[Gen 9] Random Battle\n|rated|\n|rule|Species Clause: Limit one of each Pok\u00e9mon\n|rule|HP Percentage Mod: HP is shown in percentages\n|rule|Sleep Clause Mod: Limit one foe put to sleep\n|rule|Illusion Level Mod: Illusion disguises the Pok\u00e9mon's true level\n|\n|t:|1721772886\n|start\n|switch|p1a: Rhyperior|Rhyperior, L83, F|327/327\n|switch|p2a: Zarude|Zarude, L78|292/292\n|turn|1\n|inactive|Battle timer is ON: inactive players will automatically lose when time's up. (requested by MichaelderBeste2)\n|inactive|bmence has 120 seconds left.\n|\n|t:|1721772968\n|switch|p1a: Cyclizar|Cyclizar, L83, F|252/252\n|move|p2a: Zarude|U-turn|p1a: Cyclizar\n|-damage|p1a: Cyclizar|150/252\n|\n|t:|1721772982\n|switch|p2a: Cinccino|Cinccino, L83, M|260/260|[from] U-turn\n|\n|upkeep\n|turn|2\n|\n|t:|1721772995\n|switch|p1a: Iron Crown|Iron Crown, L79|272/272\n|move|p2a: Cinccino|Triple Axel|p1a: Iron Crown\n|-resisted|p1a: Iron Crown\n|-damage|p1a: Iron Crown|263/272\n|-resisted|p1a: Iron Crown\n|-damage|p1a: Iron Crown|243/272\n|-resisted|p1a: Iron Crown\n|-damage|p1a: Iron Crown|216/272\n|-hitcount|p1a: Iron Crown|3\n|\n|-heal|p1a: Iron Crown|233/272|[from] item: Leftovers\n|upkeep\n|turn|3\n|\n|t:|1721773004\n|move|p2a: Cinccino|U-turn|p1a: Iron Crown\n|-crit|p1a: Iron Crown\n|-damage|p1a: Iron Crown|164/272\n|\n|t:|1721773010\n|switch|p2a: Entei|Entei, L78|307/307|[from] U-turn\n|move|p1a: Iron Crown|Tachyon Cutter|p2a: Entei\n|-resisted|p2a: Entei\n|-damage|p2a: Entei|276/307\n|-resisted|p2a: Entei\n|-damage|p2a: Entei|242/307\n|-hitcount|p2a: Entei|2\n|\n|-heal|p1a: Iron Crown|181/272|[from] item: Leftovers\n|upkeep\n|turn|4\n|\n|t:|1721773016\n|move|p2a: Entei|Sacred Fire|p1a: Iron Crown\n|-supereffective|p1a: Iron Crown\n|-damage|p1a: Iron Crown|0 fnt\n|faint|p1a: Iron Crown\n|-end|p1a: Iron Crown|Quark Drive|[silent]\n|\n|upkeep\n|\n|t:|1721773019\n|switch|p1a: Rhyperior|Rhyperior, L83, F|327/327\n|turn|5\n|j| TiltAccount2\n|\n|t:|1721773036\n|move|p2a: Entei|Sacred Fire|p1a: Rhyperior\n|-resisted|p1a: Rhyperior\n|-damage|p1a: Rhyperior|266/327\n|move|p1a: Rhyperior|Stone Edge|p2a: Entei\n|-supereffective|p2a: Entei\n|-crit|p2a: Entei\n|-damage|p2a: Entei|0 fnt\n|faint|p2a: Entei\n|\n|upkeep\n|\n|t:|1721773045\n|switch|p2a: Hydreigon|Hydreigon, L79, M|275/275\n|turn|6\n|\n|t:|1721773050\n|switch|p1a: Hitmontop|Hitmontop, L88, M|231/231\n|-ability|p1a: Hitmontop|Intimidate|boost\n|-unboost|p2a: Hydreigon|atk|1\n|move|p2a: Hydreigon|Draco Meteor|p1a: Hitmontop\n|-damage|p1a: Hitmontop|111/231\n|-unboost|p2a: Hydreigon|spa|2\n|\n|upkeep\n|turn|7\n|\n|t:|1721773056\n|switch|p2a: Dodrio|Dodrio, L86, M|243/243\n|move|p1a: Hitmontop|Rapid Spin|p2a: Dodrio\n|-damage|p2a: Dodrio|200/243\n|-boost|p1a: Hitmontop|spe|1\n|\n|upkeep\n|turn|8\n|\n|t:|1721773067\n|move|p1a: Hitmontop|Stone Edge|p2a: Dodrio|[miss]\n|-miss|p1a: Hitmontop|p2a: Dodrio\n|move|p2a: Dodrio|Brave Bird|p1a: Hitmontop\n|-supereffective|p1a: Hitmontop\n|-damage|p1a: Hitmontop|0 fnt\n|faint|p1a: Hitmontop\n|-damage|p2a: Dodrio|163/243|[from] Recoil\n|\n|upkeep\n|inactive|bmence has 120 seconds left.\n|\n|t:|1721773106\n|switch|p1a: Maushold|Maushold, L76|238/238\n|turn|9\n|inactive|MichaelderBeste2 has 120 seconds left.\n|\n|t:|1721773152\n|switch|p1a: Rhyperior|Rhyperior, L83, F|266/327\n|-terastallize|p2a: Dodrio|Flying\n|move|p2a: Dodrio|Brave Bird|p1a: Rhyperior\n|-resisted|p1a: Rhyperior\n|-damage|p1a: Rhyperior|189/327\n|-damage|p2a: Dodrio|138/243|[from] Recoil\n|\n|upkeep\n|turn|10\n|\n|t:|1721773162\n|switch|p2a: Minun|Minun, L95, F|268/268\n|move|p1a: Rhyperior|Stone Edge|p2a: Minun\n|-damage|p2a: Minun|0 fnt\n|faint|p2a: Minun\n|\n|upkeep\n|\n|t:|1721773169\n|switch|p2a: Cinccino|Cinccino, L83, M|260/260\n|turn|11\n|\n|t:|1721773179\n|-terastallize|p1a: Rhyperior|Bug\n|move|p2a: Cinccino|Bullet Seed|p1a: Rhyperior\n|-resisted|p1a: Rhyperior\n|-damage|p1a: Rhyperior|180/327\n|-resisted|p1a: Rhyperior\n|-damage|p1a: Rhyperior|170/327\n|-resisted|p1a: Rhyperior\n|-damage|p1a: Rhyperior|160/327\n|-resisted|p1a: Rhyperior\n|-damage|p1a: Rhyperior|150/327\n|-resisted|p1a: Rhyperior\n|-damage|p1a: Rhyperior|140/327\n|-hitcount|p1a: Rhyperior|5\n|move|p1a: Rhyperior|Stone Edge|p2a: Cinccino|[miss]\n|-miss|p1a: Rhyperior|p2a: Cinccino\n|\n|upkeep\n|turn|12\n|\n|t:|1721773198\n|move|p2a: Cinccino|Tail Slap|p1a: Rhyperior|[miss]\n|-miss|p2a: Cinccino|p1a: Rhyperior\n|move|p1a: Rhyperior|Stone Edge|p2a: Cinccino\n|-damage|p2a: Cinccino|0 fnt\n|faint|p2a: Cinccino\n|\n|upkeep\n|\n|t:|1721773202\n|switch|p2a: Hydreigon|Hydreigon, L79, M|275/275\n|turn|13\n|\n|t:|1721773207\n|move|p2a: Hydreigon|Dark Pulse|p1a: Rhyperior\n|-damage|p1a: Rhyperior|0 fnt\n|faint|p1a: Rhyperior\n|\n|upkeep\n|inactive|bmence has 120 seconds left.\n|\n|t:|1721773249\n|switch|p1a: Cyclizar|Cyclizar, L83, F|234/252\n|turn|14\n|\n|t:|1721773258\n|move|p1a: Cyclizar|Knock Off|p2a: Hydreigon\n|-resisted|p2a: Hydreigon\n|-damage|p2a: Hydreigon|239/275\n|-enditem|p2a: Hydreigon|Choice Specs|[from] move: Knock Off|[of] p1a: Cyclizar\n|move|p2a: Hydreigon|Dark Pulse|p1a: Cyclizar\n|-damage|p1a: Cyclizar|116/252\n|\n|upkeep\n|turn|15\n|\n|t:|1721773268\n|move|p1a: Cyclizar|Draco Meteor|p2a: Hydreigon\n|-supereffective|p2a: Hydreigon\n|-damage|p2a: Hydreigon|0 fnt\n|-unboost|p1a: Cyclizar|spa|2\n|faint|p2a: Hydreigon\n|\n|upkeep\n|\n|t:|1721773270\n|switch|p2a: Zarude|Zarude, L78|292/292\n|turn|16\n|\n|t:|1721773279\n|move|p1a: Cyclizar|Knock Off|p2a: Zarude\n|-resisted|p2a: Zarude\n|-damage|p2a: Zarude|264/292\n|-enditem|p2a: Zarude|Choice Band|[from] move: Knock Off|[of] p1a: Cyclizar\n|move|p2a: Zarude|Knock Off|p1a: Cyclizar\n|-damage|p1a: Cyclizar|0 fnt\n|-enditem|p1a: Cyclizar|Heavy-Duty Boots|[from] move: Knock Off|[of] p2a: Zarude\n|faint|p1a: Cyclizar\n|\n|upkeep\n|inactive|bmence has 120 seconds left.\n|\n|t:|1721773323\n|switch|p1a: Maushold|Maushold, L76|238/238\n|turn|17\n|\n|t:|1721773329\n|move|p1a: Maushold|Population Bomb|p2a: Zarude\n|-damage|p2a: Zarude|240/292\n|-damage|p2a: Zarude|219/292\n|-damage|p2a: Zarude|198/292\n|-crit|p2a: Zarude\n|-damage|p2a: Zarude|162/292\n|-damage|p2a: Zarude|141/292\n|-damage|p2a: Zarude|119/292\n|-damage|p2a: Zarude|97/292\n|-damage|p2a: Zarude|76/292\n|-damage|p2a: Zarude|54/292\n|-damage|p2a: Zarude|35/292\n|-hitcount|p2a: Zarude|10\n|move|p2a: Zarude|Close Combat|p1a: Maushold\n|-supereffective|p1a: Maushold\n|-damage|p1a: Maushold|8/238\n|-unboost|p2a: Zarude|def|1\n|-unboost|p2a: Zarude|spd|1\n|\n|upkeep\n|turn|18\n|\n|t:|1721773342\n|move|p1a: Maushold|Encore|p2a: Zarude\n|-start|p2a: Zarude|Encore\n|move|p2a: Zarude|Close Combat|p1a: Maushold\n|-supereffective|p1a: Maushold\n|-damage|p1a: Maushold|0 fnt\n|-unboost|p2a: Zarude|def|1\n|-unboost|p2a: Zarude|spd|1\n|faint|p1a: Maushold\n|\n|upkeep\n|\n|t:|1721773345\n|switch|p1a: Dragapult|Dragapult, L77, M|262/262\n|turn|19\n|\n|t:|1721773348\n|move|p1a: Dragapult|Dragon Dance|p1a: Dragapult\n|-boost|p1a: Dragapult|atk|1\n|-boost|p1a: Dragapult|spe|1\n|move|p2a: Zarude|Close Combat|p1a: Dragapult\n|-immune|p1a: Dragapult\n|\n|upkeep\n|turn|20\n|-message|MichaelderBeste2 forfeited.\n|\n|win|bmence\n|raw|bmence's rating: 2274 &rarr; <strong>2302</strong><br />(+28 for winning)\n|raw|MichaelderBeste2's rating: 2427 &rarr; <strong>2399</strong><br />(-28 for losing)\n|l|\u2606MichaelderBeste2\n|player|p2|\n|l|\u203dbmence\n|player|p1|\n", "inputlog": ">version 16d9ffe07e6bc8e4f1c17d5198fc9cfb3141ab0a\n>start {\"formatid\":\"gen9randombattle\",\"seed\":[42953,54206,56061,9079],\"rated\":\"Rated battle\"}\n>player p1 {\"name\":\"bmence\",\"avatar\":\"101\",\"rating\":2274,\"seed\":[3749,61439,50545,41553]}\n>player p2 {\"name\":\"MichaelderBeste2\",\"avatar\":\"#wcop2021germany\",\"rating\":2417,\"seed\":[44843,32597,33597,32204]}\n>p1 switch 5\n>p2 move uturn\n>p2 switch 6\n>p1 switch 3\n>p2 move tripleaxel\n>p1 move tachyoncutter\n>p2 move uturn\n>p2 switch 4\n>p1 move tachyoncutter\n>p2 move sacredfire\n>p1 switch 5\n>p1 move stoneedge\n>p2 move sacredfire\n>p2 switch 2\n>p1 switch 2\n>p2 move dracometeor\n>p1 move rapidspin\n>p2 switch 3\n>p1 move stoneedge\n>p2 move bravebird\n>p1 switch 4\n>p1 switch 2\n>p2 move bravebird terastallize\n>p1 move stoneedge\n>p2 switch 5\n>p2 switch 4\n>p1 move stoneedge terastallize\n>p2 move bulletseed\n>p1 move stoneedge\n>p2 move tailslap\n>p2 switch 3\n>p1 move stoneedge\n>p2 move darkpulse\n>p1 switch 3\n>p1 move knockoff\n>p2 move darkpulse\n>p1 move dracometeor\n>p2 move darkpulse\n>p2 switch 6\n>p1 move knockoff\n>p2 move knockoff\n>p1 switch 2\n>p1 move populationbomb\n>p2 move closecombat\n>p1 move encore\n>p2 move uturn\n>p1 switch 6\n>p1 move dragondance\n>p2 move closecombat\n>forcelose p2", "uploadtime": 1721773361, "views": 163, "formatid": "gen9randombattle", "rating": 2302, "private": 0, "password": null}