{"id": "gen9randombattle-2260481713", "format": "[Gen 9] Random Battle", "players": ["apolpi", "MorseCodeIsGay"], "log": "|j|\u203dapolpi\n|j|\u2606MorseCodeIsGay\n|t:|1733855825\n|gametype|singles\n|player|p1|apolpi|1|1091\n|player|p2|MorseCodeIsGay|rood|1058\n|teamsize|p1|6\n|teamsize|p2|6\n|gen|9\n|tier|[Gen 9] Random Battle\n|rated|\n|rule|Species Clause: Limit one of each Pok\u00e9mon\n|rule|HP Percentage Mod: HP is shown in percentages\n|rule|Sleep Clause Mod: Limit one foe put to sleep\n|rule|Illusion Level Mod: Illusion disguises the Pok\u00e9mon's true level\n|\n|t:|1733855825\n|start\n|switch|p1a: Spidops|Spidops, L96, F|271/271\n|switch|p2a: Mabosstiff|Mabosstiff, L86, F|278/278\n|turn|1\n|inactive|Battle timer is ON: inactive players will automatically lose when time's up. (requested by MorseCodeIsGay)\n|\n|t:|1733855867\n|switch|p2a: Kleavor|Kleavor, L78, M|237/237\n|move|p1a: Spidops|Circle Throw|p2a: Kleavor\n|-damage|p2a: Kleavor|135/237\n|drag|p2a: Floatzel|Floatzel, L85, M|283/283\n|\n|upkeep\n|turn|2\n|\n|t:|1733855887\n|move|p2a: Floatzel|Ice Spinner|p1a: Spidops\n|-damage|p1a: Spidops|189/271\n|move|p1a: Spidops|Sticky Web|p2a: Floatzel\n|-sidestart|p2: MorseCodeIsGay|move: Sticky Web\n|\n|upkeep\n|turn|3\n|\n|t:|1733855898\n|move|p2a: Floatzel|Ice Spinner|p1a: Spidops\n|-damage|p1a: Spidops|104/271\n|move|p1a: Spidops|U-turn|p2a: Floatzel\n|-damage|p2a: Floatzel|163/283\n|inactive|apolpi has 120 seconds left.\n|\n|t:|1733855926\n|switch|p1a: Gholdengo|Gholdengo, L77|261/261|[from] U-turn\n|\n|upkeep\n|turn|4\n|\n|t:|1733855954\n|switch|p2a: Mabosstiff|Mabosstiff, L86, F|278/278\n|-activate|p2a: Mabosstiff|move: Sticky Web\n|-unboost|p2a: Mabosstiff|spe|1\n|move|p1a: Gholdengo|Nasty Plot|p1a: Gholdengo\n|-boost|p1a: Gholdengo|spa|2\n|\n|upkeep\n|turn|5\n|\n|t:|1733855964\n|move|p2a: Mabosstiff|Crunch|p1a: Gholdengo\n|-supereffective|p1a: Gholdengo\n|-damage|p1a: Gholdengo|31/261\n|move|p1a: Gholdengo|Make It Rain|p2a: Mabosstiff\n|-damage|p2a: Mabosstiff|0 fnt\n|-unboost|p1a: Gholdengo|spa|1\n|faint|p2a: Mabosstiff\n|\n|-heal|p1a: Gholdengo|47/261|[from] item: Leftovers\n|upkeep\n|\n|t:|1733855971\n|switch|p2a: Cacturne|Cacturne, L92, M|278/278\n|-activate|p2a: Cacturne|move: Sticky Web\n|-unboost|p2a: Cacturne|spe|1\n|turn|6\n|\n|t:|1733855977\n|move|p2a: Cacturne|Sucker Punch|p1a: Gholdengo\n|-supereffective|p1a: Gholdengo\n|-damage|p1a: Gholdengo|0 fnt\n|faint|p1a: Gholdengo\n|-damage|p2a: Cacturne|251/278|[from] item: Life Orb\n|\n|upkeep\n|\n|t:|1733855985\n|switch|p1a: Spidops|Spidops, L96, F|104/271\n|turn|7\n|\n|t:|1733855992\n|move|p1a: Spidops|U-turn|p2a: Cacturne\n|-supereffective|p2a: Cacturne\n|-damage|p2a: Cacturne|0 fnt\n|faint|p2a: Cacturne\n|\n|t:|1733856001\n|switch|p1a: Slowbro|Slowbro-Galar, L87, F|307/307|[from] U-turn\n|\n|upkeep\n|\n|t:|1733856015\n|switch|p2a: Kleavor|Kleavor, L78, M|135/237\n|turn|8\n|\n|t:|1733856039\n|-terastallize|p1a: Slowbro|Ground\n|move|p2a: Kleavor|X-Scissor|p1a: Slowbro\n|-damage|p1a: Slowbro|180/307\n|move|p1a: Slowbro|Shell Side Arm|p2a: Kleavor|[anim] Shell Side Arm Special\n|-resisted|p2a: Kleavor\n|-damage|p2a: Kleavor|70/237\n|-hint|Special Shell Side Arm\n|\n|upkeep\n|turn|9\n|\n|t:|1733856059\n|move|p2a: Kleavor|Close Combat|p1a: Slowbro\n|-damage|p1a: Slowbro|84/307\n|-unboost|p2a: Kleavor|def|1\n|-unboost|p2a: Kleavor|spd|1\n|move|p1a: Slowbro|Earthquake|p2a: Kleavor\n|-damage|p2a: Kleavor|0 fnt\n|faint|p2a: Kleavor\n|\n|upkeep\n|\n|t:|1733856066\n|switch|p2a: Floatzel|Floatzel, L85, M|163/283\n|-activate|p2a: Floatzel|move: Sticky Web\n|-unboost|p2a: Floatzel|spe|1\n|turn|10\n|\n|t:|1733856072\n|switch|p1a: Phione|Phione, L91|293/293\n|move|p2a: Floatzel|Flip Turn|p1a: Phione\n|-resisted|p1a: Phione\n|-damage|p1a: Phione|245/293\n|\n|t:|1733856077\n|switch|p2a: Venusaur|Venusaur, L84, M|272/272|[from] Flip Turn\n|-activate|p2a: Venusaur|move: Sticky Web\n|-unboost|p2a: Venusaur|spe|1\n|\n|-heal|p1a: Phione|263/293|[from] item: Leftovers\n|upkeep\n|turn|11\n|\n|t:|1733856094\n|switch|p1a: Spidops|Spidops, L96, F|104/271\n|move|p2a: Venusaur|Leech Seed|p1a: Spidops\n|-start|p1a: Spidops|move: Leech Seed\n|\n|-damage|p1a: Spidops|71/271|[from] Leech Seed|[of] p2a: Venusaur\n|upkeep\n|turn|12\n|\n|t:|1733856102\n|move|p1a: Spidops|U-turn|p2a: Venusaur\n|-damage|p2a: Venusaur|179/272\n|\n|t:|1733856112\n|switch|p1a: Slowbro|Slowbro-Galar, L87, F, tera:Ground|186/307|[from] U-turn\n|move|p2a: Venusaur|Substitute|p2a: Venusaur\n|-start|p2a: Venusaur|Substitute\n|-damage|p2a: Venusaur|111/272\n|\n|-heal|p2a: Venusaur|128/272|[from] item: Leftovers\n|upkeep\n|turn|13\n|\n|t:|1733856117\n|move|p2a: Venusaur|Leech Seed|p1a: Slowbro\n|-start|p1a: Slowbro|move: Leech Seed\n|move|p1a: Slowbro|Psychic|p2a: Venusaur\n|-supereffective|p2a: Venusaur\n|-end|p2a: Venusaur|Substitute\n|\n|-heal|p2a: Venusaur|145/272|[from] item: Leftovers\n|-damage|p1a: Slowbro|148/307|[from] Leech Seed|[of] p2a: Venusaur\n|-heal|p2a: Venusaur|183/272|[silent]\n|upkeep\n|turn|14\n|\n|t:|1733856125\n|move|p2a: Venusaur|Substitute|p2a: Venusaur\n|-start|p2a: Venusaur|Substitute\n|-damage|p2a: Venusaur|115/272\n|move|p1a: Slowbro|Psychic|p2a: Venusaur\n|-supereffective|p2a: Venusaur\n|-end|p2a: Venusaur|Substitute\n|\n|-heal|p2a: Venusaur|132/272|[from] item: Leftovers\n|-damage|p1a: Slowbro|110/307|[from] Leech Seed|[of] p2a: Venusaur\n|-heal|p2a: Venusaur|170/272|[silent]\n|upkeep\n|turn|15\n|\n|t:|1733856133\n|move|p2a: Venusaur|Sleep Powder|p1a: Slowbro\n|-status|p1a: Slowbro|slp|[from] move: Sleep Powder\n|cant|p1a: Slowbro|slp\n|\n|-heal|p2a: Venusaur|187/272|[from] item: Leftovers\n|-damage|p1a: Slowbro|72/307 slp|[from] Leech Seed|[of] p2a: Venusaur\n|-heal|p2a: Venusaur|225/272|[silent]\n|upkeep\n|turn|16\n|\n|t:|1733856141\n|move|p2a: Venusaur|Substitute|p2a: Venusaur\n|-start|p2a: Venusaur|Substitute\n|-damage|p2a: Venusaur|157/272\n|-curestatus|p1a: Slowbro|slp|[msg]\n|move|p1a: Slowbro|Psychic|p2a: Venusaur\n|-supereffective|p2a: Venusaur\n|-end|p2a: Venusaur|Substitute\n|\n|-heal|p2a: Venusaur|174/272|[from] item: Leftovers\n|-damage|p1a: Slowbro|34/307|[from] Leech Seed|[of] p2a: Venusaur\n|-heal|p2a: Venusaur|212/272|[silent]\n|upkeep\n|turn|17\n|\n|t:|1733856152\n|switch|p1a: Spidops|Spidops, L96, F|71/271\n|move|p2a: Venusaur|Substitute|p2a: Venusaur\n|-start|p2a: Venusaur|Substitute\n|-damage|p2a: Venusaur|144/272\n|\n|-heal|p2a: Venusaur|161/272|[from] item: Leftovers\n|upkeep\n|turn|18\n|\n|t:|1733856159\n|move|p2a: Venusaur|Sludge Bomb|p1a: Spidops\n|-damage|p1a: Spidops|0 fnt\n|faint|p1a: Spidops\n|\n|-heal|p2a: Venusaur|178/272|[from] item: Leftovers\n|upkeep\n|\n|t:|1733856171\n|switch|p1a: Dondozo|Dondozo, L78, F|362/362\n|turn|19\n|\n|t:|1733856182\n|move|p2a: Venusaur|Leech Seed|p1a: Dondozo\n|-start|p1a: Dondozo|move: Leech Seed\n|move|p1a: Dondozo|Curse|p1a: Dondozo\n|-unboost|p1a: Dondozo|spe|1\n|-boost|p1a: Dondozo|atk|1\n|-boost|p1a: Dondozo|def|1\n|\n|-heal|p2a: Venusaur|195/272|[from] item: Leftovers\n|-damage|p1a: Dondozo|317/362|[from] Leech Seed|[of] p2a: Venusaur\n|-heal|p2a: Venusaur|240/272|[silent]\n|upkeep\n|turn|20\n|\n|t:|1733856190\n|move|p2a: Venusaur|Sleep Powder|p1a: Dondozo\n|-status|p1a: Dondozo|slp|[from] move: Sleep Powder\n|cant|p1a: Dondozo|slp\n|\n|-heal|p2a: Venusaur|257/272|[from] item: Leftovers\n|-heal|p1a: Dondozo|339/362 slp|[from] item: Leftovers\n|-damage|p1a: Dondozo|294/362 slp|[from] Leech Seed|[of] p2a: Venusaur\n|-heal|p2a: Venusaur|272/272|[silent]\n|upkeep\n|turn|21\n|\n|t:|1733856199\n|move|p2a: Venusaur|Sludge Bomb|p1a: Dondozo\n|-crit|p1a: Dondozo\n|-damage|p1a: Dondozo|81/362 slp\n|-curestatus|p1a: Dondozo|slp|[msg]\n|move|p1a: Dondozo|Sleep Talk||[still]\n|-fail|p1a: Dondozo\n|\n|-heal|p1a: Dondozo|103/362|[from] item: Leftovers\n|-damage|p1a: Dondozo|58/362|[from] Leech Seed|[of] p2a: Venusaur\n|upkeep\n|turn|22\n|\n|t:|1733856208\n|move|p2a: Venusaur|Sludge Bomb|p1a: Dondozo\n|-damage|p1a: Dondozo|0 fnt\n|faint|p1a: Dondozo\n|\n|upkeep\n|\n|t:|1733856218\n|switch|p1a: Slowbro|Slowbro-Galar, L87, F, tera:Ground|136/307\n|turn|23\n|\n|t:|1733856223\n|move|p2a: Venusaur|Sleep Powder|p1a: Slowbro\n|-status|p1a: Slowbro|slp|[from] move: Sleep Powder\n|cant|p1a: Slowbro|slp\n|\n|upkeep\n|turn|24\n|\n|t:|1733856227\n|move|p2a: Venusaur|Leech Seed|p1a: Slowbro\n|-start|p1a: Slowbro|move: Leech Seed\n|cant|p1a: Slowbro|slp\n|\n|-damage|p1a: Slowbro|98/307 slp|[from] Leech Seed|[of] p2a: Venusaur\n|upkeep\n|turn|25\n|\n|t:|1733856254\n|move|p2a: Venusaur|Sleep Powder|p1a: Slowbro\n|-fail|p1a: Slowbro|slp\n|-curestatus|p1a: Slowbro|slp|[msg]\n|move|p1a: Slowbro|Psychic|p2a: Venusaur\n|-supereffective|p2a: Venusaur\n|-end|p2a: Venusaur|Substitute\n|\n|-damage|p1a: Slowbro|60/307|[from] Leech Seed|[of] p2a: Venusaur\n|upkeep\n|turn|26\n|\n|t:|1733856264\n|move|p2a: Venusaur|Substitute|p2a: Venusaur\n|-start|p2a: Venusaur|Substitute\n|-damage|p2a: Venusaur|204/272\n|move|p1a: Slowbro|Psychic|p2a: Venusaur\n|-supereffective|p2a: Venusaur\n|-end|p2a: Venusaur|Substitute\n|\n|-heal|p2a: Venusaur|221/272|[from] item: Leftovers\n|-damage|p1a: Slowbro|22/307|[from] Leech Seed|[of] p2a: Venusaur\n|-heal|p2a: Venusaur|259/272|[silent]\n|upkeep\n|turn|27\n|\n|t:|1733856273\n|move|p2a: Venusaur|Substitute|p2a: Venusaur\n|-start|p2a: Venusaur|Substitute\n|-damage|p2a: Venusaur|191/272\n|move|p1a: Slowbro|Psychic|p2a: Venusaur\n|-supereffective|p2a: Venusaur\n|-end|p2a: Venusaur|Substitute\n|\n|-heal|p2a: Venusaur|208/272|[from] item: Leftovers\n|-damage|p1a: Slowbro|0 fnt|[from] Leech Seed|[of] p2a: Venusaur\n|-heal|p2a: Venusaur|230/272|[silent]\n|faint|p1a: Slowbro\n|upkeep\n|\n|t:|1733856278\n|switch|p1a: Rhyperior|Rhyperior, L82, M|323/323\n|turn|28\n|\n|t:|1733856285\n|move|p2a: Venusaur|Substitute|p2a: Venusaur\n|-start|p2a: Venusaur|Substitute\n|-damage|p2a: Venusaur|162/272\n|move|p1a: Rhyperior|Ice Punch|p2a: Venusaur\n|-supereffective|p2a: Venusaur\n|-end|p2a: Venusaur|Substitute\n|\n|-heal|p2a: Venusaur|179/272|[from] item: Leftovers\n|upkeep\n|turn|29\n|\n|t:|1733856289\n|move|p2a: Venusaur|Sleep Powder|p1a: Rhyperior\n|-status|p1a: Rhyperior|slp|[from] move: Sleep Powder\n|cant|p1a: Rhyperior|slp\n|\n|-heal|p2a: Venusaur|196/272|[from] item: Leftovers\n|upkeep\n|turn|30\n|\n|t:|1733856295\n|move|p2a: Venusaur|Leech Seed|p1a: Rhyperior\n|-start|p1a: Rhyperior|move: Leech Seed\n|cant|p1a: Rhyperior|slp\n|\n|-heal|p2a: Venusaur|213/272|[from] item: Leftovers\n|-damage|p1a: Rhyperior|283/323 slp|[from] Leech Seed|[of] p2a: Venusaur\n|-heal|p2a: Venusaur|253/272|[silent]\n|upkeep\n|turn|31\n|\n|t:|1733856298\n|move|p2a: Venusaur|Substitute|p2a: Venusaur\n|-start|p2a: Venusaur|Substitute\n|-damage|p2a: Venusaur|185/272\n|-curestatus|p1a: Rhyperior|slp|[msg]\n|move|p1a: Rhyperior|Rock Polish|p1a: Rhyperior\n|-boost|p1a: Rhyperior|spe|2\n|\n|-heal|p2a: Venusaur|202/272|[from] item: Leftovers\n|-damage|p1a: Rhyperior|243/323|[from] Leech Seed|[of] p2a: Venusaur\n|-heal|p2a: Venusaur|242/272|[silent]\n|upkeep\n|turn|32\n|\n|t:|1733856308\n|move|p1a: Rhyperior|Ice Punch|p2a: Venusaur\n|-supereffective|p2a: Venusaur\n|-end|p2a: Venusaur|Substitute\n|move|p2a: Venusaur|Sleep Powder|p1a: Rhyperior|[miss]\n|-miss|p2a: Venusaur|p1a: Rhyperior\n|\n|-heal|p2a: Venusaur|259/272|[from] item: Leftovers\n|-damage|p1a: Rhyperior|203/323|[from] Leech Seed|[of] p2a: Venusaur\n|-heal|p2a: Venusaur|272/272|[silent]\n|upkeep\n|turn|33\n|\n|t:|1733856314\n|move|p1a: Rhyperior|Ice Punch|p2a: Venusaur\n|-supereffective|p2a: Venusaur\n|-damage|p2a: Venusaur|126/272\n|move|p2a: Venusaur|Substitute|p2a: Venusaur\n|-start|p2a: Venusaur|Substitute\n|-damage|p2a: Venusaur|58/272\n|\n|-heal|p2a: Venusaur|75/272|[from] item: Leftovers\n|-damage|p1a: Rhyperior|163/323|[from] Leech Seed|[of] p2a: Venusaur\n|-heal|p2a: Venusaur|115/272|[silent]\n|upkeep\n|turn|34\n|\n|t:|1733856322\n|move|p1a: Rhyperior|Rock Polish|p1a: Rhyperior\n|-boost|p1a: Rhyperior|spe|2\n|move|p2a: Venusaur|Sleep Powder|p1a: Rhyperior\n|-status|p1a: Rhyperior|slp|[from] move: Sleep Powder\n|\n|-heal|p2a: Venusaur|132/272|[from] item: Leftovers\n|-damage|p1a: Rhyperior|123/323 slp|[from] Leech Seed|[of] p2a: Venusaur\n|-heal|p2a: Venusaur|172/272|[silent]\n|upkeep\n|turn|35\n|\n|t:|1733856337\n|cant|p1a: Rhyperior|slp\n|move|p2a: Venusaur|Sleep Powder|p1a: Rhyperior\n|-fail|p1a: Rhyperior|slp\n|\n|-heal|p2a: Venusaur|189/272|[from] item: Leftovers\n|-damage|p1a: Rhyperior|83/323 slp|[from] Leech Seed|[of] p2a: Venusaur\n|-heal|p2a: Venusaur|229/272|[silent]\n|upkeep\n|turn|36\n|\n|t:|1733856342\n|-curestatus|p1a: Rhyperior|slp|[msg]\n|move|p1a: Rhyperior|Ice Punch|p2a: Venusaur\n|-supereffective|p2a: Venusaur\n|-end|p2a: Venusaur|Substitute\n|move|p2a: Venusaur|Sleep Powder|p1a: Rhyperior\n|-status|p1a: Rhyperior|slp|[from] move: Sleep Powder\n|\n|-heal|p2a: Venusaur|246/272|[from] item: Leftovers\n|-damage|p1a: Rhyperior|43/323 slp|[from] Leech Seed|[of] p2a: Venusaur\n|-heal|p2a: Venusaur|272/272|[silent]\n|upkeep\n|turn|37\n|l|\u203dapolpi\n|inactive|apolpi disconnected and has a minute to reconnect!\n|player|p1|\n|j|\u203dapolpi\n|inactive|apolpi reconnected.\n|player|p1|apolpi|1|\n|\n|t:|1733856360\n|cant|p1a: Rhyperior|slp\n|move|p2a: Venusaur|Substitute|p2a: Venusaur\n|-start|p2a: Venusaur|Substitute\n|-damage|p2a: Venusaur|204/272\n|\n|-heal|p2a: Venusaur|221/272|[from] item: Leftovers\n|-damage|p1a: Rhyperior|3/323 slp|[from] Leech Seed|[of] p2a: Venusaur\n|-heal|p2a: Venusaur|261/272|[silent]\n|upkeep\n|turn|38\n|-message|apolpi forfeited.\n|\n|win|MorseCodeIsGay\n|raw|apolpi's rating: 1091 &rarr; <strong>1065</strong><br />(-26 for losing)\n|raw|MorseCodeIsGay's rating: 1058 &rarr; <strong>1092</strong><br />(+34 for winning)\n|l|\u203dapolpi\n|player|p1|\n|c|\u2606MorseCodeIsGay|ggs\n", "inputlog": ">version bfd83cad13791eb5a5a409923076391caf6fb4d4\n>start {\"formatid\":\"gen9randombattle\",\"seed\":[5148,37856,49757,1455],\"rated\":\"Rated battle\"}\n>player p1 {\"name\":\"apolpi\",\"avatar\":\"1\",\"rating\":1091,\"seed\":[60008,51854,29323,34398]}\n>player p2 {\"name\":\"MorseCodeIsGay\",\"avatar\":\"rood\",\"rating\":1058,\"seed\":[51654,55982,25582,222]}\n>p1 move circlethrow\n>p2 switch 6\n>p1 move stickyweb\n>p2 move icespinner\n>p1 move uturn\n>p2 move icespinner\n>p1 switch 4\n>p1 move nastyplot\n>p2 switch 6\n>p1 move makeitrain\n>p2 move crunch\n>p2 switch 5\n>p1 move makeitrain\n>p2 move suckerpunch\n>p1 switch 4\n>p1 move uturn\n>p2 move knockoff\n>p1 switch 5\n>p2 switch 4\n>p1 move shellsidearm terastallize\n>p2 move xscissor\n>p1 move earthquake\n>p2 move closecombat\n>p2 switch 6\n>p1 switch 3\n>p2 move flipturn\n>p2 switch 2\n>p1 switch 5\n>p2 move leechseed\n>p1 move uturn\n>p2 move substitute\n>p1 switch 3\n>p1 move psychic\n>p2 move leechseed\n>p1 move psychic\n>p2 move substitute\n>p1 move psychic\n>p2 move sleeppowder\n>p1 move psychic\n>p2 move substitute\n>p1 switch 3\n>p2 move substitute\n>p1 move uturn\n>p2 move sludgebomb\n>p1 switch 2\n>p1 move curse\n>p2 move leechseed\n>p1 move curse\n>p2 move sleeppowder\n>p1 move sleeptalk\n>p2 move sludgebomb\n>p1 move wavecrash\n>p2 move sludgebomb\n>p1 switch 3\n>p1 move psychic\n>p2 move sleeppowder\n>p1 move psychic\n>p2 move leechseed\n>p1 move psychic\n>p2 move sleeppowder\n>p1 move psychic\n>p2 move substitute\n>p1 move psychic\n>p2 move substitute\n>p1 switch 6\n>p1 move icepunch\n>p2 move substitute\n>p1 move icepunch\n>p2 move sleeppowder\n>p1 move rockpolish\n>p2 move leechseed\n>p1 move rockpolish\n>p2 move substitute\n>p1 move icepunch\n>p2 move sleeppowder\n>p1 move icepunch\n>p2 move substitute\n>p1 move rockpolish\n>p2 move sleeppowder\n>p1 move icepunch\n>p2 move sleeppowder\n>p1 move icepunch\n>p2 move sleeppowder\n>p1 move icepunch\n>p2 move substitute\n>forcelose p1", "uploadtime": 1733856372, "views": 2, "formatid": "gen9randombattle", "rating": 1065, "private": 0, "password": null}