{"id": "gen9randombattle-2260435832", "format": "[Gen 9] Random Battle", "players": ["haajsysta", "pookie101"], "log": "|j|\u2606haajsysta\n|j|\u2606pookie101\n|t:|1733851396\n|gametype|singles\n|player|p1|haajsysta|102|1079\n|player|p2|pookie101|101|1057\n|teamsize|p1|6\n|teamsize|p2|6\n|gen|9\n|tier|[Gen 9] Random Battle\n|rated|\n|rule|Species Clause: Limit one of each Pok\u00e9mon\n|rule|HP Percentage Mod: HP is shown in percentages\n|rule|Sleep Clause Mod: Limit one foe put to sleep\n|rule|Illusion Level Mod: Illusion disguises the Pok\u00e9mon's true level\n|\n|t:|1733851396\n|start\n|switch|p1a: Tatsugiri|Tatsugiri, L87, F|260/260\n|switch|p2a: Mudsdale|Mudsdale, L84, F|305/305\n|turn|1\n|inactive|Battle timer is ON: inactive players will automatically lose when time's up. (requested by haajsysta)\n|\n|t:|1733851424\n|move|p1a: Tatsugiri|Nasty Plot|p1a: Tatsugiri\n|-boost|p1a: Tatsugiri|spa|2\n|move|p2a: Mudsdale|Stealth Rock|p1a: Tatsugiri\n|-sidestart|p1: haajsysta|move: Stealth Rock\n|\n|upkeep\n|turn|2\n|\n|t:|1733851438\n|move|p1a: Tatsugiri|Hydro Pump|p2a: Mudsdale\n|-supereffective|p2a: Mudsdale\n|-damage|p2a: Mudsdale|0 fnt\n|faint|p2a: Mudsdale\n|\n|upkeep\n|\n|t:|1733851452\n|switch|p2a: Bellibolt|Bellibolt, L84, F|320/320\n|turn|3\n|\n|t:|1733851459\n|move|p1a: Tatsugiri|Rapid Spin|p2a: Bellibolt\n|-damage|p2a: Bellibolt|297/320\n|-boost|p1a: Tatsugiri|spe|1\n|-start|p2a: Bellibolt|Charge|Rapid Spin|[from] ability: Electromorphosis\n|-sideend|p1: haajsysta|Stealth Rock|[from] move: Rapid Spin|[of] p1a: Tatsugiri\n|move|p2a: Bellibolt|Toxic|p1a: Tatsugiri\n|-status|p1a: Tatsugiri|tox\n|\n|-heal|p2a: Bellibolt|317/320|[from] item: Leftovers\n|-damage|p1a: Tatsugiri|244/260 tox|[from] psn\n|upkeep\n|turn|4\n|\n|t:|1733851473\n|move|p1a: Tatsugiri|Draco Meteor|p2a: Bellibolt\n|-crit|p2a: Bellibolt\n|-damage|p2a: Bellibolt|0 fnt\n|-unboost|p1a: Tatsugiri|spa|2\n|faint|p2a: Bellibolt\n|\n|-damage|p1a: Tatsugiri|212/260 tox|[from] psn\n|upkeep\n|\n|t:|1733851483\n|switch|p2a: Whiscash|Whiscash, L88, F|337/337\n|turn|5\n|\n|t:|1733851491\n|move|p1a: Tatsugiri|Draco Meteor|p2a: Whiscash\n|-damage|p2a: Whiscash|130/337\n|-unboost|p1a: Tatsugiri|spa|2\n|move|p2a: Whiscash|Dragon Dance|p2a: Whiscash\n|-boost|p2a: Whiscash|atk|1\n|-boost|p2a: Whiscash|spe|1\n|\n|-damage|p1a: Tatsugiri|164/260 tox|[from] psn\n|upkeep\n|turn|6\n|\n|t:|1733851511\n|move|p1a: Tatsugiri|Draco Meteor|p2a: Whiscash\n|-damage|p2a: Whiscash|42/337\n|-unboost|p1a: Tatsugiri|spa|2\n|move|p2a: Whiscash|Stone Edge|p1a: Tatsugiri|[miss]\n|-miss|p2a: Whiscash|p1a: Tatsugiri\n|\n|-damage|p1a: Tatsugiri|100/260 tox|[from] psn\n|upkeep\n|turn|7\n|\n|t:|1733851520\n|move|p1a: Tatsugiri|Draco Meteor|p2a: Whiscash\n|-damage|p2a: Whiscash|0 fnt\n|-unboost|p1a: Tatsugiri|spa|2\n|faint|p2a: Whiscash\n|\n|-damage|p1a: Tatsugiri|20/260 tox|[from] psn\n|upkeep\n|\n|t:|1733851528\n|switch|p2a: Deoxys|Deoxys-Speed, L82|216/216\n|-ability|p2a: Deoxys|Pressure\n|turn|8\n|\n|t:|1733851538\n|move|p2a: Deoxys|Knock Off|p1a: Tatsugiri\n|-damage|p1a: Tatsugiri|0 fnt\n|-enditem|p1a: Tatsugiri|Heavy-Duty Boots|[from] move: Knock Off|[of] p2a: Deoxys\n|faint|p1a: Tatsugiri\n|-damage|p2a: Deoxys|195/216|[from] item: Life Orb\n|\n|upkeep\n|\n|t:|1733851547\n|switch|p1a: Bombirdier|Bombirdier, L85, M|258/258\n|turn|9\n|\n|t:|1733851558\n|move|p2a: Deoxys|Psycho Boost|p1a: Bombirdier\n|-immune|p1a: Bombirdier\n|move|p1a: Bombirdier|Knock Off|p2a: Deoxys\n|-supereffective|p2a: Deoxys\n|-damage|p2a: Deoxys|0 fnt\n|-enditem|p2a: Deoxys|Life Orb|[from] move: Knock Off|[of] p1a: Bombirdier\n|faint|p2a: Deoxys\n|\n|upkeep\n|c|\u2606haajsysta|nice move\n|l|\u2606pookie101\n|inactive|pookie101 disconnected and has a minute to reconnect!\n|player|p2|\n|c|\u2606haajsysta|dum fuk\n|inactive|pookie101 has 30 seconds to reconnect!\n|inactive|pookie101 has 20 seconds to reconnect!\n|inactive|pookie101 has 15 seconds to reconnect!\n|inactive|pookie101 has 10 seconds to reconnect!\n|inactive|pookie101 has 5 seconds to reconnect!\n|-message|pookie101 lost due to inactivity.\n|\n|win|haajsysta\n", "inputlog": ">version bfd83cad13791eb5a5a409923076391caf6fb4d4\n>start {\"formatid\":\"gen9randombattle\",\"seed\":[16495,57867,19179,20685],\"rated\":\"Rated battle\"}\n>player p1 {\"name\":\"haajsysta\",\"avatar\":\"102\",\"rating\":1079,\"seed\":[20449,31865,51136,699]}\n>player p2 {\"name\":\"pookie101\",\"avatar\":\"101\",\"rating\":1057,\"seed\":[8292,36048,37775,26309]}\n>p1 move nastyplot\n>p2 move stealthrock\n>p1 move hydropump\n>p2 move heavyslam\n>p2 switch 4\n>p1 move rapidspin\n>p2 move toxic\n>p1 move dracometeor\n>p2 move thunderbolt\n>p2 switch 6\n>p1 move dracometeor\n>p2 move dragondance\n>p1 move dracometeor\n>p2 move stoneedge\n>p1 move dracometeor\n>p2 move liquidation\n>p2 switch 5\n>p1 move rapidspin\n>p2 move knockoff\n>p1 switch 6\n>p1 move knockoff\n>p2 move psychoboost\n>chat \u2606haajsysta|nice move\n>chat \u2606haajsysta|dum fuk\n>forcelose p2", "uploadtime": 1733851578, "views": 1, "formatid": "gen9randombattle", "rating": null, "private": 0, "password": null}