{"id": "gen9randombattle-2061635143", "format": "[Gen 9] Random Battle", "players": ["latias999999999", "thethirstysimp"], "log": "|j|\u2606latias999999999\n|j|\u2606thethirstysimp\n|t:|1708199994\n|gametype|singles\n|player|p1|latias999999999|gardenia|2198\n|player|p2|thethirstysimp|170|2327\n|teamsize|p1|6\n|teamsize|p2|6\n|gen|9\n|tier|[Gen 9] Random Battle\n|rated|\n|rule|Species Clause: Limit one of each Pok\u00e9mon\n|rule|HP Percentage Mod: HP is shown in percentages\n|rule|Sleep Clause Mod: Limit one foe put to sleep\n|rule|Illusion Level Mod: Illusion disguises the Pok\u00e9mon's true level\n|\n|t:|1708199994\n|start\n|switch|p1a: Poliwrath|Poliwrath, L88, F|302/302\n|switch|p2a: Pelipper|Pelipper, L86, F|243/243\n|-weather|RainDance|[from] ability: Drizzle|[of] p2a: Pelipper\n|turn|1\n|inactive|Battle timer is ON: inactive players will automatically lose when time's up. (requested by latias999999999)\n|inactive|thethirstysimp has 120 seconds left.\n|\n|t:|1708200039\n|move|p1a: Poliwrath|Knock Off|p2a: Pelipper\n|-damage|p2a: Pelipper|160/243\n|-enditem|p2a: Pelipper|Heavy-Duty Boots|[from] move: Knock Off|[of] p1a: Poliwrath\n|-damage|p1a: Poliwrath|272/302|[from] item: Life Orb\n|move|p2a: Pelipper|Hurricane|p1a: Poliwrath\n|-supereffective|p1a: Poliwrath\n|-damage|p1a: Poliwrath|26/302\n|\n|-weather|RainDance|[upkeep]\n|upkeep\n|turn|2\n|\n|t:|1708200055\n|switch|p1a: Pachirisu|Pachirisu, L95, F|268/268\n|move|p2a: Pelipper|Roost|p2a: Pelipper\n|-heal|p2a: Pelipper|243/243\n|-singleturn|p2a: Pelipper|move: Roost\n|\n|-weather|RainDance|[upkeep]\n|upkeep\n|turn|3\n|\n|t:|1708200067\n|switch|p2a: Swampert|Swampert, L83, F|302/302\n|move|p1a: Pachirisu|Super Fang|p2a: Swampert\n|-damage|p2a: Swampert|151/302\n|\n|-weather|RainDance|[upkeep]\n|-heal|p2a: Swampert|169/302|[from] item: Leftovers\n|upkeep\n|turn|4\n|\n|t:|1708200077\n|move|p1a: Pachirisu|U-turn|p2a: Swampert\n|-damage|p2a: Swampert|135/302\n|\n|t:|1708200081\n|switch|p1a: Poliwrath|Poliwrath, L88, F|26/302|[from] U-turn\n|move|p2a: Swampert|Knock Off|p1a: Poliwrath\n|-resisted|p1a: Poliwrath\n|-damage|p1a: Poliwrath|0 fnt\n|-enditem|p1a: Poliwrath|Life Orb|[from] move: Knock Off|[of] p2a: Swampert\n|faint|p1a: Poliwrath\n|\n|-weather|RainDance|[upkeep]\n|-heal|p2a: Swampert|153/302|[from] item: Leftovers\n|upkeep\n|\n|t:|1708200094\n|switch|p1a: Swanna|Swanna, L88, F|275/275\n|turn|5\n|\n|t:|1708200099\n|switch|p2a: Dialga|Dialga-Origin, L73|266/266\n|-ability|p2a: Dialga|Pressure\n|move|p1a: Swanna|Hydro Pump|p2a: Dialga\n|-resisted|p2a: Dialga\n|-damage|p2a: Dialga|184/266\n|\n|-weather|none\n|upkeep\n|turn|6\n|\n|t:|1708200110\n|switch|p1a: Camerupt|Camerupt, L90, F|272/272\n|move|p2a: Dialga|Draco Meteor|p1a: Camerupt|[miss]\n|-miss|p2a: Dialga|p1a: Camerupt\n|\n|upkeep\n|turn|7\n|\n|t:|1708200117\n|move|p2a: Dialga|Stealth Rock|p1a: Camerupt\n|-sidestart|p1: latias999999999|move: Stealth Rock\n|move|p1a: Camerupt|Stealth Rock|p2a: Dialga\n|-sidestart|p2: thethirstysimp|move: Stealth Rock\n|\n|upkeep\n|turn|8\n|\n|t:|1708200123\n|switch|p2a: Pelipper|Pelipper, L86, F|243/243\n|-damage|p2a: Pelipper|183/243|[from] Stealth Rock\n|-weather|RainDance|[from] ability: Drizzle|[of] p2a: Pelipper\n|move|p1a: Camerupt|Earthquake|p2a: Pelipper\n|-immune|p2a: Pelipper\n|\n|-weather|RainDance|[upkeep]\n|upkeep\n|turn|9\n|\n|t:|1708200140\n|switch|p1a: Pachirisu|Pachirisu, L95, F|268/268\n|move|p2a: Pelipper|Knock Off|p1a: Pachirisu\n|-damage|p1a: Pachirisu|220/268\n|-enditem|p1a: Pachirisu|Heavy-Duty Boots|[from] move: Knock Off|[of] p2a: Pelipper\n|\n|-weather|RainDance|[upkeep]\n|upkeep\n|turn|10\n|\n|t:|1708200154\n|move|p1a: Pachirisu|Super Fang|p2a: Pelipper\n|-damage|p2a: Pelipper|92/243\n|move|p2a: Pelipper|Hydro Pump|p1a: Pachirisu\n|-damage|p1a: Pachirisu|60/268\n|\n|-weather|RainDance|[upkeep]\n|upkeep\n|turn|11\n|\n|t:|1708200164\n|switch|p2a: Swampert|Swampert, L83, F|153/302\n|-damage|p2a: Swampert|135/302|[from] Stealth Rock\n|move|p1a: Pachirisu|Thunderbolt|p2a: Swampert\n|-immune|p2a: Swampert\n|\n|-weather|RainDance|[upkeep]\n|-heal|p2a: Swampert|153/302|[from] item: Leftovers\n|upkeep\n|turn|12\n|\n|t:|1708200172\n|move|p1a: Pachirisu|Super Fang|p2a: Swampert\n|-damage|p2a: Swampert|77/302\n|move|p2a: Swampert|Knock Off|p1a: Pachirisu\n|-damage|p1a: Pachirisu|8/268\n|\n|-weather|none\n|-heal|p2a: Swampert|95/302|[from] item: Leftovers\n|upkeep\n|turn|13\n|\n|t:|1708200186\n|move|p1a: Pachirisu|Super Fang|p2a: Swampert\n|-damage|p2a: Swampert|48/302\n|move|p2a: Swampert|Roar|p1a: Pachirisu\n|drag|p1a: Camerupt|Camerupt, L90, F|272/272\n|-damage|p1a: Camerupt|238/272|[from] Stealth Rock\n|\n|-heal|p2a: Swampert|66/302|[from] item: Leftovers\n|-heal|p1a: Camerupt|255/272|[from] item: Leftovers\n|upkeep\n|turn|14\n|\n|t:|1708200207\n|switch|p1a: Pachirisu|Pachirisu, L95, F|8/268\n|-damage|p1a: Pachirisu|0 fnt|[from] Stealth Rock\n|faint|p1a: Pachirisu\n|move|p2a: Swampert|Knock Off|p1: Pachirisu|[notarget]\n|-fail|p2a: Swampert\n|\n|-heal|p2a: Swampert|84/302|[from] item: Leftovers\n|upkeep\n|\n|t:|1708200215\n|switch|p1a: Swanna|Swanna, L88, F|275/275\n|turn|15\n|\n|t:|1708200219\n|switch|p2a: Dialga|Dialga-Origin, L73|184/266\n|-damage|p2a: Dialga|168/266|[from] Stealth Rock\n|-ability|p2a: Dialga|Pressure\n|move|p1a: Swanna|Brave Bird|p2a: Dialga\n|-resisted|p2a: Dialga\n|-damage|p2a: Dialga|114/266\n|-damage|p1a: Swanna|257/275|[from] Recoil\n|\n|upkeep\n|turn|16\n|\n|t:|1708200241\n|switch|p1a: Gholdengo|Gholdengo, L77|261/261\n|-damage|p1a: Gholdengo|245/261|[from] Stealth Rock\n|move|p2a: Dialga|Draco Meteor|p1a: Gholdengo\n|-resisted|p1a: Gholdengo\n|-damage|p1a: Gholdengo|158/261\n|-unboost|p2a: Dialga|spa|2\n|\n|-heal|p1a: Gholdengo|174/261|[from] item: Leftovers\n|upkeep\n|turn|17\n|\n|t:|1708200255\n|switch|p2a: Scizor|Scizor, L79, M|240/240\n|-damage|p2a: Scizor|210/240|[from] Stealth Rock\n|move|p1a: Gholdengo|Shadow Ball|p2a: Scizor\n|-damage|p2a: Scizor|108/240\n|-unboost|p2a: Scizor|spd|1\n|\n|-heal|p1a: Gholdengo|190/261|[from] item: Leftovers\n|upkeep\n|turn|18\n|\n|t:|1708200265\n|move|p2a: Scizor|Bullet Punch|p1a: Gholdengo\n|-resisted|p1a: Gholdengo\n|-damage|p1a: Gholdengo|143/261\n|-damage|p2a: Scizor|84/240|[from] item: Life Orb\n|move|p1a: Gholdengo|Shadow Ball|p2a: Scizor\n|-damage|p2a: Scizor|0 fnt\n|faint|p2a: Scizor\n|\n|-heal|p1a: Gholdengo|159/261|[from] item: Leftovers\n|upkeep\n|\n|t:|1708200269\n|switch|p2a: Okidogi|Okidogi, L77, M|262/262\n|-damage|p2a: Okidogi|246/262|[from] Stealth Rock\n|turn|19\n|j| wrongteam\n|\n|t:|1708200295\n|switch|p1a: Swanna|Swanna, L88, F|257/275\n|move|p2a: Okidogi|Knock Off|p1a: Swanna\n|-damage|p1a: Swanna|176/275\n|-enditem|p1a: Swanna|Heavy-Duty Boots|[from] move: Knock Off|[of] p2a: Okidogi\n|\n|-heal|p2a: Okidogi|262/262|[from] item: Leftovers\n|upkeep\n|turn|20\n|\n|t:|1708200312\n|move|p1a: Swanna|Brave Bird|p2a: Okidogi\n|-supereffective|p2a: Okidogi\n|-damage|p2a: Okidogi|50/262\n|-damage|p1a: Swanna|106/275|[from] Recoil\n|move|p2a: Okidogi|Gunk Shot|p1a: Swanna|[miss]\n|-miss|p2a: Okidogi|p1a: Swanna\n|\n|-heal|p2a: Okidogi|66/262|[from] item: Leftovers\n|upkeep\n|turn|21\n|\n|t:|1708200319\n|move|p1a: Swanna|Brave Bird|p2a: Okidogi\n|-supereffective|p2a: Okidogi\n|-damage|p2a: Okidogi|0 fnt\n|faint|p2a: Okidogi\n|-damage|p1a: Swanna|84/275|[from] Recoil\n|\n|upkeep\n|-message|thethirstysimp forfeited.\n|\n|win|latias999999999\n|raw|latias999999999's rating: 2198 &rarr; <strong>2225</strong><br />(+27 for winning)\n|raw|thethirstysimp's rating: 2327 &rarr; <strong>2300</strong><br />(-27 for losing)\n|l|\u2606thethirstysimp\n|player|p2|\n|l| wrongteam\n|l|\u2606latias999999999\n|player|p1|\n|j|\u2606latias999999999\n|player|p1|latias999999999|gardenia\n", "inputlog": ">version 02f5d8f18fda56cd0765f6b578223588ff50a3c3\n>start {\"formatid\":\"gen9randombattle\",\"seed\":[42733,33029,13567,39472],\"rated\":\"Rated battle\"}\n>player p1 {\"name\":\"latias999999999\",\"avatar\":\"gardenia\",\"rating\":2198,\"seed\":[11295,12324,30970,17625]}\n>player p2 {\"name\":\"thethirstysimp\",\"avatar\":\"170\",\"rating\":2327,\"seed\":[60852,5156,51101,42953]}\n>p1 move knockoff\n>p2 move hurricane\n>p1 switch 6\n>p2 move roost\n>p1 move superfang\n>p2 switch 3\n>p1 move uturn\n>p2 move knockoff\n>p1 switch 6\n>p1 switch 5\n>p1 move hydropump\n>p2 switch 2\n>p1 switch 4\n>p2 move dracometeor\n>p1 move stealthrock\n>p2 move stealthrock\n>p1 move earthquake\n>p2 switch 3\n>p1 switch 6\n>p2 move knockoff\n>p1 move superfang\n>p2 move hydropump\n>p1 move thunderbolt\n>p2 switch 2\n>p1 move superfang\n>p2 move knockoff\n>p1 move superfang\n>p2 move roar\n>p1 switch 6\n>p2 move knockoff\n>p1 switch 4\n>p1 move bravebird\n>p2 switch 3\n>p1 switch 2\n>p2 move dracometeor\n>p1 move shadowball\n>p2 switch 6\n>p1 move shadowball\n>p2 move bulletpunch\n>p2 switch 4\n>p1 switch 2\n>p2 move knockoff\n>p1 move bravebird\n>p2 move gunkshot\n>p1 move bravebird\n>p2 move gunkshot\n>forcelose p2", "uploadtime": 1708201316, "views": 286, "formatid": "gen9randombattle", "rating": 2225, "private": 0, "password": null}