{"id": "gen9randombattle-2260640873", "format": "[Gen 9] Random Battle", "players": ["DSCGluttony", "Awesome_Baek"], "log": "|j|\u2606DSCGluttony\n|j|\u2606Awesome_Baek\n|t:|1733872637\n|gametype|singles\n|player|p1|DSCGluttony|depotagent|1479\n|player|p2|Awesome_Baek|lucas|1496\n|teamsize|p1|6\n|teamsize|p2|6\n|gen|9\n|tier|[Gen 9] Random Battle\n|rated|\n|rule|Species Clause: Limit one of each Pok\u00e9mon\n|rule|HP Percentage Mod: HP is shown in percentages\n|rule|Sleep Clause Mod: Limit one foe put to sleep\n|rule|Illusion Level Mod: Illusion disguises the Pok\u00e9mon's true level\n|\n|t:|1733872637\n|start\n|switch|p1a: Weezing|Weezing, L88, M|258/258\n|switch|p2a: Lanturn|Lanturn, L89, M|367/367\n|turn|1\n|inactive|Battle timer is ON: inactive players will automatically lose when time's up. (requested by DSCGluttony)\n|\n|t:|1733872656\n|switch|p1a: Lanturn|Lanturn, L89, M|367/367\n|move|p2a: Lanturn|Thunderbolt|p1a: Lanturn\n|-immune|p1a: Lanturn|[from] ability: Volt Absorb\n|\n|upkeep\n|turn|2\n|\n|t:|1733872671\n|move|p1a: Lanturn|Scald|p2a: Lanturn\n|-resisted|p2a: Lanturn\n|-damage|p2a: Lanturn|325/367\n|-status|p2a: Lanturn|brn\n|move|p2a: Lanturn|Scald|p1a: Lanturn\n|-resisted|p1a: Lanturn\n|-damage|p1a: Lanturn|326/367\n|\n|-heal|p2a: Lanturn|347/367 brn|[from] item: Leftovers\n|-damage|p2a: Lanturn|325/367 brn|[from] brn\n|upkeep\n|turn|3\n|\n|t:|1733872686\n|switch|p1a: Komala|Komala, L89, F|260/260\n|-ability|p1a: Komala|Comatose\n|move|p2a: Lanturn|Scald|p1a: Komala\n|-damage|p1a: Komala|211/260\n|\n|-heal|p2a: Lanturn|347/367 brn|[from] item: Leftovers\n|-damage|p2a: Lanturn|325/367 brn|[from] brn\n|upkeep\n|turn|4\n|\n|t:|1733872704\n|move|p2a: Lanturn|Scald|p1a: Komala\n|-damage|p1a: Komala|166/260\n|move|p1a: Komala|Knock Off|p2a: Lanturn\n|-damage|p2a: Lanturn|221/367 brn\n|-enditem|p2a: Lanturn|Leftovers|[from] move: Knock Off|[of] p1a: Komala\n|\n|-damage|p2a: Lanturn|199/367 brn|[from] brn\n|upkeep\n|turn|5\n|\n|t:|1733872716\n|move|p2a: Lanturn|Thunderbolt|p1a: Komala\n|-damage|p1a: Komala|114/260\n|move|p1a: Komala|Body Slam|p2a: Lanturn\n|-damage|p2a: Lanturn|48/367 brn\n|\n|-damage|p2a: Lanturn|26/367 brn|[from] brn\n|upkeep\n|turn|6\n|inactive|Awesome_Baek has 120 seconds left.\n|\n|t:|1733872752\n|move|p2a: Lanturn|Thunderbolt|p1a: Komala\n|-damage|p1a: Komala|56/260\n|move|p1a: Komala|Rapid Spin|p2a: Lanturn\n|-damage|p2a: Lanturn|0 fnt\n|-boost|p1a: Komala|spe|1\n|faint|p2a: Lanturn\n|\n|upkeep\n|\n|t:|1733872772\n|switch|p2a: Dragonite|Dragonite, L74, F|257/257\n|turn|7\n|\n|t:|1733872783\n|move|p1a: Komala|Knock Off|p2a: Dragonite\n|-damage|p2a: Dragonite|210/257\n|-enditem|p2a: Dragonite|Heavy-Duty Boots|[from] move: Knock Off|[of] p1a: Komala\n|move|p2a: Dragonite|Dragon Dance|p2a: Dragonite\n|-boost|p2a: Dragonite|atk|1\n|-boost|p2a: Dragonite|spe|1\n|\n|upkeep\n|turn|8\n|\n|t:|1733872791\n|move|p1a: Komala|Body Slam|p2a: Dragonite\n|-damage|p2a: Dragonite|92/257\n|move|p2a: Dragonite|Earthquake|p1a: Komala\n|-damage|p1a: Komala|0 fnt\n|faint|p1a: Komala\n|\n|upkeep\n|\n|t:|1733872813\n|switch|p1a: Honchkrow|Honchkrow, L86, F|312/312\n|turn|9\n|inactive|Awesome_Baek has 120 seconds left.\n|\n|t:|1733872834\n|move|p2a: Dragonite|Roost|p2a: Dragonite\n|-heal|p2a: Dragonite|221/257\n|-singleturn|p2a: Dragonite|move: Roost\n|move|p1a: Honchkrow|Brave Bird|p2a: Dragonite\n|-damage|p2a: Dragonite|59/257\n|-damage|p1a: Honchkrow|259/312|[from] Recoil\n|\n|upkeep\n|turn|10\n|\n|t:|1733872842\n|move|p1a: Honchkrow|Sucker Punch||[still]\n|-fail|p1a: Honchkrow\n|move|p2a: Dragonite|Roost|p2a: Dragonite\n|-heal|p2a: Dragonite|188/257\n|-singleturn|p2a: Dragonite|move: Roost\n|\n|upkeep\n|turn|11\n|\n|t:|1733872848\n|move|p2a: Dragonite|Roost|p2a: Dragonite\n|-heal|p2a: Dragonite|257/257\n|-singleturn|p2a: Dragonite|move: Roost\n|move|p1a: Honchkrow|Brave Bird|p2a: Dragonite\n|-damage|p2a: Dragonite|175/257\n|-damage|p1a: Honchkrow|232/312|[from] Recoil\n|\n|upkeep\n|turn|12\n|\n|t:|1733872857\n|move|p2a: Dragonite|Roost|p2a: Dragonite\n|-heal|p2a: Dragonite|257/257\n|-singleturn|p2a: Dragonite|move: Roost\n|move|p1a: Honchkrow|Brave Bird|p2a: Dragonite\n|-damage|p2a: Dragonite|170/257\n|-damage|p1a: Honchkrow|203/312|[from] Recoil\n|\n|upkeep\n|turn|13\n|\n|t:|1733872869\n|move|p2a: Dragonite|Roost|p2a: Dragonite\n|-heal|p2a: Dragonite|257/257\n|-singleturn|p2a: Dragonite|move: Roost\n|move|p1a: Honchkrow|Brave Bird|p2a: Dragonite\n|-damage|p2a: Dragonite|165/257\n|-damage|p1a: Honchkrow|173/312|[from] Recoil\n|\n|upkeep\n|turn|14\n|\n|t:|1733872876\n|move|p2a: Dragonite|Outrage|p1a: Honchkrow\n|-damage|p1a: Honchkrow|0 fnt\n|faint|p1a: Honchkrow\n|\n|upkeep\n|\n|t:|1733872884\n|switch|p1a: Garganacl|Garganacl, L80, M|291/291\n|turn|15\n|\n|t:|1733872887\n|move|p2a: Dragonite|Outrage|p1a: Garganacl|[from]lockedmove\n|-damage|p1a: Garganacl|134/291\n|move|p1a: Garganacl|Iron Defense|p1a: Garganacl\n|-boost|p1a: Garganacl|def|2\n|\n|-heal|p1a: Garganacl|152/291|[from] item: Leftovers\n|upkeep\n|turn|16\n|\n|t:|1733872894\n|move|p2a: Dragonite|Outrage|p1a: Garganacl|[from]lockedmove\n|-damage|p1a: Garganacl|77/291\n|-start|p2a: Dragonite|confusion|[fatigue]\n|move|p1a: Garganacl|Recover|p1a: Garganacl\n|-heal|p1a: Garganacl|223/291\n|\n|-heal|p1a: Garganacl|241/291|[from] item: Leftovers\n|upkeep\n|turn|17\n|\n|t:|1733872908\n|-terastallize|p1a: Garganacl|Ghost\n|-activate|p2a: Dragonite|confusion\n|move|p2a: Dragonite|Earthquake|p1a: Garganacl\n|-crit|p1a: Garganacl\n|-damage|p1a: Garganacl|112/291\n|move|p1a: Garganacl|Iron Defense|p1a: Garganacl\n|-boost|p1a: Garganacl|def|2\n|\n|-heal|p1a: Garganacl|130/291|[from] item: Leftovers\n|upkeep\n|turn|18\n|\n|t:|1733872919\n|-end|p2a: Dragonite|confusion\n|move|p2a: Dragonite|Roost|p2a: Dragonite\n|-heal|p2a: Dragonite|257/257\n|-singleturn|p2a: Dragonite|move: Roost\n|move|p1a: Garganacl|Recover|p1a: Garganacl\n|-heal|p1a: Garganacl|276/291\n|\n|-heal|p1a: Garganacl|291/291|[from] item: Leftovers\n|upkeep\n|turn|19\n|\n|t:|1733872929\n|move|p2a: Dragonite|Dragon Dance|p2a: Dragonite\n|-boost|p2a: Dragonite|atk|1\n|-boost|p2a: Dragonite|spe|1\n|move|p1a: Garganacl|Salt Cure|p2a: Dragonite\n|-supereffective|p2a: Dragonite\n|-damage|p2a: Dragonite|214/257\n|-start|p2a: Dragonite|Salt Cure\n|\n|-damage|p2a: Dragonite|182/257|[from] Salt Cure\n|upkeep\n|turn|20\n|\n|t:|1733872944\n|move|p2a: Dragonite|Roost|p2a: Dragonite\n|-heal|p2a: Dragonite|257/257\n|-singleturn|p2a: Dragonite|move: Roost\n|move|p1a: Garganacl|Iron Defense|p1a: Garganacl\n|-boost|p1a: Garganacl|def|2\n|\n|-damage|p2a: Dragonite|225/257|[from] Salt Cure\n|upkeep\n|turn|21\n|\n|t:|1733872953\n|move|p2a: Dragonite|Outrage|p1a: Garganacl\n|-damage|p1a: Garganacl|242/291\n|move|p1a: Garganacl|Salt Cure|p2a: Dragonite\n|-supereffective|p2a: Dragonite\n|-damage|p2a: Dragonite|139/257\n|\n|-heal|p1a: Garganacl|260/291|[from] item: Leftovers\n|-damage|p2a: Dragonite|107/257|[from] Salt Cure\n|upkeep\n|turn|22\n|\n|t:|1733872962\n|move|p2a: Dragonite|Outrage|p1a: Garganacl|[from]lockedmove\n|-damage|p1a: Garganacl|211/291\n|move|p1a: Garganacl|Salt Cure|p2a: Dragonite\n|-supereffective|p2a: Dragonite\n|-damage|p2a: Dragonite|17/257\n|\n|-heal|p1a: Garganacl|229/291|[from] item: Leftovers\n|-damage|p2a: Dragonite|0 fnt|[from] Salt Cure\n|faint|p2a: Dragonite\n|upkeep\n|\n|t:|1733872985\n|switch|p2a: Victreebel|Victreebel, L90, F|290/290\n|turn|23\n|inactive|Awesome_Baek has 120 seconds left.\n|\n|t:|1733873007\n|move|p2a: Victreebel|Sunny Day|p2a: Victreebel\n|-weather|SunnyDay\n|move|p1a: Garganacl|Salt Cure|p2a: Victreebel\n|-damage|p2a: Victreebel|242/290\n|-start|p2a: Victreebel|Salt Cure\n|\n|-weather|SunnyDay|[upkeep]\n|-heal|p1a: Garganacl|247/291|[from] item: Leftovers\n|-damage|p2a: Victreebel|206/290|[from] Salt Cure\n|upkeep\n|turn|24\n|\n|t:|1733873015\n|move|p2a: Victreebel|Weather Ball|p1a: Garganacl\n|-damage|p1a: Garganacl|86/291\n|-damage|p2a: Victreebel|177/290|[from] item: Life Orb\n|move|p1a: Garganacl|Body Press|p2a: Victreebel\n|-resisted|p2a: Victreebel\n|-damage|p2a: Victreebel|19/290\n|\n|-weather|SunnyDay|[upkeep]\n|-heal|p1a: Garganacl|104/291|[from] item: Leftovers\n|-damage|p2a: Victreebel|0 fnt|[from] Salt Cure\n|faint|p2a: Victreebel\n|upkeep\n|\n|t:|1733873025\n|switch|p2a: Ambipom|Ambipom, L84, F|263/263\n|turn|25\n|\n|t:|1733873028\n|move|p2a: Ambipom|Knock Off|p1a: Garganacl\n|-supereffective|p1a: Garganacl\n|-damage|p1a: Garganacl|66/291\n|-enditem|p1a: Garganacl|Leftovers|[from] move: Knock Off|[of] p2a: Ambipom\n|move|p1a: Garganacl|Recover|p1a: Garganacl\n|-heal|p1a: Garganacl|212/291\n|\n|-weather|SunnyDay|[upkeep]\n|upkeep\n|turn|26\n|\n|t:|1733873035\n|move|p2a: Ambipom|Knock Off|p1a: Garganacl\n|-supereffective|p1a: Garganacl\n|-damage|p1a: Garganacl|186/291\n|move|p1a: Garganacl|Body Press|p2a: Ambipom\n|-supereffective|p2a: Ambipom\n|-damage|p2a: Ambipom|0 fnt\n|faint|p2a: Ambipom\n|\n|-weather|SunnyDay|[upkeep]\n|upkeep\n|\n|t:|1733873040\n|switch|p2a: Klawf|Klawf, L90, F|272/272\n|turn|27\n|\n|t:|1733873045\n|move|p2a: Klawf|Stone Edge|p1a: Garganacl|[miss]\n|-miss|p2a: Klawf|p1a: Garganacl\n|move|p1a: Garganacl|Body Press|p2a: Klawf\n|-supereffective|p2a: Klawf\n|-damage|p2a: Klawf|0 fnt\n|faint|p2a: Klawf\n|\n|-weather|none\n|upkeep\n|\n|t:|1733873048\n|switch|p2a: Lapras|Lapras, L87, F|367/367\n|turn|28\n|\n|t:|1733873061\n|-terastallize|p2a: Lapras|Ground\n|move|p2a: Lapras|Icicle Spear|p1a: Garganacl\n|-damage|p1a: Garganacl|180/291\n|-damage|p1a: Garganacl|174/291\n|-damage|p1a: Garganacl|168/291\n|-damage|p1a: Garganacl|162/291\n|-damage|p1a: Garganacl|156/291\n|-hitcount|p1a: Garganacl|5\n|move|p1a: Garganacl|Body Press|p2a: Lapras\n|-damage|p2a: Lapras|85/367\n|\n|upkeep\n|turn|29\n|\n|t:|1733873071\n|move|p2a: Lapras|Icicle Spear|p1a: Garganacl\n|-damage|p1a: Garganacl|150/291\n|-damage|p1a: Garganacl|144/291\n|-damage|p1a: Garganacl|137/291\n|-damage|p1a: Garganacl|131/291\n|-damage|p1a: Garganacl|125/291\n|-hitcount|p1a: Garganacl|5\n|move|p1a: Garganacl|Recover|p1a: Garganacl\n|-heal|p1a: Garganacl|271/291\n|\n|upkeep\n|turn|30\n|\n|t:|1733873081\n|move|p2a: Lapras|Icicle Spear|p1a: Garganacl\n|-damage|p1a: Garganacl|265/291\n|-damage|p1a: Garganacl|259/291\n|-damage|p1a: Garganacl|253/291\n|-damage|p1a: Garganacl|247/291\n|-damage|p1a: Garganacl|241/291\n|-hitcount|p1a: Garganacl|5\n|move|p1a: Garganacl|Salt Cure|p2a: Lapras\n|-resisted|p2a: Lapras\n|-damage|p2a: Lapras|65/367\n|-start|p2a: Lapras|Salt Cure\n|\n|-damage|p2a: Lapras|20/367|[from] Salt Cure\n|upkeep\n|turn|31\n|inactive|Awesome_Baek has 120 seconds left.\n|inactive|Awesome_Baek has 90 seconds left.\n|inactive|Awesome_Baek has 60 seconds left.\n|\n|t:|1733873178\n|move|p2a: Lapras|Icicle Spear|p1a: Garganacl\n|-damage|p1a: Garganacl|235/291\n|-damage|p1a: Garganacl|229/291\n|-damage|p1a: Garganacl|222/291\n|-damage|p1a: Garganacl|216/291\n|-damage|p1a: Garganacl|210/291\n|-hitcount|p1a: Garganacl|5\n|move|p1a: Garganacl|Recover|p1a: Garganacl\n|-heal|p1a: Garganacl|291/291\n|\n|-damage|p2a: Lapras|0 fnt|[from] Salt Cure\n|faint|p2a: Lapras\n|\n|win|DSCGluttony\n|upkeep\n|raw|DSCGluttony's rating: 1479 &rarr; <strong>1500</strong><br />(+21 for winning)\n|raw|Awesome_Baek's rating: 1496 &rarr; <strong>1475</strong><br />(-21 for losing)\n|l|\u2606Awesome_Baek\n|player|p2|\n", "inputlog": ">version bfd83cad13791eb5a5a409923076391caf6fb4d4\n>start {\"formatid\":\"gen9randombattle\",\"seed\":[5081,46532,4881,30805],\"rated\":\"Rated battle\"}\n>player p1 {\"name\":\"DSCGluttony\",\"avatar\":\"depotagent\",\"rating\":1479,\"seed\":[51032,35785,16371,10840]}\n>player p2 {\"name\":\"Awesome_Baek\",\"avatar\":\"lucas\",\"rating\":1496,\"seed\":[16610,10607,31352,3453]}\n>p1 switch 6\n>p2 move thunderbolt\n>p1 move scald\n>p2 move scald\n>p1 switch 3\n>p2 move scald\n>p1 move knockoff\n>p2 move scald\n>p1 move bodyslam\n>p2 move thunderbolt\n>p1 move rapidspin\n>p2 move thunderbolt\n>p2 switch 6\n>p1 move knockoff\n>p2 move dragondance\n>p1 move bodyslam\n>p2 move earthquake\n>p1 switch 4\n>p1 move bravebird\n>p2 move roost\n>p1 move suckerpunch\n>p2 move roost\n>p1 move bravebird\n>p2 move roost\n>p1 move bravebird\n>p2 move roost\n>p1 move bravebird\n>p2 move roost\n>p1 move bravebird\n>p2 move outrage\n>p1 switch 2\n>p1 move irondefense\n>p2 move outrage\n>p1 move recover\n>p2 move outrage\n>p1 move irondefense terastallize\n>p2 move earthquake\n>p1 move recover\n>p2 move roost\n>p1 move saltcure\n>p2 move dragondance\n>p1 move irondefense\n>p2 move roost\n>p1 move saltcure\n>p2 move outrage\n>p1 move saltcure\n>p2 move outrage\n>p2 switch 5\n>p1 move saltcure\n>p2 move sunnyday\n>p1 move bodypress\n>p2 move weatherball\n>p2 switch 3\n>p1 move recover\n>p2 move knockoff\n>p1 move bodypress\n>p2 move knockoff\n>p2 switch 4\n>p1 move bodypress\n>p2 move stoneedge\n>p2 switch 2\n>p1 move bodypress\n>p2 move iciclespear terastallize\n>p1 move recover\n>p2 move iciclespear\n>p1 move saltcure\n>p2 move iciclespear\n>p1 move recover\n>p2 move iciclespear", "uploadtime": 1733873193, "views": 2, "formatid": "gen9randombattle", "rating": 1475, "private": 0, "password": null}