{"id": "gen9randombattle-2174303998", "format": "[Gen 9] Random Battle", "players": ["Referrals", "HaunterBoy28"], "log": "|badge|p1|silver|gen9randombattle|30-2\n|uhtml|medal-msg|<div class=\"broadcast-blue\">Curious what those medals under the avatar are? PS now has Ladder Seasons! For more information, check out the <a href=\"https://www.smogon.com/forums/threads/3740067/\">thread on Smogon.</a></div>\n|badge|p2|silver|gen9randombattle|30-2\n|uhtml|medal-msg|<div class=\"broadcast-blue\">Curious what those medals under the avatar are? PS now has Ladder Seasons! For more information, check out the <a href=\"https://www.smogon.com/forums/threads/3740067/\">thread on Smogon.</a></div>\n|j|\u2606Referrals\n|j|\u2606HaunterBoy28\n|t:|1722905583\n|gametype|singles\n|player|p1|Referrals|hilbert-wonderlauncher|2443\n|player|p2|HaunterBoy28|#rbtt7teamhoopa|2550\n|teamsize|p1|6\n|teamsize|p2|6\n|gen|9\n|tier|[Gen 9] Random Battle\n|rated|\n|rule|Species Clause: Limit one of each Pok\u00e9mon\n|rule|HP Percentage Mod: HP is shown in percentages\n|rule|Sleep Clause Mod: Limit one foe put to sleep\n|rule|Illusion Level Mod: Illusion disguises the Pok\u00e9mon's true level\n|\n|t:|1722905583\n|start\n|switch|p1a: Noctowl|Noctowl, L95, F|344/344\n|switch|p2a: Palossand|Palossand, L89, F|296/296\n|turn|1\n|inactive|Battle timer is ON: inactive players will automatically lose when time's up. (requested by Referrals)\n|j| haxlolo\n|j| Forrage\n|inactive|Referrals has 120 seconds left.\n|inactive|HaunterBoy28 has 120 seconds left.\n|j| shaky3\n|c| haxlolo|if i could do it you can do it haunter\n|c|\u2606HaunterBoy28|faxlolo\n|j| PKV Pokevin\n|\n|t:|1722905639\n|move|p1a: Noctowl|Calm Mind|p1a: Noctowl\n|-boost|p1a: Noctowl|spa|1\n|-boost|p1a: Noctowl|spd|1\n|move|p2a: Palossand|Sludge Bomb|p1a: Noctowl\n|-damage|p1a: Noctowl|300/344\n|\n|upkeep\n|turn|2\n|inactive|HaunterBoy28 has 120 seconds left.\n|\n|t:|1722905674\n|move|p1a: Noctowl|Hurricane|p2a: Palossand|[miss]\n|-miss|p1a: Noctowl|p2a: Palossand\n|move|p2a: Palossand|Sludge Bomb|p1a: Noctowl\n|-damage|p1a: Noctowl|260/344\n|\n|upkeep\n|turn|3\n|inactive|HaunterBoy28 has 120 seconds left.\n|\n|t:|1722905689\n|move|p1a: Noctowl|Hurricane|p2a: Palossand\n|-damage|p2a: Palossand|83/296\n|-start|p2a: Palossand|confusion\n|-activate|p2a: Palossand|confusion\n|move|p2a: Palossand|Sludge Bomb|p1a: Noctowl\n|-damage|p1a: Noctowl|219/344\n|\n|-heal|p2a: Palossand|101/296|[from] item: Leftovers\n|upkeep\n|turn|4\n|inactive|HaunterBoy28 has 120 seconds left.\n|j| paysa\n|\n|t:|1722905701\n|move|p1a: Noctowl|Roost|p1a: Noctowl\n|-heal|p1a: Noctowl|344/344\n|-singleturn|p1a: Noctowl|move: Roost\n|-activate|p2a: Palossand|confusion\n|move|p2a: Palossand|Sludge Bomb|p1a: Noctowl\n|-damage|p1a: Noctowl|304/344\n|-status|p1a: Noctowl|psn\n|\n|-heal|p2a: Palossand|119/296|[from] item: Leftovers\n|-damage|p1a: Noctowl|261/344 psn|[from] psn\n|upkeep\n|turn|5\n|inactive|HaunterBoy28 has 120 seconds left.\n|\n|t:|1722905713\n|move|p1a: Noctowl|Calm Mind|p1a: Noctowl\n|-boost|p1a: Noctowl|spa|1\n|-boost|p1a: Noctowl|spd|1\n|-activate|p2a: Palossand|confusion\n|move|p2a: Palossand|Shore Up|p2a: Palossand\n|-heal|p2a: Palossand|267/296\n|\n|-heal|p2a: Palossand|285/296|[from] item: Leftovers\n|-damage|p1a: Noctowl|218/344 psn|[from] psn\n|upkeep\n|turn|6\n|inactive|HaunterBoy28 has 120 seconds left.\n|\n|t:|1722905722\n|switch|p2a: Swanna|Swanna, L88, M|275/275\n|move|p1a: Noctowl|Roost|p1a: Noctowl\n|-heal|p1a: Noctowl|344/344 psn\n|-singleturn|p1a: Noctowl|move: Roost\n|\n|-damage|p1a: Noctowl|301/344 psn|[from] psn\n|upkeep\n|turn|7\n|\n|t:|1722905727\n|move|p2a: Swanna|Brave Bird|p1a: Noctowl\n|-damage|p1a: Noctowl|129/344 psn\n|-damage|p2a: Swanna|218/275|[from] Recoil\n|move|p1a: Noctowl|Hyper Voice|p2a: Swanna\n|-damage|p2a: Swanna|0 fnt\n|faint|p2a: Swanna\n|\n|-damage|p1a: Noctowl|86/344 psn|[from] psn\n|upkeep\n|\n|t:|1722905733\n|switch|p2a: Zacian|Zacian, L69|241/241\n|-ability|p2a: Zacian|Intrepid Sword|boost\n|-boost|p2a: Zacian|atk|1\n|turn|8\n|\n|t:|1722905741\n|switch|p1a: Gothitelle|Gothitelle, L90, F|272/272\n|move|p2a: Zacian|Crunch|p1a: Gothitelle\n|-supereffective|p1a: Gothitelle\n|-damage|p1a: Gothitelle|82/272\n|\n|upkeep\n|turn|9\n|\n|t:|1722905750\n|switch|p1a: Skarmory|Skarmory, L80, M|235/235\n|move|p2a: Zacian|Crunch|p1a: Skarmory\n|-damage|p1a: Skarmory|159/235\n|-damage|p2a: Zacian|201/241|[from] item: Rocky Helmet|[of] p1a: Skarmory\n|\n|upkeep\n|turn|10\n|\n|t:|1722905762\n|switch|p2a: Palossand|Palossand, L89, F|285/296\n|move|p1a: Skarmory|Spikes|p2a: Palossand\n|-sidestart|p2: HaunterBoy28|Spikes\n|\n|-heal|p2a: Palossand|296/296|[from] item: Leftovers\n|upkeep\n|turn|11\n|\n|t:|1722905786\n|switch|p1a: Inteleon|Inteleon, L81, M|246/246\n|switch|p2a: Pecharunt|Pecharunt, L77|262/262\n|-damage|p2a: Pecharunt|230/262|[from] Spikes\n|\n|upkeep\n|turn|12\n|\n|t:|1722905797\n|-terastallize|p1a: Inteleon|Water\n|move|p1a: Inteleon|Hydro Pump|p2a: Pecharunt\n|-damage|p2a: Pecharunt|0 fnt\n|faint|p2a: Pecharunt\n|\n|upkeep\n|inactive|HaunterBoy28 has 120 seconds left.\n|\n|t:|1722905808\n|switch|p2a: Appletun|Appletun, L92, M|352/352\n|-damage|p2a: Appletun|308/352|[from] Spikes\n|turn|13\n|\n|t:|1722905818\n|switch|p1a: Noctowl|Noctowl, L95, F|86/344 psn\n|move|p2a: Appletun|Leech Seed|p1a: Noctowl\n|-start|p1a: Noctowl|move: Leech Seed\n|\n|-heal|p2a: Appletun|330/352|[from] item: Leftovers\n|-damage|p1a: Noctowl|43/344 psn|[from] Leech Seed|[of] p2a: Appletun\n|-heal|p2a: Appletun|352/352|[silent]\n|-damage|p1a: Noctowl|0 fnt|[from] psn\n|faint|p1a: Noctowl\n|upkeep\n|\n|t:|1722905820\n|switch|p1a: Gothitelle|Gothitelle, L90, F|82/272\n|turn|14\n|\n|t:|1722905832\n|move|p1a: Gothitelle|Trick|p2a: Appletun\n|-activate|p1a: Gothitelle|move: Trick|[of] p2a: Appletun\n|-item|p2a: Appletun|Choice Scarf|[from] move: Trick\n|-item|p1a: Gothitelle|Leftovers|[from] move: Trick\n|move|p2a: Appletun|Dragon Pulse|p1a: Gothitelle\n|-damage|p1a: Gothitelle|0 fnt\n|faint|p1a: Gothitelle\n|\n|upkeep\n|\n|t:|1722905834\n|switch|p1a: Skarmory|Skarmory, L80, M|159/235\n|turn|15\n|l| paysa\n|inactive|HaunterBoy28 has 120 seconds left.\n|\n|t:|1722905869\n|move|p2a: Appletun|Dragon Pulse|p1a: Skarmory\n|-resisted|p1a: Skarmory\n|-damage|p1a: Skarmory|90/235\n|move|p1a: Skarmory|Spikes|p2a: Appletun\n|-sidestart|p2: HaunterBoy28|Spikes\n|\n|upkeep\n|turn|16\n|inactive|HaunterBoy28 has 120 seconds left.\n|\n|t:|1722905885\n|move|p2a: Appletun|Dragon Pulse|p1a: Skarmory\n|-resisted|p1a: Skarmory\n|-damage|p1a: Skarmory|21/235\n|move|p1a: Skarmory|Roost|p1a: Skarmory\n|-heal|p1a: Skarmory|139/235\n|-singleturn|p1a: Skarmory|move: Roost\n|\n|upkeep\n|turn|17\n|l| Forrage\n|\n|t:|1722905892\n|switch|p2a: Palossand|Palossand, L89, F|296/296\n|-damage|p2a: Palossand|247/296|[from] Spikes\n|move|p1a: Skarmory|Roost|p1a: Skarmory\n|-heal|p1a: Skarmory|235/235\n|-singleturn|p1a: Skarmory|move: Roost\n|\n|-heal|p2a: Palossand|265/296|[from] item: Leftovers\n|upkeep\n|turn|18\n|j| Forrage\n|j| paysa\n|\n|t:|1722905913\n|switch|p1a: Inteleon|Inteleon, L81, M, tera:Water|246/246\n|move|p2a: Palossand|Shadow Ball|p1a: Inteleon\n|-damage|p1a: Inteleon|114/246\n|\n|-heal|p2a: Palossand|283/296|[from] item: Leftovers\n|upkeep\n|turn|19\n|\n|t:|1722905923\n|switch|p2a: Appletun|Appletun, L92, M|352/352\n|-damage|p2a: Appletun|294/352|[from] Spikes\n|move|p1a: Inteleon|Hydro Pump|p2a: Appletun\n|-resisted|p2a: Appletun\n|-damage|p2a: Appletun|230/352\n|\n|upkeep\n|turn|20\n|c| PKV Pokevin|do it\n|inactive|HaunterBoy28 has 120 seconds left.\n|\n|t:|1722905942\n|switch|p1a: Skarmory|Skarmory, L80, M|235/235\n|switch|p2a: Palossand|Palossand, L89, F|283/296\n|-damage|p2a: Palossand|234/296|[from] Spikes\n|\n|-heal|p2a: Palossand|252/296|[from] item: Leftovers\n|upkeep\n|turn|21\n|\n|t:|1722905948\n|move|p1a: Skarmory|Spikes|p2a: Palossand\n|-sidestart|p2: HaunterBoy28|Spikes\n|move|p2a: Palossand|Shadow Ball|p1a: Skarmory\n|-damage|p1a: Skarmory|106/235\n|\n|-heal|p2a: Palossand|270/296|[from] item: Leftovers\n|upkeep\n|turn|22\n|l| paysa\n|\n|t:|1722905963\n|switch|p1a: Ninetales|Ninetales-Alola, L78, M|242/242\n|-weather|Snow|[from] ability: Snow Warning|[of] p1a: Ninetales\n|move|p2a: Palossand|Shadow Ball|p1a: Ninetales\n|-damage|p1a: Ninetales|152/242\n|\n|-weather|Snow|[upkeep]\n|-heal|p2a: Palossand|288/296|[from] item: Leftovers\n|upkeep\n|turn|23\n|j| paysa\n|j| gomdol2\n|inactive|HaunterBoy28 has 120 seconds left.\n|\n|t:|1722905995\n|-terastallize|p2a: Palossand|Poison\n|move|p1a: Ninetales|Aurora Veil|p1a: Ninetales\n|-sidestart|p1: Referrals|move: Aurora Veil\n|move|p2a: Palossand|Sludge Bomb|p1a: Ninetales\n|-supereffective|p1a: Ninetales\n|-damage|p1a: Ninetales|46/242\n|\n|-weather|Snow|[upkeep]\n|-heal|p2a: Palossand|296/296|[from] item: Leftovers\n|upkeep\n|turn|24\n|\n|t:|1722906012\n|move|p1a: Ninetales|Blizzard|p2a: Palossand\n|-damage|p2a: Palossand|194/296\n|move|p2a: Palossand|Earth Power|p1a: Ninetales\n|-damage|p1a: Ninetales|0 fnt\n|faint|p1a: Ninetales\n|\n|-weather|Snow|[upkeep]\n|-heal|p2a: Palossand|212/296|[from] item: Leftovers\n|upkeep\n|\n|t:|1722906014\n|switch|p1a: Inteleon|Inteleon, L81, M, tera:Water|114/246\n|turn|25\n|inactive|HaunterBoy28 has 90 seconds left.\n|inactive|Referrals has 120 seconds left.\n|\n|t:|1722906058\n|switch|p2a: Zacian|Zacian, L69|201/241\n|-damage|p2a: Zacian|141/241|[from] Spikes\n|move|p1a: Inteleon|Hydro Pump|p2a: Zacian\n|-damage|p2a: Zacian|0 fnt\n|faint|p2a: Zacian\n|\n|-weather|Snow|[upkeep]\n|upkeep\n|j| LizarDune\n|\n|t:|1722906061\n|switch|p2a: Appletun|Appletun, L92, M|230/352\n|-damage|p2a: Appletun|142/352|[from] Spikes\n|turn|26\n|inactive|HaunterBoy28 has 90 seconds left.\n|\n|t:|1722906076\n|switch|p1a: Iron Valiant|Iron Valiant, L79|247/247\n|move|p2a: Appletun|Recover|p2a: Appletun\n|-heal|p2a: Appletun|318/352\n|\n|-weather|none\n|upkeep\n|turn|27\n|inactive|HaunterBoy28 has 90 seconds left.\n|\n|t:|1722906098\n|switch|p2a: Palossand|Palossand, L89, F, tera:Poison|212/296\n|-damage|p2a: Palossand|138/296|[from] Spikes\n|move|p1a: Iron Valiant|Calm Mind|p1a: Iron Valiant\n|-boost|p1a: Iron Valiant|spa|1\n|-boost|p1a: Iron Valiant|spd|1\n|\n|-heal|p2a: Palossand|156/296|[from] item: Leftovers\n|upkeep\n|turn|28\n|l| shaky3\n|inactive|HaunterBoy28 has 60 seconds left.\n|\n|t:|1722906139\n|move|p1a: Iron Valiant|Psychic|p2a: Palossand\n|-supereffective|p2a: Palossand\n|-damage|p2a: Palossand|0 fnt\n|faint|p2a: Palossand\n|-damage|p1a: Iron Valiant|223/247|[from] item: Life Orb\n|\n|upkeep\n|inactive|HaunterBoy28 has 30 seconds left.\n|\n|t:|1722906162\n|switch|p2a: Zamazenta|Zamazenta, L71|248/248\n|-damage|p2a: Zamazenta|186/248|[from] Spikes\n|-ability|p2a: Zamazenta|Dauntless Shield|boost\n|-boost|p2a: Zamazenta|def|1\n|turn|29\n|c| Forrage|yo the rare cm val\n|\n|t:|1722906169\n|move|p2a: Zamazenta|Iron Head|p1a: Iron Valiant\n|-supereffective|p1a: Iron Valiant\n|-damage|p1a: Iron Valiant|150/247\n|move|p1a: Iron Valiant|Moonblast|p2a: Zamazenta\n|-supereffective|p2a: Zamazenta\n|-damage|p2a: Zamazenta|0 fnt\n|faint|p2a: Zamazenta\n|-damage|p1a: Iron Valiant|126/247|[from] item: Life Orb\n|\n|upkeep\n|\n|t:|1722906175\n|switch|p2a: Appletun|Appletun, L92, M|318/352\n|-damage|p2a: Appletun|230/352|[from] Spikes\n|turn|30\n|c|\u2606HaunterBoy28|haxed\n|c|\u2606Referrals|gg.\n|c|\u2606HaunterBoy28|gg lmao\n|inactive|HaunterBoy28 has 30 seconds left.\n|\n|t:|1722906198\n|move|p1a: Iron Valiant|Moonblast|p2a: Appletun\n|-supereffective|p2a: Appletun\n|-damage|p2a: Appletun|0 fnt\n|faint|p2a: Appletun\n|-damage|p1a: Iron Valiant|102/247|[from] item: Life Orb\n|\n|win|Referrals\n|inactive|HaunterBoy28 has 30 seconds left this turn.\n|raw|Referrals's rating: 2443 &rarr; <strong>2469</strong><br />(+26 for winning)\n|raw|HaunterBoy28's rating: 2550 &rarr; <strong>2524</strong><br />(-26 for losing)\n|c| paysa|gg\n|l|\u2606Referrals\n|player|p1|\n|l| LizarDune\n|l|\u2606HaunterBoy28\n|player|p2|\n|l| paysa\n|l| haxlolo\n", "inputlog": ">version 4360de0a8e68d59f2e365e61bed8c1683ebaca20\n>start {\"formatid\":\"gen9randombattle\",\"seed\":[21928,44347,34710,14798],\"rated\":\"Rated battle\"}\n>player p1 {\"name\":\"Referrals\",\"avatar\":\"hilbert-wonderlauncher\",\"rating\":2443,\"seed\":[22566,53394,54305,7085]}\n>player p2 {\"name\":\"HaunterBoy28\",\"avatar\":\"#rbtt7teamhoopa\",\"rating\":2550,\"seed\":[41667,51364,2950,32005]}\n>chat  haxlolo|if i could do it you can do it haunter\n>chat \u2606HaunterBoy28|faxlolo\n>p1 move calmmind\n>p2 move sludgebomb\n>p1 move hurricane\n>p2 move sludgebomb\n>p1 move hurricane\n>p2 move sludgebomb\n>p1 move roost\n>p2 move sludgebomb\n>p1 move calmmind\n>p2 move shoreup\n>p1 move roost\n>p2 switch 6\n>p1 move hypervoice\n>p2 move bravebird\n>p2 switch 4\n>p1 switch 3\n>p2 move crunch\n>p1 switch 5\n>p2 move crunch\n>p1 move spikes\n>p2 switch 6\n>p1 switch 6\n>p2 switch 5\n>p1 move hydropump terastallize\n>p2 move malignantchain\n>p2 switch 2\n>p1 switch 3\n>p2 move leechseed\n>p1 switch 5\n>p1 move trick\n>p2 move dragonpulse\n>p1 switch 6\n>p1 move spikes\n>p2 move dragonpulse\n>p1 move roost\n>p2 move dragonpulse\n>p1 move roost\n>p2 switch 5\n>p1 switch 3\n>p2 move shadowball\n>p1 move hydropump\n>p2 switch 5\n>chat  PKV Pokevin|do it\n>p1 switch 3\n>p2 switch 5\n>p1 move spikes\n>p2 move shadowball\n>p1 switch 4\n>p2 move shadowball\n>p1 move auroraveil\n>p2 move sludgebomb terastallize\n>p1 move blizzard\n>p2 move earthpower\n>p1 switch 3\n>p1 move hydropump\n>p2 switch 6\n>p2 switch 5\n>p1 switch 2\n>p2 move recover\n>p1 move calmmind\n>p2 switch 6\n>p1 move psychic\n>p2 move sludgebomb\n>p2 switch 3\n>chat  Forrage|yo the rare cm val\n>p1 move moonblast\n>p2 move ironhead\n>p2 switch 6\n>chat \u2606HaunterBoy28|haxed\n>chat \u2606Referrals|gg.\n>chat \u2606HaunterBoy28|gg lmao\n>p1 move moonblast\n>p2 move appleacid", "uploadtime": 1722906242, "views": 178, "formatid": "gen9randombattle", "rating": 2469, "private": 0, "password": null}