{"id": "gen9randombattle-2260632329", "format": "[Gen 9] Random Battle", "players": ["MyriadRivers", "trickytrolley"], "log": "|j|\u2606MyriadRivers\n|j|\u2606trickytrolley\n|t:|1733871591\n|gametype|singles\n|player|p1|MyriadRivers|miku-water|1892\n|player|p2|trickytrolley|2|1840\n|teamsize|p1|6\n|teamsize|p2|6\n|gen|9\n|tier|[Gen 9] Random Battle\n|rated|\n|rule|Species Clause: Limit one of each Pok\u00e9mon\n|rule|HP Percentage Mod: HP is shown in percentages\n|rule|Sleep Clause Mod: Limit one foe put to sleep\n|rule|Illusion Level Mod: Illusion disguises the Pok\u00e9mon's true level\n|\n|t:|1733871591\n|start\n|switch|p1a: Froslass|Froslass, L87, F|263/263\n|switch|p2a: Virizion|Virizion, L82|283/283\n|turn|1\n|\n|t:|1733871606\n|switch|p2a: Carbink|Carbink, L90|236/236\n|move|p1a: Froslass|Will-O-Wisp|p2a: Carbink|[miss]\n|-miss|p1a: Froslass|p2a: Carbink\n|\n|upkeep\n|turn|2\n|inactive|Battle timer is ON: inactive players will automatically lose when time's up. (requested by trickytrolley)\n|\n|t:|1733871627\n|switch|p1a: Suicune|Suicune, L82|298/298\n|-ability|p1a: Suicune|Pressure\n|switch|p2a: Giratina|Giratina-Origin, L72|335/335\n|\n|upkeep\n|turn|3\n|\n|t:|1733871639\n|move|p1a: Suicune|Substitute|p1a: Suicune\n|-start|p1a: Suicune|Substitute\n|-damage|p1a: Suicune|224/298\n|move|p2a: Giratina|Dragon Tail|p1a: Suicune\n|-activate|p1a: Suicune|move: Substitute|[damage]\n|\n|-heal|p1a: Suicune|242/298|[from] item: Leftovers\n|upkeep\n|turn|4\n|\n|t:|1733871646\n|move|p1a: Suicune|Calm Mind|p1a: Suicune\n|-boost|p1a: Suicune|spa|1\n|-boost|p1a: Suicune|spd|1\n|move|p2a: Giratina|Poltergeist|p1a: Suicune\n|-activate|p1a: Suicune|move: Poltergeist|Leftovers\n|-end|p1a: Suicune|Substitute\n|\n|-heal|p1a: Suicune|260/298|[from] item: Leftovers\n|upkeep\n|turn|5\n|\n|t:|1733871654\n|move|p1a: Suicune|Protect|p1a: Suicune\n|-singleturn|p1a: Suicune|Protect\n|move|p2a: Giratina|Poltergeist|p1a: Suicune\n|-activate|p1a: Suicune|move: Protect\n|\n|-heal|p1a: Suicune|278/298|[from] item: Leftovers\n|upkeep\n|turn|6\n|\n|t:|1733871664\n|move|p1a: Suicune|Calm Mind|p1a: Suicune\n|-boost|p1a: Suicune|spa|1\n|-boost|p1a: Suicune|spd|1\n|move|p2a: Giratina|Poltergeist|p1a: Suicune\n|-activate|p1a: Suicune|move: Poltergeist|Leftovers\n|-damage|p1a: Suicune|167/298\n|\n|-heal|p1a: Suicune|185/298|[from] item: Leftovers\n|upkeep\n|turn|7\n|\n|t:|1733871672\n|move|p1a: Suicune|Protect|p1a: Suicune\n|-singleturn|p1a: Suicune|Protect\n|move|p2a: Giratina|Poltergeist|p1a: Suicune\n|-activate|p1a: Suicune|move: Protect\n|\n|-heal|p1a: Suicune|203/298|[from] item: Leftovers\n|upkeep\n|turn|8\n|\n|t:|1733871680\n|move|p1a: Suicune|Scald|p2a: Giratina\n|-resisted|p2a: Giratina\n|-damage|p2a: Giratina|261/335\n|move|p2a: Giratina|Dragon Tail|p1a: Suicune\n|-damage|p1a: Suicune|148/298\n|drag|p1a: Froslass|Froslass, L87, F|263/263\n|\n|upkeep\n|turn|9\n|\n|t:|1733871688\n|move|p1a: Froslass|Will-O-Wisp|p2a: Giratina\n|-status|p2a: Giratina|brn\n|move|p2a: Giratina|Draco Meteor|p1a: Froslass\n|-damage|p1a: Froslass|110/263\n|-unboost|p2a: Giratina|spa|2\n|\n|-damage|p2a: Giratina|241/335 brn|[from] brn\n|upkeep\n|turn|10\n|\n|t:|1733871697\n|move|p1a: Froslass|Poltergeist|p2a: Giratina\n|-activate|p2a: Giratina|move: Poltergeist|Griseous Core\n|-supereffective|p2a: Giratina\n|-damage|p2a: Giratina|35/335 brn\n|move|p2a: Giratina|Dragon Tail|p1a: Froslass\n|-damage|p1a: Froslass|71/263\n|drag|p1a: Mismagius|Mismagius, L86, F|243/243\n|\n|-damage|p2a: Giratina|15/335 brn|[from] brn\n|upkeep\n|turn|11\n|\n|t:|1733871712\n|move|p1a: Mismagius|Shadow Ball|p2a: Giratina\n|-supereffective|p2a: Giratina\n|-damage|p2a: Giratina|0 fnt\n|faint|p2a: Giratina\n|\n|upkeep\n|\n|t:|1733871727\n|switch|p2a: Carbink|Carbink, L90|236/236\n|turn|12\n|\n|t:|1733871730\n|switch|p1a: Suicune|Suicune, L82|148/298\n|-ability|p1a: Suicune|Pressure\n|move|p2a: Carbink|Rock Polish|p2a: Carbink\n|-boost|p2a: Carbink|spe|2\n|\n|-heal|p1a: Suicune|166/298|[from] item: Leftovers\n|upkeep\n|turn|13\n|\n|t:|1733871740\n|move|p2a: Carbink|Moonblast|p1a: Suicune\n|-damage|p1a: Suicune|102/298\n|-unboost|p1a: Suicune|spa|1\n|move|p1a: Suicune|Scald|p2a: Carbink\n|-supereffective|p2a: Carbink\n|-crit|p2a: Carbink\n|-damage|p2a: Carbink|84/236\n|\n|-heal|p2a: Carbink|98/236|[from] item: Leftovers\n|-heal|p1a: Suicune|120/298|[from] item: Leftovers\n|upkeep\n|turn|14\n|\n|t:|1733871751\n|move|p2a: Carbink|Iron Defense|p2a: Carbink\n|-boost|p2a: Carbink|def|2\n|move|p1a: Suicune|Calm Mind|p1a: Suicune\n|-boost|p1a: Suicune|spa|1\n|-boost|p1a: Suicune|spd|1\n|\n|-heal|p2a: Carbink|112/236|[from] item: Leftovers\n|-heal|p1a: Suicune|138/298|[from] item: Leftovers\n|upkeep\n|turn|15\n|\n|t:|1733871760\n|move|p1a: Suicune|Protect|p1a: Suicune\n|-singleturn|p1a: Suicune|Protect\n|move|p2a: Carbink|Body Press|p1a: Suicune\n|-activate|p1a: Suicune|move: Protect\n|\n|-heal|p2a: Carbink|126/236|[from] item: Leftovers\n|-heal|p1a: Suicune|156/298|[from] item: Leftovers\n|upkeep\n|turn|16\n|\n|t:|1733871767\n|move|p2a: Carbink|Body Press|p1a: Suicune\n|-damage|p1a: Suicune|10/298\n|move|p1a: Suicune|Scald|p2a: Carbink\n|-supereffective|p2a: Carbink\n|-damage|p2a: Carbink|40/236\n|\n|-heal|p2a: Carbink|54/236|[from] item: Leftovers\n|-heal|p1a: Suicune|28/298|[from] item: Leftovers\n|upkeep\n|turn|17\n|\n|t:|1733871782\n|switch|p1a: Mismagius|Mismagius, L86, F|243/243\n|move|p2a: Carbink|Moonblast|p1a: Mismagius\n|-damage|p1a: Mismagius|185/243\n|\n|-heal|p2a: Carbink|68/236|[from] item: Leftovers\n|upkeep\n|turn|18\n|\n|t:|1733871789\n|move|p2a: Carbink|Moonblast|p1a: Mismagius\n|-damage|p1a: Mismagius|122/243\n|move|p1a: Mismagius|Shadow Ball|p2a: Carbink\n|-damage|p2a: Carbink|0 fnt\n|faint|p2a: Carbink\n|\n|upkeep\n|\n|t:|1733871806\n|switch|p2a: Iron Moth|Iron Moth, L78|253/253\n|turn|19\n|\n|t:|1733871818\n|move|p1a: Mismagius|Shadow Ball|p2a: Iron Moth\n|-damage|p2a: Iron Moth|115/253\n|move|p2a: Iron Moth|Toxic Spikes|p1a: Mismagius\n|-sidestart|p1: MyriadRivers|move: Toxic Spikes\n|\n|upkeep\n|turn|20\n|\n|t:|1733871824\n|move|p1a: Mismagius|Shadow Ball|p2a: Iron Moth\n|-damage|p2a: Iron Moth|0 fnt\n|faint|p2a: Iron Moth\n|-end|p2a: Iron Moth|Quark Drive|[silent]\n|\n|upkeep\n|\n|t:|1733871829\n|switch|p2a: Charizard|Charizard, L85, M|271/271\n|turn|21\n|\n|t:|1733871846\n|move|p1a: Mismagius|Shadow Ball|p2a: Charizard\n|-damage|p2a: Charizard|132/271\n|move|p2a: Charizard|Flamethrower|p1a: Mismagius\n|-damage|p1a: Mismagius|26/243\n|\n|upkeep\n|turn|22\n|\n|t:|1733871855\n|move|p1a: Mismagius|Shadow Ball|p2a: Charizard\n|-damage|p2a: Charizard|0 fnt\n|faint|p2a: Charizard\n|\n|upkeep\n|\n|t:|1733871862\n|switch|p2a: Amoonguss|Amoonguss, L82, M|321/321\n|turn|23\n|\n|t:|1733871874\n|switch|p1a: Suicune|Suicune, L82|28/298\n|-status|p1a: Suicune|psn\n|-ability|p1a: Suicune|Pressure\n|move|p2a: Amoonguss|Giga Drain|p1a: Suicune\n|-supereffective|p1a: Suicune\n|-damage|p1a: Suicune|0 fnt\n|faint|p1a: Suicune\n|\n|upkeep\n|\n|t:|1733871884\n|switch|p1a: Mismagius|Mismagius, L86, F|26/243\n|turn|24\n|\n|t:|1733871889\n|move|p1a: Mismagius|Trick|p2a: Amoonguss\n|-activate|p1a: Mismagius|move: Trick|[of] p2a: Amoonguss\n|-item|p2a: Amoonguss|Choice Specs|[from] move: Trick\n|-item|p1a: Mismagius|Rocky Helmet|[from] move: Trick\n|move|p2a: Amoonguss|Giga Drain|p1a: Mismagius\n|-damage|p1a: Mismagius|0 fnt\n|faint|p1a: Mismagius\n|\n|upkeep\n|\n|t:|1733871901\n|switch|p1a: Froslass|Froslass, L87, F|71/263\n|-status|p1a: Froslass|psn\n|turn|25\n|\n|t:|1733871908\n|move|p1a: Froslass|Triple Axel|p2a: Amoonguss\n|-supereffective|p2a: Amoonguss\n|-damage|p2a: Amoonguss|277/321\n|-supereffective|p2a: Amoonguss\n|-damage|p2a: Amoonguss|181/321\n|-supereffective|p2a: Amoonguss\n|-damage|p2a: Amoonguss|35/321\n|-hitcount|p2a: Amoonguss|3\n|move|p2a: Amoonguss|Giga Drain|p1a: Froslass\n|-damage|p1a: Froslass|0 fnt\n|-heal|p2a: Amoonguss|71/321|[from] drain|[of] p1a: Froslass\n|-start|p2a: Amoonguss|Disable|Giga Drain|[from] ability: Cursed Body|[of] p1a: Froslass\n|faint|p1a: Froslass\n|\n|upkeep\n|\n|t:|1733871922\n|switch|p1a: Chi-Yu|Chi-Yu, L77|211/211\n|-status|p1a: Chi-Yu|psn\n|-ability|p1a: Chi-Yu|Beads of Ruin\n|turn|26\n|\n|t:|1733871929\n|move|p1a: Chi-Yu|Flamethrower|p2a: Amoonguss\n|-supereffective|p2a: Amoonguss\n|-damage|p2a: Amoonguss|0 fnt\n|faint|p2a: Amoonguss\n|\n|-damage|p1a: Chi-Yu|185/211 psn|[from] psn\n|upkeep\n|\n|t:|1733871931\n|switch|p2a: Virizion|Virizion, L82|283/283\n|turn|27\n|\n|t:|1733871947\n|switch|p1a: Feraligatr|Feraligatr, L79, M|264/264\n|-status|p1a: Feraligatr|psn\n|-terastallize|p2a: Virizion|Rock\n|move|p2a: Virizion|Swords Dance|p2a: Virizion\n|-boost|p2a: Virizion|atk|2\n|\n|-damage|p1a: Feraligatr|231/264 psn|[from] psn\n|upkeep\n|turn|28\n|\n|t:|1733871960\n|move|p2a: Virizion|Leaf Blade|p1a: Feraligatr\n|-supereffective|p1a: Feraligatr\n|-damage|p1a: Feraligatr|0 fnt\n|faint|p1a: Feraligatr\n|-damage|p2a: Virizion|255/283|[from] item: Life Orb\n|\n|upkeep\n|\n|t:|1733871974\n|switch|p1a: Chi-Yu|Chi-Yu, L77|185/211 psn\n|-ability|p1a: Chi-Yu|Beads of Ruin\n|turn|29\n|\n|t:|1733871983\n|move|p1a: Chi-Yu|Dark Pulse|p2a: Virizion\n|-damage|p2a: Virizion|161/283\n|-ability|p2a: Virizion|Justified|boost\n|-boost|p2a: Virizion|atk|1\n|move|p2a: Virizion|Stone Edge|p1a: Chi-Yu\n|-supereffective|p1a: Chi-Yu\n|-damage|p1a: Chi-Yu|0 fnt\n|faint|p1a: Chi-Yu\n|-damage|p2a: Virizion|133/283|[from] item: Life Orb\n|\n|upkeep\n|\n|t:|1733871992\n|switch|p1a: Dachsbun|Dachsbun, L92, M|254/254\n|-status|p1a: Dachsbun|psn\n|turn|30\n|\n|t:|1733872001\n|-terastallize|p1a: Dachsbun|Steel\n|move|p1a: Dachsbun|Stomping Tantrum|p2a: Virizion\n|-supereffective|p2a: Virizion\n|-damage|p2a: Virizion|0 fnt\n|faint|p2a: Virizion\n|\n|win|MyriadRivers\n|raw|MyriadRivers's rating: 1892 &rarr; <strong>1909</strong><br />(+17 for winning)\n|raw|trickytrolley's rating: 1840 &rarr; <strong>1823</strong><br />(-17 for losing)\n", "inputlog": ">version bfd83cad13791eb5a5a409923076391caf6fb4d4\n>start {\"formatid\":\"gen9randombattle\",\"seed\":[57319,43076,40651,41949],\"rated\":\"Rated battle\"}\n>player p1 {\"name\":\"MyriadRivers\",\"avatar\":\"miku-water\",\"rating\":1892,\"seed\":[30727,10208,62778,53442]}\n>player p2 {\"name\":\"trickytrolley\",\"avatar\":\"2\",\"rating\":1840,\"seed\":[35900,11909,36182,43237]}\n>p1 move willowisp\n>p2 switch 4\n>p1 switch 3\n>p2 switch 6\n>p1 move substitute\n>p2 move dragontail\n>p1 move calmmind\n>p2 move poltergeist\n>p1 move protect\n>p2 move poltergeist\n>p1 move calmmind\n>p2 move poltergeist\n>p1 move protect\n>p2 move poltergeist\n>p1 move scald\n>p2 move dragontail\n>p1 move willowisp\n>p2 move dracometeor\n>p1 move poltergeist\n>p2 move dragontail\n>p1 move shadowball\n>p2 move dragontail\n>p2 switch 6\n>p1 switch 3\n>p2 move rockpolish\n>p1 move scald\n>p2 move moonblast\n>p1 move calmmind\n>p2 move irondefense\n>p1 move protect\n>p2 move bodypress\n>p1 move scald\n>p2 move bodypress\n>p1 switch 3\n>p2 move moonblast\n>p1 move shadowball\n>p2 move moonblast\n>p2 switch 3\n>p1 move shadowball\n>p2 move toxicspikes\n>p1 move shadowball\n>p2 move fireblast\n>p2 switch 5\n>p1 move shadowball\n>p2 move flamethrower\n>p1 move shadowball\n>p2 move flamethrower\n>p2 switch 2\n>p1 switch 3\n>p2 move gigadrain\n>p1 switch 3\n>p1 move trick\n>p2 move gigadrain\n>p1 switch 2\n>p1 move tripleaxel\n>p2 move gigadrain\n>p1 switch 5\n>p1 move flamethrower\n>p2 move struggle\n>p2 switch 4\n>p1 switch 6\n>p2 move swordsdance terastallize\n>p1 move liquidation\n>p2 move leafblade\n>p1 switch 6\n>p1 move darkpulse\n>p2 move stoneedge\n>p1 switch 4\n>p1 move stompingtantrum terastallize\n>p2 move closecombat", "uploadtime": 1733872008, "views": 4, "formatid": "gen9randombattle", "rating": 1823, "private": 0, "password": null}