{"id": "gen9randombattle-2141439315", "format": "[Gen 9] Random Battle", "players": ["Calvius", "ceru\u27b7edge\u27b9"], "log": "|badge|p1|bronze|gen9randombattle|100-1\n|uhtml|medal-msg|<div class=\"broadcast-blue\">Curious what those medals under the avatar are? PS now has Ladder Seasons! For more information, check out the <a href=\"https://www.smogon.com/forums/threads/3740067/\">thread on Smogon.</a></div>\n|badge|p2|silver|gen9randombattle|30-1\n|badge|p2|gold|gen9monotype|3-1\n|badge|p2|gold|gen9ou|3-1\n|uhtml|medal-msg|<div class=\"broadcast-blue\">Curious what those medals under the avatar are? PS now has Ladder Seasons! For more information, check out the <a href=\"https://www.smogon.com/forums/threads/3740067/\">thread on Smogon.</a></div>\n|j|\u2606Calvius\n|j|\u203dceru\u27b7edge\u27b9\n|t:|1718136167\n|gametype|singles\n|player|p1|Calvius|265|2316\n|player|p2|ceru\u27b7edge\u27b9|lucas|2433\n|teamsize|p1|6\n|teamsize|p2|6\n|gen|9\n|tier|[Gen 9] Random Battle\n|rated|\n|rule|Species Clause: Limit one of each Pok\u00e9mon\n|rule|HP Percentage Mod: HP is shown in percentages\n|rule|Sleep Clause Mod: Limit one foe put to sleep\n|rule|Illusion Level Mod: Illusion disguises the Pok\u00e9mon's true level\n|\n|t:|1718136167\n|start\n|switch|p1a: Scizor|Scizor, L79, M|240/240\n|switch|p2a: Mesprit|Mesprit, L85|275/275\n|turn|1\n|inactive|Battle timer is ON: inactive players will automatically lose when time's up. (requested by ceru\u27b7edge\u27b9)\n|\n|t:|1718136178\n|move|p2a: Mesprit|Knock Off|p1a: Scizor\n|-damage|p1a: Scizor|167/240\n|-enditem|p1a: Scizor|Leftovers|[from] move: Knock Off|[of] p2a: Mesprit\n|move|p1a: Scizor|U-turn|p2a: Mesprit\n|-supereffective|p2a: Mesprit\n|-damage|p2a: Mesprit|125/275\n|j| sr_Marc0\n|\n|t:|1718136185\n|switch|p1a: Froslass|Froslass, L87, F|263/263|[from] U-turn\n|\n|upkeep\n|turn|2\n|\n|t:|1718136190\n|switch|p2a: Wyrdeer|Wyrdeer, L87, M|321/321\n|-ability|p2a: Wyrdeer|Intimidate|boost\n|-unboost|p1a: Froslass|atk|1\n|move|p1a: Froslass|Poltergeist|p2a: Wyrdeer\n|-immune|p2a: Wyrdeer\n|\n|upkeep\n|turn|3\n|\n|t:|1718136194\n|move|p1a: Froslass|Will-O-Wisp|p2a: Wyrdeer\n|-status|p2a: Wyrdeer|brn\n|move|p2a: Wyrdeer|Psychic Noise|p1a: Froslass\n|-damage|p1a: Froslass|164/263\n|-start|p1a: Froslass|move: Heal Block\n|\n|-damage|p2a: Wyrdeer|301/321 brn|[from] brn\n|upkeep\n|turn|4\n|\n|t:|1718136203\n|switch|p1a: Scizor|Scizor, L79, M|167/240\n|move|p2a: Wyrdeer|Psychic Noise|p1a: Scizor\n|-resisted|p1a: Scizor\n|-damage|p1a: Scizor|118/240\n|-start|p1a: Scizor|move: Heal Block\n|\n|-damage|p2a: Wyrdeer|281/321 brn|[from] brn\n|upkeep\n|turn|5\n|\n|t:|1718136208\n|switch|p2a: Noivern|Noivern, L82, F|274/274\n|move|p1a: Scizor|U-turn|p2a: Noivern\n|-resisted|p2a: Noivern\n|-damage|p2a: Noivern|228/274\n|\n|t:|1718136214\n|switch|p1a: Lapras|Lapras, L88, F|372/372|[from] U-turn\n|\n|upkeep\n|turn|6\n|\n|t:|1718136224\n|switch|p2a: Wyrdeer|Wyrdeer, L87, M|281/321 brn\n|-ability|p2a: Wyrdeer|Intimidate|boost\n|-unboost|p1a: Lapras|atk|1\n|move|p1a: Lapras|Freeze-Dry|p2a: Wyrdeer\n|-damage|p2a: Wyrdeer|227/321 brn\n|\n|-damage|p2a: Wyrdeer|207/321 brn|[from] brn\n|upkeep\n|turn|7\n|\n|t:|1718136234\n|switch|p1a: Scizor|Scizor, L79, M|118/240\n|move|p2a: Wyrdeer|Thunderbolt|p1a: Scizor\n|-damage|p1a: Scizor|37/240\n|\n|-damage|p2a: Wyrdeer|187/321 brn|[from] brn\n|upkeep\n|turn|8\n|\n|t:|1718136245\n|move|p1a: Scizor|Bullet Punch|p2a: Wyrdeer\n|-damage|p2a: Wyrdeer|109/321 brn\n|move|p2a: Wyrdeer|Psychic Noise|p1a: Scizor\n|-resisted|p1a: Scizor\n|-damage|p1a: Scizor|0 fnt\n|faint|p1a: Scizor\n|\n|-damage|p2a: Wyrdeer|89/321 brn|[from] brn\n|upkeep\n|\n|t:|1718136252\n|switch|p1a: Altaria|Altaria, L88, M|275/275\n|turn|9\n|\n|t:|1718136259\n|move|p1a: Altaria|Dragon Dance|p1a: Altaria\n|-boost|p1a: Altaria|atk|1\n|-boost|p1a: Altaria|spe|1\n|move|p2a: Wyrdeer|Psychic Noise|p1a: Altaria\n|-damage|p1a: Altaria|196/275\n|-start|p1a: Altaria|move: Heal Block\n|\n|-damage|p2a: Wyrdeer|69/321 brn|[from] brn\n|upkeep\n|turn|10\n|\n|t:|1718136282\n|move|p1a: Altaria|Brave Bird|p2a: Wyrdeer\n|-damage|p2a: Wyrdeer|0 fnt\n|faint|p2a: Wyrdeer\n|-damage|p1a: Altaria|173/275|[from] Recoil\n|\n|-end|p1a: Altaria|move: Heal Block\n|upkeep\n|\n|t:|1718136288\n|switch|p2a: Noivern|Noivern, L82, F|228/274\n|turn|11\n|\n|t:|1718136297\n|-terastallize|p1a: Altaria|Ground\n|move|p1a: Altaria|Roost|p1a: Altaria\n|-heal|p1a: Altaria|275/275\n|move|p2a: Noivern|Draco Meteor|p1a: Altaria\n|-damage|p1a: Altaria|104/275\n|-unboost|p2a: Noivern|spa|2\n|\n|upkeep\n|turn|12\n|l| sr_Marc0\n|\n|t:|1718136310\n|switch|p2a: Ambipom|Ambipom, L84, F|263/263\n|move|p1a: Altaria|Dragon Dance|p1a: Altaria\n|-boost|p1a: Altaria|atk|1\n|-boost|p1a: Altaria|spe|1\n|\n|upkeep\n|turn|13\n|\n|t:|1718136317\n|move|p1a: Altaria|Earthquake|p2a: Ambipom\n|-damage|p2a: Ambipom|41/263\n|move|p2a: Ambipom|Triple Axel|p1a: Altaria\n|-supereffective|p1a: Altaria\n|-damage|p1a: Altaria|42/275\n|-supereffective|p1a: Altaria\n|-damage|p1a: Altaria|0 fnt\n|faint|p1a: Altaria\n|-hitcount|p1: Altaria|2\n|\n|upkeep\n|\n|t:|1718136328\n|switch|p1a: Archaludon|Archaludon, L78, M|268/268\n|turn|14\n|\n|t:|1718136332\n|switch|p2a: Mesprit|Mesprit, L85|125/275\n|move|p1a: Archaludon|Iron Head|p2a: Mesprit\n|-damage|p2a: Mesprit|56/275\n|\n|upkeep\n|turn|15\n|\n|t:|1718136350\n|move|p2a: Mesprit|Drain Punch|p1a: Archaludon\n|-supereffective|p1a: Archaludon\n|-damage|p1a: Archaludon|170/268\n|-heal|p2a: Mesprit|105/275|[from] drain|[of] p1a: Archaludon\n|-ability|p1a: Archaludon|Stamina|boost\n|-boost|p1a: Archaludon|def|1\n|move|p1a: Archaludon|Iron Head|p2a: Mesprit\n|-damage|p2a: Mesprit|36/275\n|\n|upkeep\n|turn|16\n|\n|t:|1718136356\n|move|p2a: Mesprit|Ice Beam|p1a: Archaludon\n|-damage|p1a: Archaludon|75/268\n|-ability|p1a: Archaludon|Stamina|boost\n|-boost|p1a: Archaludon|def|1\n|move|p1a: Archaludon|Iron Head|p2a: Mesprit\n|-crit|p2a: Mesprit\n|-damage|p2a: Mesprit|0 fnt\n|faint|p2a: Mesprit\n|\n|upkeep\n|\n|t:|1718136361\n|switch|p2a: Noivern|Noivern, L82, F|228/274\n|turn|17\n|\n|t:|1718136366\n|move|p2a: Noivern|Flamethrower|p1a: Archaludon\n|-damage|p1a: Archaludon|0 fnt\n|faint|p1a: Archaludon\n|\n|upkeep\n|\n|t:|1718136370\n|switch|p1a: Emboar|Emboar, L84, F|322/322\n|turn|18\n|\n|t:|1718136380\n|switch|p2a: Bastiodon|Bastiodon, L89, M|252/252\n|move|p1a: Emboar|Flare Blitz|p2a: Bastiodon\n|-damage|p2a: Bastiodon|140/252\n|-status|p2a: Bastiodon|brn\n|-damage|p1a: Emboar|285/322|[from] Recoil\n|\n|-damage|p2a: Bastiodon|125/252 brn|[from] brn\n|upkeep\n|turn|19\n|j| shaky3\n|\n|t:|1718136392\n|move|p1a: Emboar|Close Combat|p2a: Bastiodon\n|-supereffective|p2a: Bastiodon\n|-damage|p2a: Bastiodon|0 fnt\n|-unboost|p1a: Emboar|def|1\n|-unboost|p1a: Emboar|spd|1\n|faint|p2a: Bastiodon\n|\n|upkeep\n|\n|t:|1718136400\n|switch|p2a: Banette|Banette, L93, M|270/270\n|turn|20\n|\n|t:|1718136407\n|move|p2a: Banette|Poltergeist|p1a: Emboar\n|-activate|p1a: Emboar|move: Poltergeist|Assault Vest\n|-damage|p1a: Emboar|0 fnt\n|faint|p1a: Emboar\n|-damage|p2a: Banette|243/270|[from] item: Life Orb\n|\n|upkeep\n|\n|t:|1718136412\n|switch|p1a: Froslass|Froslass, L87, F|164/263\n|turn|21\n|\n|t:|1718136417\n|-terastallize|p2a: Banette|Ghost\n|move|p2a: Banette|Shadow Sneak|p1a: Froslass\n|-supereffective|p1a: Froslass\n|-damage|p1a: Froslass|0 fnt\n|-start|p2a: Banette|Disable|Shadow Sneak|[from] ability: Cursed Body|[of] p1a: Froslass\n|faint|p1a: Froslass\n|-damage|p2a: Banette|216/270|[from] item: Life Orb\n|\n|upkeep\n|-message|Calvius forfeited.\n|\n|win|ceru\u27b7edge\u27b9\n|raw|Calvius's rating: 2316 &rarr; <strong>2302</strong><br />(-14 for losing)\n|raw|ceru\u27b7edge\u27b9's rating: 2433 &rarr; <strong>2447</strong><br />(+14 for winning)\n|l|\u2606Calvius\n|player|p1|\n", "inputlog": ">version e046c5ea766451ca9500a73fe72ec774e92e6f7e\n>start {\"formatid\":\"gen9randombattle\",\"seed\":[60050,21534,31571,49594],\"rated\":\"Rated battle\"}\n>player p1 {\"name\":\"Calvius\",\"avatar\":\"265\",\"rating\":2316,\"seed\":[53441,30311,40397,9250]}\n>player p2 {\"name\":\"ceru\u27b7edge\u27b9\",\"avatar\":\"lucas\",\"rating\":2433,\"seed\":[47354,20945,59060,47249]}\n>p1 move uturn\n>p2 move knockoff\n>p1 switch 3\n>p1 move poltergeist\n>p2 switch 5\n>p1 move willowisp\n>p2 move psychicnoise\n>p1 switch 3\n>p2 move psychicnoise\n>p1 move uturn\n>p2 switch 4\n>p1 switch 4\n>p1 move freezedry\n>p2 switch 4\n>p1 switch 4\n>p2 move thunderbolt\n>p1 move bulletpunch\n>p2 move psychicnoise\n>p1 switch 5\n>p1 move dragondance\n>p2 move psychicnoise\n>p1 move bravebird\n>p2 move psychicnoise\n>p2 switch 4\n>p1 move roost terastallize\n>p2 move dracometeor\n>p1 move dragondance\n>p2 switch 3\n>p1 move earthquake\n>p2 move tripleaxel\n>p1 switch 6\n>p1 move ironhead\n>p2 switch 5\n>p1 move ironhead\n>p2 move drainpunch\n>p1 move ironhead\n>p2 move icebeam\n>p2 switch 3\n>p1 move outrage\n>p2 move flamethrower\n>p1 switch 2\n>p1 move flareblitz\n>p2 switch 6\n>p1 move closecombat\n>p2 move foulplay\n>p2 switch 2\n>p1 move knockoff\n>p2 move poltergeist\n>p1 switch 3\n>p1 move poltergeist\n>p2 move shadowsneak terastallize\n>forcelose p1", "uploadtime": 1718136428, "views": 209, "formatid": "gen9randombattle", "rating": 2302, "private": 0, "password": null}