{"id": "gen9randombattle-2259811145", "format": "[Gen 9] Random Battle", "players": ["dfjdsifjdk", "dthdtyj"], "log": "|j|\u2606dfjdsifjdk\n|j|\u2606dthdtyj\n|t:|1733769033\n|gametype|singles\n|player|p1|dfjdsifjdk|170|1013\n|player|p2|dthdtyj|2|1000\n|teamsize|p1|6\n|teamsize|p2|6\n|gen|9\n|tier|[Gen 9] Random Battle\n|rated|\n|rule|Species Clause: Limit one of each Pok\u00e9mon\n|rule|HP Percentage Mod: HP is shown in percentages\n|rule|Sleep Clause Mod: Limit one foe put to sleep\n|rule|Illusion Level Mod: Illusion disguises the Pok\u00e9mon's true level\n|\n|t:|1733769033\n|start\n|switch|p1a: Whiscash|Whiscash, L88, F|337/337\n|switch|p2a: Amoonguss|Amoonguss, L82, F|321/321\n|turn|1\n|\n|t:|1733769053\n|switch|p1a: Infernape|Infernape, L82, F|259/259\n|move|p2a: Amoonguss|Spore|p1a: Infernape\n|-status|p1a: Infernape|slp|[from] move: Spore\n|\n|upkeep\n|turn|2\n|\n|t:|1733769068\n|cant|p1a: Infernape|slp\n|move|p2a: Amoonguss|Toxic||[still]\n|-fail|p2a: Amoonguss\n|\n|upkeep\n|turn|3\n|\n|t:|1733769080\n|-curestatus|p1a: Infernape|slp|[msg]\n|move|p1a: Infernape|Flare Blitz|p2a: Amoonguss\n|-supereffective|p2a: Amoonguss\n|-damage|p2a: Amoonguss|25/321\n|-damage|p1a: Infernape|161/259|[from] Recoil\n|move|p2a: Amoonguss|Toxic|p1a: Infernape\n|-status|p1a: Infernape|tox\n|\n|-heal|p2a: Amoonguss|45/321|[from] item: Leftovers\n|-damage|p1a: Infernape|145/259 tox|[from] psn\n|upkeep\n|turn|4\n|\n|t:|1733769092\n|move|p1a: Infernape|Flare Blitz|p2a: Amoonguss\n|-supereffective|p2a: Amoonguss\n|-damage|p2a: Amoonguss|0 fnt\n|faint|p2a: Amoonguss\n|-damage|p1a: Infernape|130/259 tox|[from] Recoil\n|\n|-damage|p1a: Infernape|98/259 tox|[from] psn\n|upkeep\n|\n|t:|1733769103\n|switch|p2a: Arceus|Arceus-Flying, L69|279/279\n|turn|5\n|\n|t:|1733769111\n|-terastallize|p2a: Arceus|Ground\n|move|p1a: Infernape|Flare Blitz|p2a: Arceus\n|-damage|p2a: Arceus|164/279\n|-damage|p1a: Infernape|60/259 tox|[from] Recoil\n|move|p2a: Arceus|Earth Power|p1a: Infernape\n|-supereffective|p1a: Infernape\n|-damage|p1a: Infernape|0 fnt\n|faint|p1a: Infernape\n|\n|upkeep\n|\n|t:|1733769131\n|switch|p1a: Ambipom|Ambipom, L84, M|263/263\n|turn|6\n|\n|t:|1733769142\n|-terastallize|p1a: Ambipom|Ice\n|move|p1a: Ambipom|Triple Axel|p2a: Arceus\n|-supereffective|p2a: Arceus\n|-damage|p2a: Arceus|68/279\n|-supereffective|p2a: Arceus\n|-damage|p2a: Arceus|0 fnt\n|faint|p2a: Arceus\n|-hitcount|p2: Arceus|2\n|\n|upkeep\n|\n|t:|1733769151\n|switch|p2a: Ambipom|Ambipom, L84, M|263/263\n|turn|7\n|\n|t:|1733769162\n|move|p1a: Ambipom|Triple Axel|p2a: Ambipom\n|-damage|p2a: Ambipom|200/263\n|-damage|p2a: Ambipom|82/263\n|-damage|p2a: Ambipom|0 fnt\n|faint|p2a: Ambipom\n|-hitcount|p2: Ambipom|3\n|\n|upkeep\n|\n|t:|1733769171\n|switch|p2a: Gardevoir|Gardevoir, L83, F|249/249\n|-ability|p2a: Gardevoir|Technician|[from] ability: Trace|[of] p1a: Ambipom\n|turn|8\n|\n|t:|1733769202\n|move|p1a: Ambipom|Triple Axel|p2a: Gardevoir\n|-damage|p2a: Gardevoir|186/249\n|-damage|p2a: Gardevoir|66/249\n|-damage|p2a: Gardevoir|0 fnt\n|faint|p2a: Gardevoir\n|-hitcount|p2: Gardevoir|3\n|\n|upkeep\n|\n|t:|1733769209\n|switch|p2a: Cloyster|Cloyster, L80, M|211/211\n|turn|9\n|\n|t:|1733769232\n|switch|p1a: Decidueye|Decidueye, L88, F|281/281\n|move|p2a: Cloyster|Drill Run|p1a: Decidueye\n|-resisted|p1a: Decidueye\n|-damage|p1a: Decidueye|252/281\n|\n|upkeep\n|turn|10\n|\n|t:|1733769240\n|move|p1a: Decidueye|Leaf Blade|p2a: Cloyster\n|-supereffective|p2a: Cloyster\n|-damage|p2a: Cloyster|32/211\n|-damage|p1a: Decidueye|224/281|[from] item: Life Orb\n|move|p2a: Cloyster|Icicle Spear|p1a: Decidueye\n|-supereffective|p1a: Decidueye\n|-damage|p1a: Decidueye|174/281\n|-supereffective|p1a: Decidueye\n|-damage|p1a: Decidueye|120/281\n|-supereffective|p1a: Decidueye\n|-damage|p1a: Decidueye|70/281\n|-supereffective|p1a: Decidueye\n|-damage|p1a: Decidueye|20/281\n|-supereffective|p1a: Decidueye\n|-damage|p1a: Decidueye|0 fnt\n|faint|p1a: Decidueye\n|-hitcount|p1: Decidueye|5\n|\n|upkeep\n|\n|t:|1733769258\n|switch|p1a: Lumineon|Lumineon, L93, F|279/279\n|turn|11\n|\n|t:|1733769266\n|move|p1a: Lumineon|U-turn|p2a: Cloyster\n|-damage|p2a: Cloyster|1/211\n|\n|t:|1733769271\n|switch|p1a: Whiscash|Whiscash, L88, F|337/337|[from] U-turn\n|move|p2a: Cloyster|Rock Blast|p1a: Whiscash\n|-resisted|p1a: Whiscash\n|-damage|p1a: Whiscash|329/337\n|-resisted|p1a: Whiscash\n|-damage|p1a: Whiscash|319/337\n|-resisted|p1a: Whiscash\n|-damage|p1a: Whiscash|310/337\n|-resisted|p1a: Whiscash\n|-damage|p1a: Whiscash|301/337\n|-resisted|p1a: Whiscash\n|-damage|p1a: Whiscash|291/337\n|-hitcount|p1a: Whiscash|5\n|\n|upkeep\n|turn|12\n|\n|t:|1733769286\n|move|p2a: Cloyster|Icicle Spear|p1a: Whiscash\n|-damage|p1a: Whiscash|264/337\n|-crit|p1a: Whiscash\n|-damage|p1a: Whiscash|221/337\n|-damage|p1a: Whiscash|194/337\n|-damage|p1a: Whiscash|166/337\n|-damage|p1a: Whiscash|139/337\n|-hitcount|p1a: Whiscash|5\n|move|p1a: Whiscash|Earthquake|p2a: Cloyster\n|-damage|p2a: Cloyster|0 fnt\n|faint|p2a: Cloyster\n|-damage|p1a: Whiscash|106/337|[from] item: Life Orb\n|\n|upkeep\n|\n|t:|1733769299\n|switch|p2a: Chansey|Chansey, L85, F|564/564\n|turn|13\n|\n|t:|1733769305\n|move|p1a: Whiscash|Dragon Dance|p1a: Whiscash\n|-boost|p1a: Whiscash|atk|1\n|-boost|p1a: Whiscash|spe|1\n|move|p2a: Chansey|Seismic Toss|p1a: Whiscash\n|-damage|p1a: Whiscash|21/337\n|\n|upkeep\n|turn|14\n|\n|t:|1733769316\n|move|p1a: Whiscash|Earthquake|p2a: Chansey\n|-damage|p2a: Chansey|88/564\n|-damage|p1a: Whiscash|0 fnt|[from] item: Life Orb\n|faint|p1a: Whiscash\n|move|p2a: Chansey|Seismic Toss|p1: Whiscash|[notarget]\n|-fail|p2a: Chansey\n|\n|upkeep\n|\n|t:|1733769325\n|switch|p1a: Lumineon|Lumineon, L93, F|279/279\n|turn|15\n|\n|t:|1733769330\n|move|p1a: Lumineon|Ice Beam|p2a: Chansey\n|-damage|p2a: Chansey|55/564\n|move|p2a: Chansey|Soft-Boiled|p2a: Chansey\n|-heal|p2a: Chansey|337/564\n|\n|upkeep\n|turn|16\n|\n|t:|1733769339\n|move|p1a: Lumineon|Hydro Pump|p2a: Chansey\n|-damage|p2a: Chansey|276/564\n|move|p2a: Chansey|Stealth Rock|p1a: Lumineon\n|-sidestart|p1: dfjdsifjdk|move: Stealth Rock\n|\n|upkeep\n|turn|17\n|\n|t:|1733769346\n|move|p1a: Lumineon|Encore|p2a: Chansey\n|-start|p2a: Chansey|Encore\n|move|p2a: Chansey|Stealth Rock||[still]\n|-fail|p2a: Chansey\n|\n|upkeep\n|turn|18\n|\n|t:|1733769353\n|move|p1a: Lumineon|U-turn|p2a: Chansey\n|-damage|p2a: Chansey|174/564\n|\n|t:|1733769355\n|switch|p1a: Ambipom|Ambipom, L84, M, tera:Ice|263/263|[from] U-turn\n|-damage|p1a: Ambipom|198/263|[from] Stealth Rock\n|move|p2a: Chansey|Stealth Rock||[still]\n|-fail|p2a: Chansey\n|\n|upkeep\n|turn|19\n|\n|t:|1733769361\n|move|p1a: Ambipom|Triple Axel|p2a: Chansey\n|-damage|p2a: Chansey|66/564\n|-damage|p2a: Chansey|0 fnt\n|faint|p2a: Chansey\n|-hitcount|p2: Chansey|2\n|\n|win|dfjdsifjdk\n|raw|dfjdsifjdk's rating: 1013 &rarr; <strong>1050</strong><br />(+37 for winning)\n|raw|dthdtyj's rating: 1000 &rarr; <strong>1000</strong><br />(+0 for losing)\n|l|\u2606dthdtyj\n|player|p2|\n", "inputlog": ">version bfd83cad13791eb5a5a409923076391caf6fb4d4\n>start {\"formatid\":\"gen9randombattle\",\"seed\":[46907,57637,28715,41985],\"rated\":\"Rated battle\"}\n>player p1 {\"name\":\"dfjdsifjdk\",\"avatar\":\"170\",\"rating\":1013,\"seed\":[3429,43320,11177,62072]}\n>player p2 {\"name\":\"dthdtyj\",\"avatar\":\"2\",\"rating\":1000,\"seed\":[27396,21615,53287,23323]}\n>p1 switch 4\n>p2 move spore\n>p1 move knockoff\n>p2 move toxic\n>p1 move flareblitz\n>p2 move toxic\n>p1 move flareblitz\n>p2 move spore\n>p2 switch 5\n>p1 move flareblitz\n>p2 move earthpower terastallize\n>p1 switch 3\n>p1 move tripleaxel terastallize\n>p2 move judgment\n>p2 switch 4\n>p1 move tripleaxel\n>p2 move doubleedge\n>p2 switch 6\n>p1 move tripleaxel\n>p2 move calmmind\n>p2 switch 3\n>p1 switch 5\n>p2 move drillrun\n>p1 move leafblade\n>p2 move iciclespear\n>p1 switch 2\n>p1 move uturn\n>p2 move rockblast\n>p1 switch 4\n>p1 move earthquake\n>p2 move iciclespear\n>p2 switch 2\n>p1 move dragondance\n>p2 move seismictoss\n>p1 move earthquake\n>p2 move seismictoss\n>p1 switch 4\n>p1 move icebeam\n>p2 move softboiled\n>p1 move hydropump\n>p2 move stealthrock\n>p1 move encore\n>p2 move thunderwave\n>p1 move uturn\n>p2 move stealthrock\n>p1 switch 5\n>p1 move tripleaxel\n>p2 move stealthrock", "uploadtime": 1733769393, "views": 17, "formatid": "gen9randombattle", "rating": 1000, "private": 0, "password": null}