{"id": "gen9randombattle-2260378699", "format": "[Gen 9] Random Battle", "players": ["Ethanp1o", "shash_mahal"], "log": "|j|\u2606Ethanp1o\n|j|\u2606shash_mahal\n|t:|1733845760\n|gametype|singles\n|player|p1|Ethanp1o|swimmerf-gen4|1455\n|player|p2|shash_mahal|170|1442\n|teamsize|p1|6\n|teamsize|p2|6\n|gen|9\n|tier|[Gen 9] Random Battle\n|rated|\n|rule|Species Clause: Limit one of each Pok\u00e9mon\n|rule|HP Percentage Mod: HP is shown in percentages\n|rule|Sleep Clause Mod: Limit one foe put to sleep\n|rule|Illusion Level Mod: Illusion disguises the Pok\u00e9mon's true level\n|\n|t:|1733845760\n|start\n|switch|p1a: Flapple|Flapple, L88, M, shiny|266/266\n|switch|p2a: Grimmsnarl|Grimmsnarl, L83, M|293/293\n|turn|1\n|inactive|Battle timer is ON: inactive players will automatically lose when time's up. (requested by Ethanp1o)\n|\n|t:|1733845772\n|switch|p1a: Ariados|Ariados, L95, M|287/287\n|move|p2a: Grimmsnarl|Parting Shot|p1a: Ariados\n|-unboost|p1a: Ariados|atk|1\n|-unboost|p1a: Ariados|spa|1\n|\n|t:|1733845798\n|switch|p2a: Ambipom|Ambipom, L84, M|263/263|[from] Parting Shot\n|\n|upkeep\n|turn|2\n|\n|t:|1733845803\n|move|p2a: Ambipom|Fake Out|p1a: Ariados\n|-damage|p1a: Ariados|200/287\n|cant|p1a: Ariados|flinch\n|\n|upkeep\n|turn|3\n|\n|t:|1733845809\n|move|p2a: Ambipom|Knock Off|p1a: Ariados\n|-crit|p1a: Ariados\n|-damage|p1a: Ariados|86/287\n|-enditem|p1a: Ariados|Heavy-Duty Boots|[from] move: Knock Off|[of] p2a: Ambipom\n|move|p1a: Ariados|Sticky Web|p2a: Ambipom\n|-sidestart|p2: shash_mahal|move: Sticky Web\n|\n|upkeep\n|turn|4\n|\n|t:|1733845826\n|move|p1a: Ariados|Sucker Punch|p2a: Ambipom\n|-damage|p2a: Ambipom|211/263\n|move|p2a: Ambipom|Double-Edge|p1a: Ariados\n|-damage|p1a: Ariados|0 fnt\n|faint|p1a: Ariados\n|-damage|p2a: Ambipom|183/263|[from] Recoil\n|\n|upkeep\n|\n|t:|1733845832\n|switch|p1a: Latios|Latios, L78, M|253/253\n|turn|5\n|\n|t:|1733845837\n|-terastallize|p1a: Latios|Steel\n|move|p2a: Ambipom|Double-Edge|p1a: Latios\n|-resisted|p1a: Latios\n|-damage|p1a: Latios|164/253\n|-damage|p2a: Ambipom|154/263|[from] Recoil\n|move|p1a: Latios|Calm Mind|p1a: Latios\n|-boost|p1a: Latios|spa|1\n|-boost|p1a: Latios|spd|1\n|\n|upkeep\n|turn|6\n|\n|t:|1733845846\n|move|p2a: Ambipom|Knock Off|p1a: Latios\n|-damage|p1a: Latios|79/253\n|-enditem|p1a: Latios|Soul Dew|[from] move: Knock Off|[of] p2a: Ambipom\n|move|p1a: Latios|Calm Mind|p1a: Latios\n|-boost|p1a: Latios|spa|1\n|-boost|p1a: Latios|spd|1\n|\n|upkeep\n|turn|7\n|\n|t:|1733845854\n|move|p2a: Ambipom|Double-Edge|p1a: Latios\n|-resisted|p1a: Latios\n|-damage|p1a: Latios|0 fnt\n|faint|p1a: Latios\n|-damage|p2a: Ambipom|128/263|[from] Recoil\n|\n|upkeep\n|\n|t:|1733845860\n|switch|p1a: Flapple|Flapple, L88, M, shiny|266/266\n|turn|8\n|\n|t:|1733845864\n|move|p2a: Ambipom|Knock Off|p1a: Flapple\n|-damage|p1a: Flapple|195/266\n|-enditem|p1a: Flapple|Lum Berry|[from] move: Knock Off|[of] p2a: Ambipom\n|move|p1a: Flapple|Dragon Dance|p1a: Flapple\n|-boost|p1a: Flapple|atk|1\n|-boost|p1a: Flapple|spe|1\n|\n|upkeep\n|turn|9\n|\n|t:|1733845873\n|move|p1a: Flapple|Dragon Dance|p1a: Flapple\n|-boost|p1a: Flapple|atk|1\n|-boost|p1a: Flapple|spe|1\n|move|p2a: Ambipom|Double-Edge|p1a: Flapple\n|-damage|p1a: Flapple|44/266\n|-damage|p2a: Ambipom|78/263|[from] Recoil\n|\n|upkeep\n|turn|10\n|\n|t:|1733845881\n|move|p1a: Flapple|Grav Apple|p2a: Ambipom\n|-damage|p2a: Ambipom|0 fnt\n|faint|p2a: Ambipom\n|\n|upkeep\n|\n|t:|1733845893\n|switch|p2a: Grimmsnarl|Grimmsnarl, L83, M|293/293\n|-activate|p2a: Grimmsnarl|move: Sticky Web\n|-unboost|p2a: Grimmsnarl|spe|1\n|turn|11\n|\n|t:|1733845898\n|move|p2a: Grimmsnarl|Sucker Punch|p1a: Flapple\n|-damage|p1a: Flapple|0 fnt\n|faint|p1a: Flapple\n|\n|upkeep\n|\n|t:|1733845904\n|switch|p1a: Rotom|Rotom, L88|231/231\n|turn|12\n|c|\u2606shash_mahal|stop being greedy\n|\n|t:|1733845916\n|move|p2a: Grimmsnarl|Parting Shot|p1a: Rotom\n|-unboost|p1a: Rotom|atk|1\n|-unboost|p1a: Rotom|spa|1\n|\n|t:|1733845923\n|switch|p2a: Hitmonchan|Hitmonchan, L87, M|229/229|[from] Parting Shot\n|-activate|p2a: Hitmonchan|move: Sticky Web\n|-unboost|p2a: Hitmonchan|spe|1\n|move|p1a: Rotom|Trick|p2a: Hitmonchan\n|-activate|p1a: Rotom|move: Trick|[of] p2a: Hitmonchan\n|-item|p2a: Hitmonchan|Choice Scarf|[from] move: Trick\n|-item|p1a: Rotom|Leftovers|[from] move: Trick\n|\n|upkeep\n|turn|13\n|\n|t:|1733845933\n|switch|p1a: Grimmsnarl|Grimmsnarl, L83, M|293/293\n|move|p2a: Hitmonchan|Knock Off|p1a: Grimmsnarl\n|-resisted|p1a: Grimmsnarl\n|-damage|p1a: Grimmsnarl|270/293\n|-enditem|p1a: Grimmsnarl|Light Clay|[from] move: Knock Off|[of] p2a: Hitmonchan\n|\n|upkeep\n|turn|14\n|\n|t:|1733845955\n|switch|p2a: Indeedee|Indeedee, L84, M|238/238\n|-activate|p2a: Indeedee|move: Sticky Web\n|-unboost|p2a: Indeedee|spe|1\n|-fieldstart|move: Psychic Terrain|[from] ability: Psychic Surge|[of] p2a: Indeedee\n|move|p1a: Grimmsnarl|Reflect|p1a: Grimmsnarl\n|-sidestart|p1: Ethanp1o|Reflect\n|\n|upkeep\n|turn|15\n|\n|t:|1733845971\n|move|p1a: Grimmsnarl|Parting Shot|p2a: Indeedee\n|-activate|p2a: Indeedee|move: Psychic Terrain\n|move|p2a: Indeedee|Hyper Voice|p1a: Grimmsnarl\n|-damage|p1a: Grimmsnarl|130/293\n|-damage|p2a: Indeedee|215/238|[from] item: Life Orb\n|\n|upkeep\n|turn|16\n|\n|t:|1733845981\n|switch|p1a: Enamorus|Enamorus-Therian, L83, F|259/259\n|move|p2a: Indeedee|Hyper Voice|p1a: Enamorus\n|-damage|p1a: Enamorus|177/259\n|-damage|p2a: Indeedee|192/238|[from] item: Life Orb\n|\n|upkeep\n|turn|17\n|\n|t:|1733845990\n|move|p2a: Indeedee|Calm Mind|p2a: Indeedee\n|-boost|p2a: Indeedee|spa|1\n|-boost|p2a: Indeedee|spd|1\n|move|p1a: Enamorus|Moonblast|p2a: Indeedee\n|-damage|p2a: Indeedee|107/238\n|\n|upkeep\n|turn|18\n|\n|t:|1733846000\n|move|p2a: Indeedee|Expanding Force|p1a: Enamorus\n|-damage|p1a: Enamorus|0 fnt\n|faint|p1a: Enamorus\n|-damage|p2a: Indeedee|84/238|[from] item: Life Orb\n|\n|-sideend|p1: Ethanp1o|Reflect\n|-fieldend|move: Psychic Terrain\n|upkeep\n|\n|t:|1733846004\n|switch|p1a: Rotom|Rotom, L88|231/231\n|turn|19\n|\n|t:|1733846010\n|move|p1a: Rotom|Shadow Ball|p2a: Indeedee\n|-immune|p2a: Indeedee\n|move|p2a: Indeedee|Shadow Ball|p1a: Rotom\n|-supereffective|p1a: Rotom\n|-damage|p1a: Rotom|2/231\n|-damage|p2a: Indeedee|61/238|[from] item: Life Orb\n|\n|-heal|p1a: Rotom|16/231|[from] item: Leftovers\n|upkeep\n|turn|20\n|\n|t:|1733846023\n|move|p1a: Rotom|Thunderbolt|p2a: Indeedee\n|-damage|p2a: Indeedee|0 fnt\n|faint|p2a: Indeedee\n|\n|-heal|p1a: Rotom|30/231|[from] item: Leftovers\n|upkeep\n|\n|t:|1733846035\n|switch|p2a: Noivern|Noivern, L82, F|274/274\n|turn|21\n|\n|t:|1733846042\n|move|p2a: Noivern|Hurricane|p1a: Rotom\n|-resisted|p1a: Rotom\n|-damage|p1a: Rotom|0 fnt\n|faint|p1a: Rotom\n|\n|upkeep\n|\n|t:|1733846043\n|switch|p1a: Grimmsnarl|Grimmsnarl, L83, M|130/293\n|turn|22\n|\n|t:|1733846054\n|switch|p2a: Grimmsnarl|Grimmsnarl, L83, M|293/293\n|-activate|p2a: Grimmsnarl|move: Sticky Web\n|-unboost|p2a: Grimmsnarl|spe|1\n|move|p1a: Grimmsnarl|Spirit Break|p2a: Grimmsnarl\n|-supereffective|p2a: Grimmsnarl\n|-damage|p2a: Grimmsnarl|69/293\n|-unboost|p2a: Grimmsnarl|spa|1\n|\n|-heal|p2a: Grimmsnarl|87/293|[from] item: Leftovers\n|upkeep\n|turn|23\n|\n|t:|1733846074\n|switch|p2a: Solgaleo|Solgaleo, L74|325/325\n|-activate|p2a: Solgaleo|move: Sticky Web\n|-fail|p2a: Solgaleo|unboost|[from] ability: Full Metal Body|[of] p2a: Solgaleo\n|move|p1a: Grimmsnarl|Spirit Break|p2a: Solgaleo\n|-resisted|p2a: Solgaleo\n|-damage|p2a: Solgaleo|281/325\n|\n|upkeep\n|turn|24\n|-message|Ethanp1o forfeited.\n|\n|win|shash_mahal\n|raw|Ethanp1o's rating: 1455 &rarr; <strong>1434</strong><br />(-21 for losing)\n|raw|shash_mahal's rating: 1442 &rarr; <strong>1463</strong><br />(+21 for winning)\n|l|\u2606Ethanp1o\n|player|p1|\n", "inputlog": ">version bfd83cad13791eb5a5a409923076391caf6fb4d4\n>start {\"formatid\":\"gen9randombattle\",\"seed\":[43549,790,40076,58290],\"rated\":\"Rated battle\"}\n>player p1 {\"name\":\"Ethanp1o\",\"avatar\":\"swimmerf-gen4\",\"rating\":1455,\"seed\":[38330,51242,16841,47021]}\n>player p2 {\"name\":\"shash_mahal\",\"avatar\":\"170\",\"rating\":1442,\"seed\":[61880,31973,57519,63217]}\n>p1 switch 6\n>p2 move partingshot\n>p2 switch 6\n>p1 move stickyweb\n>p2 move fakeout\n>p1 move stickyweb\n>p2 move knockoff\n>p1 move suckerpunch\n>p2 move doubleedge\n>p1 switch 5\n>p1 move calmmind terastallize\n>p2 move doubleedge\n>p1 move calmmind\n>p2 move knockoff\n>p1 move recover\n>p2 move doubleedge\n>p1 switch 6\n>p1 move dragondance\n>p2 move knockoff\n>p1 move dragondance\n>p2 move doubleedge\n>p1 move gravapple\n>p2 move doubleedge\n>p2 switch 6\n>p1 move gravapple\n>p2 move suckerpunch\n>p1 switch 4\n>chat \u2606shash_mahal|stop being greedy\n>p1 move trick\n>p2 move partingshot\n>p2 switch 2\n>p1 switch 3\n>p2 move knockoff\n>p1 move reflect\n>p2 switch 3\n>p1 move partingshot\n>p2 move hypervoice\n>p1 switch 2\n>p2 move hypervoice\n>p1 move moonblast\n>p2 move calmmind\n>p1 move moonblast\n>p2 move expandingforce\n>p1 switch 3\n>p1 move shadowball\n>p2 move shadowball\n>p1 move thunderbolt\n>p2 move expandingforce\n>p2 switch 4\n>p1 move thunderbolt\n>p2 move hurricane\n>p1 switch 2\n>p1 move spiritbreak\n>p2 switch 2\n>p1 move spiritbreak\n>p2 switch 5\n>forcelose p1", "uploadtime": 1733846085, "views": 1, "formatid": "gen9randombattle", "rating": 1434, "private": 0, "password": null}