{"id": "gen9randombattle-2259986321", "format": "[Gen 9] Random Battle", "players": ["pballgabe13", "emangoat"], "log": "|j|\u2606pballgabe13\n|j|\u2606emangoat\n|t:|1733787740\n|gametype|singles\n|player|p1|pballgabe13|karen|\n|player|p2|emangoat|1|\n|teamsize|p1|6\n|teamsize|p2|6\n|gen|9\n|tier|[Gen 9] Random Battle\n|rule|Species Clause: Limit one of each Pok\u00e9mon\n|rule|HP Percentage Mod: HP is shown in percentages\n|rule|Sleep Clause Mod: Limit one foe put to sleep\n|rule|Illusion Level Mod: Illusion disguises the Pok\u00e9mon's true level\n|\n|t:|1733787740\n|start\n|switch|p1a: Iron Thorns|Iron Thorns, L83|302/302\n|switch|p2a: Tsareena|Tsareena, L87, F|267/267\n|turn|1\n|\n|t:|1733787759\n|-end|p1a: Iron Thorns|Quark Drive|[silent]\n|switch|p1a: Froslass|Froslass, L87, F|263/263\n|move|p2a: Tsareena|Knock Off|p1a: Froslass\n|-supereffective|p1a: Froslass\n|-damage|p1a: Froslass|11/263\n|-enditem|p1a: Froslass|Wide Lens|[from] move: Knock Off|[of] p2a: Tsareena\n|-damage|p2a: Tsareena|241/267|[from] item: Life Orb\n|\n|upkeep\n|turn|2\n|\n|t:|1733787771\n|move|p1a: Froslass|Destiny Bond|p1a: Froslass\n|-singlemove|p1a: Froslass|Destiny Bond\n|move|p2a: Tsareena|Knock Off|p1a: Froslass\n|-supereffective|p1a: Froslass\n|-damage|p1a: Froslass|0 fnt\n|faint|p1a: Froslass\n|-activate|p1a: Froslass|move: Destiny Bond\n|faint|p2a: Tsareena\n|\n|upkeep\n|\n|t:|1733787791\n|switch|p1a: Iron Thorns|Iron Thorns, L83|302/302\n|switch|p2a: Hippowdon|Hippowdon, L82, M|311/311\n|-weather|Sandstorm|[from] ability: Sand Stream|[of] p2a: Hippowdon\n|turn|3\n|\n|t:|1733787799\n|-end|p1a: Iron Thorns|Quark Drive|[silent]\n|switch|p1a: Eelektross|Eelektross, L87, F|290/290\n|move|p2a: Hippowdon|Earthquake|p1a: Eelektross\n|-immune|p1a: Eelektross|[from] ability: Levitate\n|\n|-weather|Sandstorm|[upkeep]\n|-damage|p1a: Eelektross|272/290|[from] Sandstorm\n|-heal|p1a: Eelektross|290/290|[from] item: Leftovers\n|upkeep\n|turn|4\n|\n|t:|1733787812\n|move|p1a: Eelektross|Knock Off|p2a: Hippowdon\n|-damage|p2a: Hippowdon|243/311\n|-enditem|p2a: Hippowdon|Leftovers|[from] move: Knock Off|[of] p1a: Eelektross\n|move|p2a: Hippowdon|Whirlwind|p1a: Eelektross\n|drag|p1a: Wugtrio|Wugtrio, L91, M|212/212\n|\n|-weather|Sandstorm|[upkeep]\n|-damage|p1a: Wugtrio|199/212|[from] Sandstorm\n|upkeep\n|turn|5\n|\n|t:|1733787823\n|move|p1a: Wugtrio|Liquidation|p2a: Hippowdon\n|-supereffective|p2a: Hippowdon\n|-damage|p2a: Hippowdon|0 fnt\n|faint|p2a: Hippowdon\n|\n|-weather|Sandstorm|[upkeep]\n|-damage|p1a: Wugtrio|186/212|[from] Sandstorm\n|upkeep\n|\n|t:|1733787838\n|switch|p2a: Golduck|Golduck, L90, F|290/290\n|-ability|p2a: Golduck|Cloud Nine\n|turn|6\n|\n|t:|1733787844\n|switch|p1a: Eelektross|Eelektross, L87, F|290/290\n|-terastallize|p2a: Golduck|Grass\n|move|p2a: Golduck|Grass Knot|p1a: Eelektross\n|-damage|p1a: Eelektross|148/290\n|\n|-weather|Sandstorm|[upkeep]\n|-heal|p1a: Eelektross|166/290|[from] item: Leftovers\n|upkeep\n|turn|7\n|\n|t:|1733787854\n|move|p2a: Golduck|Grass Knot|p1a: Eelektross\n|-damage|p1a: Eelektross|12/290\n|move|p1a: Eelektross|Supercell Slam|p2a: Golduck\n|-resisted|p2a: Golduck\n|-damage|p2a: Golduck|227/290\n|\n|-weather|none\n|-heal|p1a: Eelektross|30/290|[from] item: Leftovers\n|upkeep\n|turn|8\n|\n|t:|1733787864\n|move|p2a: Golduck|Grass Knot|p1a: Eelektross\n|-damage|p1a: Eelektross|0 fnt\n|faint|p1a: Eelektross\n|\n|upkeep\n|\n|t:|1733787869\n|switch|p1a: Iron Bundle|Iron Bundle, L77|213/213\n|turn|9\n|\n|t:|1733787878\n|move|p1a: Iron Bundle|Ice Beam|p2a: Golduck\n|-supereffective|p2a: Golduck\n|-damage|p2a: Golduck|45/290\n|move|p2a: Golduck|Grass Knot|p1a: Iron Bundle\n|-supereffective|p1a: Iron Bundle\n|-damage|p1a: Iron Bundle|21/213\n|\n|upkeep\n|turn|10\n|\n|t:|1733787889\n|switch|p2a: Regice|Regice, L88|284/284\n|move|p1a: Iron Bundle|Ice Beam|p2a: Regice\n|-resisted|p2a: Regice\n|-damage|p2a: Regice|262/284\n|\n|upkeep\n|turn|11\n|\n|t:|1733787904\n|-end|p1a: Iron Bundle|Quark Drive|[silent]\n|switch|p1a: Wugtrio|Wugtrio, L91, M|186/212\n|move|p2a: Regice|Body Press|p1a: Wugtrio\n|-damage|p1a: Wugtrio|94/212\n|-ability|p1a: Wugtrio|Gooey\n|-fail|p2a: Regice|unboost|[from] ability: Clear Body|[of] p2a: Regice\n|\n|upkeep\n|turn|12\n|\n|t:|1733787916\n|move|p1a: Wugtrio|Stomping Tantrum|p2a: Regice\n|-damage|p2a: Regice|185/284\n|move|p2a: Regice|Thunderbolt|p1a: Wugtrio\n|-supereffective|p1a: Wugtrio\n|-damage|p1a: Wugtrio|0 fnt\n|faint|p1a: Wugtrio\n|\n|upkeep\n|\n|t:|1733787936\n|switch|p1a: Mimikyu|Mimikyu, L79, F|216/216\n|turn|13\n|\n|t:|1733787940\n|move|p1a: Mimikyu|Swords Dance|p1a: Mimikyu\n|-boost|p1a: Mimikyu|atk|2\n|move|p2a: Regice|Thunder Wave|p1a: Mimikyu\n|-status|p1a: Mimikyu|par\n|\n|upkeep\n|turn|14\n|\n|t:|1733787953\n|move|p2a: Regice|Ice Beam|p1a: Mimikyu\n|-activate|p1a: Mimikyu|ability: Disguise\n|-damage|p1a: Mimikyu|216/216 par\n|detailschange|p1a: Mimikyu|Mimikyu-Busted, L79, F\n|-damage|p1a: Mimikyu|189/216 par|[from] pokemon: Mimikyu-Busted\n|cant|p1a: Mimikyu|par\n|\n|upkeep\n|turn|15\n|\n|t:|1733787960\n|move|p2a: Regice|Thunderbolt|p1a: Mimikyu\n|-damage|p1a: Mimikyu|127/216 par\n|cant|p1a: Mimikyu|par\n|\n|upkeep\n|turn|16\n|\n|t:|1733787965\n|move|p2a: Regice|Body Press|p1a: Mimikyu\n|-immune|p1a: Mimikyu\n|move|p1a: Mimikyu|Play Rough|p2a: Regice\n|-damage|p2a: Regice|8/284\n|-damage|p1a: Mimikyu|106/216 par|[from] item: Life Orb\n|\n|upkeep\n|turn|17\n|\n|t:|1733787972\n|move|p1a: Mimikyu|Shadow Sneak|p2a: Regice\n|-damage|p2a: Regice|0 fnt\n|faint|p2a: Regice\n|-damage|p1a: Mimikyu|85/216 par|[from] item: Life Orb\n|\n|upkeep\n|\n|t:|1733787981\n|switch|p2a: Clawitzer|Clawitzer, L87, F|265/265\n|turn|18\n|\n|t:|1733787986\n|-terastallize|p1a: Mimikyu|Grass\n|move|p2a: Clawitzer|Dark Pulse|p1a: Mimikyu\n|-damage|p1a: Mimikyu|0 fnt\n|faint|p1a: Mimikyu\n|\n|upkeep\n|\n|t:|1733787991\n|switch|p1a: Iron Bundle|Iron Bundle, L77|21/213\n|turn|19\n|\n|t:|1733788000\n|move|p1a: Iron Bundle|Freeze-Dry|p2a: Clawitzer\n|-supereffective|p2a: Clawitzer\n|-damage|p2a: Clawitzer|175/265\n|move|p2a: Clawitzer|Dark Pulse|p1a: Iron Bundle\n|-damage|p1a: Iron Bundle|0 fnt\n|faint|p1a: Iron Bundle\n|-end|p1a: Iron Bundle|Quark Drive|[silent]\n|\n|upkeep\n|\n|t:|1733788007\n|switch|p1a: Iron Thorns|Iron Thorns, L83|302/302\n|turn|20\n|\n|t:|1733788014\n|move|p1a: Iron Thorns|Spikes|p2a: Clawitzer\n|-sidestart|p2: emangoat|Spikes\n|move|p2a: Clawitzer|Dragon Pulse|p1a: Iron Thorns\n|-damage|p1a: Iron Thorns|174/302\n|\n|upkeep\n|turn|21\n|\n|t:|1733788020\n|move|p1a: Iron Thorns|Wild Charge|p2a: Clawitzer\n|-supereffective|p2a: Clawitzer\n|-damage|p2a: Clawitzer|0 fnt\n|faint|p2a: Clawitzer\n|-damage|p1a: Iron Thorns|130/302|[from] Recoil\n|\n|upkeep\n|\n|t:|1733788026\n|switch|p2a: Golduck|Golduck, L90, F, tera:Grass|45/290\n|-damage|p2a: Golduck|9/290|[from] Spikes\n|-ability|p2a: Golduck|Cloud Nine\n|turn|22\n|\n|t:|1733788040\n|move|p2a: Golduck|Ice Beam|p1a: Iron Thorns\n|-damage|p1a: Iron Thorns|23/302\n|move|p1a: Iron Thorns|Volt Switch|p2a: Golduck\n|-resisted|p2a: Golduck\n|-damage|p2a: Golduck|0 fnt\n|faint|p2a: Golduck\n|\n|upkeep\n|\n|t:|1733788054\n|switch|p2a: Kricketune|Kricketune, L99, F|312/312\n|turn|23\n|\n|t:|1733788061\n|move|p2a: Kricketune|Pounce|p1a: Iron Thorns\n|-damage|p1a: Iron Thorns|0 fnt\n|faint|p1a: Iron Thorns\n|-end|p1a: Iron Thorns|Quark Drive|[silent]\n|\n|win|emangoat\n|l|\u2606pballgabe13\n|player|p1|\n", "inputlog": ">version bfd83cad13791eb5a5a409923076391caf6fb4d4\n>start {\"formatid\":\"gen9randombattle\",\"seed\":[4521,58099,6230,31414]}\n>player p1 {\"name\":\"pballgabe13\",\"avatar\":\"karen\",\"rating\":0,\"seed\":[60643,51558,29100,16507]}\n>player p2 {\"name\":\"emangoat\",\"avatar\":\"1\",\"rating\":0,\"seed\":[55038,56593,3465,11366]}\n>p1 switch 2\n>p2 move knockoff\n>p1 move destinybond\n>p2 move knockoff\n>p1 switch 2\n>p2 switch 6\n>p1 switch 3\n>p2 move earthquake\n>p1 move knockoff\n>p2 move whirlwind\n>p1 move liquidation\n>p2 move earthquake\n>p2 switch 5\n>p1 switch 4\n>p2 move grassknot terastallize\n>p1 move supercellslam\n>p2 move grassknot\n>p1 move knockoff\n>p2 move grassknot\n>p1 switch 6\n>p1 move icebeam\n>p2 move grassknot\n>p1 move icebeam\n>p2 switch 3\n>p1 switch 4\n>p2 move bodypress\n>p1 move stompingtantrum\n>p2 move thunderbolt\n>p1 switch 5\n>p1 move swordsdance\n>p2 move thunderwave\n>p1 move playrough\n>p2 move icebeam\n>p1 move playrough\n>p2 move thunderbolt\n>p1 move playrough\n>p2 move bodypress\n>p1 move shadowsneak\n>p2 move thunderbolt\n>p2 switch 4\n>p1 move woodhammer terastallize\n>p2 move darkpulse\n>p1 switch 4\n>p1 move freezedry\n>p2 move darkpulse\n>p1 switch 3\n>p1 move spikes\n>p2 move dragonpulse\n>p1 move wildcharge\n>p2 move dragonpulse\n>p2 switch 3\n>p1 move voltswitch\n>p2 move icebeam\n>p2 switch 2\n>p1 move stoneedge\n>p2 move pounce", "uploadtime": 1733788066, "views": 2, "formatid": "gen9randombattle", "rating": null, "private": 0, "password": null}