{"id": "gen9randombattle-2260828528", "format": "[Gen 9] Random Battle", "players": ["Rentarou306", "boom boon"], "log": "|j|\u2606Rentarou306\n|j|\u2606boom boon\n|t:|1733899608\n|gametype|singles\n|player|p1|Rentarou306|pokekid|1272\n|player|p2|boom boon|101|1231\n|teamsize|p1|6\n|teamsize|p2|6\n|gen|9\n|tier|[Gen 9] Random Battle\n|rated|\n|rule|Species Clause: Limit one of each Pok\u00e9mon\n|rule|HP Percentage Mod: HP is shown in percentages\n|rule|Sleep Clause Mod: Limit one foe put to sleep\n|rule|Illusion Level Mod: Illusion disguises the Pok\u00e9mon's true level\n|\n|t:|1733899608\n|start\n|switch|p1a: Gumshoos|Gumshoos, L95, M|321/321\n|switch|p2a: Dewgong|Dewgong, L94, F|322/322\n|turn|1\n|inactive|Battle timer is ON: inactive players will automatically lose when time's up. (requested by boom boon)\n|inactive|Rentarou306 also wants the timer to be on.\n|\n|t:|1733899620\n|move|p2a: Dewgong|Knock Off|p1a: Gumshoos\n|-damage|p1a: Gumshoos|243/321\n|-enditem|p1a: Gumshoos|Choice Band|[from] move: Knock Off|[of] p2a: Dewgong\n|move|p1a: Gumshoos|Knock Off|p2a: Dewgong\n|-damage|p2a: Dewgong|230/322\n|-enditem|p2a: Dewgong|Assault Vest|[from] move: Knock Off|[of] p1a: Gumshoos\n|\n|upkeep\n|turn|2\n|\n|t:|1733899629\n|move|p2a: Dewgong|Flip Turn|p1a: Gumshoos\n|-damage|p1a: Gumshoos|167/321\n|\n|t:|1733899641\n|switch|p2a: Meloetta|Meloetta, L82|298/298|[from] Flip Turn\n|move|p1a: Gumshoos|U-turn|p2a: Meloetta\n|-supereffective|p2a: Meloetta\n|-damage|p2a: Meloetta|6/298\n|\n|t:|1733899652\n|switch|p1a: Flareon|Flareon, L90, M|263/263|[from] U-turn\n|\n|-status|p1a: Flareon|tox|[from] item: Toxic Orb\n|upkeep\n|turn|3\n|\n|t:|1733899661\n|move|p1a: Flareon|Quick Attack|p2a: Meloetta\n|-damage|p2a: Meloetta|0 fnt\n|faint|p2a: Meloetta\n|\n|-damage|p1a: Flareon|247/263 tox|[from] psn\n|upkeep\n|\n|t:|1733899672\n|switch|p2a: Granbull|Granbull, L88, M|302/302\n|-ability|p2a: Granbull|Intimidate|boost\n|-unboost|p1a: Flareon|atk|1\n|turn|4\n|\n|t:|1733899685\n|switch|p1a: Amoonguss|Amoonguss, L82, F|321/321\n|move|p2a: Granbull|Earthquake|p1a: Amoonguss\n|-damage|p1a: Amoonguss|200/321\n|\n|-heal|p1a: Amoonguss|220/321|[from] item: Leftovers\n|upkeep\n|turn|5\n|\n|t:|1733899697\n|move|p1a: Amoonguss|Spore|p2a: Granbull\n|-status|p2a: Granbull|slp|[from] move: Spore\n|cant|p2a: Granbull|slp\n|\n|-heal|p1a: Amoonguss|240/321|[from] item: Leftovers\n|upkeep\n|turn|6\n|\n|t:|1733899715\n|move|p1a: Amoonguss|Sludge Bomb|p2a: Granbull\n|-supereffective|p2a: Granbull\n|-damage|p2a: Granbull|114/302 slp\n|-curestatus|p2a: Granbull|slp|[msg]\n|move|p2a: Granbull|Roar|p1a: Amoonguss\n|drag|p1a: Pecharunt|Pecharunt, L77|262/262\n|\n|-heal|p2a: Granbull|132/302|[from] item: Leftovers\n|upkeep\n|turn|7\n|\n|t:|1733899731\n|move|p1a: Pecharunt|Malignant Chain|p2a: Granbull\n|-supereffective|p2a: Granbull\n|-damage|p2a: Granbull|0 fnt\n|faint|p2a: Granbull\n|\n|upkeep\n|\n|t:|1733899738\n|switch|p2a: Dewgong|Dewgong, L94, F|230/322\n|turn|8\n|\n|t:|1733899751\n|switch|p1a: Gumshoos|Gumshoos, L95, M|167/321\n|move|p2a: Dewgong|Knock Off|p1a: Gumshoos\n|-damage|p1a: Gumshoos|117/321\n|\n|upkeep\n|turn|9\n|\n|t:|1733899761\n|move|p2a: Dewgong|Flip Turn|p1a: Gumshoos\n|-damage|p1a: Gumshoos|39/321\n|\n|t:|1733899772\n|switch|p2a: Shiftry|Shiftry, L89, F|305/305|[from] Flip Turn\n|move|p1a: Gumshoos|U-turn|p2a: Shiftry\n|-supereffective|p2a: Shiftry\n|-damage|p2a: Shiftry|0 fnt\n|faint|p2a: Shiftry\n|\n|t:|1733899792\n|switch|p1a: Flareon|Flareon, L90, M|247/263 tox|[from] U-turn\n|\n|-damage|p1a: Flareon|231/263 tox|[from] psn\n|upkeep\n|\n|t:|1733899795\n|switch|p2a: Dewgong|Dewgong, L94, F|230/322\n|turn|10\n|\n|t:|1733899809\n|switch|p1a: Gumshoos|Gumshoos, L95, M|39/321\n|move|p2a: Dewgong|Hydro Pump|p1a: Gumshoos\n|-damage|p1a: Gumshoos|0 fnt\n|faint|p1a: Gumshoos\n|\n|upkeep\n|\n|t:|1733899817\n|switch|p1a: Amoonguss|Amoonguss, L82, F|321/321\n|turn|11\n|\n|t:|1733899825\n|move|p2a: Dewgong|Flip Turn|p1a: Amoonguss\n|-resisted|p1a: Amoonguss\n|-damage|p1a: Amoonguss|282/321\n|\n|t:|1733899834\n|switch|p2a: Cryogonal|Cryogonal, L89|287/287|[from] Flip Turn\n|move|p1a: Amoonguss|Spore|p2a: Cryogonal\n|-status|p2a: Cryogonal|slp|[from] move: Spore\n|\n|-heal|p1a: Amoonguss|302/321|[from] item: Leftovers\n|upkeep\n|turn|12\n|\n|t:|1733899853\n|switch|p1a: Deoxys|Deoxys, L74|196/196\n|-ability|p1a: Deoxys|Pressure\n|cant|p2a: Cryogonal|slp\n|\n|upkeep\n|turn|13\n|\n|t:|1733899864\n|switch|p2a: Dewgong|Dewgong, L94, F|230/322\n|move|p1a: Deoxys|Superpower|p2a: Dewgong\n|-supereffective|p2a: Dewgong\n|-damage|p2a: Dewgong|0 fnt\n|-unboost|p1a: Deoxys|atk|1\n|-unboost|p1a: Deoxys|def|1\n|faint|p2a: Dewgong\n|-damage|p1a: Deoxys|177/196|[from] item: Life Orb\n|\n|upkeep\n|\n|t:|1733899871\n|switch|p2a: Cryogonal|Cryogonal, L89|287/287 slp\n|turn|14\n|\n|t:|1733899879\n|-terastallize|p2a: Cryogonal|Electric\n|move|p1a: Deoxys|Superpower|p2a: Cryogonal\n|-damage|p2a: Cryogonal|173/287 slp\n|-unboost|p1a: Deoxys|atk|1\n|-unboost|p1a: Deoxys|def|1\n|-damage|p1a: Deoxys|158/196|[from] item: Life Orb\n|cant|p2a: Cryogonal|slp\n|\n|upkeep\n|turn|15\n|\n|t:|1733899897\n|move|p1a: Deoxys|Knock Off|p2a: Cryogonal\n|-damage|p2a: Cryogonal|99/287 slp\n|-enditem|p2a: Cryogonal|Heavy-Duty Boots|[from] move: Knock Off|[of] p1a: Deoxys\n|-damage|p1a: Deoxys|139/196|[from] item: Life Orb\n|-curestatus|p2a: Cryogonal|slp|[msg]\n|move|p2a: Cryogonal|Rapid Spin|p1a: Deoxys\n|-damage|p1a: Deoxys|62/196\n|-boost|p2a: Cryogonal|spe|1\n|\n|upkeep\n|turn|16\n|\n|t:|1733899908\n|move|p2a: Cryogonal|Rapid Spin|p1a: Deoxys\n|-damage|p1a: Deoxys|0 fnt\n|-boost|p2a: Cryogonal|spe|1\n|faint|p1a: Deoxys\n|\n|upkeep\n|\n|t:|1733899913\n|switch|p1a: Flareon|Flareon, L90, M|231/263 tox\n|turn|17\n|\n|t:|1733899925\n|move|p2a: Cryogonal|Recover|p2a: Cryogonal\n|-heal|p2a: Cryogonal|243/287\n|move|p1a: Flareon|Flare Blitz|p2a: Cryogonal\n|-damage|p2a: Cryogonal|0 fnt\n|faint|p2a: Cryogonal\n|-damage|p1a: Flareon|151/263 tox|[from] Recoil\n|\n|-damage|p1a: Flareon|135/263 tox|[from] psn\n|upkeep\n|\n|t:|1733899932\n|switch|p2a: Fezandipiti|Fezandipiti, L82, M|278/278\n|turn|18\n|\n|t:|1733899947\n|move|p2a: Fezandipiti|Gunk Shot|p1a: Flareon|[miss]\n|-miss|p2a: Fezandipiti|p1a: Flareon\n|move|p1a: Flareon|Flare Blitz|p2a: Fezandipiti\n|-damage|p2a: Fezandipiti|0 fnt\n|faint|p2a: Fezandipiti\n|-damage|p1a: Flareon|43/263 tox|[from] Recoil\n|\n|win|Rentarou306\n|raw|Rentarou306's rating: 1272 &rarr; <strong>1294</strong><br />(+22 for winning)\n|raw|boom boon's rating: 1231 &rarr; <strong>1209</strong><br />(-22 for losing)\n|l|\u2606boom boon\n|player|p2|\n", "inputlog": ">version bfd83cad13791eb5a5a409923076391caf6fb4d4\n>start {\"formatid\":\"gen9randombattle\",\"seed\":[58132,16446,37103,60051],\"rated\":\"Rated battle\"}\n>player p1 {\"name\":\"Rentarou306\",\"avatar\":\"pokekid\",\"rating\":1272,\"seed\":[42480,61322,6261,23074]}\n>player p2 {\"name\":\"boom boon\",\"avatar\":\"101\",\"rating\":1231,\"seed\":[41223,33797,38249,18093]}\n>p1 move knockoff\n>p2 move knockoff\n>p1 move uturn\n>p2 move flipturn\n>p2 switch 3\n>p1 switch 5\n>p1 move quickattack\n>p2 move closecombat\n>p2 switch 2\n>p1 switch 6\n>p2 move earthquake\n>p1 move spore\n>p2 move roar\n>p1 move sludgebomb\n>p2 move roar\n>p1 move malignantchain\n>p2 move earthquake\n>p2 switch 3\n>p1 switch 5\n>p2 move knockoff\n>p1 move uturn\n>p2 move flipturn\n>p2 switch 4\n>p1 switch 6\n>p2 switch 4\n>p1 switch 6\n>p2 move hydropump\n>p1 switch 4\n>p1 move spore\n>p2 move flipturn\n>p2 switch 6\n>p1 switch 2\n>p2 move icebeam\n>p1 move superpower\n>p2 switch 6\n>p2 switch 6\n>p1 move superpower\n>p2 move terablast terastallize\n>p1 move knockoff\n>p2 move rapidspin\n>p1 move psychoboost\n>p2 move rapidspin\n>p1 switch 6\n>p1 move flareblitz\n>p2 move recover\n>p2 switch 5\n>p1 move flareblitz\n>p2 move gunkshot", "uploadtime": 1733899960, "views": 26, "formatid": "gen9randombattle", "rating": 1209, "private": 0, "password": null}