{"id": "gen9randombattle-2260365435", "format": "[Gen 9] Random Battle", "players": ["w1ndmill", "johannesbestie"], "log": "|j|\u2606w1ndmill\n|j|\u2606johannesbestie\n|t:|1733844415\n|gametype|singles\n|player|p1|w1ndmill|skyla|1327\n|player|p2|johannesbestie|cynthia|1310\n|teamsize|p1|6\n|teamsize|p2|6\n|gen|9\n|tier|[Gen 9] Random Battle\n|rated|\n|rule|Species Clause: Limit one of each Pok\u00e9mon\n|rule|HP Percentage Mod: HP is shown in percentages\n|rule|Sleep Clause Mod: Limit one foe put to sleep\n|rule|Illusion Level Mod: Illusion disguises the Pok\u00e9mon's true level\n|\n|t:|1733844415\n|start\n|switch|p1a: Kyogre|Kyogre, L71|259/259\n|switch|p2a: Lugia|Lugia, L72|272/272\n|-weather|RainDance|[from] ability: Drizzle|[of] p1a: Kyogre\n|turn|1\n|inactive|Battle timer is ON: inactive players will automatically lose when time's up. (requested by w1ndmill)\n|\n|t:|1733844425\n|move|p2a: Lugia|Calm Mind|p2a: Lugia\n|-boost|p2a: Lugia|spa|1\n|-boost|p2a: Lugia|spd|1\n|move|p1a: Kyogre|Thunder|p2a: Lugia\n|-supereffective|p2a: Lugia\n|-damage|p2a: Lugia|230/272\n|\n|-weather|RainDance|[upkeep]\n|upkeep\n|turn|2\n|\n|t:|1733844435\n|switch|p1a: Gurdurr|Gurdurr, L85, F|283/283\n|move|p2a: Lugia|Calm Mind|p2a: Lugia\n|-boost|p2a: Lugia|spa|1\n|-boost|p2a: Lugia|spd|1\n|\n|-weather|RainDance|[upkeep]\n|upkeep\n|turn|3\n|\n|t:|1733844446\n|-terastallize|p1a: Gurdurr|Steel\n|move|p2a: Lugia|Aeroblast|p1a: Gurdurr\n|-resisted|p1a: Gurdurr\n|-damage|p1a: Gurdurr|211/283\n|move|p1a: Gurdurr|Knock Off|p2a: Lugia\n|-supereffective|p2a: Lugia\n|-damage|p2a: Lugia|94/272\n|-enditem|p2a: Lugia|Heavy-Duty Boots|[from] move: Knock Off|[of] p1a: Gurdurr\n|\n|-weather|RainDance|[upkeep]\n|upkeep\n|turn|4\n|\n|t:|1733844459\n|move|p2a: Lugia|Earth Power|p1a: Gurdurr\n|-supereffective|p1a: Gurdurr\n|-damage|p1a: Gurdurr|49/283\n|move|p1a: Gurdurr|Knock Off|p2a: Lugia\n|-supereffective|p2a: Lugia\n|-damage|p2a: Lugia|10/272\n|\n|-weather|RainDance|[upkeep]\n|upkeep\n|turn|5\n|\n|t:|1733844468\n|move|p1a: Gurdurr|Mach Punch|p2a: Lugia\n|-resisted|p2a: Lugia\n|-damage|p2a: Lugia|0 fnt\n|faint|p2a: Lugia\n|\n|-weather|none\n|upkeep\n|inactive|johannesbestie has 120 seconds left.\n|\n|t:|1733844503\n|switch|p2a: Glalie|Glalie, L96, M|309/309\n|turn|6\n|\n|t:|1733844508\n|move|p1a: Gurdurr|Mach Punch|p2a: Glalie\n|-supereffective|p2a: Glalie\n|-damage|p2a: Glalie|219/309\n|move|p2a: Glalie|Disable|p1a: Gurdurr\n|-start|p1a: Gurdurr|Disable|Mach Punch\n|\n|upkeep\n|turn|7\n|\n|t:|1733844522\n|move|p2a: Glalie|Earthquake|p1a: Gurdurr\n|-supereffective|p1a: Gurdurr\n|-damage|p1a: Gurdurr|0 fnt\n|faint|p1a: Gurdurr\n|\n|upkeep\n|\n|t:|1733844541\n|switch|p1a: Kyogre|Kyogre, L71|259/259\n|-weather|RainDance|[from] ability: Drizzle|[of] p1a: Kyogre\n|turn|8\n|\n|t:|1733844548\n|move|p2a: Glalie|Freeze-Dry|p1a: Kyogre\n|-supereffective|p1a: Kyogre\n|-damage|p1a: Kyogre|109/259\n|-status|p1a: Kyogre|frz\n|cant|p1a: Kyogre|frz\n|\n|-weather|RainDance|[upkeep]\n|-heal|p1a: Kyogre|125/259 frz|[from] item: Leftovers\n|upkeep\n|turn|9\n|\n|t:|1733844571\n|move|p2a: Glalie|Freeze-Dry|p1a: Kyogre\n|-supereffective|p1a: Kyogre\n|-damage|p1a: Kyogre|0 fnt\n|faint|p1a: Kyogre\n|\n|-weather|RainDance|[upkeep]\n|upkeep\n|\n|t:|1733844574\n|switch|p1a: Abomasnow|Abomasnow, L85, M|291/291\n|-weather|Snow|[from] ability: Snow Warning|[of] p1a: Abomasnow\n|turn|10\n|\n|t:|1733844588\n|move|p2a: Glalie|Freeze-Dry|p1a: Abomasnow\n|-damage|p1a: Abomasnow|201/291\n|move|p1a: Abomasnow|Aurora Veil|p1a: Abomasnow\n|-sidestart|p1: w1ndmill|move: Aurora Veil\n|\n|-weather|Snow|[upkeep]\n|upkeep\n|turn|11\n|\n|t:|1733844599\n|move|p2a: Glalie|Spikes|p1a: Abomasnow\n|-sidestart|p1: w1ndmill|Spikes\n|move|p1a: Abomasnow|Blizzard|p2a: Glalie\n|-resisted|p2a: Glalie\n|-damage|p2a: Glalie|168/309\n|\n|-weather|Snow|[upkeep]\n|upkeep\n|turn|12\n|\n|t:|1733844607\n|move|p2a: Glalie|Spikes|p1a: Abomasnow\n|-sidestart|p1: w1ndmill|Spikes\n|move|p1a: Abomasnow|Earthquake|p2a: Glalie\n|-damage|p2a: Glalie|127/309\n|\n|-weather|Snow|[upkeep]\n|upkeep\n|turn|13\n|\n|t:|1733844617\n|move|p2a: Glalie|Disable|p1a: Abomasnow\n|-start|p1a: Abomasnow|Disable|Earthquake\n|move|p1a: Abomasnow|Blizzard|p2a: Glalie\n|-resisted|p2a: Glalie\n|-damage|p2a: Glalie|68/309\n|\n|-weather|Snow|[upkeep]\n|upkeep\n|turn|14\n|\n|t:|1733844631\n|move|p2a: Glalie|Freeze-Dry|p1a: Abomasnow\n|-damage|p1a: Abomasnow|162/291\n|move|p1a: Abomasnow|Blizzard|p2a: Glalie\n|-resisted|p2a: Glalie\n|-damage|p2a: Glalie|11/309\n|\n|-weather|none\n|upkeep\n|turn|15\n|\n|t:|1733844640\n|move|p1a: Abomasnow|Ice Shard|p2a: Glalie\n|-resisted|p2a: Glalie\n|-damage|p2a: Glalie|0 fnt\n|faint|p2a: Glalie\n|\n|upkeep\n|\n|t:|1733844665\n|switch|p2a: Masquerain|Masquerain, L87, F|264/264\n|-ability|p2a: Masquerain|Intimidate|boost\n|-unboost|p1a: Abomasnow|atk|1\n|turn|16\n|\n|t:|1733844672\n|switch|p1a: Regidrago|Regidrago, L77|435/435\n|-damage|p1a: Regidrago|363/435|[from] Spikes\n|move|p2a: Masquerain|U-turn|p1a: Regidrago\n|-damage|p1a: Regidrago|318/435\n|\n|t:|1733844681\n|switch|p2a: Tatsugiri|Tatsugiri-Droopy, L87, M|260/260|[from] U-turn\n|\n|upkeep\n|turn|17\n|\n|t:|1733844689\n|move|p2a: Tatsugiri|Draco Meteor|p1a: Regidrago\n|-supereffective|p1a: Regidrago\n|-damage|p1a: Regidrago|21/435\n|-unboost|p2a: Tatsugiri|spa|2\n|move|p1a: Regidrago|Dragon Dance|p1a: Regidrago\n|-boost|p1a: Regidrago|atk|1\n|-boost|p1a: Regidrago|spe|1\n|\n|-sideend|p1: w1ndmill|move: Aurora Veil\n|upkeep\n|turn|18\n|\n|t:|1733844700\n|move|p1a: Regidrago|Dragon Claw|p2a: Tatsugiri\n|-supereffective|p2a: Tatsugiri\n|-damage|p2a: Tatsugiri|0 fnt\n|faint|p2a: Tatsugiri\n|-damage|p1a: Regidrago|0 fnt|[from] item: Life Orb\n|faint|p1a: Regidrago\n|\n|upkeep\n|\n|t:|1733844709\n|switch|p2a: Masquerain|Masquerain, L87, F|264/264\n|switch|p1a: Abomasnow|Abomasnow, L85, M|162/291\n|-ability|p2a: Masquerain|Intimidate|boost\n|-unboost|p1a: Abomasnow|atk|1\n|-damage|p1a: Abomasnow|114/291|[from] Spikes\n|-weather|Snow|[from] ability: Snow Warning|[of] p1a: Abomasnow\n|turn|19\n|\n|t:|1733844717\n|move|p2a: Masquerain|U-turn|p1a: Abomasnow\n|-supereffective|p1a: Abomasnow\n|-damage|p1a: Abomasnow|28/291\n|\n|t:|1733844721\n|switch|p2a: Sudowoodo|Sudowoodo, L94, M|284/284|[from] U-turn\n|move|p1a: Abomasnow|Aurora Veil|p1a: Abomasnow\n|-sidestart|p1: w1ndmill|move: Aurora Veil\n|\n|-weather|Snow|[upkeep]\n|upkeep\n|turn|20\n|\n|t:|1733844733\n|switch|p2a: Masquerain|Masquerain, L87, F|264/264\n|-ability|p2a: Masquerain|Intimidate|boost\n|-unboost|p1a: Abomasnow|atk|1\n|move|p1a: Abomasnow|Earthquake|p2a: Masquerain\n|-immune|p2a: Masquerain\n|\n|-weather|Snow|[upkeep]\n|upkeep\n|turn|21\n|\n|t:|1733844742\n|move|p2a: Masquerain|U-turn|p1a: Abomasnow\n|-supereffective|p1a: Abomasnow\n|-damage|p1a: Abomasnow|0 fnt\n|faint|p1a: Abomasnow\n|\n|t:|1733844752\n|switch|p2a: Sudowoodo|Sudowoodo, L94, M|284/284|[from] U-turn\n|\n|-weather|Snow|[upkeep]\n|upkeep\n|\n|t:|1733844756\n|switch|p1a: Sandslash|Sandslash, L88, F|275/275\n|-damage|p1a: Sandslash|230/275|[from] Spikes\n|turn|22\n|\n|t:|1733844766\n|-terastallize|p2a: Sudowoodo|Grass\n|move|p1a: Sandslash|Stone Edge|p2a: Sudowoodo|[miss]\n|-miss|p1a: Sandslash|p2a: Sudowoodo\n|move|p2a: Sudowoodo|Wood Hammer|p1a: Sandslash\n|-supereffective|p1a: Sandslash\n|-damage|p1a: Sandslash|34/275\n|\n|-weather|Snow|[upkeep]\n|-heal|p1a: Sandslash|51/275|[from] item: Leftovers\n|upkeep\n|turn|23\n|\n|t:|1733844777\n|move|p1a: Sandslash|Rapid Spin|p2a: Sudowoodo\n|-damage|p2a: Sudowoodo|252/284\n|-boost|p1a: Sandslash|spe|1\n|-sideend|p1: w1ndmill|Spikes|[from] move: Rapid Spin|[of] p1a: Sandslash\n|move|p2a: Sudowoodo|Wood Hammer|p1a: Sandslash\n|-supereffective|p1a: Sandslash\n|-damage|p1a: Sandslash|0 fnt\n|faint|p1a: Sandslash\n|\n|-weather|none\n|upkeep\n|\n|t:|1733844780\n|switch|p1a: Quagsire|Quagsire, L84, F|297/297\n|turn|24\n|\n|t:|1733844790\n|move|p2a: Sudowoodo|Wood Hammer|p1a: Quagsire\n|-supereffective|p1a: Quagsire\n|-damage|p1a: Quagsire|0 fnt\n|faint|p1a: Quagsire\n|\n|win|johannesbestie\n|raw|w1ndmill's rating: 1327 &rarr; <strong>1306</strong><br />(-21 for losing)\n|raw|johannesbestie's rating: 1310 &rarr; <strong>1331</strong><br />(+21 for winning)\n|l|\u2606w1ndmill\n|player|p1|\n", "inputlog": ">version bfd83cad13791eb5a5a409923076391caf6fb4d4\n>start {\"formatid\":\"gen9randombattle\",\"seed\":[35737,28471,3921,64559],\"rated\":\"Rated battle\"}\n>player p1 {\"name\":\"w1ndmill\",\"avatar\":\"skyla\",\"rating\":1327,\"seed\":[34549,62477,49409,57655]}\n>player p2 {\"name\":\"johannesbestie\",\"avatar\":\"cynthia\",\"rating\":1310,\"seed\":[1396,50638,45417,12760]}\n>p1 move thunder\n>p2 move calmmind\n>p1 switch 4\n>p2 move calmmind\n>p1 move knockoff terastallize\n>p2 move aeroblast\n>p1 move knockoff\n>p2 move earthpower\n>p1 move machpunch\n>p2 move recover\n>p2 switch 6\n>p1 move machpunch\n>p2 move disable\n>p1 move drainpunch\n>p2 move earthquake\n>p1 switch 4\n>p1 move thunder\n>p2 move freezedry\n>p1 move thunder\n>p2 move freezedry\n>p1 switch 5\n>p1 move auroraveil\n>p2 move freezedry\n>p1 move blizzard\n>p2 move spikes\n>p1 move earthquake\n>p2 move spikes\n>p1 move blizzard\n>p2 move disable\n>p1 move blizzard\n>p2 move freezedry\n>p1 move iceshard\n>p2 move freezedry\n>p2 switch 2\n>p1 switch 2\n>p2 move uturn\n>p2 switch 3\n>p1 move dragondance\n>p2 move dracometeor\n>p1 move dragonclaw\n>p2 move dracometeor\n>p1 switch 2\n>p2 switch 3\n>p1 move auroraveil\n>p2 move uturn\n>p2 switch 4\n>p1 move earthquake\n>p2 switch 4\n>p1 move blizzard\n>p2 move uturn\n>p2 switch 4\n>p1 switch 3\n>p1 move stoneedge\n>p2 move woodhammer terastallize\n>p1 move rapidspin\n>p2 move woodhammer\n>p1 switch 6\n>p1 move icebeam\n>p2 move woodhammer", "uploadtime": 1733844798, "views": 1, "formatid": "gen9randombattle", "rating": 1306, "private": 0, "password": null}