{"id": "gen9randombattle-2260569415", "format": "[Gen 9] Random Battle", "players": ["ADEMO77", "CrypticVulpix"], "log": "|j|\u2606ADEMO77\n|j|\u2606CrypticVulpix\n|t:|1733864548\n|gametype|singles\n|player|p1|ADEMO77|101|1083\n|player|p2|CrypticVulpix|2|1094\n|teamsize|p1|6\n|teamsize|p2|6\n|gen|9\n|tier|[Gen 9] Random Battle\n|rated|\n|rule|Species Clause: Limit one of each Pok\u00e9mon\n|rule|HP Percentage Mod: HP is shown in percentages\n|rule|Sleep Clause Mod: Limit one foe put to sleep\n|rule|Illusion Level Mod: Illusion disguises the Pok\u00e9mon's true level\n|\n|t:|1733864548\n|start\n|switch|p1a: Golduck|Golduck, L90, M|290/290\n|switch|p2a: Miraidon|Miraidon, L65|238/238\n|-fieldstart|move: Electric Terrain|[from] ability: Hadron Engine|[of] p2a: Miraidon\n|-ability|p1a: Golduck|Cloud Nine\n|turn|1\n|inactive|Battle timer is ON: inactive players will automatically lose when time's up. (requested by CrypticVulpix)\n|\n|t:|1733864577\n|switch|p1a: Giratina|Giratina, L75|349/349\n|-ability|p1a: Giratina|Pressure\n|move|p2a: Miraidon|Volt Switch|p1a: Giratina\n|-resisted|p1a: Giratina\n|-damage|p1a: Giratina|283/349\n|\n|t:|1733864593\n|switch|p2a: Cetitan|Cetitan, L82, M|412/412|[from] Volt Switch\n|\n|-heal|p1a: Giratina|304/349|[from] item: Leftovers\n|upkeep\n|turn|2\n|\n|t:|1733864605\n|-terastallize|p2a: Cetitan|Ice\n|move|p2a: Cetitan|Ice Shard|p1a: Giratina\n|-supereffective|p1a: Giratina\n|-damage|p1a: Giratina|184/349\n|move|p1a: Giratina|Calm Mind|p1a: Giratina\n|-boost|p1a: Giratina|spa|1\n|-boost|p1a: Giratina|spd|1\n|\n|-heal|p1a: Giratina|205/349|[from] item: Leftovers\n|upkeep\n|turn|3\n|\n|t:|1733864618\n|-terastallize|p1a: Giratina|Fairy\n|move|p1a: Giratina|Calm Mind|p1a: Giratina\n|-boost|p1a: Giratina|spa|1\n|-boost|p1a: Giratina|spd|1\n|move|p2a: Cetitan|Ice Spinner|p1a: Giratina\n|-damage|p1a: Giratina|95/349\n|-fieldend|move: Electric Terrain\n|\n|-heal|p1a: Giratina|116/349|[from] item: Leftovers\n|upkeep\n|turn|4\n|\n|t:|1733864631\n|move|p1a: Giratina|Rest|p1a: Giratina\n|-status|p1a: Giratina|slp|[from] move: Rest\n|-heal|p1a: Giratina|349/349 slp|[silent]\n|move|p2a: Cetitan|Ice Spinner|p1a: Giratina\n|-damage|p1a: Giratina|241/349 slp\n|\n|-heal|p1a: Giratina|262/349 slp|[from] item: Leftovers\n|upkeep\n|turn|5\n|\n|t:|1733864639\n|cant|p1a: Giratina|slp\n|move|p1a: Giratina|Sleep Talk|p1a: Giratina\n|move|p1a: Giratina|Calm Mind|p1a: Giratina|[from]move: Sleep Talk\n|-boost|p1a: Giratina|spa|1\n|-boost|p1a: Giratina|spd|1\n|move|p2a: Cetitan|Belly Drum|p2a: Cetitan\n|-damage|p2a: Cetitan|206/412\n|-setboost|p2a: Cetitan|atk|6|[from] move: Belly Drum\n|-enditem|p2a: Cetitan|Sitrus Berry|[eat]\n|-heal|p2a: Cetitan|309/412|[from] item: Sitrus Berry\n|\n|-heal|p1a: Giratina|283/349 slp|[from] item: Leftovers\n|upkeep\n|turn|6\n|\n|t:|1733864654\n|move|p2a: Cetitan|Ice Shard|p1a: Giratina\n|-damage|p1a: Giratina|67/349 slp\n|cant|p1a: Giratina|slp\n|move|p1a: Giratina|Sleep Talk|p1a: Giratina\n|move|p1a: Giratina|Calm Mind|p1a: Giratina|[from]move: Sleep Talk\n|-boost|p1a: Giratina|spa|1\n|-boost|p1a: Giratina|spd|1\n|\n|-heal|p1a: Giratina|88/349 slp|[from] item: Leftovers\n|upkeep\n|turn|7\n|\n|t:|1733864663\n|move|p2a: Cetitan|Ice Shard|p1a: Giratina\n|-damage|p1a: Giratina|0 fnt\n|faint|p1a: Giratina\n|\n|upkeep\n|\n|t:|1733864673\n|switch|p1a: Gouging Fire|Gouging Fire, L74|277/277\n|turn|8\n|c|\u2606CrypticVulpix|gtg can we quick game\n|\n|t:|1733864687\n|move|p2a: Cetitan|Ice Shard|p1a: Gouging Fire\n|-damage|p1a: Gouging Fire|51/277\n|move|p1a: Gouging Fire|Heat Crash|p2a: Cetitan\n|-supereffective|p2a: Cetitan\n|-damage|p2a: Cetitan|261/412\n|\n|upkeep\n|turn|9\n|\n|t:|1733864702\n|move|p2a: Cetitan|Ice Shard|p1a: Gouging Fire\n|-damage|p1a: Gouging Fire|0 fnt\n|faint|p1a: Gouging Fire\n|-end|p1a: Gouging Fire|Protosynthesis|[silent]\n|\n|upkeep\n|\n|t:|1733864711\n|switch|p1a: Iron Treads|Iron Treads, L77|265/265\n|turn|10\n|\n|t:|1733864729\n|move|p1a: Iron Treads|Iron Head|p2a: Cetitan\n|-supereffective|p2a: Cetitan\n|-damage|p2a: Cetitan|43/412\n|move|p2a: Cetitan|Ice Spinner|p1a: Iron Treads\n|-damage|p1a: Iron Treads|0 fnt\n|faint|p1a: Iron Treads\n|-end|p1a: Iron Treads|Quark Drive|[silent]\n|\n|upkeep\n|\n|t:|1733864737\n|switch|p1a: Heatran|Heatran, L79, F|273/273\n|-item|p1a: Heatran|Air Balloon\n|turn|11\n|\n|t:|1733864757\n|move|p1a: Heatran|Earth Power|p2a: Cetitan\n|-damage|p2a: Cetitan|0 fnt\n|faint|p2a: Cetitan\n|\n|upkeep\n|\n|t:|1733864766\n|switch|p2a: Electivire|Electivire, L84, M|263/263\n|turn|12\n|\n|t:|1733864774\n|move|p2a: Electivire|Supercell Slam|p1a: Heatran\n|-damage|p1a: Heatran|120/273\n|-enditem|p1a: Heatran|Air Balloon\n|-damage|p2a: Electivire|237/263|[from] item: Life Orb\n|move|p1a: Heatran|Earth Power|p2a: Electivire\n|-supereffective|p2a: Electivire\n|-damage|p2a: Electivire|93/263\n|\n|upkeep\n|turn|13\n|\n|t:|1733864786\n|move|p2a: Electivire|Supercell Slam|p1a: Heatran\n|-damage|p1a: Heatran|0 fnt\n|faint|p1a: Heatran\n|-damage|p2a: Electivire|67/263|[from] item: Life Orb\n|\n|upkeep\n|\n|t:|1733864792\n|switch|p1a: Houndstone|Houndstone, L86, F|264/264\n|turn|14\n|\n|t:|1733864807\n|move|p1a: Houndstone|Shadow Sneak|p2a: Electivire\n|-damage|p2a: Electivire|15/263\n|move|p2a: Electivire|Supercell Slam|p1a: Houndstone\n|-damage|p1a: Houndstone|189/264\n|-damage|p2a: Electivire|0 fnt|[from] item: Life Orb\n|faint|p2a: Electivire\n|\n|upkeep\n|\n|t:|1733864815\n|switch|p2a: Miraidon|Miraidon, L65|238/238\n|-fieldstart|move: Electric Terrain|[from] ability: Hadron Engine|[of] p2a: Miraidon\n|turn|15\n|\n|t:|1733864822\n|move|p2a: Miraidon|Electro Drift|p1a: Houndstone\n|-damage|p1a: Houndstone|127/264\n|move|p1a: Houndstone|Play Rough|p2a: Miraidon\n|-supereffective|p2a: Miraidon\n|-damage|p2a: Miraidon|76/238\n|\n|upkeep\n|turn|16\n|\n|t:|1733864829\n|move|p2a: Miraidon|Electro Drift|p1a: Houndstone\n|-damage|p1a: Houndstone|56/264\n|move|p1a: Houndstone|Play Rough|p2a: Miraidon\n|-supereffective|p2a: Miraidon\n|-damage|p2a: Miraidon|0 fnt\n|faint|p2a: Miraidon\n|\n|upkeep\n|\n|t:|1733864834\n|switch|p2a: Vivillon|Vivillon-Ocean, L84, F|272/272\n|turn|17\n|\n|t:|1733864845\n|move|p1a: Houndstone|Shadow Sneak|p2a: Vivillon\n|-damage|p2a: Vivillon|206/272\n|move|p2a: Vivillon|Sleep Powder|p1a: Houndstone\n|-activate|p1a: Houndstone|move: Electric Terrain\n|\n|upkeep\n|turn|18\n|\n|t:|1733864857\n|move|p2a: Vivillon|Quiver Dance|p2a: Vivillon\n|-boost|p2a: Vivillon|spa|1\n|-boost|p2a: Vivillon|spd|1\n|-boost|p2a: Vivillon|spe|1\n|move|p1a: Houndstone|Poltergeist|p2a: Vivillon\n|-activate|p2a: Vivillon|move: Poltergeist|Heavy-Duty Boots\n|-damage|p2a: Vivillon|32/272\n|\n|upkeep\n|turn|19\n|\n|t:|1733864867\n|move|p1a: Houndstone|Shadow Sneak|p2a: Vivillon\n|-damage|p2a: Vivillon|0 fnt\n|faint|p2a: Vivillon\n|\n|-fieldend|move: Electric Terrain\n|upkeep\n|\n|t:|1733864870\n|switch|p2a: Tropius|Tropius, L91, F|328/328\n|turn|20\n|\n|t:|1733864878\n|move|p1a: Houndstone|Poltergeist|p2a: Tropius\n|-activate|p2a: Tropius|move: Poltergeist|Sitrus Berry\n|-damage|p2a: Tropius|202/328\n|move|p2a: Tropius|Air Slash|p1a: Houndstone\n|-damage|p1a: Houndstone|8/264\n|\n|upkeep\n|turn|21\n|\n|t:|1733864885\n|move|p1a: Houndstone|Poltergeist|p2a: Tropius\n|-activate|p2a: Tropius|move: Poltergeist|Sitrus Berry\n|-damage|p2a: Tropius|73/328\n|-enditem|p2a: Tropius|Sitrus Berry|[eat]\n|-heal|p2a: Tropius|155/328|[from] item: Sitrus Berry\n|move|p2a: Tropius|Air Slash|p1a: Houndstone\n|-damage|p1a: Houndstone|0 fnt\n|faint|p1a: Houndstone\n|\n|-item|p2a: Tropius|Sitrus Berry|[from] ability: Harvest\n|upkeep\n|-enditem|p2a: Tropius|Sitrus Berry|[eat]\n|-heal|p2a: Tropius|237/328|[from] item: Sitrus Berry\n|\n|t:|1733864897\n|switch|p1a: Golduck|Golduck, L90, M|290/290\n|-ability|p1a: Golduck|Cloud Nine\n|turn|22\n|\n|t:|1733864904\n|move|p1a: Golduck|Ice Beam|p2a: Tropius\n|-supereffective|p2a: Tropius\n|-damage|p2a: Tropius|0 fnt\n|faint|p2a: Tropius\n|-damage|p1a: Golduck|261/290|[from] item: Life Orb\n|\n|upkeep\n|c|\u2606CrypticVulpix|gg\n|\n|t:|1733864910\n|switch|p2a: Dachsbun|Dachsbun, L92, M|254/254\n|turn|23\n|\n|t:|1733864921\n|move|p2a: Dachsbun|Play Rough|p1a: Golduck\n|-damage|p1a: Golduck|165/290\n|move|p1a: Golduck|Hydro Pump|p2a: Dachsbun|[miss]\n|-miss|p1a: Golduck|p2a: Dachsbun\n|\n|upkeep\n|turn|24\n|\n|t:|1733864935\n|move|p2a: Dachsbun|Play Rough|p1a: Golduck|[miss]\n|-miss|p2a: Dachsbun|p1a: Golduck\n|move|p1a: Golduck|Hydro Pump|p2a: Dachsbun|[miss]\n|-miss|p1a: Golduck|p2a: Dachsbun\n|\n|upkeep\n|turn|25\n|\n|t:|1733864941\n|move|p2a: Dachsbun|Play Rough|p1a: Golduck\n|-damage|p1a: Golduck|60/290\n|move|p1a: Golduck|Hydro Pump|p2a: Dachsbun|[miss]\n|-miss|p1a: Golduck|p2a: Dachsbun\n|\n|upkeep\n|turn|26\n|\n|t:|1733864952\n|move|p2a: Dachsbun|Play Rough|p1a: Golduck\n|-damage|p1a: Golduck|0 fnt\n|faint|p1a: Golduck\n|\n|win|CrypticVulpix\n|raw|ADEMO77's rating: 1083 &rarr; <strong>1061</strong><br />(-22 for losing)\n|raw|CrypticVulpix's rating: 1094 &rarr; <strong>1119</strong><br />(+25 for winning)\n|l|\u2606ADEMO77\n|player|p1|\n", "inputlog": ">version bfd83cad13791eb5a5a409923076391caf6fb4d4\n>start {\"formatid\":\"gen9randombattle\",\"seed\":[3385,64448,12258,64974],\"rated\":\"Rated battle\"}\n>player p1 {\"name\":\"ADEMO77\",\"avatar\":\"101\",\"rating\":1083,\"seed\":[31743,4666,55897,45361]}\n>player p2 {\"name\":\"CrypticVulpix\",\"avatar\":\"2\",\"rating\":1094,\"seed\":[20967,2662,56009,1457]}\n>p1 switch 6\n>p2 move voltswitch\n>p2 switch 4\n>p1 move calmmind\n>p2 move iceshard terastallize\n>p1 move calmmind terastallize\n>p2 move icespinner\n>p1 move rest\n>p2 move icespinner\n>p1 move sleeptalk\n>p2 move bellydrum\n>p1 move sleeptalk\n>p2 move iceshard\n>p1 move rest\n>p2 move iceshard\n>p1 switch 5\n>chat \u2606CrypticVulpix|gtg can we quick game\n>p1 move heatcrash\n>p2 move iceshard\n>p1 move morningsun\n>p2 move iceshard\n>p1 switch 4\n>p1 move ironhead\n>p2 move icespinner\n>p1 switch 3\n>p1 move earthpower\n>p2 move icespinner\n>p2 switch 5\n>p1 move earthpower\n>p2 move supercellslam\n>p1 move magmastorm\n>p2 move supercellslam\n>p1 switch 2\n>p1 move shadowsneak\n>p2 move supercellslam\n>p2 switch 4\n>p1 move playrough\n>p2 move electrodrift\n>p1 move playrough\n>p2 move electrodrift\n>p2 switch 2\n>p1 move shadowsneak\n>p2 move sleeppowder\n>p1 move poltergeist\n>p2 move quiverdance\n>p1 move shadowsneak\n>p2 move hurricane\n>p2 switch 3\n>p1 move poltergeist\n>p2 move airslash\n>p1 move poltergeist\n>p2 move airslash\n>p1 switch 6\n>p1 move icebeam\n>p2 move leechseed\n>chat \u2606CrypticVulpix|gg \n>p2 switch 6\n>p1 move hydropump\n>p2 move playrough\n>p1 move hydropump\n>p2 move playrough\n>p1 move hydropump\n>p2 move playrough\n>p1 move hydropump\n>p2 move playrough", "uploadtime": 1733864961, "views": 1, "formatid": "gen9randombattle", "rating": 1061, "private": 0, "password": null}