{"id": "gen9randombattle-2259905514", "format": "[Gen 9] Random Battle", "players": ["Mfjf", "Wralagath"], "log": "|j|\u2606Mfjf\n|j|\u2606Wralagath\n|t:|1733778506\n|gametype|singles\n|player|p1|Mfjf|2|\n|player|p2|Wralagath|colress|\n|teamsize|p1|6\n|teamsize|p2|6\n|gen|9\n|tier|[Gen 9] Random Battle\n|rule|Species Clause: Limit one of each Pok\u00e9mon\n|rule|HP Percentage Mod: HP is shown in percentages\n|rule|Sleep Clause Mod: Limit one foe put to sleep\n|rule|Illusion Level Mod: Illusion disguises the Pok\u00e9mon's true level\n|\n|t:|1733778506\n|start\n|switch|p1a: Chimecho|Chimecho, L93, M|290/290\n|switch|p2a: Electivire|Electivire, L84, M|263/263\n|turn|1\n|c|\u2606Wralagath|Well, well, well\n|c|\u2606Mfjf|Nuts\n|c|\u2606Wralagath|Look whos come back again\n|c|\u2606Mfjf|Good luck, buddy\n|inactive|Battle timer is ON: inactive players will automatically lose when time's up. (requested by Mfjf)\n|c|\u2606Wralagath|Good Luck, bucko\n|\n|t:|1733778539\n|move|p2a: Electivire|Knock Off|p1a: Chimecho\n|-supereffective|p1a: Chimecho\n|-damage|p1a: Chimecho|64/290\n|-enditem|p1a: Chimecho|Leftovers|[from] move: Knock Off|[of] p2a: Electivire\n|-damage|p2a: Electivire|237/263|[from] item: Life Orb\n|move|p1a: Chimecho|Calm Mind|p1a: Chimecho\n|-boost|p1a: Chimecho|spa|1\n|-boost|p1a: Chimecho|spd|1\n|\n|upkeep\n|turn|2\n|\n|t:|1733778546\n|move|p2a: Electivire|Knock Off|p1a: Chimecho\n|-supereffective|p1a: Chimecho\n|-damage|p1a: Chimecho|0 fnt\n|faint|p1a: Chimecho\n|-damage|p2a: Electivire|211/263|[from] item: Life Orb\n|\n|upkeep\n|\n|t:|1733778550\n|switch|p1a: Kingdra|Kingdra, L84, M|263/263\n|turn|3\n|\n|t:|1733778564\n|move|p2a: Electivire|Supercell Slam|p1a: Kingdra\n|-damage|p1a: Kingdra|117/263\n|-damage|p2a: Electivire|185/263|[from] item: Life Orb\n|move|p1a: Kingdra|Rain Dance|p1a: Kingdra\n|-weather|RainDance\n|\n|-weather|RainDance|[upkeep]\n|upkeep\n|turn|4\n|c|\u2606Mfjf|You heard let it snow\n|c|\u2606Mfjf|now, let it rain\n|c|\u2606Wralagath|Ruh roh raggy\n|\n|t:|1733778593\n|switch|p2a: Toedscruel|Toedscruel, L87, M|281/281\n|move|p1a: Kingdra|Wave Crash|p2a: Toedscruel\n|-damage|p2a: Toedscruel|0 fnt\n|faint|p2a: Toedscruel\n|-damage|p1a: Kingdra|24/263|[from] Recoil\n|-damage|p1a: Kingdra|0 fnt|[from] item: Life Orb\n|faint|p1a: Kingdra\n|\n|-weather|RainDance|[upkeep]\n|upkeep\n|c|\u2606Wralagath|That just happened\n|c|\u2606Mfjf|Yup\n|\n|t:|1733778612\n|switch|p2a: Noctowl|Noctowl, L95, M|344/344\n|switch|p1a: Munkidori|Munkidori, L79, M|269/269\n|turn|5\n|\n|t:|1733778619\n|move|p1a: Munkidori|Nasty Plot|p1a: Munkidori\n|-boost|p1a: Munkidori|spa|2\n|move|p2a: Noctowl|Hurricane|p1a: Munkidori\n|-damage|p1a: Munkidori|133/269\n|-start|p1a: Munkidori|confusion\n|\n|-weather|RainDance|[upkeep]\n|upkeep\n|turn|6\n|\n|t:|1733778623\n|-activate|p1a: Munkidori|confusion\n|move|p1a: Munkidori|Psyshock|p2a: Noctowl\n|-damage|p2a: Noctowl|24/344\n|-damage|p1a: Munkidori|107/269|[from] item: Life Orb\n|move|p2a: Noctowl|Hurricane|p1a: Munkidori\n|-damage|p1a: Munkidori|0 fnt\n|faint|p1a: Munkidori\n|\n|-weather|RainDance|[upkeep]\n|upkeep\n|\n|t:|1733778626\n|switch|p1a: Baxcalibur|Baxcalibur, L75, M|296/296\n|turn|7\n|c|\u2606Wralagath|LETS GO\n|c|\u2606Mfjf|Beo\n|\n|t:|1733778634\n|move|p2a: Noctowl|Hurricane|p1a: Baxcalibur\n|-damage|p1a: Baxcalibur|136/296\n|move|p1a: Baxcalibur|Dragon Dance|p1a: Baxcalibur\n|-boost|p1a: Baxcalibur|atk|1\n|-boost|p1a: Baxcalibur|spe|1\n|\n|-weather|none\n|upkeep\n|turn|8\n|\n|t:|1733778638\n|move|p1a: Baxcalibur|Icicle Crash|p2a: Noctowl\n|-supereffective|p2a: Noctowl\n|-damage|p2a: Noctowl|0 fnt\n|faint|p2a: Noctowl\n|\n|upkeep\n|c|\u2606Wralagath|Aw dang it\n|\n|t:|1733778650\n|switch|p2a: Dachsbun|Dachsbun, L92, F|254/254\n|turn|9\n|c|\u2606Mfjf|Well, I hope this works out\n|c|\u2606Wralagath|Ruff\n|\n|t:|1733778660\n|move|p2a: Dachsbun|Protect|p2a: Dachsbun\n|-singleturn|p2a: Dachsbun|Protect\n|move|p1a: Baxcalibur|Icicle Crash|p2a: Dachsbun\n|-activate|p2a: Dachsbun|move: Protect\n|\n|upkeep\n|turn|10\n|\n|t:|1733778667\n|move|p1a: Baxcalibur|Icicle Crash|p2a: Dachsbun\n|-damage|p2a: Dachsbun|137/254\n|move|p2a: Dachsbun|Body Press|p1a: Baxcalibur\n|-supereffective|p1a: Baxcalibur\n|-damage|p1a: Baxcalibur|0 fnt\n|faint|p1a: Baxcalibur\n|\n|-heal|p2a: Dachsbun|152/254|[from] item: Leftovers\n|upkeep\n|\n|t:|1733778675\n|switch|p1a: Emboar|Emboar, L84, M|322/322\n|turn|11\n|\n|t:|1733778678\n|move|p2a: Dachsbun|Protect|p2a: Dachsbun\n|-singleturn|p2a: Dachsbun|Protect\n|move|p1a: Emboar|Trailblaze|p2a: Dachsbun\n|-activate|p2a: Dachsbun|move: Protect\n|\n|-heal|p2a: Dachsbun|167/254|[from] item: Leftovers\n|upkeep\n|turn|12\n|\n|t:|1733778681\n|move|p2a: Dachsbun|Wish|p2a: Dachsbun\n|move|p1a: Emboar|Bulk Up|p1a: Emboar\n|-boost|p1a: Emboar|atk|1\n|-boost|p1a: Emboar|def|1\n|\n|-heal|p2a: Dachsbun|182/254|[from] item: Leftovers\n|upkeep\n|turn|13\n|\n|t:|1733778686\n|move|p2a: Dachsbun|Play Rough|p1a: Emboar\n|-damage|p1a: Emboar|241/322\n|move|p1a: Emboar|Bulk Up|p1a: Emboar\n|-boost|p1a: Emboar|atk|1\n|-boost|p1a: Emboar|def|1\n|\n|-heal|p2a: Dachsbun|254/254|[from] move: Wish|[wisher] Dachsbun\n|-heal|p1a: Emboar|261/322|[from] item: Leftovers\n|upkeep\n|turn|14\n|\n|t:|1733778694\n|move|p2a: Dachsbun|Play Rough|p1a: Emboar|[miss]\n|-miss|p2a: Dachsbun|p1a: Emboar\n|move|p1a: Emboar|Bulk Up|p1a: Emboar\n|-boost|p1a: Emboar|atk|1\n|-boost|p1a: Emboar|def|1\n|\n|-heal|p1a: Emboar|281/322|[from] item: Leftovers\n|upkeep\n|turn|15\n|c|\u2606Wralagath|This is a problem\n|\n|t:|1733778707\n|move|p2a: Dachsbun|Protect|p2a: Dachsbun\n|-singleturn|p2a: Dachsbun|Protect\n|move|p1a: Emboar|Trailblaze|p2a: Dachsbun\n|-activate|p2a: Dachsbun|move: Protect\n|\n|-heal|p1a: Emboar|301/322|[from] item: Leftovers\n|upkeep\n|turn|16\n|\n|t:|1733778716\n|move|p2a: Dachsbun|Wish|p2a: Dachsbun\n|move|p1a: Emboar|Trailblaze|p2a: Dachsbun\n|-damage|p2a: Dachsbun|177/254\n|-boost|p1a: Emboar|spe|1\n|\n|-heal|p1a: Emboar|321/322|[from] item: Leftovers\n|-heal|p2a: Dachsbun|192/254|[from] item: Leftovers\n|upkeep\n|turn|17\n|\n|t:|1733778722\n|move|p1a: Emboar|Bulk Up|p1a: Emboar\n|-boost|p1a: Emboar|atk|1\n|-boost|p1a: Emboar|def|1\n|move|p2a: Dachsbun|Play Rough|p1a: Emboar\n|-damage|p1a: Emboar|276/322\n|\n|-heal|p2a: Dachsbun|254/254|[from] move: Wish|[wisher] Dachsbun\n|-heal|p1a: Emboar|296/322|[from] item: Leftovers\n|upkeep\n|turn|18\n|\n|t:|1733778733\n|switch|p2a: Electivire|Electivire, L84, M|185/263\n|move|p1a: Emboar|Trailblaze|p2a: Electivire\n|-damage|p2a: Electivire|43/263\n|-boost|p1a: Emboar|spe|1\n|\n|-heal|p1a: Emboar|316/322|[from] item: Leftovers\n|upkeep\n|turn|19\n|\n|t:|1733778737\n|move|p1a: Emboar|Trailblaze|p2a: Electivire\n|-damage|p2a: Electivire|0 fnt\n|-boost|p1a: Emboar|spe|1\n|faint|p2a: Electivire\n|\n|-heal|p1a: Emboar|322/322|[from] item: Leftovers\n|upkeep\n|\n|t:|1733778740\n|switch|p2a: Baxcalibur|Baxcalibur, L75, M|296/296\n|turn|20\n|\n|t:|1733778745\n|move|p1a: Emboar|Drain Punch|p2a: Baxcalibur\n|-supereffective|p2a: Baxcalibur\n|-damage|p2a: Baxcalibur|0 fnt\n|faint|p2a: Baxcalibur\n|\n|upkeep\n|\n|t:|1733778748\n|switch|p2a: Dachsbun|Dachsbun, L92, F|254/254\n|turn|21\n|\n|t:|1733778755\n|move|p1a: Emboar|Trailblaze|p2a: Dachsbun\n|-crit|p2a: Dachsbun\n|-damage|p2a: Dachsbun|110/254\n|-boost|p1a: Emboar|spe|1\n|move|p2a: Dachsbun|Play Rough|p1a: Emboar\n|-damage|p1a: Emboar|283/322\n|\n|-heal|p1a: Emboar|303/322|[from] item: Leftovers\n|-heal|p2a: Dachsbun|125/254|[from] item: Leftovers\n|upkeep\n|turn|22\n|\n|t:|1733778758\n|move|p1a: Emboar|Trailblaze|p2a: Dachsbun\n|-damage|p2a: Dachsbun|36/254\n|-boost|p1a: Emboar|spe|1\n|move|p2a: Dachsbun|Wish|p2a: Dachsbun\n|\n|-heal|p1a: Emboar|322/322|[from] item: Leftovers\n|-heal|p2a: Dachsbun|51/254|[from] item: Leftovers\n|upkeep\n|turn|23\n|\n|t:|1733778761\n|move|p2a: Dachsbun|Protect|p2a: Dachsbun\n|-singleturn|p2a: Dachsbun|Protect\n|move|p1a: Emboar|Trailblaze|p2a: Dachsbun\n|-activate|p2a: Dachsbun|move: Protect\n|\n|-heal|p2a: Dachsbun|178/254|[from] move: Wish|[wisher] Dachsbun\n|-heal|p2a: Dachsbun|193/254|[from] item: Leftovers\n|upkeep\n|turn|24\n|\n|t:|1733778769\n|move|p1a: Emboar|Trailblaze|p2a: Dachsbun\n|-damage|p2a: Dachsbun|92/254\n|-boost|p1a: Emboar|spe|1\n|move|p2a: Dachsbun|Wish|p2a: Dachsbun\n|\n|-heal|p2a: Dachsbun|107/254|[from] item: Leftovers\n|upkeep\n|turn|25\n|\n|t:|1733778771\n|move|p2a: Dachsbun|Protect|p2a: Dachsbun\n|-singleturn|p2a: Dachsbun|Protect\n|move|p1a: Emboar|Trailblaze|p2a: Dachsbun\n|-activate|p2a: Dachsbun|move: Protect\n|\n|-heal|p2a: Dachsbun|234/254|[from] move: Wish|[wisher] Dachsbun\n|-heal|p2a: Dachsbun|249/254|[from] item: Leftovers\n|upkeep\n|turn|26\n|c|\u2606Wralagath|You're not that guy, pal\n|\n|t:|1733778799\n|move|p1a: Emboar|Trailblaze|p2a: Dachsbun\n|-damage|p2a: Dachsbun|157/254\n|move|p2a: Dachsbun|Wish|p2a: Dachsbun\n|\n|-heal|p2a: Dachsbun|172/254|[from] item: Leftovers\n|upkeep\n|turn|27\n|\n|t:|1733778807\n|move|p2a: Dachsbun|Protect|p2a: Dachsbun\n|-singleturn|p2a: Dachsbun|Protect\n|move|p1a: Emboar|Bulk Up|p1a: Emboar\n|-boost|p1a: Emboar|atk|1\n|-boost|p1a: Emboar|def|1\n|\n|-heal|p2a: Dachsbun|254/254|[from] move: Wish|[wisher] Dachsbun\n|upkeep\n|turn|28\n|\n|t:|1733778814\n|move|p1a: Emboar|Trailblaze|p2a: Dachsbun\n|-damage|p2a: Dachsbun|150/254\n|move|p2a: Dachsbun|Play Rough|p1a: Emboar\n|-damage|p1a: Emboar|288/322\n|\n|-heal|p1a: Emboar|308/322|[from] item: Leftovers\n|-heal|p2a: Dachsbun|165/254|[from] item: Leftovers\n|upkeep\n|turn|29\n|\n|t:|1733778817\n|move|p1a: Emboar|Trailblaze|p2a: Dachsbun\n|-damage|p2a: Dachsbun|63/254\n|move|p2a: Dachsbun|Wish|p2a: Dachsbun\n|\n|-heal|p1a: Emboar|322/322|[from] item: Leftovers\n|-heal|p2a: Dachsbun|78/254|[from] item: Leftovers\n|upkeep\n|turn|30\n|\n|t:|1733778822\n|move|p2a: Dachsbun|Protect|p2a: Dachsbun\n|-singleturn|p2a: Dachsbun|Protect\n|move|p1a: Emboar|Bulk Up|p1a: Emboar\n|-boost|p1a: Emboar|atk|1\n|-boost|p1a: Emboar|def|1\n|\n|-heal|p2a: Dachsbun|205/254|[from] move: Wish|[wisher] Dachsbun\n|-heal|p2a: Dachsbun|220/254|[from] item: Leftovers\n|upkeep\n|turn|31\n|\n|t:|1733778825\n|move|p1a: Emboar|Flare Blitz|p2a: Dachsbun\n|-ability|p2a: Dachsbun|Well-Baked Body|boost\n|-boost|p2a: Dachsbun|def|2\n|move|p2a: Dachsbun|Wish|p2a: Dachsbun\n|\n|-heal|p2a: Dachsbun|235/254|[from] item: Leftovers\n|upkeep\n|turn|32\n|c|\u2606Wralagath|YOU BUFFOON\n|c|\u2606Mfjf|Knew it\n|c|\u2606Mfjf|I knew it\n|c|\u2606Wralagath|Seriously, what other ability would I be running\n|c|\u2606Mfjf|but I had to test it\n|c|\u2606Mfjf|idk\n|inactive|Wralagath has 270 seconds left.\n|c|\u2606Wralagath|!dt dachsbun\n|raw|<div class=\"message\"><ul class=\"utilichart\"><li class=\"result\"><span class=\"col numcol\">ZU</span> <span class=\"col iconcol\"><psicon pokemon=\"dachsbun\"/></span> <span class=\"col pokemonnamecol\" style=\"white-space:nowrap\"><a href=\"https://dex.pokemonshowdown.com/pokemon/dachsbun\" target=\"_blank\">Dachsbun</a></span> <span class=\"col typecol\"><img src=\"https://play.pokemonshowdown.com/sprites/types/Fairy.png\" alt=\"Fairy\" height=\"14\" width=\"32\"></span> <span style=\"float:left;min-height:26px\"><span class=\"col abilitycol\">Well-Baked Body</span><span class=\"col abilitycol\"><em>Aroma Veil</em></span></span><span style=\"float:left;min-height:26px\"><span class=\"col statcol\"><em>HP</em><br />57</span> <span class=\"col statcol\"><em>Atk</em><br />80</span> <span class=\"col statcol\"><em>Def</em><br />115</span> <span class=\"col statcol\"><em>SpA</em><br />50</span> <span class=\"col statcol\"><em>SpD</em><br />80</span> <span class=\"col statcol\"><em>Spe</em><br />95</span> <span class=\"col bstcol\"><em>BST<br />477</em></span> </span></li><li style=\"clear:both\"></li></ul></div>\n|raw|<font size=\"1\"><font color=\"#686868\">Dex#:</font> 927&nbsp;|&ThickSpace;<font color=\"#686868\">Gen:</font> 9&nbsp;|&ThickSpace;<font color=\"#686868\">Height:</font> 0.5 m&nbsp;|&ThickSpace;<font color=\"#686868\">Weight:</font> 14.9 kg <em>(40 BP)</em>&nbsp;|&ThickSpace;<font color=\"#686868\">Dex Colour:</font> Brown&nbsp;|&ThickSpace;<font color=\"#686868\">Egg Group(s):</font> Field, Mineral&nbsp;|&ThickSpace;<font color=\"#686868\">Pre-Evolution:</font> Fidough&nbsp;|&ThickSpace;<font color=\"#686868\">Does Not Evolve</font></font>\n\n|c|\u2606Wralagath|No one runs Aroma Veil\n|c|\u2606Mfjf|True\n|\n|t:|1733778872\n|move|p1a: Emboar|Trailblaze|p2a: Dachsbun\n|-crit|p2a: Dachsbun\n|-damage|p2a: Dachsbun|43/254\n|move|p2a: Dachsbun|Wish||[still]\n|-fail|p2a: Dachsbun\n|\n|-heal|p2a: Dachsbun|170/254|[from] move: Wish|[wisher] Dachsbun\n|-heal|p2a: Dachsbun|185/254|[from] item: Leftovers\n|upkeep\n|turn|33\n|c|\u2606Mfjf|im Done for\n|\n|t:|1733778879\n|move|p2a: Dachsbun|Protect|p2a: Dachsbun\n|-singleturn|p2a: Dachsbun|Protect\n|move|p1a: Emboar|Trailblaze|p2a: Dachsbun\n|-activate|p2a: Dachsbun|move: Protect\n|\n|-heal|p2a: Dachsbun|200/254|[from] item: Leftovers\n|upkeep\n|turn|34\n|c|\u2606Wralagath|Maybe\n|c|\u2606Wralagath|Maybe\n|\n|t:|1733778889\n|move|p1a: Emboar|Trailblaze|p2a: Dachsbun\n|-damage|p2a: Dachsbun|136/254\n|move|p2a: Dachsbun|Wish|p2a: Dachsbun\n|\n|-heal|p2a: Dachsbun|151/254|[from] item: Leftovers\n|upkeep\n|turn|35\n|\n|t:|1733778893\n|move|p2a: Dachsbun|Protect|p2a: Dachsbun\n|-singleturn|p2a: Dachsbun|Protect\n|move|p1a: Emboar|Trailblaze|p2a: Dachsbun\n|-activate|p2a: Dachsbun|move: Protect\n|\n|-heal|p2a: Dachsbun|254/254|[from] move: Wish|[wisher] Dachsbun\n|upkeep\n|turn|36\n|inactive|Wralagath has 270 seconds left.\n|\n|t:|1733778912\n|move|p1a: Emboar|Drain Punch|p2a: Dachsbun\n|-resisted|p2a: Dachsbun\n|-damage|p2a: Dachsbun|182/254\n|move|p2a: Dachsbun|Body Press|p1a: Emboar\n|-damage|p1a: Emboar|277/322\n|\n|-heal|p1a: Emboar|297/322|[from] item: Leftovers\n|-heal|p2a: Dachsbun|197/254|[from] item: Leftovers\n|upkeep\n|turn|37\n|\n|t:|1733778918\n|move|p1a: Emboar|Trailblaze|p2a: Dachsbun\n|-damage|p2a: Dachsbun|128/254\n|move|p2a: Dachsbun|Body Press|p1a: Emboar\n|-damage|p1a: Emboar|252/322\n|\n|-heal|p1a: Emboar|272/322|[from] item: Leftovers\n|-heal|p2a: Dachsbun|143/254|[from] item: Leftovers\n|upkeep\n|turn|38\n|\n|t:|1733778931\n|move|p1a: Emboar|Trailblaze|p2a: Dachsbun\n|-damage|p2a: Dachsbun|74/254\n|move|p2a: Dachsbun|Wish|p2a: Dachsbun\n|\n|-heal|p1a: Emboar|292/322|[from] item: Leftovers\n|-heal|p2a: Dachsbun|89/254|[from] item: Leftovers\n|upkeep\n|turn|39\n|inactive|Wralagath has 270 seconds left.\n|\n|t:|1733778957\n|move|p2a: Dachsbun|Protect|p2a: Dachsbun\n|-singleturn|p2a: Dachsbun|Protect\n|move|p1a: Emboar|Trailblaze|p2a: Dachsbun\n|-activate|p2a: Dachsbun|move: Protect\n|\n|-heal|p2a: Dachsbun|216/254|[from] move: Wish|[wisher] Dachsbun\n|-heal|p1a: Emboar|312/322|[from] item: Leftovers\n|-heal|p2a: Dachsbun|231/254|[from] item: Leftovers\n|upkeep\n|turn|40\n|\n|t:|1733778965\n|-terastallize|p1a: Emboar|Fighting\n|move|p1a: Emboar|Drain Punch|p2a: Dachsbun\n|-resisted|p2a: Dachsbun\n|-damage|p2a: Dachsbun|137/254\n|-heal|p1a: Emboar|322/322|[from] drain|[of] p2a: Dachsbun\n|move|p2a: Dachsbun|Body Press|p1a: Emboar\n|-damage|p1a: Emboar|272/322\n|\n|-heal|p1a: Emboar|292/322|[from] item: Leftovers\n|-heal|p2a: Dachsbun|152/254|[from] item: Leftovers\n|upkeep\n|turn|41\n|\n|t:|1733778969\n|move|p1a: Emboar|Trailblaze|p2a: Dachsbun\n|-damage|p2a: Dachsbun|92/254\n|move|p2a: Dachsbun|Wish|p2a: Dachsbun\n|\n|-heal|p1a: Emboar|312/322|[from] item: Leftovers\n|-heal|p2a: Dachsbun|107/254|[from] item: Leftovers\n|upkeep\n|turn|42\n|\n|t:|1733778977\n|move|p2a: Dachsbun|Protect|p2a: Dachsbun\n|-singleturn|p2a: Dachsbun|Protect\n|move|p1a: Emboar|Drain Punch|p2a: Dachsbun\n|-activate|p2a: Dachsbun|move: Protect\n|\n|-heal|p2a: Dachsbun|234/254|[from] move: Wish|[wisher] Dachsbun\n|-heal|p1a: Emboar|322/322|[from] item: Leftovers\n|-heal|p2a: Dachsbun|249/254|[from] item: Leftovers\n|upkeep\n|turn|43\n|c|\u2606Wralagath|I can and will stall you until I die\n|c|\u2606Mfjf|Ok\n|\n|t:|1733778988\n|move|p1a: Emboar|Drain Punch|p2a: Dachsbun\n|-resisted|p2a: Dachsbun\n|-damage|p2a: Dachsbun|155/254\n|move|p2a: Dachsbun|Wish|p2a: Dachsbun\n|\n|-heal|p2a: Dachsbun|170/254|[from] item: Leftovers\n|upkeep\n|turn|44\n|\n|t:|1733778991\n|move|p1a: Emboar|Drain Punch|p2a: Dachsbun\n|-resisted|p2a: Dachsbun\n|-damage|p2a: Dachsbun|80/254\n|move|p2a: Dachsbun|Body Press|p1a: Emboar\n|-damage|p1a: Emboar|272/322\n|\n|-heal|p2a: Dachsbun|207/254|[from] move: Wish|[wisher] Dachsbun\n|-heal|p1a: Emboar|292/322|[from] item: Leftovers\n|-heal|p2a: Dachsbun|222/254|[from] item: Leftovers\n|upkeep\n|turn|45\n|\n|t:|1733778994\n|move|p1a: Emboar|Drain Punch|p2a: Dachsbun\n|-resisted|p2a: Dachsbun\n|-crit|p2a: Dachsbun\n|-damage|p2a: Dachsbun|0 fnt\n|-heal|p1a: Emboar|322/322|[from] drain|[of] p2a: Dachsbun\n|faint|p2a: Dachsbun\n|\n|upkeep\n|c|\u2606Mfjf|Oh\n|c|\u2606Wralagath|NOOOOOOOOOOOOOOOOI\n|c|\u2606Mfjf|YES\n|c|\u2606Wralagath|MY BOI\n|c|\u2606Wralagath|YOU SON OF A BITCH\n|c|\u2606Mfjf|You are done for\n|\n|t:|1733779009\n|switch|p2a: Espathra|Espathra, L80, F|283/283\n|turn|46\n|c|\u2606Wralagath|VENGEANCE\n|c|\u2606Mfjf|Nah\n|\n|t:|1733779021\n|move|p1a: Emboar|Flare Blitz|p2a: Espathra\n|-crit|p2a: Espathra\n|-damage|p2a: Espathra|0 fnt\n|faint|p2a: Espathra\n|-damage|p1a: Emboar|229/322|[from] Recoil\n|\n|win|Mfjf\n|c|\u2606Mfjf|youre cooked\n|c|\u2606Wralagath|Yeah, thats fair\n", "inputlog": ">version bfd83cad13791eb5a5a409923076391caf6fb4d4\n>start {\"formatid\":\"gen9randombattle\",\"seed\":[51242,16662,51884,42487]}\n>player p1 {\"name\":\"Mfjf\",\"avatar\":\"2\",\"rating\":0,\"seed\":[34531,39600,20784,16215]}\n>player p2 {\"name\":\"Wralagath\",\"avatar\":\"colress\",\"rating\":0,\"seed\":[20111,19146,3932,47831]}\n>chat \u2606Wralagath|Well, well, well\n>chat \u2606Mfjf|Nuts\n>chat \u2606Wralagath|Look whos come back again\n>chat \u2606Mfjf|Good luck, buddy\n>chat \u2606Wralagath|Good Luck, bucko\n>p1 move calmmind\n>p2 move knockoff\n>p1 move calmmind\n>p2 move knockoff\n>p1 switch 6\n>p1 move raindance\n>p2 move supercellslam\n>chat \u2606Mfjf|You heard let it snow\n>chat \u2606Mfjf|now, let it rain\n>chat \u2606Wralagath|Ruh roh raggy\n>p1 move wavecrash\n>p2 switch 2\n>chat \u2606Wralagath|That just happened\n>chat \u2606Mfjf|Yup\n>p1 switch 2\n>p2 switch 5\n>p1 move nastyplot\n>p2 move hurricane\n>p1 move psyshock\n>p2 move hurricane\n>p1 switch 3\n>chat \u2606Wralagath|LETS GO\n>chat \u2606Mfjf|Beo\n>p1 move dragondance\n>p2 move hurricane\n>p1 move iciclecrash\n>p2 move hurricane\n>chat \u2606Wralagath|Aw dang it\n>p2 switch 6\n>chat \u2606Mfjf|Well, I hope this works out\n>chat \u2606Wralagath|Ruff\n>p1 move iciclecrash\n>p2 move protect\n>p1 move iciclecrash\n>p2 move bodypress\n>p1 switch 4\n>p1 move trailblaze\n>p2 move protect\n>p1 move bulkup\n>p2 move wish\n>p1 move bulkup\n>p2 move playrough\n>p1 move bulkup\n>p2 move playrough\n>chat \u2606Wralagath|This is a problem\n>p1 move trailblaze\n>p2 move protect\n>p1 move trailblaze\n>p2 move wish\n>p1 move bulkup\n>p2 move playrough\n>p1 move trailblaze\n>p2 switch 2\n>p1 move trailblaze\n>p2 move earthquake\n>p2 switch 4\n>p1 move drainpunch\n>p2 move earthquake\n>p2 switch 2\n>p1 move trailblaze\n>p2 move playrough\n>p1 move trailblaze\n>p2 move wish\n>p1 move trailblaze\n>p2 move protect\n>p1 move trailblaze\n>p2 move wish\n>p1 move trailblaze\n>p2 move protect\n>chat \u2606Wralagath|You're not that guy, pal\n>p1 move trailblaze\n>p2 move wish\n>p1 move bulkup\n>p2 move protect\n>p1 move trailblaze\n>p2 move playrough\n>p1 move trailblaze\n>p2 move wish\n>p1 move bulkup\n>p2 move protect\n>p1 move flareblitz\n>p2 move wish\n>chat \u2606Wralagath|YOU BUFFOON\n>chat \u2606Mfjf|Knew it\n>chat \u2606Mfjf|I knew it\n>chat \u2606Wralagath|Seriously, what other ability would I be running\n>chat \u2606Mfjf|but I had to test it\n>chat \u2606Mfjf|idk\n>chat \u2606Wralagath|!dt dachsbun\n>chat \u2606Wralagath|No one runs Aroma Veil\n>chat \u2606Mfjf|True\n>p1 move trailblaze\n>p2 move wish\n>chat \u2606Mfjf|im Done for\n>p1 move trailblaze\n>p2 move protect\n>chat \u2606Wralagath|Maybe\n>chat \u2606Wralagath|Maybe\n>p1 move trailblaze\n>p2 move wish\n>p1 move trailblaze\n>p2 move protect\n>p1 move drainpunch\n>p2 move bodypress\n>p1 move trailblaze\n>p2 move bodypress\n>p1 move trailblaze\n>p2 move wish\n>p1 move trailblaze\n>p2 move protect\n>p1 move drainpunch terastallize\n>p2 move bodypress\n>p1 move trailblaze\n>p2 move wish\n>p1 move drainpunch\n>p2 move protect\n>chat \u2606Wralagath|I can and will stall you until I die\n>chat \u2606Mfjf|Ok\n>p1 move drainpunch\n>p2 move wish\n>p1 move drainpunch\n>p2 move bodypress\n>p1 move drainpunch\n>p2 move wish\n>chat \u2606Mfjf|Oh\n>chat \u2606Wralagath|NOOOOOOOOOOOOOOOOI\n>chat \u2606Mfjf|YES\n>chat \u2606Wralagath|MY BOI\n>chat \u2606Wralagath|YOU SON OF A BITCH\n>chat \u2606Mfjf|You are done for\n>p2 switch 3\n>chat \u2606Wralagath|VENGEANCE\n>chat \u2606Mfjf|Nah\n>p1 move flareblitz\n>p2 move luminacrash", "uploadtime": 1733779027, "views": 2, "formatid": "gen9randombattle", "rating": null, "private": 0, "password": null}