{"id": "gen9randombattle-2260307427", "format": "[Gen 9] Random Battle", "players": ["Merry24", "toxtricityindbmaj"], "log": "|badge|p1|bronze|gen9randombattle|100-3\n|uhtml|medal-msg|<div class=\"broadcast-blue\">Curious what those medals under the avatar are? PS now has Ladder Seasons! For more information, check out the <a href=\"https://www.smogon.com/forums/threads/3740067/\">thread on Smogon.</a></div>\n|j|\u2606Merry24\n|j|\u2606toxtricityindbmaj\n|t:|1733837992\n|gametype|singles\n|player|p1|Merry24|clerkf|2320\n|player|p2|toxtricityindbmaj|265|2154\n|teamsize|p1|6\n|teamsize|p2|6\n|gen|9\n|tier|[Gen 9] Random Battle\n|rated|\n|rule|Species Clause: Limit one of each Pok\u00e9mon\n|rule|HP Percentage Mod: HP is shown in percentages\n|rule|Sleep Clause Mod: Limit one foe put to sleep\n|rule|Illusion Level Mod: Illusion disguises the Pok\u00e9mon's true level\n|\n|t:|1733837992\n|start\n|switch|p1a: Wo-Chien|Wo-Chien, L83|277/277\n|switch|p2a: Houndoom|Houndoom, L87, M|272/272\n|-ability|p1a: Wo-Chien|Tablets of Ruin\n|turn|1\n|inactive|Battle timer is ON: inactive players will automatically lose when time's up. (requested by toxtricityindbmaj)\n|\n|t:|1733838010\n|switch|p1a: Basculin|Basculin-Blue-Striped, L86, M|261/261\n|move|p2a: Houndoom|Sludge Bomb|p1a: Basculin\n|-damage|p1a: Basculin|166/261\n|\n|upkeep\n|turn|2\n|inactive|toxtricityindbmaj has 120 seconds left.\n|\n|t:|1733838050\n|switch|p2a: Whimsicott|Whimsicott, L85, F|241/241\n|move|p1a: Basculin|Flip Turn|p2a: Whimsicott\n|-resisted|p2a: Whimsicott\n|-damage|p2a: Whimsicott|176/241\n|\n|t:|1733838057\n|switch|p1a: Mesprit|Mesprit, L85|275/275|[from] Flip Turn\n|\n|-heal|p2a: Whimsicott|191/241|[from] item: Leftovers\n|upkeep\n|turn|3\n|inactive|toxtricityindbmaj has 120 seconds left.\n|\n|t:|1733838066\n|move|p2a: Whimsicott|Stun Spore|p1a: Mesprit\n|-status|p1a: Mesprit|par\n|move|p1a: Mesprit|Psychic Noise|p2a: Whimsicott\n|-damage|p2a: Whimsicott|85/241\n|-start|p2a: Whimsicott|move: Heal Block\n|\n|upkeep\n|turn|4\n|\n|t:|1733838075\n|switch|p2a: Houndoom|Houndoom, L87, M|272/272\n|move|p1a: Mesprit|U-turn|p2a: Houndoom\n|-damage|p2a: Houndoom|193/272\n|inactive|Merry24 has 120 seconds left.\n|inactive|Merry24 has 90 seconds left.\n|\n|t:|1733838140\n|switch|p1a: Basculin|Basculin-Blue-Striped, L86, M|166/261|[from] U-turn\n|\n|upkeep\n|turn|5\n|inactive|toxtricityindbmaj has 120 seconds left.\n|inactive|toxtricityindbmaj has 90 seconds left.\n|inactive|toxtricityindbmaj has 60 seconds left.\n|\n|t:|1733838234\n|switch|p2a: Wyrdeer|Wyrdeer, L87, F|321/321\n|-ability|p2a: Wyrdeer|Intimidate|boost\n|-unboost|p1a: Basculin|atk|1\n|move|p1a: Basculin|Flip Turn|p2a: Wyrdeer\n|-damage|p2a: Wyrdeer|227/321\n|\n|t:|1733838241\n|switch|p1a: Wo-Chien|Wo-Chien, L83|277/277|[from] Flip Turn\n|-ability|p1a: Wo-Chien|Tablets of Ruin\n|\n|-heal|p2a: Wyrdeer|247/321|[from] item: Leftovers\n|upkeep\n|turn|6\n|inactive|toxtricityindbmaj has 60 seconds left.\n|\n|t:|1733838247\n|move|p1a: Wo-Chien|Knock Off|p2a: Wyrdeer\n|-supereffective|p2a: Wyrdeer\n|-damage|p2a: Wyrdeer|31/321\n|-enditem|p2a: Wyrdeer|Leftovers|[from] move: Knock Off|[of] p1a: Wo-Chien\n|move|p2a: Wyrdeer|Megahorn|p1a: Wo-Chien\n|-supereffective|p1a: Wo-Chien\n|-crit|p1a: Wo-Chien\n|-damage|p1a: Wo-Chien|0 fnt\n|faint|p1a: Wo-Chien\n|\n|upkeep\n|\n|t:|1733838257\n|switch|p1a: Basculin|Basculin-Blue-Striped, L86, M|166/261\n|turn|7\n|\n|t:|1733838263\n|move|p1a: Basculin|Aqua Jet|p2a: Wyrdeer\n|-damage|p2a: Wyrdeer|0 fnt\n|faint|p2a: Wyrdeer\n|\n|upkeep\n|\n|t:|1733838274\n|switch|p2a: Whimsicott|Whimsicott, L85, F|85/241\n|turn|8\n|\n|t:|1733838278\n|switch|p1a: Mesprit|Mesprit, L85|275/275 par\n|move|p2a: Whimsicott|Giga Drain|p1a: Mesprit\n|-crit|p1a: Mesprit\n|-damage|p1a: Mesprit|188/275 par\n|-heal|p2a: Whimsicott|129/241|[from] drain|[of] p1a: Mesprit\n|\n|-heal|p2a: Whimsicott|144/241|[from] item: Leftovers\n|-heal|p1a: Mesprit|205/275 par|[from] item: Leftovers\n|upkeep\n|turn|9\n|\n|t:|1733838285\n|move|p2a: Whimsicott|Giga Drain|p1a: Mesprit\n|-damage|p1a: Mesprit|145/275 par\n|-heal|p2a: Whimsicott|174/241|[from] drain|[of] p1a: Mesprit\n|move|p1a: Mesprit|Thunder Wave|p2a: Whimsicott\n|-status|p2a: Whimsicott|par\n|\n|-heal|p2a: Whimsicott|189/241 par|[from] item: Leftovers\n|-heal|p1a: Mesprit|162/275 par|[from] item: Leftovers\n|upkeep\n|turn|10\n|inactive|toxtricityindbmaj has 90 seconds left.\n|\n|t:|1733838293\n|move|p2a: Whimsicott|Encore|p1a: Mesprit\n|-start|p1a: Mesprit|Encore\n|move|p1a: Mesprit|Thunder Wave|p2a: Whimsicott|[miss]\n|-miss|p1a: Mesprit|p2a: Whimsicott\n|\n|-heal|p2a: Whimsicott|204/241 par|[from] item: Leftovers\n|-heal|p1a: Mesprit|179/275 par|[from] item: Leftovers\n|upkeep\n|turn|11\n|\n|t:|1733838299\n|switch|p1a: Clefable|Clefable, L83, M|293/293\n|move|p2a: Whimsicott|Stun Spore|p1a: Clefable\n|-status|p1a: Clefable|par\n|\n|-heal|p2a: Whimsicott|219/241 par|[from] item: Leftovers\n|upkeep\n|turn|12\n|\n|t:|1733838312\n|switch|p2a: Dragalge|Dragalge, L88, M|258/258\n|move|p1a: Clefable|Stealth Rock|p2a: Dragalge\n|-sidestart|p2: toxtricityindbmaj|move: Stealth Rock\n|\n|upkeep\n|turn|13\n|\n|t:|1733838326\n|move|p2a: Dragalge|Sludge Wave|p1a: Clefable\n|-supereffective|p1a: Clefable\n|-damage|p1a: Clefable|1/293 par\n|move|p1a: Clefable|Moonblast|p2a: Dragalge\n|-damage|p2a: Dragalge|192/258\n|\n|upkeep\n|turn|14\n|\n|t:|1733838334\n|move|p2a: Dragalge|Sludge Wave|p1a: Clefable\n|-supereffective|p1a: Clefable\n|-damage|p1a: Clefable|0 fnt\n|faint|p1a: Clefable\n|\n|upkeep\n|\n|t:|1733838346\n|switch|p1a: Mesprit|Mesprit, L85|179/275 par\n|turn|15\n|\n|t:|1733838354\n|move|p2a: Dragalge|Draco Meteor|p1a: Mesprit\n|-damage|p1a: Mesprit|0 fnt\n|-unboost|p2a: Dragalge|spa|2\n|faint|p1a: Mesprit\n|\n|upkeep\n|\n|t:|1733838357\n|switch|p1a: Iron Jugulis|Iron Jugulis, L78|275/275\n|turn|16\n|inactive|toxtricityindbmaj has 120 seconds left.\n|\n|t:|1733838374\n|switch|p2a: Houndoom|Houndoom, L87, M|193/272\n|move|p1a: Iron Jugulis|Meteor Beam||[still]\n|-prepare|p1a: Iron Jugulis|Meteor Beam\n|-boost|p1a: Iron Jugulis|spa|1\n|-enditem|p1a: Iron Jugulis|Power Herb\n|-anim|p1a: Iron Jugulis|Meteor Beam|p2a: Houndoom\n|-supereffective|p2a: Houndoom\n|-damage|p2a: Houndoom|0 fnt\n|faint|p2a: Houndoom\n|\n|upkeep\n|\n|t:|1733838395\n|switch|p2a: Raichu|Raichu, L88, F|249/249\n|-damage|p2a: Raichu|218/249|[from] Stealth Rock\n|turn|17\n|\n|t:|1733838412\n|-terastallize|p2a: Raichu|Ice\n|-terastallize|p1a: Iron Jugulis|Dark\n|move|p2a: Raichu|Tera Blast|p1a: Iron Jugulis|[anim] Tera Blast Ice\n|-damage|p1a: Iron Jugulis|153/275\n|-damage|p2a: Raichu|194/249|[from] item: Life Orb\n|move|p1a: Iron Jugulis|Dark Pulse|p2a: Raichu\n|-damage|p2a: Raichu|14/249\n|\n|upkeep\n|turn|18\n|\n|t:|1733838423\n|move|p2a: Raichu|Thunderbolt|p1a: Iron Jugulis\n|-crit|p1a: Iron Jugulis\n|-damage|p1a: Iron Jugulis|0 fnt\n|faint|p1a: Iron Jugulis\n|-end|p1a: Iron Jugulis|Quark Drive|[silent]\n|-damage|p2a: Raichu|0 fnt|[from] item: Life Orb\n|faint|p2a: Raichu\n|\n|upkeep\n|inactive|toxtricityindbmaj has 90 seconds left.\n|\n|t:|1733838439\n|switch|p2a: Kyurem|Kyurem-Black, L71|295/295\n|switch|p1a: Kommo-o|Kommo-o, L78, F|245/245\n|-damage|p2a: Kyurem|222/295|[from] Stealth Rock\n|-ability|p2a: Kyurem|Teravolt\n|turn|19\n|inactive|toxtricityindbmaj has 90 seconds left.\n|\n|t:|1733838457\n|switch|p2a: Whimsicott|Whimsicott, L85, F|219/241 par\n|-damage|p2a: Whimsicott|189/241 par|[from] Stealth Rock\n|move|p1a: Kommo-o|Scale Shot|p2a: Whimsicott\n|-immune|p2a: Whimsicott\n|\n|-heal|p2a: Whimsicott|204/241 par|[from] item: Leftovers\n|upkeep\n|turn|20\n|inactive|toxtricityindbmaj has 90 seconds left.\n|\n|t:|1733838465\n|move|p1a: Kommo-o|Iron Head|p2a: Whimsicott\n|-supereffective|p2a: Whimsicott\n|-damage|p2a: Whimsicott|98/241 par\n|move|p2a: Whimsicott|Moonblast|p1a: Kommo-o\n|-supereffective|p1a: Kommo-o\n|-damage|p1a: Kommo-o|0 fnt\n|faint|p1a: Kommo-o\n|\n|-heal|p2a: Whimsicott|113/241 par|[from] item: Leftovers\n|upkeep\n|\n|t:|1733838468\n|switch|p1a: Basculin|Basculin-Blue-Striped, L86, M|166/261\n|turn|21\n|\n|t:|1733838479\n|move|p2a: Whimsicott|Stun Spore|p1a: Basculin\n|-status|p1a: Basculin|par\n|move|p1a: Basculin|Wave Crash|p2a: Whimsicott\n|-resisted|p2a: Whimsicott\n|-damage|p2a: Whimsicott|0 fnt\n|faint|p2a: Whimsicott\n|-damage|p1a: Basculin|129/261 par|[from] Recoil\n|\n|upkeep\n|\n|t:|1733838488\n|switch|p2a: Dragalge|Dragalge, L88, M|192/258\n|-damage|p2a: Dragalge|160/258|[from] Stealth Rock\n|turn|22\n|\n|t:|1733838503\n|move|p2a: Dragalge|Sludge Wave|p1a: Basculin\n|-damage|p1a: Basculin|0 fnt\n|faint|p1a: Basculin\n|\n|win|toxtricityindbmaj\n|raw|Merry24's rating: 2320 &rarr; <strong>2291</strong><br />(-29 for losing)\n|raw|toxtricityindbmaj's rating: 2154 &rarr; <strong>2183</strong><br />(+29 for winning)\n|c|\u2606toxtricityindbmaj|g_g\n", "inputlog": ">version bfd83cad13791eb5a5a409923076391caf6fb4d4\n>start {\"formatid\":\"gen9randombattle\",\"seed\":[61674,53317,39403,13147],\"rated\":\"Rated battle\"}\n>player p1 {\"name\":\"Merry24\",\"avatar\":\"clerkf\",\"rating\":2320,\"seed\":[4015,50655,7956,63096]}\n>player p2 {\"name\":\"toxtricityindbmaj\",\"avatar\":\"265\",\"rating\":2154,\"seed\":[17884,49185,44099,4303]}\n>p1 switch 4\n>p2 move sludgebomb\n>p1 move flipturn\n>p2 switch 3\n>p1 switch 6\n>p1 move psychicnoise\n>p2 move stunspore\n>p1 move uturn\n>p2 switch 3\n>p1 switch 6\n>p1 move flipturn\n>p2 switch 2\n>p1 switch 4\n>p1 move knockoff\n>p2 move megahorn\n>p1 switch 4\n>p1 move aquajet\n>p2 move thunderwave\n>p2 switch 3\n>p1 switch 6\n>p2 move gigadrain\n>p1 move thunderwave\n>p2 move gigadrain\n>p1 move psychicnoise\n>p2 move encore\n>p1 switch 3\n>p2 move stunspore\n>p1 move stealthrock\n>p2 switch 5\n>p1 move moonblast\n>p2 move sludgewave\n>p1 move moonblast\n>p2 move sludgewave\n>p1 switch 3\n>p1 move uturn\n>p2 move dracometeor\n>p1 switch 5\n>p1 move meteorbeam\n>p2 switch 2\n>p2 switch 4\n>p1 move darkpulse terastallize\n>p2 move terablast terastallize\n>p1 move darkpulse\n>p2 move thunderbolt\n>p1 switch 2\n>p2 switch 6\n>p1 move scaleshot\n>p2 switch 5\n>p1 move ironhead\n>p2 move moonblast\n>p1 switch 6\n>p1 move wavecrash\n>p2 move stunspore\n>p2 switch 2\n>p1 move wavecrash\n>p2 move sludgewave", "uploadtime": 1733838514, "views": 3, "formatid": "gen9randombattle", "rating": 2183, "private": 0, "password": null}