{"id": "gen9randombattle-2260674062", "format": "[Gen 9] Random Battle", "players": ["a Surfing-Raichu", "Nothing010"], "log": "|j|\u2606a Surfing-Raichu\n|j|\u2606Nothing010\n|t:|1733876820\n|gametype|singles\n|player|p1|a Surfing-Raichu|backpackerf|1753\n|player|p2|Nothing010|170|1777\n|teamsize|p1|6\n|teamsize|p2|6\n|gen|9\n|tier|[Gen 9] Random Battle\n|rated|\n|rule|Species Clause: Limit one of each Pok\u00e9mon\n|rule|HP Percentage Mod: HP is shown in percentages\n|rule|Sleep Clause Mod: Limit one foe put to sleep\n|rule|Illusion Level Mod: Illusion disguises the Pok\u00e9mon's true level\n|\n|t:|1733876820\n|start\n|switch|p1a: Minun|Minun, L95, F|268/268\n|switch|p2a: Skarmory|Skarmory, L80, M|235/235\n|turn|1\n|inactive|Battle timer is ON: inactive players will automatically lose when time's up. (requested by Nothing010)\n|\n|t:|1733876826\n|switch|p2a: Hypno|Hypno, L95, M|315/315\n|move|p1a: Minun|Nasty Plot|p1a: Minun\n|-boost|p1a: Minun|spa|2\n|\n|upkeep\n|turn|2\n|\n|t:|1733876829\n|move|p1a: Minun|Thunderbolt|p2a: Hypno\n|-damage|p2a: Hypno|116/315\n|-damage|p1a: Minun|242/268|[from] item: Life Orb\n|move|p2a: Hypno|Encore|p1a: Minun\n|-start|p1a: Minun|Encore\n|\n|-heal|p2a: Hypno|135/315|[from] item: Leftovers\n|upkeep\n|turn|3\n|\n|t:|1733876841\n|move|p1a: Minun|Thunderbolt|p2a: Hypno\n|-damage|p2a: Hypno|0 fnt\n|faint|p2a: Hypno\n|-damage|p1a: Minun|216/268|[from] item: Life Orb\n|\n|upkeep\n|\n|t:|1733876843\n|switch|p2a: Ambipom|Ambipom, L84, F|263/263\n|turn|4\n|\n|t:|1733876857\n|switch|p1a: Klawf|Klawf, L90, M|272/272\n|move|p2a: Ambipom|Double-Edge|p1a: Klawf\n|-resisted|p1a: Klawf\n|-damage|p1a: Klawf|209/272\n|-damage|p2a: Ambipom|242/263|[from] Recoil\n|\n|upkeep\n|turn|5\n|\n|t:|1733876865\n|switch|p2a: Skarmory|Skarmory, L80, M|235/235\n|move|p1a: Klawf|Knock Off|p2a: Skarmory\n|-damage|p2a: Skarmory|171/235\n|-enditem|p2a: Skarmory|Leftovers|[from] move: Knock Off|[of] p1a: Klawf\n|\n|upkeep\n|turn|6\n|\n|t:|1733876881\n|switch|p1a: Gothitelle|Gothitelle, L90, M|272/272\n|switch|p2a: Chesnaught|Chesnaught, L84, F|285/285\n|\n|upkeep\n|turn|7\n|\n|t:|1733876891\n|move|p1a: Gothitelle|Psychic Noise|p2a: Chesnaught\n|-supereffective|p2a: Chesnaught\n|-damage|p2a: Chesnaught|87/285\n|-start|p2a: Chesnaught|move: Heal Block\n|move|p2a: Chesnaught|Trailblaze|p1a: Gothitelle\n|-damage|p1a: Gothitelle|218/272\n|-boost|p2a: Chesnaught|spe|1\n|\n|-heal|p1a: Gothitelle|235/272|[from] item: Leftovers\n|upkeep\n|turn|8\n|\n|t:|1733876899\n|move|p2a: Chesnaught|Trailblaze|p1a: Gothitelle\n|-damage|p1a: Gothitelle|187/272\n|-boost|p2a: Chesnaught|spe|1\n|move|p1a: Gothitelle|Psychic Noise|p2a: Chesnaught\n|-supereffective|p2a: Chesnaught\n|-damage|p2a: Chesnaught|0 fnt\n|faint|p2a: Chesnaught\n|\n|-heal|p1a: Gothitelle|204/272|[from] item: Leftovers\n|upkeep\n|\n|t:|1733876903\n|switch|p2a: Ambipom|Ambipom, L84, F|242/263\n|turn|9\n|\n|t:|1733876908\n|switch|p1a: Klawf|Klawf, L90, M|209/272\n|move|p2a: Ambipom|Fake Out|p1a: Klawf\n|-resisted|p1a: Klawf\n|-damage|p1a: Klawf|177/272\n|\n|upkeep\n|turn|10\n|\n|t:|1733876920\n|switch|p2a: Skarmory|Skarmory, L80, M|171/235\n|move|p1a: Klawf|Stone Edge|p2a: Skarmory\n|-damage|p2a: Skarmory|77/235\n|\n|upkeep\n|turn|11\n|\n|t:|1733876928\n|switch|p1a: Gothitelle|Gothitelle, L90, M|204/272\n|move|p2a: Skarmory|Roost|p2a: Skarmory\n|-heal|p2a: Skarmory|195/235\n|-singleturn|p2a: Skarmory|move: Roost\n|\n|-heal|p1a: Gothitelle|221/272|[from] item: Leftovers\n|upkeep\n|turn|12\n|\n|t:|1733876937\n|move|p1a: Gothitelle|Thunderbolt|p2a: Skarmory\n|-supereffective|p2a: Skarmory\n|-damage|p2a: Skarmory|5/235\n|move|p2a: Skarmory|Brave Bird|p1a: Gothitelle\n|-damage|p1a: Gothitelle|139/272\n|-damage|p2a: Skarmory|0 fnt|[from] Recoil\n|faint|p2a: Skarmory\n|\n|-heal|p1a: Gothitelle|156/272|[from] item: Leftovers\n|upkeep\n|\n|t:|1733876941\n|switch|p2a: Mew|Mew, L82|298/298\n|turn|13\n|\n|t:|1733876950\n|switch|p1a: Klawf|Klawf, L90, M|177/272\n|move|p2a: Mew|Swords Dance|p2a: Mew\n|-boost|p2a: Mew|atk|2\n|\n|upkeep\n|turn|14\n|\n|t:|1733876954\n|move|p2a: Mew|Psychic Fangs|p1a: Klawf\n|-damage|p1a: Klawf|5/272\n|-ability|p1a: Klawf|Anger Shell|boost\n|-boost|p1a: Klawf|atk|1\n|-boost|p1a: Klawf|spa|1\n|-boost|p1a: Klawf|spe|1\n|-unboost|p1a: Klawf|def|1\n|-unboost|p1a: Klawf|spd|1\n|-damage|p2a: Mew|269/298|[from] item: Life Orb\n|move|p1a: Klawf|Knock Off|p2a: Mew\n|-supereffective|p2a: Mew\n|-damage|p2a: Mew|47/298\n|-enditem|p2a: Mew|Life Orb|[from] move: Knock Off|[of] p1a: Klawf\n|\n|upkeep\n|turn|15\n|-message|Nothing010 forfeited.\n|\n|win|a Surfing-Raichu\n|raw|a Surfing-Raichu's rating: 1753 &rarr; <strong>1775</strong><br />(+22 for winning)\n|raw|Nothing010's rating: 1796 &rarr; <strong>1774</strong><br />(-22 for losing)\n|l|\u2606Nothing010\n|player|p2|\n", "inputlog": ">version bfd83cad13791eb5a5a409923076391caf6fb4d4\n>start {\"formatid\":\"gen9randombattle\",\"seed\":[55699,11525,14967,64437],\"rated\":\"Rated battle\"}\n>player p1 {\"name\":\"a Surfing-Raichu\",\"avatar\":\"backpackerf\",\"rating\":1753,\"seed\":[26780,28782,7637,38799]}\n>player p2 {\"name\":\"Nothing010\",\"avatar\":\"170\",\"rating\":1777,\"seed\":[40709,10826,36666,44618]}\n>p1 move nastyplot\n>p2 switch 2\n>p1 move thunderbolt\n>p2 move encore\n>p1 move thunderbolt\n>p2 move psychicnoise\n>p2 switch 5\n>p1 switch 3\n>p2 move doubleedge\n>p1 move knockoff\n>p2 switch 2\n>p1 switch 6\n>p2 switch 6\n>p1 move psychicnoise\n>p2 move trailblaze\n>p1 move psychicnoise\n>p2 move trailblaze\n>p2 switch 2\n>p1 switch 6\n>p2 move fakeout\n>p1 move stoneedge\n>p2 switch 6\n>p1 switch 6\n>p2 move roost\n>p1 move thunderbolt\n>p2 move bravebird\n>p2 switch 4\n>p1 switch 6\n>p2 move swordsdance\n>p1 move knockoff\n>p2 move psychicfangs\n>forcelose p2", "uploadtime": 1733876963, "views": 1, "formatid": "gen9randombattle", "rating": 1774, "private": 0, "password": null}