{"id": "gen9randombattle-2260650122", "format": "[Gen 9] Random Battle", "players": ["ProfessorFortnite", "dwqadwqdwq"], "log": "|j|\u2606ProfessorFortnite\n|j|\u2606dwqadwqdwq\n|t:|1733873799\n|gametype|singles\n|player|p1|ProfessorFortnite|fisherman-gen4|1339\n|player|p2|dwqadwqdwq|266|1350\n|teamsize|p1|6\n|teamsize|p2|6\n|gen|9\n|tier|[Gen 9] Random Battle\n|rated|\n|rule|Species Clause: Limit one of each Pok\u00e9mon\n|rule|HP Percentage Mod: HP is shown in percentages\n|rule|Sleep Clause Mod: Limit one foe put to sleep\n|rule|Illusion Level Mod: Illusion disguises the Pok\u00e9mon's true level\n|\n|t:|1733873799\n|start\n|switch|p1a: Wugtrio|Wugtrio, L91, M|212/212\n|switch|p2a: Arceus|Arceus-Electric, L70|284/284\n|turn|1\n|\n|t:|1733873808\n|move|p1a: Wugtrio|Stomping Tantrum|p2a: Arceus\n|-supereffective|p2a: Arceus\n|-damage|p2a: Arceus|102/284\n|move|p2a: Arceus|Judgment|p1a: Wugtrio\n|-supereffective|p1a: Wugtrio\n|-damage|p1a: Wugtrio|0 fnt\n|faint|p1a: Wugtrio\n|\n|upkeep\n|\n|t:|1733873821\n|switch|p1a: Ambipom|Ambipom, L84, M|263/263\n|turn|2\n|\n|t:|1733873849\n|switch|p2a: Toxicroak|Toxicroak, L84, M|277/277\n|move|p1a: Ambipom|Triple Axel|p2a: Toxicroak\n|-damage|p2a: Toxicroak|239/277\n|-damage|p2a: Toxicroak|154/277\n|-hitcount|p2a: Toxicroak|2\n|\n|upkeep\n|turn|3\n|\n|t:|1733873877\n|move|p2a: Toxicroak|Sucker Punch|p1a: Ambipom\n|-damage|p1a: Ambipom|159/263\n|move|p1a: Ambipom|Triple Axel|p2a: Toxicroak\n|-damage|p2a: Toxicroak|115/277\n|-damage|p2a: Toxicroak|33/277\n|-damage|p2a: Toxicroak|0 fnt\n|faint|p2a: Toxicroak\n|-hitcount|p2: Toxicroak|3\n|\n|upkeep\n|\n|t:|1733873884\n|switch|p2a: Gyarados|Gyarados, L79, M|280/280\n|-ability|p2a: Gyarados|Intimidate|boost\n|-unboost|p1a: Ambipom|atk|1\n|turn|4\n|\n|t:|1733873923\n|switch|p2a: Mandibuzz|Mandibuzz, L85, F|326/326\n|-terastallize|p1a: Ambipom|Ice\n|move|p1a: Ambipom|Triple Axel|p2a: Mandibuzz\n|-supereffective|p2a: Mandibuzz\n|-damage|p2a: Mandibuzz|270/326\n|-supereffective|p2a: Mandibuzz\n|-damage|p2a: Mandibuzz|160/326\n|-supereffective|p2a: Mandibuzz\n|-damage|p2a: Mandibuzz|4/326\n|-hitcount|p2a: Mandibuzz|3\n|\n|upkeep\n|turn|5\n|\n|t:|1733873939\n|move|p1a: Ambipom|Triple Axel|p2a: Mandibuzz\n|-supereffective|p2a: Mandibuzz\n|-damage|p2a: Mandibuzz|0 fnt\n|faint|p2a: Mandibuzz\n|-hitcount|p2: Mandibuzz|1\n|\n|upkeep\n|\n|t:|1733873941\n|switch|p2a: Gyarados|Gyarados, L79, M|280/280\n|-ability|p2a: Gyarados|Intimidate|boost\n|-unboost|p1a: Ambipom|atk|1\n|turn|6\n|\n|t:|1733873943\n|move|p1a: Ambipom|Triple Axel|p2a: Gyarados\n|-damage|p2a: Gyarados|249/280\n|-damage|p2a: Gyarados|188/280\n|-damage|p2a: Gyarados|109/280\n|-hitcount|p2a: Gyarados|3\n|move|p2a: Gyarados|Dragon Dance|p2a: Gyarados\n|-boost|p2a: Gyarados|atk|1\n|-boost|p2a: Gyarados|spe|1\n|\n|upkeep\n|turn|7\n|\n|t:|1733873956\n|move|p2a: Gyarados|Waterfall|p1a: Ambipom\n|-damage|p1a: Ambipom|0 fnt\n|faint|p1a: Ambipom\n|\n|upkeep\n|\n|t:|1733873960\n|switch|p1a: Corviknight|Corviknight, L80, M|288/288\n|-ability|p1a: Corviknight|Pressure\n|turn|8\n|\n|t:|1733873972\n|move|p2a: Gyarados|Waterfall|p1a: Corviknight\n|-damage|p1a: Corviknight|161/288\n|move|p1a: Corviknight|Brave Bird|p2a: Gyarados\n|-damage|p2a: Gyarados|0 fnt\n|faint|p2a: Gyarados\n|-damage|p1a: Corviknight|125/288|[from] Recoil\n|\n|-heal|p1a: Corviknight|143/288|[from] item: Leftovers\n|upkeep\n|\n|t:|1733873977\n|switch|p2a: Arceus|Arceus-Electric, L70|102/284\n|turn|9\n|\n|t:|1733873981\n|move|p2a: Arceus|Recover|p2a: Arceus\n|-heal|p2a: Arceus|244/284\n|move|p1a: Corviknight|Body Press|p2a: Arceus\n|-damage|p2a: Arceus|192/284\n|\n|-heal|p1a: Corviknight|161/288|[from] item: Leftovers\n|upkeep\n|turn|10\n|\n|t:|1733873988\n|switch|p1a: Rhydon|Rhydon, L85, M|317/317\n|move|p2a: Arceus|Recover|p2a: Arceus\n|-heal|p2a: Arceus|284/284\n|\n|upkeep\n|turn|11\n|\n|t:|1733873994\n|switch|p2a: Smeargle|Smeargle, L95, F|258/258\n|move|p1a: Rhydon|Stealth Rock|p2a: Smeargle\n|-sidestart|p2: dwqadwqdwq|move: Stealth Rock\n|\n|upkeep\n|turn|12\n|\n|t:|1733873999\n|move|p2a: Smeargle|Spore|p1a: Rhydon\n|-status|p1a: Rhydon|slp|[from] move: Spore\n|cant|p1a: Rhydon|slp\n|\n|upkeep\n|turn|13\n|\n|t:|1733874003\n|move|p2a: Smeargle|Shell Smash|p2a: Smeargle\n|-unboost|p2a: Smeargle|def|1\n|-unboost|p2a: Smeargle|spd|1\n|-boost|p2a: Smeargle|atk|2\n|-boost|p2a: Smeargle|spa|2\n|-boost|p2a: Smeargle|spe|2\n|cant|p1a: Rhydon|slp\n|\n|upkeep\n|turn|14\n|\n|t:|1733874022\n|move|p2a: Smeargle|Power Trip|p1a: Rhydon\n|-damage|p1a: Rhydon|262/317 slp\n|-curestatus|p1a: Rhydon|slp|[msg]\n|move|p1a: Rhydon|Earthquake|p2a: Smeargle\n|-damage|p2a: Smeargle|0 fnt\n|faint|p2a: Smeargle\n|\n|upkeep\n|\n|t:|1733874028\n|switch|p2a: Cinccino|Cinccino, L83, F|260/260\n|-damage|p2a: Cinccino|228/260|[from] Stealth Rock\n|turn|15\n|\n|t:|1733874032\n|switch|p1a: Corviknight|Corviknight, L80, M|161/288\n|-ability|p1a: Corviknight|Pressure\n|move|p2a: Cinccino|Bullet Seed|p1a: Corviknight\n|-resisted|p1a: Corviknight\n|-damage|p1a: Corviknight|155/288\n|-resisted|p1a: Corviknight\n|-damage|p1a: Corviknight|150/288\n|-resisted|p1a: Corviknight\n|-damage|p1a: Corviknight|145/288\n|-resisted|p1a: Corviknight\n|-damage|p1a: Corviknight|140/288\n|-hitcount|p1a: Corviknight|4\n|\n|-heal|p1a: Corviknight|158/288|[from] item: Leftovers\n|upkeep\n|turn|16\n|\n|t:|1733874046\n|move|p2a: Cinccino|U-turn|p1a: Corviknight\n|-resisted|p1a: Corviknight\n|-damage|p1a: Corviknight|148/288\n|\n|t:|1733874048\n|switch|p2a: Arceus|Arceus-Electric, L70|284/284|[from] U-turn\n|-damage|p2a: Arceus|249/284|[from] Stealth Rock\n|move|p1a: Corviknight|Body Press|p2a: Arceus\n|-damage|p2a: Arceus|195/284\n|\n|-heal|p1a: Corviknight|166/288|[from] item: Leftovers\n|upkeep\n|turn|17\n|\n|t:|1733874053\n|move|p2a: Arceus|Ice Beam|p1a: Corviknight\n|-damage|p1a: Corviknight|107/288\n|move|p1a: Corviknight|Roost|p1a: Corviknight\n|-heal|p1a: Corviknight|251/288\n|-singleturn|p1a: Corviknight|move: Roost\n|\n|-heal|p1a: Corviknight|269/288|[from] item: Leftovers\n|upkeep\n|turn|18\n|\n|t:|1733874059\n|move|p2a: Arceus|Calm Mind|p2a: Arceus\n|-boost|p2a: Arceus|spa|1\n|-boost|p2a: Arceus|spd|1\n|move|p1a: Corviknight|Body Press|p2a: Arceus\n|-damage|p2a: Arceus|140/284\n|\n|-heal|p1a: Corviknight|287/288|[from] item: Leftovers\n|upkeep\n|turn|19\n|\n|t:|1733874064\n|switch|p1a: Rhydon|Rhydon, L85, M|262/317\n|move|p2a: Arceus|Recover|p2a: Arceus\n|-heal|p2a: Arceus|282/284\n|\n|upkeep\n|turn|20\n|\n|t:|1733874069\n|move|p2a: Arceus|Ice Beam|p1a: Rhydon\n|-supereffective|p1a: Rhydon\n|-damage|p1a: Rhydon|98/317\n|move|p1a: Rhydon|Earthquake|p2a: Arceus\n|-supereffective|p2a: Arceus\n|-damage|p2a: Arceus|42/284\n|\n|upkeep\n|turn|21\n|\n|t:|1733874077\n|move|p2a: Arceus|Ice Beam|p1a: Rhydon\n|-supereffective|p1a: Rhydon\n|-crit|p1a: Rhydon\n|-damage|p1a: Rhydon|0 fnt\n|faint|p1a: Rhydon\n|\n|upkeep\n|\n|t:|1733874080\n|switch|p1a: Dedenne|Dedenne, L88, M|261/261\n|turn|22\n|\n|t:|1733874088\n|move|p1a: Dedenne|Dazzling Gleam|p2a: Arceus\n|-damage|p2a: Arceus|0 fnt\n|faint|p2a: Arceus\n|\n|upkeep\n|\n|t:|1733874096\n|switch|p2a: Cinccino|Cinccino, L83, F|228/260\n|-damage|p2a: Cinccino|196/260|[from] Stealth Rock\n|turn|23\n|\n|t:|1733874100\n|move|p2a: Cinccino|Bullet Seed|p1a: Dedenne\n|-damage|p1a: Dedenne|228/261\n|-damage|p1a: Dedenne|197/261\n|-damage|p1a: Dedenne|160/261\n|-damage|p1a: Dedenne|126/261\n|-enditem|p1a: Dedenne|Sitrus Berry|[eat]\n|-heal|p1a: Dedenne|191/261|[from] item: Sitrus Berry\n|-heal|p1a: Dedenne|261/261|[from] ability: Cheek Pouch\n|-hitcount|p1a: Dedenne|4\n|move|p1a: Dedenne|Thunderbolt|p2a: Cinccino\n|-damage|p2a: Cinccino|64/260\n|\n|upkeep\n|turn|24\n|-message|dwqadwqdwq forfeited.\n|\n|win|ProfessorFortnite\n|raw|ProfessorFortnite's rating: 1339 &rarr; <strong>1358</strong><br />(+19 for winning)\n|raw|dwqadwqdwq's rating: 1328 &rarr; <strong>1309</strong><br />(-19 for losing)\n|l|\u2606dwqadwqdwq\n|player|p2|\n", "inputlog": ">version bfd83cad13791eb5a5a409923076391caf6fb4d4\n>start {\"formatid\":\"gen9randombattle\",\"seed\":[51220,61255,4614,30971],\"rated\":\"Rated battle\"}\n>player p1 {\"name\":\"ProfessorFortnite\",\"avatar\":\"fisherman-gen4\",\"rating\":1339,\"seed\":[55484,34774,20206,32215]}\n>player p2 {\"name\":\"dwqadwqdwq\",\"avatar\":\"266\",\"rating\":1350,\"seed\":[60973,6061,9671,19731]}\n>p1 move stompingtantrum\n>p2 move judgment\n>p1 switch 2\n>p1 move tripleaxel\n>p2 switch 4\n>p1 move tripleaxel\n>p2 move suckerpunch\n>p2 switch 5\n>p1 move tripleaxel terastallize\n>p2 switch 6\n>p1 move tripleaxel\n>p2 move toxic\n>p2 switch 6\n>p1 move tripleaxel\n>p2 move dragondance\n>p1 move tripleaxel\n>p2 move waterfall\n>p1 switch 5\n>p1 move bravebird\n>p2 move waterfall\n>p2 switch 4\n>p1 move bodypress\n>p2 move recover\n>p1 switch 4\n>p2 move recover\n>p1 move stealthrock\n>p2 switch 3\n>p1 move earthquake\n>p2 move spore\n>p1 move earthquake\n>p2 move shellsmash\n>p1 move earthquake\n>p2 move powertrip\n>p2 switch 2\n>p1 switch 4\n>p2 move bulletseed\n>p1 move bodypress\n>p2 move uturn\n>p2 switch 3\n>p1 move roost\n>p2 move icebeam\n>p1 move bodypress\n>p2 move calmmind\n>p1 switch 4\n>p2 move recover\n>p1 move earthquake\n>p2 move icebeam\n>p1 move earthquake\n>p2 move icebeam\n>p1 switch 6\n>p1 move dazzlinggleam\n>p2 move recover\n>p2 switch 3\n>p1 move thunderbolt\n>p2 move bulletseed\n>forcelose p2", "uploadtime": 1733874107, "views": 4, "formatid": "gen9randombattle", "rating": 1309, "private": 0, "password": null}