{"id": "gen9randombattle-2260307801", "format": "[Gen 9] Random Battle", "players": ["Necromancer777", "TRGL"], "log": "|j|\u2606Necromancer777\n|j|\u2606TRGL\n|t:|1733838036\n|gametype|singles\n|player|p1|Necromancer777|clown|1321\n|player|p2|TRGL|supernerd|1285\n|teamsize|p1|6\n|teamsize|p2|6\n|gen|9\n|tier|[Gen 9] Random Battle\n|rated|\n|rule|Species Clause: Limit one of each Pok\u00e9mon\n|rule|HP Percentage Mod: HP is shown in percentages\n|rule|Sleep Clause Mod: Limit one foe put to sleep\n|rule|Illusion Level Mod: Illusion disguises the Pok\u00e9mon's true level\n|\n|t:|1733838036\n|start\n|switch|p1a: Frosmoth|Frosmoth, L82, F|249/249\n|switch|p2a: Heracross|Heracross, L80, M|259/259\n|turn|1\n|inactive|Battle timer is ON: inactive players will automatically lose when time's up. (requested by TRGL)\n|\n|t:|1733838045\n|move|p2a: Heracross|Stone Edge|p1a: Frosmoth\n|-supereffective|p1a: Frosmoth\n|-damage|p1a: Frosmoth|0 fnt\n|faint|p1a: Frosmoth\n|-ability|p2a: Heracross|Moxie|boost\n|-boost|p2a: Heracross|atk|1\n|\n|upkeep\n|\n|t:|1733838058\n|switch|p1a: Flamigo|Flamigo, L82, M|269/269\n|turn|2\n|\n|t:|1733838060\n|move|p2a: Heracross|Stone Edge|p1a: Flamigo|[miss]\n|-miss|p2a: Heracross|p1a: Flamigo\n|move|p1a: Flamigo|Brave Bird|p2a: Heracross\n|-supereffective|p2a: Heracross\n|-damage|p2a: Heracross|0 fnt\n|faint|p2a: Heracross\n|-damage|p1a: Flamigo|184/269|[from] Recoil\n|\n|upkeep\n|\n|t:|1733838072\n|switch|p2a: Palafin|Palafin, L77, F|281/281\n|turn|3\n|\n|t:|1733838084\n|detailschange|p2a: Palafin|Palafin-Hero, L77, F\n|switch|p2a: Diancie|Diancie, L82|216/216\n|move|p1a: Flamigo|Brave Bird|p2a: Diancie\n|-resisted|p2a: Diancie\n|-damage|p2a: Diancie|150/216\n|-damage|p1a: Flamigo|162/269|[from] Recoil\n|\n|-heal|p2a: Diancie|163/216|[from] item: Leftovers\n|upkeep\n|turn|4\n|\n|t:|1733838096\n|switch|p1a: Vileplume|Vileplume, L85, M|266/266\n|move|p2a: Diancie|Calm Mind|p2a: Diancie\n|-boost|p2a: Diancie|spa|1\n|-boost|p2a: Diancie|spd|1\n|\n|-heal|p2a: Diancie|176/216|[from] item: Leftovers\n|upkeep\n|turn|5\n|\n|t:|1733838120\n|switch|p2a: Zacian|Zacian-Crowned, L64|225/225\n|-ability|p2a: Zacian|Intrepid Sword|boost\n|-boost|p2a: Zacian|atk|1\n|move|p1a: Vileplume|Leech Seed|p2a: Zacian\n|-start|p2a: Zacian|move: Leech Seed\n|\n|-damage|p2a: Zacian|197/225|[from] Leech Seed|[of] p1a: Vileplume\n|upkeep\n|turn|6\n|\n|t:|1733838131\n|move|p2a: Zacian|Swords Dance|p2a: Zacian\n|-boost|p2a: Zacian|atk|2\n|move|p1a: Vileplume|Strength Sap|p2a: Zacian\n|-unboost|p2a: Zacian|atk|1\n|\n|-damage|p2a: Zacian|169/225|[from] Leech Seed|[of] p1a: Vileplume\n|upkeep\n|turn|7\n|\n|t:|1733838144\n|move|p2a: Zacian|Behemoth Blade|p1a: Vileplume\n|-damage|p1a: Vileplume|80/266\n|move|p1a: Vileplume|Strength Sap|p2a: Zacian\n|-unboost|p2a: Zacian|atk|1\n|-heal|p1a: Vileplume|266/266\n|\n|-damage|p2a: Zacian|141/225|[from] Leech Seed|[of] p1a: Vileplume\n|upkeep\n|turn|8\n|\n|t:|1733838159\n|switch|p2a: Milotic|Milotic, L83, F|293/293\n|move|p1a: Vileplume|Strength Sap|p2a: Milotic\n|-unboost|p2a: Milotic|atk|1\n|-ability|p2a: Milotic|Competitive|boost\n|-boost|p2a: Milotic|spa|2\n|\n|upkeep\n|turn|9\n|\n|t:|1733838169\n|switch|p1a: Iron Crown|Iron Crown, L78|268/268\n|move|p2a: Milotic|Ice Beam|p1a: Iron Crown\n|-resisted|p1a: Iron Crown\n|-damage|p1a: Iron Crown|212/268\n|\n|upkeep\n|turn|10\n|\n|t:|1733838185\n|move|p1a: Iron Crown|Volt Switch|p2a: Milotic\n|-supereffective|p2a: Milotic\n|-damage|p2a: Milotic|163/293\n|\n|t:|1733838195\n|-end|p1a: Iron Crown|Quark Drive|[silent]\n|switch|p1a: Vileplume|Vileplume, L85, M|266/266|[from] Volt Switch\n|move|p2a: Milotic|Dragon Tail|p1a: Vileplume\n|-damage|p1a: Vileplume|246/266\n|-status|p2a: Milotic|psn|[from] ability: Effect Spore|[of] p1a: Vileplume\n|drag|p1a: Zapdos|Zapdos, L78|268/268\n|\n|-heal|p2a: Milotic|181/293 psn|[from] item: Leftovers\n|-damage|p2a: Milotic|145/293 psn|[from] psn\n|upkeep\n|turn|11\n|\n|t:|1733838208\n|move|p1a: Zapdos|Discharge|p2a: Milotic\n|-supereffective|p2a: Milotic\n|-damage|p2a: Milotic|13/293 psn\n|move|p2a: Milotic|Ice Beam|p1a: Zapdos\n|-supereffective|p1a: Zapdos\n|-damage|p1a: Zapdos|0 fnt\n|faint|p1a: Zapdos\n|\n|-heal|p2a: Milotic|31/293 psn|[from] item: Leftovers\n|-damage|p2a: Milotic|0 fnt|[from] psn\n|faint|p2a: Milotic\n|upkeep\n|\n|t:|1733838226\n|switch|p1a: Vileplume|Vileplume, L85, M|246/266\n|switch|p2a: Palafin|Palafin-Hero, L77, F|281/281\n|-activate|p2a: Palafin|ability: Zero to Hero\n|turn|12\n|\n|t:|1733838233\n|move|p2a: Palafin|Ice Punch|p1a: Vileplume\n|-supereffective|p1a: Vileplume\n|-damage|p1a: Vileplume|110/266\n|move|p1a: Vileplume|Strength Sap|p2a: Palafin\n|-unboost|p2a: Palafin|atk|1\n|-heal|p1a: Vileplume|266/266\n|\n|upkeep\n|turn|13\n|\n|t:|1733838247\n|switch|p2a: Diancie|Diancie, L82|176/216\n|move|p1a: Vileplume|Giga Drain|p2a: Diancie\n|-supereffective|p2a: Diancie\n|-damage|p2a: Diancie|56/216\n|\n|-heal|p2a: Diancie|69/216|[from] item: Leftovers\n|upkeep\n|turn|14\n|inactive|TRGL has 120 seconds left.\n|\n|t:|1733838268\n|-terastallize|p2a: Diancie|Fairy\n|move|p1a: Vileplume|Giga Drain|p2a: Diancie\n|-damage|p2a: Diancie|6/216\n|move|p2a: Diancie|Calm Mind|p2a: Diancie\n|-boost|p2a: Diancie|spa|1\n|-boost|p2a: Diancie|spd|1\n|\n|-heal|p2a: Diancie|19/216|[from] item: Leftovers\n|upkeep\n|turn|15\n|\n|t:|1733838277\n|move|p1a: Vileplume|Sludge Bomb|p2a: Diancie\n|-supereffective|p2a: Diancie\n|-damage|p2a: Diancie|0 fnt\n|faint|p2a: Diancie\n|\n|upkeep\n|\n|t:|1733838285\n|switch|p2a: Crabominable|Crabominable, L90, F|321/321\n|turn|16\n|\n|t:|1733838297\n|switch|p1a: Iron Crown|Iron Crown, L78|212/268\n|move|p2a: Crabominable|Ice Hammer|p1a: Iron Crown|[miss]\n|-miss|p2a: Crabominable|p1a: Iron Crown\n|\n|upkeep\n|turn|17\n|\n|t:|1733838308\n|switch|p2a: Palafin|Palafin-Hero, L77, F|281/281\n|move|p1a: Iron Crown|Psyshock|p2a: Palafin\n|-damage|p2a: Palafin|146/281\n|\n|-heal|p2a: Palafin|163/281|[from] item: Leftovers\n|upkeep\n|turn|18\n|\n|t:|1733838320\n|move|p2a: Palafin|Bulk Up|p2a: Palafin\n|-boost|p2a: Palafin|atk|1\n|-boost|p2a: Palafin|def|1\n|move|p1a: Iron Crown|Psyshock|p2a: Palafin\n|-damage|p2a: Palafin|69/281\n|\n|-heal|p2a: Palafin|86/281|[from] item: Leftovers\n|upkeep\n|turn|19\n|\n|t:|1733838330\n|move|p2a: Palafin|Drain Punch|p1a: Iron Crown\n|-damage|p1a: Iron Crown|119/268\n|-heal|p2a: Palafin|133/281|[from] drain|[of] p1a: Iron Crown\n|move|p1a: Iron Crown|Psyshock|p2a: Palafin\n|-damage|p2a: Palafin|42/281\n|\n|-heal|p2a: Palafin|59/281|[from] item: Leftovers\n|upkeep\n|turn|20\n|\n|t:|1733838343\n|move|p2a: Palafin|Drain Punch|p1a: Iron Crown\n|-damage|p1a: Iron Crown|27/268\n|-heal|p2a: Palafin|105/281|[from] drain|[of] p1a: Iron Crown\n|move|p1a: Iron Crown|Psyshock|p2a: Palafin\n|-damage|p2a: Palafin|14/281\n|\n|-heal|p2a: Palafin|31/281|[from] item: Leftovers\n|upkeep\n|turn|21\n|\n|t:|1733838351\n|move|p2a: Palafin|Drain Punch|p1a: Iron Crown\n|-damage|p1a: Iron Crown|0 fnt\n|-heal|p2a: Palafin|45/281|[from] drain|[of] p1a: Iron Crown\n|faint|p1a: Iron Crown\n|-end|p1a: Iron Crown|Quark Drive|[silent]\n|\n|-heal|p2a: Palafin|62/281|[from] item: Leftovers\n|upkeep\n|\n|t:|1733838354\n|switch|p1a: Raikou|Raikou, L81|278/278\n|-ability|p1a: Raikou|Pressure\n|turn|22\n|\n|t:|1733838370\n|switch|p2a: Zacian|Zacian-Crowned, L64|141/225\n|move|p1a: Raikou|Thunderbolt|p2a: Zacian\n|-damage|p2a: Zacian|36/225\n|\n|upkeep\n|turn|23\n|\n|t:|1733838382\n|move|p1a: Raikou|Thunderbolt|p2a: Zacian\n|-damage|p2a: Zacian|0 fnt\n|faint|p2a: Zacian\n|\n|upkeep\n|\n|t:|1733838390\n|switch|p2a: Crabominable|Crabominable, L90, F|321/321\n|turn|24\n|\n|t:|1733838409\n|move|p1a: Raikou|Substitute|p1a: Raikou\n|-start|p1a: Raikou|Substitute\n|-damage|p1a: Raikou|209/278\n|move|p2a: Crabominable|Ice Hammer|p1a: Raikou\n|-end|p1a: Raikou|Substitute\n|-unboost|p2a: Crabominable|spe|1\n|\n|-heal|p1a: Raikou|226/278|[from] item: Leftovers\n|upkeep\n|turn|25\n|\n|t:|1733838417\n|-terastallize|p1a: Raikou|Water\n|move|p1a: Raikou|Scald|p2a: Crabominable\n|-damage|p2a: Crabominable|209/321\n|move|p2a: Crabominable|Ice Hammer|p1a: Raikou\n|-resisted|p1a: Raikou\n|-damage|p1a: Raikou|56/278\n|-unboost|p2a: Crabominable|spe|1\n|\n|-heal|p1a: Raikou|73/278|[from] item: Leftovers\n|upkeep\n|turn|26\n|\n|t:|1733838427\n|move|p1a: Raikou|Substitute|p1a: Raikou\n|-start|p1a: Raikou|Substitute\n|-damage|p1a: Raikou|4/278\n|move|p2a: Crabominable|Ice Hammer|p1a: Raikou\n|-resisted|p1a: Raikou\n|-end|p1a: Raikou|Substitute\n|-unboost|p2a: Crabominable|spe|1\n|\n|-heal|p1a: Raikou|21/278|[from] item: Leftovers\n|upkeep\n|turn|27\n|\n|t:|1733838435\n|move|p1a: Raikou|Scald|p2a: Crabominable\n|-damage|p2a: Crabominable|100/321\n|move|p2a: Crabominable|Ice Hammer|p1a: Raikou\n|-resisted|p1a: Raikou\n|-damage|p1a: Raikou|0 fnt\n|-unboost|p2a: Crabominable|spe|1\n|faint|p1a: Raikou\n|\n|upkeep\n|\n|t:|1733838439\n|switch|p1a: Flamigo|Flamigo, L82, M|162/269\n|turn|28\n|\n|t:|1733838445\n|move|p1a: Flamigo|Brave Bird|p2a: Crabominable\n|-supereffective|p2a: Crabominable\n|-damage|p2a: Crabominable|0 fnt\n|faint|p2a: Crabominable\n|-damage|p1a: Flamigo|129/269|[from] Recoil\n|\n|upkeep\n|\n|t:|1733838450\n|switch|p2a: Palafin|Palafin-Hero, L77, F|62/281\n|turn|29\n|\n|t:|1733838456\n|move|p2a: Palafin|Ice Punch|p1a: Flamigo\n|-supereffective|p1a: Flamigo\n|-damage|p1a: Flamigo|0 fnt\n|faint|p1a: Flamigo\n|\n|-heal|p2a: Palafin|79/281|[from] item: Leftovers\n|upkeep\n|\n|t:|1733838461\n|switch|p1a: Vileplume|Vileplume, L85, M|266/266\n|turn|30\n|\n|t:|1733838465\n|move|p2a: Palafin|Ice Punch|p1a: Vileplume\n|-supereffective|p1a: Vileplume\n|-damage|p1a: Vileplume|122/266\n|-status|p2a: Palafin|psn|[from] ability: Effect Spore|[of] p1a: Vileplume\n|move|p1a: Vileplume|Giga Drain|p2a: Palafin\n|-supereffective|p2a: Palafin\n|-damage|p2a: Palafin|0 fnt\n|-heal|p1a: Vileplume|162/266|[from] drain|[of] p2a: Palafin\n|faint|p2a: Palafin\n|\n|win|Necromancer777\n|raw|Necromancer777's rating: 1339 &rarr; <strong>1356</strong><br />(+17 for winning)\n|raw|TRGL's rating: 1285 &rarr; <strong>1264</strong><br />(-21 for losing)\n|c|\u2606Necromancer777|gg\n|l|\u2606TRGL\n|player|p2|\n", "inputlog": ">version bfd83cad13791eb5a5a409923076391caf6fb4d4\n>start {\"formatid\":\"gen9randombattle\",\"seed\":[27507,52498,21219,10871],\"rated\":\"Rated battle\"}\n>player p1 {\"name\":\"Necromancer777\",\"avatar\":\"clown\",\"rating\":1321,\"seed\":[37865,23679,6290,59792]}\n>player p2 {\"name\":\"TRGL\",\"avatar\":\"supernerd\",\"rating\":1285,\"seed\":[20070,13136,19799,45770]}\n>p1 move quiverdance\n>p2 move stoneedge\n>p1 switch 6\n>p1 move bravebird\n>p2 move stoneedge\n>p2 switch 4\n>p1 move bravebird\n>p2 switch 6\n>p1 switch 4\n>p2 move calmmind\n>p1 move leechseed\n>p2 switch 3\n>p1 move strengthsap\n>p2 move swordsdance\n>p1 move strengthsap\n>p2 move behemothblade\n>p1 move strengthsap\n>p2 switch 5\n>p1 switch 5\n>p2 move icebeam\n>p1 move voltswitch\n>p2 move dragontail\n>p1 switch 5\n>p1 move discharge\n>p2 move icebeam\n>p1 switch 3\n>p2 switch 6\n>p1 move strengthsap\n>p2 move icepunch\n>p1 move gigadrain\n>p2 switch 3\n>p1 move gigadrain\n>p2 move calmmind terastallize\n>p1 move sludgebomb\n>p2 move drainingkiss\n>p2 switch 2\n>p1 switch 5\n>p2 move icehammer\n>p1 move psyshock\n>p2 switch 3\n>p1 move psyshock\n>p2 move bulkup\n>p1 move psyshock\n>p2 move drainpunch\n>p1 move psyshock\n>p2 move drainpunch\n>p1 move psyshock\n>p2 move drainpunch\n>p1 switch 2\n>p1 move thunderbolt\n>p2 switch 5\n>p1 move thunderbolt\n>p2 move behemothblade\n>p2 switch 3\n>p1 move substitute\n>p2 move icehammer\n>p1 move scald terastallize\n>p2 move icehammer\n>p1 move substitute\n>p2 move icehammer\n>p1 move scald\n>p2 move icehammer\n>p1 switch 4\n>p1 move bravebird\n>p2 move icehammer\n>p2 switch 5\n>p1 move bravebird\n>p2 move icepunch\n>p1 switch 5\n>p1 move gigadrain\n>p2 move icepunch", "uploadtime": 1733838471, "views": 1, "formatid": "gen9randombattle", "rating": 1264, "private": 0, "password": null}