{"id": "gen9randombattle-2260853395", "format": "[Gen 9] Random Battle", "players": ["Pookdog", "ZOHAR5555"], "log": "|j|\u203dPookdog\n|j|\u2606ZOHAR5555\n|t:|1733904583\n|gametype|singles\n|player|p1|Pookdog|2|1187\n|player|p2|ZOHAR5555|clair|1230\n|teamsize|p1|6\n|teamsize|p2|6\n|gen|9\n|tier|[Gen 9] Random Battle\n|rated|\n|rule|Species Clause: Limit one of each Pok\u00e9mon\n|rule|HP Percentage Mod: HP is shown in percentages\n|rule|Sleep Clause Mod: Limit one foe put to sleep\n|rule|Illusion Level Mod: Illusion disguises the Pok\u00e9mon's true level\n|\n|t:|1733904583\n|start\n|switch|p1a: Tentacruel|Tentacruel, L84, F|272/272\n|switch|p2a: Keldeo|Keldeo-Resolute, L79|273/273\n|turn|1\n|inactive|Battle timer is ON: inactive players will automatically lose when time's up. (requested by Pookdog)\n|\n|t:|1733904598\n|switch|p2a: Volbeat|Volbeat, L90, M|263/263\n|move|p1a: Tentacruel|Toxic|p2a: Volbeat\n|-status|p2a: Volbeat|tox\n|\n|-damage|p2a: Volbeat|247/263 tox|[from] psn\n|upkeep\n|turn|2\n|\n|t:|1733904623\n|switch|p1a: Great Tusk|Great Tusk, L77|304/304\n|move|p2a: Volbeat|Thunder Wave|p1a: Great Tusk\n|-immune|p1a: Great Tusk\n|\n|-damage|p2a: Volbeat|215/263 tox|[from] psn\n|upkeep\n|turn|3\n|\n|t:|1733904634\n|move|p2a: Volbeat|Lunge|p1a: Great Tusk\n|-resisted|p1a: Great Tusk\n|-damage|p1a: Great Tusk|272/304\n|-unboost|p1a: Great Tusk|atk|1\n|move|p1a: Great Tusk|Stealth Rock|p2a: Volbeat\n|-sidestart|p2: ZOHAR5555|move: Stealth Rock\n|\n|-heal|p1a: Great Tusk|291/304|[from] item: Leftovers\n|-damage|p2a: Volbeat|167/263 tox|[from] psn\n|upkeep\n|turn|4\n|\n|t:|1733904653\n|move|p2a: Volbeat|Encore|p1a: Great Tusk\n|-start|p1a: Great Tusk|Encore\n|move|p1a: Great Tusk|Stealth Rock||[still]\n|-fail|p1a: Great Tusk\n|\n|-heal|p1a: Great Tusk|304/304|[from] item: Leftovers\n|-damage|p2a: Volbeat|103/263 tox|[from] psn\n|upkeep\n|turn|5\n|\n|t:|1733904664\n|-end|p1a: Great Tusk|Protosynthesis|[silent]\n|switch|p1a: Tentacruel|Tentacruel, L84, F|272/272\n|move|p2a: Volbeat|Thunder Wave|p1a: Tentacruel\n|-status|p1a: Tentacruel|par\n|\n|-damage|p2a: Volbeat|23/263 tox|[from] psn\n|upkeep\n|turn|6\n|inactive|Pookdog has 120 seconds left.\n|\n|t:|1733904694\n|switch|p2a: Articuno|Articuno, L86|295/295\n|-ability|p2a: Articuno|Pressure\n|cant|p1a: Tentacruel|par\n|\n|upkeep\n|turn|7\n|\n|t:|1733904702\n|switch|p1a: Archaludon|Archaludon, L78, F|268/268\n|move|p2a: Articuno|Freeze-Dry|p1a: Archaludon\n|-damage|p1a: Archaludon|156/268\n|-ability|p1a: Archaludon|Stamina|boost\n|-boost|p1a: Archaludon|def|1\n|\n|upkeep\n|turn|8\n|inactive|Pookdog has 120 seconds left.\n|\n|t:|1733904731\n|move|p2a: Articuno|Freeze-Dry|p1a: Archaludon\n|-damage|p1a: Archaludon|62/268\n|-ability|p1a: Archaludon|Stamina|boost\n|-boost|p1a: Archaludon|def|1\n|move|p1a: Archaludon|Iron Head|p2a: Articuno\n|-supereffective|p2a: Articuno\n|-damage|p2a: Articuno|157/295\n|\n|upkeep\n|turn|9\n|inactive|Pookdog has 120 seconds left.\n|\n|t:|1733904742\n|move|p2a: Articuno|Freeze-Dry|p1a: Archaludon\n|-damage|p1a: Archaludon|0 fnt\n|faint|p1a: Archaludon\n|\n|upkeep\n|inactive|Pookdog has 90 seconds left.\n|\n|t:|1733904776\n|switch|p1a: Comfey|Comfey, L85, F|225/225\n|turn|10\n|\n|t:|1733904785\n|-terastallize|p2a: Articuno|Steel\n|move|p1a: Comfey|Calm Mind|p1a: Comfey\n|-boost|p1a: Comfey|spa|1\n|-boost|p1a: Comfey|spd|1\n|move|p2a: Articuno|Roost|p2a: Articuno\n|-heal|p2a: Articuno|295/295\n|\n|upkeep\n|turn|11\n|\n|t:|1733904798\n|move|p1a: Comfey|Calm Mind|p1a: Comfey\n|-boost|p1a: Comfey|spa|1\n|-boost|p1a: Comfey|spd|1\n|move|p2a: Articuno|Brave Bird|p1a: Comfey\n|-damage|p1a: Comfey|99/225\n|-damage|p2a: Articuno|253/295|[from] Recoil\n|\n|-heal|p1a: Comfey|113/225|[from] item: Leftovers\n|upkeep\n|turn|12\n|inactive|Pookdog has 90 seconds left.\n|\n|t:|1733904825\n|-terastallize|p1a: Comfey|Steel\n|move|p1a: Comfey|Giga Drain|p2a: Articuno\n|-resisted|p2a: Articuno\n|-damage|p2a: Articuno|219/295\n|-heal|p1a: Comfey|130/225|[from] drain|[of] p2a: Articuno\n|move|p2a: Articuno|Brave Bird|p1a: Comfey\n|-resisted|p1a: Comfey\n|-damage|p1a: Comfey|73/225\n|-damage|p2a: Articuno|200/295|[from] Recoil\n|\n|-heal|p1a: Comfey|87/225|[from] item: Leftovers\n|upkeep\n|turn|13\n|inactive|Pookdog has 90 seconds left.\n|\n|t:|1733904837\n|move|p1a: Comfey|Giga Drain|p2a: Articuno\n|-resisted|p2a: Articuno\n|-damage|p2a: Articuno|165/295\n|-heal|p1a: Comfey|105/225|[from] drain|[of] p2a: Articuno\n|move|p2a: Articuno|Haze|p2a: Articuno\n|-clearallboost\n|\n|-heal|p1a: Comfey|119/225|[from] item: Leftovers\n|upkeep\n|turn|14\n|inactive|Pookdog has 90 seconds left.\n|inactive|Pookdog has 60 seconds left.\n|\n|t:|1733904879\n|switch|p1a: Arceus|Arceus-Ghost, L69|280/280\n|move|p2a: Articuno|Freeze-Dry|p1a: Arceus\n|-damage|p1a: Arceus|208/280\n|\n|upkeep\n|turn|15\n|\n|t:|1733904895\n|switch|p2a: Hitmonlee|Hitmonlee, L85, M|224/224\n|-damage|p2a: Hitmonlee|210/224|[from] Stealth Rock\n|move|p1a: Arceus|Focus Blast|p2a: Hitmonlee\n|-damage|p2a: Hitmonlee|149/224\n|-unboost|p2a: Hitmonlee|spd|1\n|-enditem|p2a: Hitmonlee|White Herb\n|-clearnegativeboost|p2a: Hitmonlee|[silent]\n|\n|upkeep\n|turn|16\n|inactive|Pookdog has 60 seconds left.\n|\n|t:|1733904917\n|move|p2a: Hitmonlee|Knock Off|p1a: Arceus\n|-supereffective|p1a: Arceus\n|-damage|p1a: Arceus|104/280\n|move|p1a: Arceus|Will-O-Wisp|p2a: Hitmonlee\n|-status|p2a: Hitmonlee|brn\n|\n|-damage|p2a: Hitmonlee|135/224 brn|[from] brn\n|upkeep\n|turn|17\n|\n|t:|1733904926\n|move|p2a: Hitmonlee|Swords Dance|p2a: Hitmonlee\n|-boost|p2a: Hitmonlee|atk|2\n|move|p1a: Arceus|Recover|p1a: Arceus\n|-heal|p1a: Arceus|244/280\n|\n|-damage|p2a: Hitmonlee|121/224 brn|[from] brn\n|upkeep\n|turn|18\n|\n|t:|1733904933\n|move|p2a: Hitmonlee|Poison Jab|p1a: Arceus\n|-resisted|p1a: Arceus\n|-damage|p1a: Arceus|214/280\n|move|p1a: Arceus|Judgment|p2a: Hitmonlee\n|-damage|p2a: Hitmonlee|36/224 brn\n|\n|-damage|p2a: Hitmonlee|22/224 brn|[from] brn\n|upkeep\n|turn|19\n|\n|t:|1733904943\n|switch|p1a: Tentacruel|Tentacruel, L84, F|272/272 par\n|move|p2a: Hitmonlee|Knock Off|p1a: Tentacruel\n|-damage|p1a: Tentacruel|167/272 par\n|-enditem|p1a: Tentacruel|Leftovers|[from] move: Knock Off|[of] p2a: Hitmonlee\n|\n|-damage|p2a: Hitmonlee|8/224 brn|[from] brn\n|upkeep\n|turn|20\n|\n|t:|1733904968\n|move|p2a: Hitmonlee|Close Combat|p1a: Tentacruel\n|-resisted|p1a: Tentacruel\n|-damage|p1a: Tentacruel|66/272 par\n|-unboost|p2a: Hitmonlee|def|1\n|-unboost|p2a: Hitmonlee|spd|1\n|move|p1a: Tentacruel|Surf|p2a: Hitmonlee\n|-damage|p2a: Hitmonlee|0 fnt\n|faint|p2a: Hitmonlee\n|\n|upkeep\n|\n|t:|1733904978\n|switch|p2a: Volbeat|Volbeat, L90, M|23/263 tox\n|turn|21\n|\n|t:|1733904984\n|move|p2a: Volbeat|Roost|p2a: Volbeat\n|-heal|p2a: Volbeat|155/263 tox\n|-singleturn|p2a: Volbeat|move: Roost\n|move|p1a: Tentacruel|Surf|p2a: Volbeat\n|-damage|p2a: Volbeat|74/263 tox\n|\n|-damage|p2a: Volbeat|58/263 tox|[from] psn\n|upkeep\n|turn|22\n|\n|t:|1733904996\n|move|p2a: Volbeat|Roost|p2a: Volbeat\n|-heal|p2a: Volbeat|190/263 tox\n|-singleturn|p2a: Volbeat|move: Roost\n|move|p1a: Tentacruel|Surf|p2a: Volbeat\n|-damage|p2a: Volbeat|106/263 tox\n|\n|-damage|p2a: Volbeat|74/263 tox|[from] psn\n|upkeep\n|turn|23\n|\n|t:|1733905006\n|move|p2a: Volbeat|Lunge|p1a: Tentacruel\n|-resisted|p1a: Tentacruel\n|-damage|p1a: Tentacruel|18/272 par\n|-unboost|p1a: Tentacruel|atk|1\n|cant|p1a: Tentacruel|par\n|\n|-damage|p2a: Volbeat|26/263 tox|[from] psn\n|upkeep\n|turn|24\n|\n|t:|1733905020\n|switch|p2a: Articuno|Articuno, L86, tera:Steel|165/295\n|-ability|p2a: Articuno|Pressure\n|move|p1a: Tentacruel|Surf|p2a: Articuno\n|-crit|p2a: Articuno\n|-damage|p2a: Articuno|71/295\n|\n|upkeep\n|turn|25\n|\n|t:|1733905028\n|switch|p1a: Great Tusk|Great Tusk, L77|304/304\n|move|p2a: Articuno|Roost|p2a: Articuno\n|-heal|p2a: Articuno|219/295\n|\n|upkeep\n|turn|26\n|\n|t:|1733905047\n|move|p2a: Articuno|Brave Bird|p1a: Great Tusk\n|-supereffective|p1a: Great Tusk\n|-crit|p1a: Great Tusk\n|-damage|p1a: Great Tusk|4/304\n|-damage|p2a: Articuno|120/295|[from] Recoil\n|move|p1a: Great Tusk|Close Combat|p2a: Articuno\n|-supereffective|p2a: Articuno\n|-damage|p2a: Articuno|0 fnt\n|-unboost|p1a: Great Tusk|def|1\n|-unboost|p1a: Great Tusk|spd|1\n|faint|p2a: Articuno\n|\n|-heal|p1a: Great Tusk|23/304|[from] item: Leftovers\n|upkeep\n|\n|t:|1733905064\n|switch|p2a: Volbeat|Volbeat, L90, M|26/263 tox\n|turn|27\n|inactive|Pookdog has 120 seconds left.\n|\n|t:|1733905069\n|-end|p1a: Great Tusk|Protosynthesis|[silent]\n|switch|p1a: Tentacruel|Tentacruel, L84, F|18/272 par\n|move|p2a: Volbeat|Lunge|p1a: Tentacruel\n|-resisted|p1a: Tentacruel\n|-damage|p1a: Tentacruel|0 fnt\n|faint|p1a: Tentacruel\n|\n|-damage|p2a: Volbeat|10/263 tox|[from] psn\n|upkeep\n|inactive|Pookdog has 120 seconds left.\n|\n|t:|1733905096\n|switch|p1a: Phione|Phione, L91|293/293\n|turn|28\n|\n|t:|1733905101\n|move|p2a: Volbeat|Thunder Wave|p1a: Phione\n|-status|p1a: Phione|par\n|move|p1a: Phione|Scald|p2a: Volbeat\n|-damage|p2a: Volbeat|0 fnt\n|faint|p2a: Volbeat\n|\n|upkeep\n|\n|t:|1733905120\n|switch|p2a: Primarina|Primarina, L83, F|268/268\n|-damage|p2a: Primarina|235/268|[from] Stealth Rock\n|turn|29\n|inactive|Pookdog has 120 seconds left.\n|\n|t:|1733905136\n|move|p2a: Primarina|Psychic|p1a: Phione\n|-damage|p1a: Phione|217/293 par\n|move|p1a: Phione|Take Heart|p1a: Phione\n|-boost|p1a: Phione|spa|1\n|-boost|p1a: Phione|spd|1\n|-curestatus|p1a: Phione|par|[msg]\n|\n|-heal|p1a: Phione|235/293|[from] item: Leftovers\n|-heal|p2a: Primarina|251/268|[from] item: Leftovers\n|upkeep\n|turn|30\n|inactive|Pookdog has 120 seconds left.\n|\n|t:|1733905153\n|move|p1a: Phione|Take Heart|p1a: Phione\n|-boost|p1a: Phione|spa|1\n|-boost|p1a: Phione|spd|1\n|move|p2a: Primarina|Calm Mind|p2a: Primarina\n|-boost|p2a: Primarina|spa|1\n|-boost|p2a: Primarina|spd|1\n|\n|-heal|p1a: Phione|253/293|[from] item: Leftovers\n|-heal|p2a: Primarina|267/268|[from] item: Leftovers\n|upkeep\n|turn|31\n|inactive|Pookdog has 120 seconds left.\n|inactive|ZOHAR5555 has 120 seconds left.\n|\n|t:|1733905186\n|move|p1a: Phione|Scald|p2a: Primarina\n|-resisted|p2a: Primarina\n|-damage|p2a: Primarina|220/268\n|move|p2a: Primarina|Sparkling Aria|p1a: Phione\n|-resisted|p1a: Phione\n|-damage|p1a: Phione|211/293\n|\n|-heal|p1a: Phione|229/293|[from] item: Leftovers\n|-heal|p2a: Primarina|236/268|[from] item: Leftovers\n|upkeep\n|turn|32\n|inactive|ZOHAR5555 has 120 seconds left.\n|\n|t:|1733905196\n|move|p1a: Phione|Scald|p2a: Primarina\n|-resisted|p2a: Primarina\n|-damage|p2a: Primarina|191/268\n|move|p2a: Primarina|Psychic|p1a: Phione\n|-damage|p1a: Phione|166/293\n|\n|-heal|p1a: Phione|184/293|[from] item: Leftovers\n|-heal|p2a: Primarina|207/268|[from] item: Leftovers\n|upkeep\n|turn|33\n|\n|t:|1733905204\n|move|p1a: Phione|Scald|p2a: Primarina\n|-resisted|p2a: Primarina\n|-damage|p2a: Primarina|159/268\n|move|p2a: Primarina|Psychic|p1a: Phione\n|-damage|p1a: Phione|126/293\n|\n|-heal|p1a: Phione|144/293|[from] item: Leftovers\n|-heal|p2a: Primarina|175/268|[from] item: Leftovers\n|upkeep\n|turn|34\n|\n|t:|1733905213\n|move|p1a: Phione|Rest|p1a: Phione\n|-status|p1a: Phione|slp|[from] move: Rest\n|-heal|p1a: Phione|293/293 slp|[silent]\n|move|p2a: Primarina|Psychic|p1a: Phione\n|-crit|p1a: Phione\n|-damage|p1a: Phione|110/293 slp\n|\n|-heal|p1a: Phione|128/293 slp|[from] item: Leftovers\n|-heal|p2a: Primarina|191/268|[from] item: Leftovers\n|upkeep\n|turn|35\n|\n|t:|1733905224\n|cant|p1a: Phione|slp\n|move|p1a: Phione|Sleep Talk|p1a: Phione\n|move|p1a: Phione|Scald|p2a: Primarina|[from]move: Sleep Talk\n|-resisted|p2a: Primarina\n|-damage|p2a: Primarina|149/268\n|-status|p2a: Primarina|brn\n|move|p2a: Primarina|Psychic|p1a: Phione\n|-damage|p1a: Phione|67/293 slp\n|\n|-heal|p1a: Phione|85/293 slp|[from] item: Leftovers\n|-heal|p2a: Primarina|165/268 brn|[from] item: Leftovers\n|-damage|p2a: Primarina|149/268 brn|[from] brn\n|upkeep\n|turn|36\n|\n|t:|1733905236\n|cant|p1a: Phione|slp\n|move|p1a: Phione|Sleep Talk|p1a: Phione\n|move|p1a: Phione|Take Heart|p1a: Phione|[from]move: Sleep Talk\n|-boost|p1a: Phione|spa|1\n|-boost|p1a: Phione|spd|1\n|-curestatus|p1a: Phione|slp|[msg]\n|move|p2a: Primarina|Calm Mind|p2a: Primarina\n|-boost|p2a: Primarina|spa|1\n|-boost|p2a: Primarina|spd|1\n|\n|-heal|p1a: Phione|103/293|[from] item: Leftovers\n|-heal|p2a: Primarina|165/268 brn|[from] item: Leftovers\n|-damage|p2a: Primarina|149/268 brn|[from] brn\n|upkeep\n|turn|37\n|\n|t:|1733905248\n|move|p1a: Phione|Scald|p2a: Primarina\n|-resisted|p2a: Primarina\n|-damage|p2a: Primarina|103/268 brn\n|move|p2a: Primarina|Psychic|p1a: Phione\n|-damage|p1a: Phione|47/293\n|\n|-heal|p1a: Phione|65/293|[from] item: Leftovers\n|-heal|p2a: Primarina|119/268 brn|[from] item: Leftovers\n|-damage|p2a: Primarina|103/268 brn|[from] brn\n|upkeep\n|turn|38\n|\n|t:|1733905257\n|move|p1a: Phione|Scald|p2a: Primarina\n|-resisted|p2a: Primarina\n|-damage|p2a: Primarina|59/268 brn\n|move|p2a: Primarina|Psychic|p1a: Phione\n|-damage|p1a: Phione|1/293\n|\n|-heal|p1a: Phione|19/293|[from] item: Leftovers\n|-heal|p2a: Primarina|75/268 brn|[from] item: Leftovers\n|-damage|p2a: Primarina|59/268 brn|[from] brn\n|upkeep\n|turn|39\n|\n|t:|1733905267\n|move|p1a: Phione|Rest|p1a: Phione\n|-status|p1a: Phione|slp|[from] move: Rest\n|-heal|p1a: Phione|293/293 slp|[silent]\n|move|p2a: Primarina|Psychic|p1a: Phione\n|-damage|p1a: Phione|233/293 slp\n|\n|-heal|p1a: Phione|251/293 slp|[from] item: Leftovers\n|-heal|p2a: Primarina|75/268 brn|[from] item: Leftovers\n|-damage|p2a: Primarina|59/268 brn|[from] brn\n|upkeep\n|turn|40\n|\n|t:|1733905276\n|cant|p1a: Phione|slp\n|move|p1a: Phione|Sleep Talk|p1a: Phione\n|move|p1a: Phione|Scald|p2a: Primarina|[from]move: Sleep Talk\n|-resisted|p2a: Primarina\n|-crit|p2a: Primarina\n|-damage|p2a: Primarina|0 fnt\n|faint|p2a: Primarina\n|\n|-heal|p1a: Phione|269/293 slp|[from] item: Leftovers\n|upkeep\n|\n|t:|1733905289\n|switch|p2a: Keldeo|Keldeo-Resolute, L79|273/273\n|-damage|p2a: Keldeo|256/273|[from] Stealth Rock\n|turn|41\n|\n|t:|1733905301\n|move|p2a: Keldeo|Air Slash|p1a: Phione\n|-damage|p1a: Phione|231/293 slp\n|cant|p1a: Phione|slp\n|move|p1a: Phione|Sleep Talk|p1a: Phione\n|move|p1a: Phione|Take Heart|p1a: Phione|[from]move: Sleep Talk\n|-boost|p1a: Phione|spa|1\n|-boost|p1a: Phione|spd|1\n|-curestatus|p1a: Phione|slp|[msg]\n|\n|-heal|p1a: Phione|249/293|[from] item: Leftovers\n|upkeep\n|turn|42\n|\n|t:|1733905313\n|switch|p2a: Ursaluna|Ursaluna-Bloodmoon, L79, M|308/308\n|-damage|p2a: Ursaluna|289/308|[from] Stealth Rock\n|move|p1a: Phione|Scald|p2a: Ursaluna\n|-supereffective|p2a: Ursaluna\n|-damage|p2a: Ursaluna|0 fnt\n|faint|p2a: Ursaluna\n|\n|-heal|p1a: Phione|267/293|[from] item: Leftovers\n|upkeep\n|\n|t:|1733905322\n|switch|p2a: Keldeo|Keldeo-Resolute, L79|256/273\n|-damage|p2a: Keldeo|239/273|[from] Stealth Rock\n|turn|43\n|\n|t:|1733905339\n|move|p2a: Keldeo|Hydro Pump|p1a: Phione|[miss]\n|-miss|p2a: Keldeo|p1a: Phione\n|move|p1a: Phione|Scald|p2a: Keldeo\n|-resisted|p2a: Keldeo\n|-damage|p2a: Keldeo|116/273\n|\n|-heal|p1a: Phione|285/293|[from] item: Leftovers\n|upkeep\n|turn|44\n|-message|ZOHAR5555 forfeited.\n|\n|win|Pookdog\n|raw|Pookdog's rating: 1187 &rarr; <strong>1215</strong><br />(+28 for winning)\n|raw|ZOHAR5555's rating: 1230 &rarr; <strong>1202</strong><br />(-28 for losing)\n|l|\u2606ZOHAR5555\n|player|p2|\n", "inputlog": ">version bfd83cad13791eb5a5a409923076391caf6fb4d4\n>start {\"formatid\":\"gen9randombattle\",\"seed\":[59052,10364,20456,4869],\"rated\":\"Rated battle\"}\n>player p1 {\"name\":\"Pookdog\",\"avatar\":\"2\",\"rating\":1187,\"seed\":[7091,10664,26021,33484]}\n>player p2 {\"name\":\"ZOHAR5555\",\"avatar\":\"clair\",\"rating\":1230,\"seed\":[29373,30518,51867,63111]}\n>p1 move toxic\n>p2 switch 6\n>p1 switch 4\n>p2 move thunderwave\n>p1 move stealthrock\n>p2 move lunge\n>p1 move icespinner\n>p2 move encore\n>p1 switch 4\n>p2 move thunderwave\n>p1 move surf\n>p2 switch 4\n>p1 switch 6\n>p2 move freezedry\n>p1 move ironhead\n>p2 move freezedry\n>p1 move ironhead\n>p2 move freezedry\n>p1 switch 5\n>p1 move calmmind\n>p2 move roost terastallize\n>p1 move calmmind\n>p2 move bravebird\n>p1 move gigadrain terastallize\n>p2 move bravebird\n>p1 move gigadrain\n>p2 move haze\n>p1 switch 2\n>p2 move freezedry\n>p1 move focusblast\n>p2 switch 5\n>p1 move willowisp\n>p2 move knockoff\n>p1 move recover\n>p2 move swordsdance\n>p1 move judgment\n>p2 move poisonjab\n>p1 switch 6\n>p2 move knockoff\n>p1 move surf\n>p2 move closecombat\n>p2 switch 4\n>p1 move surf\n>p2 move roost\n>p1 move surf\n>p2 move roost\n>p1 move surf\n>p2 move lunge\n>p1 move surf\n>p2 switch 5\n>p1 switch 4\n>p2 move roost\n>p1 move closecombat\n>p2 move bravebird\n>p2 switch 5\n>p1 switch 4\n>p2 move lunge\n>p1 switch 3\n>p1 move scald\n>p2 move thunderwave\n>p2 switch 2\n>p1 move takeheart\n>p2 move psychic\n>p1 move takeheart\n>p2 move calmmind\n>p1 move scald\n>p2 move sparklingaria\n>p1 move scald\n>p2 move psychic\n>p1 move scald\n>p2 move psychic\n>p1 move rest\n>p2 move psychic\n>p1 move sleeptalk\n>p2 move psychic\n>p1 move sleeptalk\n>p2 move calmmind\n>p1 move scald\n>p2 move psychic\n>p1 move scald\n>p2 move psychic\n>p1 move rest\n>p2 move psychic\n>p1 move sleeptalk\n>p2 move calmmind\n>p2 switch 6\n>p1 move sleeptalk\n>p2 move airslash\n>p1 move scald\n>p2 switch 3\n>p2 switch 3\n>p1 move scald\n>p2 move hydropump\n>forcelose p2", "uploadtime": 1733905355, "views": 2, "formatid": "gen9randombattle", "rating": 1202, "private": 0, "password": null}