{"id": "gen9randombattle-2259993287", "format": "[Gen 9] Random Battle", "players": ["epic_cow69", "FunnyLiladam06"], "log": "|j|\u2606epic_cow69\n|j|\u2606FunnyLiladam06\n|t:|1733788605\n|gametype|singles\n|player|p1|epic_cow69|blue|1205\n|player|p2|FunnyLiladam06|265|1166\n|teamsize|p1|6\n|teamsize|p2|6\n|gen|9\n|tier|[Gen 9] Random Battle\n|rated|\n|rule|Species Clause: Limit one of each Pok\u00e9mon\n|rule|HP Percentage Mod: HP is shown in percentages\n|rule|Sleep Clause Mod: Limit one foe put to sleep\n|rule|Illusion Level Mod: Illusion disguises the Pok\u00e9mon's true level\n|\n|t:|1733788605\n|start\n|switch|p1a: Misdreavus|Misdreavus, L90, F|254/254\n|switch|p2a: Manaphy|Manaphy, L78|284/284\n|turn|1\n|\n|t:|1733788630\n|switch|p1a: Iron Leaves|Iron Leaves, L80|275/275\n|move|p2a: Manaphy|Tail Glow|p2a: Manaphy\n|-boost|p2a: Manaphy|spa|3\n|\n|upkeep\n|turn|2\n|\n|t:|1733788638\n|move|p1a: Iron Leaves|Leaf Blade|p2a: Manaphy\n|-supereffective|p2a: Manaphy\n|-damage|p2a: Manaphy|0 fnt\n|faint|p2a: Manaphy\n|\n|upkeep\n|\n|t:|1733788655\n|switch|p2a: Mandibuzz|Mandibuzz, L85, F|326/326\n|turn|3\n|\n|t:|1733788674\n|-end|p1a: Iron Leaves|Quark Drive|[silent]\n|switch|p1a: Swalot|Swalot, L90, F|326/326\n|move|p2a: Mandibuzz|Foul Play|p1a: Swalot\n|-damage|p1a: Swalot|241/326\n|\n|-heal|p1a: Swalot|261/326|[from] item: Leftovers\n|upkeep\n|turn|4\n|\n|t:|1733788695\n|switch|p2a: Avalugg|Avalugg-Hisui, L90, M|317/317\n|move|p1a: Swalot|Ice Beam|p2a: Avalugg\n|-resisted|p2a: Avalugg\n|-damage|p2a: Avalugg|263/317\n|\n|-heal|p1a: Swalot|281/326|[from] item: Leftovers\n|upkeep\n|turn|5\n|\n|t:|1733788723\n|switch|p1a: Iron Leaves|Iron Leaves, L80|275/275\n|move|p2a: Avalugg|Avalanche|p1a: Iron Leaves\n|-supereffective|p1a: Iron Leaves\n|-damage|p1a: Iron Leaves|93/275\n|\n|upkeep\n|turn|6\n|\n|t:|1733788732\n|move|p1a: Iron Leaves|Close Combat|p2a: Avalugg\n|-supereffective|p2a: Avalugg\n|-damage|p2a: Avalugg|0 fnt\n|-unboost|p1a: Iron Leaves|def|1\n|-unboost|p1a: Iron Leaves|spd|1\n|faint|p2a: Avalugg\n|\n|upkeep\n|\n|t:|1733788745\n|switch|p2a: Mandibuzz|Mandibuzz, L85, F|326/326\n|turn|7\n|\n|t:|1733788757\n|-end|p1a: Iron Leaves|Quark Drive|[silent]\n|switch|p1a: Swalot|Swalot, L90, F|281/326\n|move|p2a: Mandibuzz|Foul Play|p1a: Swalot\n|-damage|p1a: Swalot|199/326\n|\n|-heal|p1a: Swalot|219/326|[from] item: Leftovers\n|upkeep\n|turn|8\n|\n|t:|1733788768\n|switch|p2a: Iron Thorns|Iron Thorns, L83|302/302\n|-item|p2a: Iron Thorns|Air Balloon\n|move|p1a: Swalot|Ice Beam|p2a: Iron Thorns\n|-damage|p2a: Iron Thorns|242/302\n|-enditem|p2a: Iron Thorns|Air Balloon\n|\n|-heal|p1a: Swalot|239/326|[from] item: Leftovers\n|upkeep\n|turn|9\n|\n|t:|1733788782\n|move|p2a: Iron Thorns|Stealth Rock|p1a: Swalot\n|-sidestart|p1: epic_cow69|move: Stealth Rock\n|move|p1a: Swalot|Knock Off|p2a: Iron Thorns\n|-damage|p2a: Iron Thorns|204/302\n|\n|-heal|p1a: Swalot|259/326|[from] item: Leftovers\n|upkeep\n|turn|10\n|\n|t:|1733788809\n|move|p2a: Iron Thorns|Spikes|p1a: Swalot\n|-sidestart|p1: epic_cow69|Spikes\n|move|p1a: Swalot|Encore|p2a: Iron Thorns\n|-start|p2a: Iron Thorns|Encore\n|\n|-heal|p1a: Swalot|279/326|[from] item: Leftovers\n|upkeep\n|turn|11\n|\n|t:|1733788826\n|switch|p1a: Iron Leaves|Iron Leaves, L80|93/275\n|-damage|p1a: Iron Leaves|59/275|[from] Stealth Rock\n|-damage|p1a: Iron Leaves|25/275|[from] Spikes\n|move|p2a: Iron Thorns|Spikes|p1a: Iron Leaves\n|-sidestart|p1: epic_cow69|Spikes\n|\n|upkeep\n|turn|12\n|\n|t:|1733788835\n|-end|p2a: Iron Thorns|Quark Drive|[silent]\n|switch|p2a: Mandibuzz|Mandibuzz, L85, F|326/326\n|move|p1a: Iron Leaves|Close Combat|p2a: Mandibuzz\n|-crit|p2a: Mandibuzz\n|-damage|p2a: Mandibuzz|128/326\n|-unboost|p1a: Iron Leaves|def|1\n|-unboost|p1a: Iron Leaves|spd|1\n|\n|upkeep\n|turn|13\n|\n|t:|1733788853\n|move|p1a: Iron Leaves|Close Combat|p2a: Mandibuzz\n|-damage|p2a: Mandibuzz|4/326\n|-unboost|p1a: Iron Leaves|def|1\n|-unboost|p1a: Iron Leaves|spd|1\n|move|p2a: Mandibuzz|Foul Play|p1a: Iron Leaves\n|-supereffective|p1a: Iron Leaves\n|-damage|p1a: Iron Leaves|0 fnt\n|faint|p1a: Iron Leaves\n|-end|p1a: Iron Leaves|Quark Drive|[silent]\n|\n|upkeep\n|\n|t:|1733788865\n|switch|p1a: Swalot|Swalot, L90, F|279/326\n|-damage|p1a: Swalot|239/326|[from] Stealth Rock\n|-damage|p1a: Swalot|185/326|[from] Spikes\n|turn|14\n|\n|t:|1733788874\n|move|p2a: Mandibuzz|Roost|p2a: Mandibuzz\n|-heal|p2a: Mandibuzz|167/326\n|-singleturn|p2a: Mandibuzz|move: Roost\n|move|p1a: Swalot|Knock Off|p2a: Mandibuzz\n|-resisted|p2a: Mandibuzz\n|-damage|p2a: Mandibuzz|138/326\n|-enditem|p2a: Mandibuzz|Heavy-Duty Boots|[from] move: Knock Off|[of] p1a: Swalot\n|\n|-heal|p1a: Swalot|205/326|[from] item: Leftovers\n|upkeep\n|turn|15\n|\n|t:|1733788885\n|move|p2a: Mandibuzz|Roost|p2a: Mandibuzz\n|-heal|p2a: Mandibuzz|301/326\n|-singleturn|p2a: Mandibuzz|move: Roost\n|move|p1a: Swalot|Ice Beam|p2a: Mandibuzz\n|-damage|p2a: Mandibuzz|250/326\n|\n|-heal|p1a: Swalot|225/326|[from] item: Leftovers\n|upkeep\n|turn|16\n|\n|t:|1733788899\n|move|p2a: Mandibuzz|Brave Bird|p1a: Swalot\n|-damage|p1a: Swalot|131/326\n|-damage|p2a: Mandibuzz|219/326|[from] Recoil\n|move|p1a: Swalot|Ice Beam|p2a: Mandibuzz\n|-supereffective|p2a: Mandibuzz\n|-damage|p2a: Mandibuzz|117/326\n|\n|-heal|p1a: Swalot|151/326|[from] item: Leftovers\n|upkeep\n|turn|17\n|\n|t:|1733788909\n|move|p2a: Mandibuzz|Roost|p2a: Mandibuzz\n|-heal|p2a: Mandibuzz|280/326\n|-singleturn|p2a: Mandibuzz|move: Roost\n|move|p1a: Swalot|Ice Beam|p2a: Mandibuzz\n|-damage|p2a: Mandibuzz|220/326\n|\n|-heal|p1a: Swalot|171/326|[from] item: Leftovers\n|upkeep\n|turn|18\n|\n|t:|1733788919\n|move|p2a: Mandibuzz|Brave Bird|p1a: Swalot\n|-damage|p1a: Swalot|81/326\n|-damage|p2a: Mandibuzz|190/326|[from] Recoil\n|move|p1a: Swalot|Ice Beam|p2a: Mandibuzz\n|-supereffective|p2a: Mandibuzz\n|-damage|p2a: Mandibuzz|72/326\n|\n|-heal|p1a: Swalot|101/326|[from] item: Leftovers\n|upkeep\n|turn|19\n|\n|t:|1733788932\n|move|p2a: Mandibuzz|Roost|p2a: Mandibuzz\n|-heal|p2a: Mandibuzz|235/326\n|-singleturn|p2a: Mandibuzz|move: Roost\n|move|p1a: Swalot|Ice Beam|p2a: Mandibuzz\n|-damage|p2a: Mandibuzz|181/326\n|\n|-heal|p1a: Swalot|121/326|[from] item: Leftovers\n|upkeep\n|turn|20\n|\n|t:|1733788941\n|move|p2a: Mandibuzz|Roost|p2a: Mandibuzz\n|-heal|p2a: Mandibuzz|326/326\n|-singleturn|p2a: Mandibuzz|move: Roost\n|move|p1a: Swalot|Ice Beam|p2a: Mandibuzz\n|-damage|p2a: Mandibuzz|270/326\n|-status|p2a: Mandibuzz|frz\n|\n|-heal|p1a: Swalot|141/326|[from] item: Leftovers\n|upkeep\n|turn|21\n|\n|t:|1733788955\n|cant|p2a: Mandibuzz|frz\n|move|p1a: Swalot|Ice Beam|p2a: Mandibuzz\n|-supereffective|p2a: Mandibuzz\n|-damage|p2a: Mandibuzz|152/326 frz\n|\n|-heal|p1a: Swalot|161/326|[from] item: Leftovers\n|upkeep\n|turn|22\n|\n|t:|1733788965\n|cant|p2a: Mandibuzz|frz\n|move|p1a: Swalot|Ice Beam|p2a: Mandibuzz\n|-supereffective|p2a: Mandibuzz\n|-damage|p2a: Mandibuzz|48/326 frz\n|\n|-heal|p1a: Swalot|181/326|[from] item: Leftovers\n|upkeep\n|turn|23\n|\n|t:|1733788974\n|cant|p2a: Mandibuzz|frz\n|move|p1a: Swalot|Ice Beam|p2a: Mandibuzz\n|-supereffective|p2a: Mandibuzz\n|-damage|p2a: Mandibuzz|0 fnt\n|faint|p2a: Mandibuzz\n|\n|-heal|p1a: Swalot|201/326|[from] item: Leftovers\n|upkeep\n|\n|t:|1733788985\n|switch|p2a: Iron Thorns|Iron Thorns, L83|204/302\n|turn|24\n|\n|t:|1733788994\n|move|p2a: Iron Thorns|Spikes|p1a: Swalot\n|-sidestart|p1: epic_cow69|Spikes\n|move|p1a: Swalot|Sludge Bomb|p2a: Iron Thorns\n|-resisted|p2a: Iron Thorns\n|-damage|p2a: Iron Thorns|153/302\n|\n|-heal|p1a: Swalot|221/326|[from] item: Leftovers\n|upkeep\n|turn|25\n|\n|t:|1733789012\n|move|p2a: Iron Thorns|Stone Edge|p1a: Swalot\n|-damage|p1a: Swalot|92/326\n|move|p1a: Swalot|Encore|p2a: Iron Thorns\n|-start|p2a: Iron Thorns|Encore\n|\n|-heal|p1a: Swalot|112/326|[from] item: Leftovers\n|upkeep\n|turn|26\n|\n|t:|1733789034\n|move|p2a: Iron Thorns|Stone Edge|p1a: Swalot\n|-damage|p1a: Swalot|0 fnt\n|faint|p1a: Swalot\n|\n|upkeep\n|\n|t:|1733789041\n|switch|p1a: Misdreavus|Misdreavus, L90, F|254/254\n|-damage|p1a: Misdreavus|223/254|[from] Stealth Rock\n|turn|27\n|\n|t:|1733789049\n|move|p1a: Misdreavus|Will-O-Wisp|p2a: Iron Thorns\n|-status|p2a: Iron Thorns|brn\n|move|p2a: Iron Thorns|Stone Edge|p1a: Misdreavus\n|-damage|p1a: Misdreavus|166/254\n|\n|-damage|p2a: Iron Thorns|135/302 brn|[from] brn\n|upkeep\n|turn|28\n|\n|t:|1733789067\n|-end|p2a: Iron Thorns|Quark Drive|[silent]\n|switch|p2a: Ampharos|Ampharos, L88, M|302/302\n|move|p1a: Misdreavus|Shadow Ball|p2a: Ampharos\n|-damage|p2a: Ampharos|217/302\n|\n|upkeep\n|turn|29\n|\n|t:|1733789088\n|move|p1a: Misdreavus|Calm Mind|p1a: Misdreavus\n|-boost|p1a: Misdreavus|spa|1\n|-boost|p1a: Misdreavus|spd|1\n|move|p2a: Ampharos|Volt Switch|p1a: Misdreavus\n|-damage|p1a: Misdreavus|103/254\n|\n|t:|1733789095\n|switch|p2a: Iron Thorns|Iron Thorns, L83|135/302 brn|[from] Volt Switch\n|\n|-damage|p2a: Iron Thorns|117/302 brn|[from] brn\n|upkeep\n|turn|30\n|\n|t:|1733789110\n|move|p1a: Misdreavus|Draining Kiss|p2a: Iron Thorns\n|-damage|p2a: Iron Thorns|63/302 brn\n|-heal|p1a: Misdreavus|144/254|[from] drain|[of] p2a: Iron Thorns\n|move|p2a: Iron Thorns|Stone Edge|p1a: Misdreavus|[miss]\n|-miss|p2a: Iron Thorns|p1a: Misdreavus\n|\n|-damage|p2a: Iron Thorns|45/302 brn|[from] brn\n|upkeep\n|turn|31\n|\n|t:|1733789120\n|move|p1a: Misdreavus|Draining Kiss|p2a: Iron Thorns\n|-damage|p2a: Iron Thorns|0 fnt\n|-heal|p1a: Misdreavus|178/254|[from] drain|[of] p2a: Iron Thorns\n|faint|p2a: Iron Thorns\n|-end|p2a: Iron Thorns|Quark Drive|[silent]\n|\n|upkeep\n|\n|t:|1733789126\n|switch|p2a: Ampharos|Ampharos, L88, M|217/302\n|turn|32\n|\n|t:|1733789140\n|move|p1a: Misdreavus|Calm Mind|p1a: Misdreavus\n|-boost|p1a: Misdreavus|spa|1\n|-boost|p1a: Misdreavus|spd|1\n|move|p2a: Ampharos|Thunderbolt|p1a: Misdreavus\n|-crit|p1a: Misdreavus\n|-damage|p1a: Misdreavus|1/254\n|\n|upkeep\n|turn|33\n|\n|t:|1733789148\n|move|p1a: Misdreavus|Draining Kiss|p2a: Ampharos\n|-damage|p2a: Ampharos|142/302\n|-heal|p1a: Misdreavus|57/254|[from] drain|[of] p2a: Ampharos\n|move|p2a: Ampharos|Thunderbolt|p1a: Misdreavus\n|-damage|p1a: Misdreavus|3/254\n|\n|upkeep\n|turn|34\n|\n|t:|1733789155\n|move|p1a: Misdreavus|Draining Kiss|p2a: Ampharos\n|-damage|p2a: Ampharos|78/302\n|-heal|p1a: Misdreavus|51/254|[from] drain|[of] p2a: Ampharos\n|move|p2a: Ampharos|Thunderbolt|p1a: Misdreavus\n|-damage|p1a: Misdreavus|0 fnt\n|faint|p1a: Misdreavus\n|\n|upkeep\n|\n|t:|1733789167\n|switch|p1a: Maushold|Maushold-Four, L76|238/238\n|-damage|p1a: Maushold|209/238|[from] Stealth Rock\n|-damage|p1a: Maushold|150/238|[from] Spikes\n|turn|35\n|\n|t:|1733789174\n|move|p1a: Maushold|Population Bomb|p2a: Ampharos\n|-damage|p2a: Ampharos|56/302\n|-status|p1a: Maushold|par|[from] ability: Static|[of] p2a: Ampharos\n|-damage|p2a: Ampharos|31/302\n|-crit|p2a: Ampharos\n|-damage|p2a: Ampharos|0 fnt\n|faint|p2a: Ampharos\n|-hitcount|p2: Ampharos|3\n|\n|upkeep\n|\n|t:|1733789186\n|switch|p2a: Arceus|Arceus-Bug, L73|295/295\n|turn|36\n|\n|t:|1733789203\n|move|p2a: Arceus|Judgment|p1a: Maushold\n|-damage|p1a: Maushold|2/238 par\n|move|p1a: Maushold|Bite|p2a: Arceus\n|-damage|p2a: Arceus|259/295\n|\n|upkeep\n|turn|37\n|\n|t:|1733789210\n|move|p2a: Arceus|Judgment|p1a: Maushold\n|-damage|p1a: Maushold|0 fnt\n|faint|p1a: Maushold\n|\n|upkeep\n|\n|t:|1733789215\n|switch|p1a: Armarouge|Armarouge, L80, M|267/267\n|-damage|p1a: Armarouge|201/267|[from] Stealth Rock\n|-damage|p1a: Armarouge|135/267|[from] Spikes\n|turn|38\n|\n|t:|1733789225\n|-terastallize|p2a: Arceus|Fire\n|move|p2a: Arceus|Calm Mind|p2a: Arceus\n|-boost|p2a: Arceus|spa|1\n|-boost|p2a: Arceus|spd|1\n|move|p1a: Armarouge|Armor Cannon|p2a: Arceus\n|-resisted|p2a: Arceus\n|-damage|p2a: Arceus|196/295\n|-unboost|p1a: Armarouge|def|1\n|-unboost|p1a: Armarouge|spd|1\n|\n|upkeep\n|turn|39\n|\n|t:|1733789237\n|move|p2a: Arceus|Calm Mind|p2a: Arceus\n|-boost|p2a: Arceus|spa|1\n|-boost|p2a: Arceus|spd|1\n|move|p1a: Armarouge|Armor Cannon|p2a: Arceus\n|-resisted|p2a: Arceus\n|-damage|p2a: Arceus|148/295\n|-unboost|p1a: Armarouge|def|1\n|-unboost|p1a: Armarouge|spd|1\n|\n|upkeep\n|turn|40\n|\n|t:|1733789246\n|move|p2a: Arceus|Judgment|p1a: Armarouge\n|-damage|p1a: Armarouge|0 fnt\n|faint|p1a: Armarouge\n|\n|upkeep\n|\n|t:|1733789249\n|switch|p1a: Tornadus|Tornadus-Therian, L79, M|254/254\n|-damage|p1a: Tornadus|191/254|[from] Stealth Rock\n|turn|41\n|\n|t:|1733789263\n|-terastallize|p1a: Tornadus|Dark\n|move|p1a: Tornadus|Knock Off|p2a: Arceus\n|-damage|p2a: Arceus|90/295\n|move|p2a: Arceus|Fire Blast|p1a: Tornadus\n|-damage|p1a: Tornadus|34/254\n|\n|upkeep\n|turn|42\n|\n|t:|1733789274\n|move|p1a: Tornadus|Bleakwind Storm|p2a: Arceus|[miss]\n|-miss|p1a: Tornadus|p2a: Arceus\n|move|p2a: Arceus|Recover|p2a: Arceus\n|-heal|p2a: Arceus|238/295\n|\n|upkeep\n|turn|43\n|\n|t:|1733789281\n|move|p1a: Tornadus|Knock Off|p2a: Arceus\n|-damage|p2a: Arceus|180/295\n|move|p2a: Arceus|Fire Blast|p1a: Tornadus|[miss]\n|-miss|p2a: Arceus|p1a: Tornadus\n|\n|upkeep\n|turn|44\n|\n|t:|1733789289\n|move|p1a: Tornadus|Knock Off|p2a: Arceus\n|-damage|p2a: Arceus|125/295\n|move|p2a: Arceus|Fire Blast|p1a: Tornadus\n|-damage|p1a: Tornadus|0 fnt\n|faint|p1a: Tornadus\n|\n|win|FunnyLiladam06\n|raw|epic_cow69's rating: 1205 &rarr; <strong>1177</strong><br />(-28 for losing)\n|raw|FunnyLiladam06's rating: 1166 &rarr; <strong>1194</strong><br />(+28 for winning)\n|l|\u2606epic_cow69\n|player|p1|\n", "inputlog": ">version bfd83cad13791eb5a5a409923076391caf6fb4d4\n>start {\"formatid\":\"gen9randombattle\",\"seed\":[39213,15199,10398,45826],\"rated\":\"Rated battle\"}\n>player p1 {\"name\":\"epic_cow69\",\"avatar\":\"blue\",\"rating\":1205,\"seed\":[52680,20338,8920,25061]}\n>player p2 {\"name\":\"FunnyLiladam06\",\"avatar\":\"265\",\"rating\":1166,\"seed\":[42951,27294,42024,49525]}\n>p1 switch 5\n>p2 move tailglow\n>p1 move leafblade\n>p2 move icebeam\n>p2 switch 3\n>p1 switch 3\n>p2 move foulplay\n>p1 move icebeam\n>p2 switch 5\n>p1 switch 3\n>p2 move avalanche\n>p1 move closecombat\n>p2 move avalanche\n>p2 switch 5\n>p1 switch 3\n>p2 move foulplay\n>p1 move icebeam\n>p2 switch 2\n>p1 move knockoff\n>p2 move stealthrock\n>p1 move encore\n>p2 move spikes\n>p1 switch 3\n>p2 move spikes\n>p1 move closecombat\n>p2 switch 2\n>p1 move closecombat\n>p2 move foulplay\n>p1 switch 3\n>p1 move knockoff\n>p2 move roost\n>p1 move icebeam\n>p2 move roost\n>p1 move icebeam\n>p2 move bravebird\n>p1 move icebeam\n>p2 move roost\n>p1 move icebeam\n>p2 move bravebird\n>p1 move icebeam\n>p2 move roost\n>p1 move icebeam\n>p2 move roost\n>p1 move icebeam\n>p2 move bravebird\n>p1 move icebeam\n>p2 move bravebird\n>p1 move icebeam\n>p2 move roost\n>p2 switch 2\n>p1 move sludgebomb\n>p2 move spikes\n>p1 move encore\n>p2 move stoneedge\n>p1 move sludgebomb\n>p2 move stoneedge\n>p1 switch 5\n>p1 move willowisp\n>p2 move stoneedge\n>p1 move shadowball\n>p2 switch 4\n>p1 move calmmind\n>p2 move voltswitch\n>p2 switch 4\n>p1 move drainingkiss\n>p2 move stoneedge\n>p1 move drainingkiss\n>p2 move stoneedge\n>p2 switch 4\n>p1 move calmmind\n>p2 move thunderbolt\n>p1 move drainingkiss\n>p2 move thunderbolt\n>p1 move drainingkiss\n>p2 move thunderbolt\n>p1 switch 6\n>p1 move populationbomb\n>p2 move thunderbolt\n>p2 switch 6\n>p1 move bite\n>p2 move judgment\n>p1 move bite\n>p2 move judgment\n>p1 switch 2\n>p1 move armorcannon\n>p2 move calmmind terastallize\n>p1 move armorcannon\n>p2 move calmmind\n>p1 move armorcannon\n>p2 move judgment\n>p1 switch 4\n>p1 move knockoff terastallize\n>p2 move fireblast\n>p1 move bleakwindstorm\n>p2 move recover\n>p1 move knockoff\n>p2 move fireblast\n>p1 move knockoff\n>p2 move fireblast", "uploadtime": 1733789300, "views": 2, "formatid": "gen9randombattle", "rating": 1177, "private": 0, "password": null}