{"id": "gen9randombattle-2129403612", "format": "[Gen 9] Random Battle", "players": ["Twerkulatorr", "egakecleons"], "log": "|j|\u2606Twerkulatorr\n|j|\u2606egakecleons\n|t:|1716527624\n|gametype|singles\n|player|p1|Twerkulatorr|lass|2231\n|player|p2|egakecleons|170|2269\n|teamsize|p1|6\n|teamsize|p2|6\n|gen|9\n|tier|[Gen 9] Random Battle\n|rated|\n|rule|Species Clause: Limit one of each Pok\u00e9mon\n|rule|HP Percentage Mod: HP is shown in percentages\n|rule|Sleep Clause Mod: Limit one foe put to sleep\n|rule|Illusion Level Mod: Illusion disguises the Pok\u00e9mon's true level\n|\n|t:|1716527624\n|start\n|switch|p1a: Meganium|Meganium, L90, F|290/290\n|switch|p2a: Walking Wake|Walking Wake, L79|286/286\n|turn|1\n|\n|t:|1716527638\n|switch|p1a: Goodra|Goodra, L85, M|292/292\n|move|p2a: Walking Wake|Draco Meteor|p1a: Goodra\n|-supereffective|p1a: Goodra\n|-damage|p1a: Goodra|104/292\n|-unboost|p2a: Walking Wake|spa|2\n|\n|upkeep\n|turn|2\n|\n|t:|1716527658\n|-end|p2a: Walking Wake|Protosynthesis|[silent]\n|switch|p2a: Slowking|Slowking, L88, F|310/310\n|move|p1a: Goodra|Knock Off|p2a: Slowking\n|-supereffective|p2a: Slowking\n|-damage|p2a: Slowking|158/310\n|-enditem|p2a: Slowking|Life Orb|[from] move: Knock Off|[of] p1a: Goodra\n|\n|upkeep\n|turn|3\n|\n|t:|1716527669\n|switch|p2a: Mightyena|Mightyena, L95, F|287/287\n|move|p1a: Goodra|Thunderbolt|p2a: Mightyena\n|-damage|p2a: Mightyena|197/287\n|\n|upkeep\n|turn|4\n|\n|t:|1716527677\n|switch|p1a: Iron Hands|Iron Hands, L79|373/373\n|move|p2a: Mightyena|Crunch|p1a: Iron Hands\n|-resisted|p1a: Iron Hands\n|-damage|p1a: Iron Hands|306/373\n|-unboost|p1a: Iron Hands|def|1\n|\n|upkeep\n|turn|5\n|\n|t:|1716527694\n|switch|p2a: Dusknoir|Dusknoir, L88, M|222/222\n|-item|p1a: Iron Hands|Assault Vest|[from] ability: Frisk|[of] p2a: Dusknoir|[identify]\n|move|p1a: Iron Hands|Close Combat|p2a: Dusknoir\n|-immune|p2a: Dusknoir\n|\n|upkeep\n|turn|6\n|\n|t:|1716527704\n|-end|p1a: Iron Hands|Quark Drive|[silent]\n|switch|p1a: Ambipom|Ambipom, L84, F|263/263\n|move|p2a: Dusknoir|Poltergeist|p1a: Ambipom\n|-immune|p1a: Ambipom\n|\n|upkeep\n|turn|7\n|\n|t:|1716527727\n|switch|p2a: Klawf|Klawf, L90, M|272/272\n|move|p1a: Ambipom|U-turn|p2a: Klawf\n|-damage|p2a: Klawf|212/272\n|\n|t:|1716527730\n|switch|p1a: Meganium|Meganium, L90, F|290/290|[from] U-turn\n|\n|upkeep\n|turn|8\n|\n|t:|1716527742\n|switch|p2a: Dusknoir|Dusknoir, L88, M|222/222\n|-item|p1a: Meganium|Life Orb|[from] ability: Frisk|[of] p2a: Dusknoir|[identify]\n|move|p1a: Meganium|Swords Dance|p1a: Meganium\n|-boost|p1a: Meganium|atk|2\n|\n|upkeep\n|turn|9\n|\n|t:|1716527748\n|move|p1a: Meganium|Knock Off|p2a: Dusknoir\n|-supereffective|p2a: Dusknoir\n|-damage|p2a: Dusknoir|0 fnt\n|-enditem|p2a: Dusknoir|Choice Band|[from] move: Knock Off|[of] p1a: Meganium\n|faint|p2a: Dusknoir\n|-damage|p1a: Meganium|261/290|[from] item: Life Orb\n|\n|upkeep\n|\n|t:|1716527801\n|switch|p2a: Mightyena|Mightyena, L95, F|197/287\n|turn|10\n|\n|t:|1716527809\n|move|p2a: Mightyena|Sucker Punch|p1a: Meganium\n|-damage|p1a: Meganium|144/290\n|move|p1a: Meganium|Petal Blizzard|p2a: Mightyena\n|-damage|p2a: Mightyena|0 fnt\n|faint|p2a: Mightyena\n|-damage|p1a: Meganium|115/290|[from] item: Life Orb\n|\n|upkeep\n|\n|t:|1716527818\n|switch|p2a: Walking Wake|Walking Wake, L79|286/286\n|turn|11\n|\n|t:|1716527849\n|switch|p1a: Goodra|Goodra, L85, M|104/292\n|move|p2a: Walking Wake|Flamethrower|p1a: Goodra\n|-resisted|p1a: Goodra\n|-damage|p1a: Goodra|81/292\n|\n|upkeep\n|turn|12\n|\n|t:|1716527857\n|-end|p2a: Walking Wake|Protosynthesis|[silent]\n|switch|p2a: Klawf|Klawf, L90, M|272/272\n|switch|p1a: Meganium|Meganium, L90, F|115/290\n|\n|upkeep\n|turn|13\n|\n|t:|1716527867\n|move|p1a: Meganium|Petal Blizzard|p2a: Klawf\n|-supereffective|p2a: Klawf\n|-damage|p2a: Klawf|77/272\n|-damage|p1a: Meganium|86/290|[from] item: Life Orb\n|move|p2a: Klawf|Knock Off|p1a: Meganium\n|-damage|p1a: Meganium|0 fnt\n|-enditem|p1a: Meganium|Life Orb|[from] move: Knock Off|[of] p2a: Klawf\n|faint|p1a: Meganium\n|\n|upkeep\n|\n|t:|1716527884\n|switch|p1a: Ambipom|Ambipom, L84, F|263/263\n|turn|14\n|j| Matiksus\n|\n|t:|1716527891\n|move|p1a: Ambipom|Knock Off|p2a: Klawf\n|-damage|p2a: Klawf|0 fnt\n|-enditem|p2a: Klawf|Choice Band|[from] move: Knock Off|[of] p1a: Ambipom\n|faint|p2a: Klawf\n|\n|upkeep\n|\n|t:|1716527910\n|switch|p2a: Magcargo|Magcargo, L94, F|265/265\n|turn|15\n|l| Matiksus\n|\n|t:|1716527952\n|switch|p1a: Veluza|Veluza, L85, M|292/292\n|move|p2a: Magcargo|Shell Smash|p2a: Magcargo\n|-unboost|p2a: Magcargo|def|1\n|-unboost|p2a: Magcargo|spd|1\n|-boost|p2a: Magcargo|atk|2\n|-boost|p2a: Magcargo|spa|2\n|-boost|p2a: Magcargo|spe|2\n|\n|upkeep\n|turn|16\n|\n|t:|1716527995\n|switch|p1a: Goodra|Goodra, L85, M|81/292\n|switch|p2a: Walking Wake|Walking Wake, L79|286/286\n|\n|upkeep\n|turn|17\n|\n|t:|1716528007\n|move|p2a: Walking Wake|Draco Meteor|p1a: Goodra\n|-supereffective|p1a: Goodra\n|-damage|p1a: Goodra|0 fnt\n|-unboost|p2a: Walking Wake|spa|2\n|faint|p1a: Goodra\n|\n|upkeep\n|\n|t:|1716528013\n|switch|p1a: Iron Hands|Iron Hands, L79|306/373\n|turn|18\n|\n|t:|1716528024\n|move|p2a: Walking Wake|Draco Meteor|p1a: Iron Hands\n|-damage|p1a: Iron Hands|213/373\n|-unboost|p2a: Walking Wake|spa|2\n|move|p1a: Iron Hands|Thunder Punch|p2a: Walking Wake\n|-damage|p2a: Walking Wake|184/286\n|-status|p2a: Walking Wake|par\n|\n|upkeep\n|turn|19\n|\n|t:|1716528032\n|-end|p2a: Walking Wake|Protosynthesis|[silent]\n|switch|p2a: Slowking|Slowking, L88, F|261/310\n|move|p1a: Iron Hands|Thunder Punch|p2a: Slowking\n|-supereffective|p2a: Slowking\n|-damage|p2a: Slowking|61/310\n|\n|upkeep\n|turn|20\n|\n|t:|1716528049\n|switch|p2a: Walking Wake|Walking Wake, L79|184/286 par\n|move|p1a: Iron Hands|Thunder Punch|p2a: Walking Wake\n|-damage|p2a: Walking Wake|82/286 par\n|\n|upkeep\n|turn|21\n|\n|t:|1716528056\n|move|p1a: Iron Hands|Thunder Punch|p2a: Walking Wake\n|-damage|p2a: Walking Wake|0 fnt\n|faint|p2a: Walking Wake\n|-end|p2a: Walking Wake|Protosynthesis|[silent]\n|\n|upkeep\n|\n|t:|1716528058\n|switch|p2a: Magcargo|Magcargo, L94, F|265/265\n|turn|22\n|\n|t:|1716528064\n|-end|p1a: Iron Hands|Quark Drive|[silent]\n|switch|p1a: Veluza|Veluza, L85, M|292/292\n|move|p2a: Magcargo|Shell Smash|p2a: Magcargo\n|-unboost|p2a: Magcargo|def|1\n|-unboost|p2a: Magcargo|spd|1\n|-boost|p2a: Magcargo|atk|2\n|-boost|p2a: Magcargo|spa|2\n|-boost|p2a: Magcargo|spe|2\n|\n|upkeep\n|turn|23\n|\n|t:|1716528073\n|switch|p1a: Iron Hands|Iron Hands, L79|213/373\n|-terastallize|p2a: Magcargo|Grass\n|move|p2a: Magcargo|Power Gem|p1a: Iron Hands\n|-resisted|p1a: Iron Hands\n|-damage|p1a: Iron Hands|126/373\n|\n|upkeep\n|turn|24\n|\n|t:|1716528085\n|move|p2a: Magcargo|Earth Power|p1a: Iron Hands\n|-supereffective|p1a: Iron Hands\n|-damage|p1a: Iron Hands|0 fnt\n|faint|p1a: Iron Hands\n|-end|p1a: Iron Hands|Quark Drive|[silent]\n|\n|upkeep\n|\n|t:|1716528092\n|switch|p1a: Ambipom|Ambipom, L84, F|263/263\n|turn|25\n|\n|t:|1716528113\n|move|p1a: Ambipom|Triple Axel|p2a: Magcargo\n|-supereffective|p2a: Magcargo\n|-damage|p2a: Magcargo|197/265\n|-ability|p2a: Magcargo|Weak Armor|boost\n|-unboost|p2a: Magcargo|def|1\n|-boost|p2a: Magcargo|spe|2\n|-supereffective|p2a: Magcargo\n|-damage|p2a: Magcargo|17/265\n|-ability|p2a: Magcargo|Weak Armor|boost\n|-unboost|p2a: Magcargo|def|1\n|-boost|p2a: Magcargo|spe|2\n|-hitcount|p2a: Magcargo|2\n|move|p2a: Magcargo|Shell Smash|p2a: Magcargo\n|-unboost|p2a: Magcargo|def|1\n|-unboost|p2a: Magcargo|spd|1\n|-boost|p2a: Magcargo|atk|2\n|-boost|p2a: Magcargo|spa|2\n|-boost|p2a: Magcargo|spe|0\n|\n|upkeep\n|turn|26\n|\n|t:|1716528155\n|move|p2a: Magcargo|Power Gem|p1a: Ambipom\n|-damage|p1a: Ambipom|0 fnt\n|faint|p1a: Ambipom\n|\n|upkeep\n|\n|t:|1716528159\n|switch|p1a: Ninetales|Ninetales, L85, F|263/263\n|-weather|SunnyDay|[from] ability: Drought|[of] p1a: Ninetales\n|turn|27\n|\n|t:|1716528195\n|-terastallize|p1a: Ninetales|Grass\n|move|p2a: Magcargo|Fire Blast|p1a: Ninetales\n|-supereffective|p1a: Ninetales\n|-damage|p1a: Ninetales|0 fnt\n|faint|p1a: Ninetales\n|\n|-weather|SunnyDay|[upkeep]\n|upkeep\n|-message|Twerkulatorr forfeited.\n|\n|win|egakecleons\n|raw|Twerkulatorr's rating: 2250 &rarr; <strong>2231</strong><br />(-19 for losing)\n|raw|egakecleons's rating: 2269 &rarr; <strong>2288</strong><br />(+19 for winning)\n|l|\u2606Twerkulatorr\n|player|p1|\n", "inputlog": ">version 7158ead19aeac8750849df2840eabb6dbec77df6\n>start {\"formatid\":\"gen9randombattle\",\"seed\":[34441,10816,21919,26231],\"rated\":\"Rated battle\"}\n>player p1 {\"name\":\"Twerkulatorr\",\"avatar\":\"lass\",\"rating\":2231,\"seed\":[38693,51356,54055,37036]}\n>player p2 {\"name\":\"egakecleons\",\"avatar\":\"170\",\"rating\":2269,\"seed\":[30734,38465,20570,24622]}\n>p1 switch 2\n>p2 move dracometeor\n>p1 move knockoff\n>p2 switch 4\n>p1 move thunderbolt\n>p2 switch 2\n>p1 switch 4\n>p2 move crunch\n>p1 move closecombat\n>p2 switch 3\n>p1 switch 3\n>p2 move poltergeist\n>p1 move uturn\n>p2 switch 5\n>p1 switch 2\n>p1 move swordsdance\n>p2 switch 5\n>p1 move knockoff\n>p2 move leechlife\n>p2 switch 3\n>p1 move petalblizzard\n>p2 move suckerpunch\n>p2 switch 4\n>p1 switch 4\n>p2 move flamethrower\n>p1 switch 4\n>p2 switch 5\n>p1 move petalblizzard\n>p2 move knockoff\n>p1 switch 2\n>p1 move knockoff\n>p2 move knockoff\n>p2 switch 6\n>p1 switch 5\n>p2 move shellsmash\n>p1 switch 4\n>p2 switch 5\n>p1 move dracometeor\n>p2 move dracometeor\n>p1 switch 3\n>p1 move thunderpunch\n>p2 move dracometeor\n>p1 move thunderpunch\n>p2 switch 2\n>p1 move thunderpunch\n>p2 switch 2\n>p1 move thunderpunch\n>p2 move dracometeor\n>p2 switch 5\n>p1 switch 4\n>p2 move shellsmash\n>p1 switch 4\n>p2 move powergem terastallize\n>p1 move icepunch\n>p2 move earthpower\n>p1 switch 5\n>p1 move tripleaxel\n>p2 move shellsmash\n>p1 move tripleaxel\n>p2 move powergem\n>p1 switch 6\n>p1 move solarbeam terastallize\n>p2 move fireblast\n>forcelose p1", "uploadtime": 1716528211, "views": 205, "formatid": "gen9randombattle", "rating": 2231, "private": 0, "password": null}