{"id": "gen9randombattle-2259809962", "format": "[Gen 9] Random Battle", "players": ["seamen_demon3", "Kimisoto"], "log": "|j|\u2606seamen_demon3\n|j|\u2606Kimisoto\n|t:|1733768916\n|gametype|singles\n|player|p1|seamen_demon3|miku-water|1116\n|player|p2|Kimisoto|101|1074\n|teamsize|p1|6\n|teamsize|p2|6\n|gen|9\n|tier|[Gen 9] Random Battle\n|rated|\n|rule|Species Clause: Limit one of each Pok\u00e9mon\n|rule|HP Percentage Mod: HP is shown in percentages\n|rule|Sleep Clause Mod: Limit one foe put to sleep\n|rule|Illusion Level Mod: Illusion disguises the Pok\u00e9mon's true level\n|\n|t:|1733768916\n|start\n|switch|p1a: Chandelure|Chandelure, L83, M|235/235\n|switch|p2a: Ursaluna|Ursaluna, L79, M|335/335\n|turn|1\n|inactive|Battle timer is ON: inactive players will automatically lose when time's up. (requested by seamen_demon3)\n|\n|t:|1733768933\n|switch|p1a: Tsareena|Tsareena, L87, F|267/267\n|move|p2a: Ursaluna|Swords Dance|p2a: Ursaluna\n|-boost|p2a: Ursaluna|atk|2\n|\n|-status|p2a: Ursaluna|brn|[from] item: Flame Orb\n|upkeep\n|turn|2\n|\n|t:|1733768949\n|switch|p2a: Alomomola|Alomomola, L87, M|429/429\n|move|p1a: Tsareena|Triple Axel|p2a: Alomomola\n|-resisted|p2a: Alomomola\n|-damage|p2a: Alomomola|420/429\n|-resisted|p2a: Alomomola\n|-damage|p2a: Alomomola|401/429\n|-resisted|p2a: Alomomola\n|-damage|p2a: Alomomola|376/429\n|-hitcount|p2a: Alomomola|3\n|\n|upkeep\n|turn|3\n|\n|t:|1733768963\n|switch|p2a: Delphox|Delphox, L84, M|263/263\n|move|p1a: Tsareena|Power Whip|p2a: Delphox\n|-resisted|p2a: Delphox\n|-damage|p2a: Delphox|165/263\n|\n|upkeep\n|turn|4\n|\n|t:|1733768976\n|move|p2a: Delphox|Nasty Plot|p2a: Delphox\n|-boost|p2a: Delphox|spa|2\n|move|p1a: Tsareena|U-turn|p2a: Delphox\n|-damage|p2a: Delphox|89/263\n|\n|t:|1733768979\n|switch|p1a: Chandelure|Chandelure, L83, M|235/235|[from] U-turn\n|\n|upkeep\n|turn|5\n|\n|t:|1733768984\n|move|p2a: Delphox|Grass Knot|p1a: Chandelure\n|-resisted|p1a: Chandelure\n|-crit|p1a: Chandelure\n|-damage|p1a: Chandelure|168/235\n|move|p1a: Chandelure|Calm Mind|p1a: Chandelure\n|-boost|p1a: Chandelure|spa|1\n|-boost|p1a: Chandelure|spd|1\n|\n|upkeep\n|turn|6\n|\n|t:|1733768992\n|move|p2a: Delphox|Psyshock|p1a: Chandelure\n|-damage|p1a: Chandelure|0 fnt\n|faint|p1a: Chandelure\n|\n|upkeep\n|\n|t:|1733768996\n|switch|p1a: Ting-Lu|Ting-Lu, L78|370/370\n|-ability|p1a: Ting-Lu|Vessel of Ruin\n|turn|7\n|\n|t:|1733769008\n|move|p2a: Delphox|Grass Knot|p1a: Ting-Lu\n|-supereffective|p1a: Ting-Lu\n|-damage|p1a: Ting-Lu|16/370\n|move|p1a: Ting-Lu|Stealth Rock|p2a: Delphox\n|-sidestart|p2: Kimisoto|move: Stealth Rock\n|\n|-heal|p1a: Ting-Lu|39/370|[from] item: Leftovers\n|upkeep\n|turn|8\n|\n|t:|1733769015\n|move|p2a: Delphox|Grass Knot|p1a: Ting-Lu\n|-supereffective|p1a: Ting-Lu\n|-damage|p1a: Ting-Lu|0 fnt\n|faint|p1a: Ting-Lu\n|\n|upkeep\n|\n|t:|1733769033\n|switch|p1a: Meloetta|Meloetta, L82|298/298\n|turn|9\n|\n|t:|1733769059\n|move|p2a: Delphox|Grass Knot|p1a: Meloetta\n|-damage|p1a: Meloetta|275/298\n|move|p1a: Meloetta|Hyper Voice|p2a: Delphox\n|-damage|p2a: Delphox|0 fnt\n|faint|p2a: Delphox\n|\n|upkeep\n|\n|t:|1733769069\n|switch|p2a: Umbreon|Umbreon, L84, F|297/297\n|-damage|p2a: Umbreon|260/297|[from] Stealth Rock\n|turn|10\n|\n|t:|1733769078\n|switch|p1a: Tsareena|Tsareena, L87, F|267/267\n|move|p2a: Umbreon|Toxic|p1a: Tsareena\n|-status|p1a: Tsareena|tox\n|\n|-heal|p2a: Umbreon|278/297|[from] item: Leftovers\n|-damage|p1a: Tsareena|251/267 tox|[from] psn\n|upkeep\n|turn|11\n|\n|t:|1733769089\n|move|p2a: Umbreon|Protect|p2a: Umbreon\n|-singleturn|p2a: Umbreon|Protect\n|move|p1a: Tsareena|U-turn|p2a: Umbreon\n|-activate|p2a: Umbreon|move: Protect\n|\n|-heal|p2a: Umbreon|296/297|[from] item: Leftovers\n|-damage|p1a: Tsareena|219/267 tox|[from] psn\n|upkeep\n|turn|12\n|\n|t:|1733769107\n|move|p1a: Tsareena|U-turn|p2a: Umbreon\n|-supereffective|p2a: Umbreon\n|-damage|p2a: Umbreon|180/297\n|\n|t:|1733769109\n|switch|p1a: Iron Hands|Iron Hands, L79|373/373|[from] U-turn\n|move|p2a: Umbreon|Foul Play|p1a: Iron Hands\n|-resisted|p1a: Iron Hands\n|-damage|p1a: Iron Hands|319/373\n|\n|-heal|p2a: Umbreon|198/297|[from] item: Leftovers\n|-heal|p1a: Iron Hands|342/373|[from] item: Leftovers\n|upkeep\n|turn|13\n|inactive|Kimisoto has 120 seconds left.\n|\n|t:|1733769147\n|move|p2a: Umbreon|Wish|p2a: Umbreon\n|move|p1a: Iron Hands|Swords Dance|p1a: Iron Hands\n|-boost|p1a: Iron Hands|atk|2\n|\n|-heal|p2a: Umbreon|216/297|[from] item: Leftovers\n|-heal|p1a: Iron Hands|365/373|[from] item: Leftovers\n|upkeep\n|turn|14\n|\n|t:|1733769154\n|move|p2a: Umbreon|Toxic|p1a: Iron Hands\n|-status|p1a: Iron Hands|tox\n|move|p1a: Iron Hands|Swords Dance|p1a: Iron Hands\n|-boost|p1a: Iron Hands|atk|2\n|\n|-heal|p2a: Umbreon|297/297|[from] move: Wish|[wisher] Umbreon\n|-heal|p1a: Iron Hands|373/373 tox|[from] item: Leftovers\n|-damage|p1a: Iron Hands|350/373 tox|[from] psn\n|upkeep\n|turn|15\n|\n|t:|1733769166\n|switch|p2a: Latios|Latios, L78, M|253/253\n|-damage|p2a: Latios|222/253|[from] Stealth Rock\n|move|p1a: Iron Hands|Swords Dance|p1a: Iron Hands\n|-boost|p1a: Iron Hands|atk|2\n|\n|-heal|p1a: Iron Hands|373/373 tox|[from] item: Leftovers\n|-damage|p1a: Iron Hands|327/373 tox|[from] psn\n|upkeep\n|turn|16\n|\n|t:|1733769182\n|move|p2a: Latios|Luster Purge|p1a: Iron Hands\n|-supereffective|p1a: Iron Hands\n|-damage|p1a: Iron Hands|0 fnt\n|faint|p1a: Iron Hands\n|-end|p1a: Iron Hands|Quark Drive|[silent]\n|\n|upkeep\n|\n|t:|1733769192\n|switch|p1a: Tsareena|Tsareena, L87, F|219/267 tox\n|turn|17\n|\n|t:|1733769201\n|move|p2a: Latios|Luster Purge|p1a: Tsareena\n|-damage|p1a: Tsareena|83/267 tox\n|move|p1a: Tsareena|Triple Axel|p2a: Latios\n|-supereffective|p2a: Latios\n|-damage|p2a: Latios|182/253\n|-supereffective|p2a: Latios\n|-damage|p2a: Latios|102/253\n|-supereffective|p2a: Latios\n|-crit|p2a: Latios\n|-damage|p2a: Latios|0 fnt\n|faint|p2a: Latios\n|-hitcount|p2: Latios|3\n|\n|-damage|p1a: Tsareena|67/267 tox|[from] psn\n|upkeep\n|\n|t:|1733769216\n|switch|p2a: Umbreon|Umbreon, L84, F|297/297\n|-damage|p2a: Umbreon|260/297|[from] Stealth Rock\n|turn|18\n|\n|t:|1733769223\n|move|p2a: Umbreon|Protect|p2a: Umbreon\n|-singleturn|p2a: Umbreon|Protect\n|move|p1a: Tsareena|Triple Axel|p2a: Umbreon\n|-activate|p2a: Umbreon|move: Protect\n|\n|-heal|p2a: Umbreon|278/297|[from] item: Leftovers\n|-damage|p1a: Tsareena|35/267 tox|[from] psn\n|upkeep\n|turn|19\n|\n|t:|1733769231\n|move|p2a: Umbreon|Protect||[still]\n|-fail|p2a: Umbreon\n|move|p1a: Tsareena|Triple Axel|p2a: Umbreon\n|-damage|p2a: Umbreon|261/297\n|-damage|p2a: Umbreon|232/297\n|-damage|p2a: Umbreon|184/297\n|-hitcount|p2a: Umbreon|3\n|\n|-heal|p2a: Umbreon|202/297|[from] item: Leftovers\n|-damage|p1a: Tsareena|0 fnt|[from] psn\n|faint|p1a: Tsareena\n|upkeep\n|\n|t:|1733769241\n|switch|p1a: Meloetta|Meloetta, L82|275/298\n|turn|20\n|inactive|Kimisoto has 120 seconds left.\n|\n|t:|1733769257\n|move|p1a: Meloetta|Focus Blast|p2a: Umbreon\n|-supereffective|p2a: Umbreon\n|-damage|p2a: Umbreon|0 fnt\n|faint|p2a: Umbreon\n|\n|upkeep\n|\n|t:|1733769268\n|switch|p2a: Ursaluna|Ursaluna, L79, M|335/335 brn\n|-damage|p2a: Ursaluna|315/335 brn|[from] Stealth Rock\n|turn|21\n|\n|t:|1733769278\n|move|p1a: Meloetta|Focus Blast|p2a: Ursaluna\n|-supereffective|p2a: Ursaluna\n|-damage|p2a: Ursaluna|0 fnt\n|faint|p2a: Ursaluna\n|\n|upkeep\n|\n|t:|1733769284\n|switch|p2a: Alomomola|Alomomola, L87, M|429/429\n|turn|22\n|inactive|Kimisoto has 120 seconds left.\n|\n|t:|1733769290\n|move|p1a: Meloetta|Focus Blast|p2a: Alomomola\n|-damage|p2a: Alomomola|207/429\n|move|p2a: Alomomola|Scald|p1a: Meloetta\n|-damage|p1a: Meloetta|233/298\n|\n|upkeep\n|turn|23\n|inactive|Kimisoto has 120 seconds left.\n|c|\u2606seamen_demon3|focus blast hitting 3 times in a row is un heard of\n|\n|t:|1733769308\n|move|p1a: Meloetta|Focus Blast|p2a: Alomomola\n|-damage|p2a: Alomomola|0 fnt\n|faint|p2a: Alomomola\n|\n|upkeep\n|\n|t:|1733769312\n|switch|p2a: Garganacl|Garganacl, L80, M|291/291\n|-damage|p2a: Garganacl|255/291|[from] Stealth Rock\n|turn|24\n|\n|t:|1733769320\n|-terastallize|p2a: Garganacl|Dragon\n|move|p1a: Meloetta|Focus Blast|p2a: Garganacl\n|-damage|p2a: Garganacl|97/291\n|move|p2a: Garganacl|Body Press|p1a: Meloetta\n|-damage|p1a: Meloetta|161/298\n|\n|-heal|p2a: Garganacl|115/291|[from] item: Leftovers\n|upkeep\n|turn|25\n|\n|t:|1733769332\n|move|p1a: Meloetta|Focus Blast|p2a: Garganacl\n|-damage|p2a: Garganacl|0 fnt\n|faint|p2a: Garganacl\n|\n|win|seamen_demon3\n|raw|seamen_demon3's rating: 1116 &rarr; <strong>1138</strong><br />(+22 for winning)\n|raw|Kimisoto's rating: 1074 &rarr; <strong>1055</strong><br />(-19 for losing)\n|l|\u2606Kimisoto\n|player|p2|\n|c|\u2606seamen_demon3|gg\n", "inputlog": ">version bfd83cad13791eb5a5a409923076391caf6fb4d4\n>start {\"formatid\":\"gen9randombattle\",\"seed\":[57833,59207,36684,16663],\"rated\":\"Rated battle\"}\n>player p1 {\"name\":\"seamen_demon3\",\"avatar\":\"miku-water\",\"rating\":1116,\"seed\":[54093,47444,16753,294]}\n>player p2 {\"name\":\"Kimisoto\",\"avatar\":\"101\",\"rating\":1074,\"seed\":[50283,51904,34174,37504]}\n>p1 switch 4\n>p2 move swordsdance\n>p1 move tripleaxel\n>p2 switch 4\n>p1 move powerwhip\n>p2 switch 6\n>p1 move uturn\n>p2 move nastyplot\n>p1 switch 4\n>p1 move calmmind\n>p2 move grassknot\n>p1 move calmmind\n>p2 move psyshock\n>p1 switch 6\n>p1 move stealthrock\n>p2 move grassknot\n>p1 move heavyslam\n>p2 move grassknot\n>p1 switch 2\n>p1 move hypervoice\n>p2 move grassknot\n>p2 switch 2\n>p1 switch 4\n>p2 move toxic\n>p1 move uturn\n>p2 move protect\n>p1 move uturn\n>p2 move foulplay\n>p1 switch 3\n>p1 move swordsdance\n>p2 move wish\n>p1 move swordsdance\n>p2 move toxic\n>p1 move swordsdance\n>p2 switch 5\n>p1 move icepunch\n>p2 move lusterpurge\n>p1 switch 3\n>p1 move tripleaxel\n>p2 move lusterpurge\n>p2 switch 5\n>p1 move tripleaxel\n>p2 move protect\n>p1 move tripleaxel\n>p2 move protect\n>p1 switch 4\n>p1 move focusblast\n>p2 move foulplay\n>p2 switch 4\n>p1 move focusblast\n>p2 move facade\n>p2 switch 6\n>p1 move focusblast\n>p2 move scald\n>chat \u2606seamen_demon3|focus blast hitting 3 times in a row is un heard of\n>p1 move focusblast\n>p2 move wish\n>p2 switch 3\n>p1 move focusblast\n>p2 move bodypress terastallize\n>p1 move focusblast\n>p2 move bodypress", "uploadtime": 1733769339, "views": 1, "formatid": "gen9randombattle", "rating": 1055, "private": 0, "password": null}