{"id": "gen9randombattle-2104875331", "format": "[Gen 9] Random Battle", "players": ["hong hoornstaart", "Norman2!"], "log": "|badge|p1|bronze|gen9randombattle|100-1\n|uhtml|medal-msg|<div class=\"broadcast-blue\">Curious what those medals under the avatar are? PS now has Ladder Seasons! For more information, check out the <a href=\"https://www.smogon.com/forums/threads/3740067/\">thread on Smogon.</a></div>\n|badge|p2|silver|gen9randombattle|30-1\n|uhtml|medal-msg|<div class=\"broadcast-blue\">Curious what those medals under the avatar are? PS now has Ladder Seasons! For more information, check out the <a href=\"https://www.smogon.com/forums/threads/3740067/\">thread on Smogon.</a></div>\n|j|\u2606hong hoornstaart\n|j|\u203dNorman2!\n|t:|1713291747\n|gametype|singles\n|player|p1|hong hoornstaart|medium|2341\n|player|p2|Norman2!|265|2510\n|teamsize|p1|6\n|teamsize|p2|6\n|gen|9\n|tier|[Gen 9] Random Battle\n|rated|\n|rule|Species Clause: Limit one of each Pok\u00e9mon\n|rule|HP Percentage Mod: HP is shown in percentages\n|rule|Sleep Clause Mod: Limit one foe put to sleep\n|rule|Illusion Level Mod: Illusion disguises the Pok\u00e9mon's true level\n|\n|t:|1713291747\n|start\n|switch|p1a: Sneasler|Sneasler, L75, M|244/244\n|switch|p2a: Skuntank|Skuntank, L84, F|310/310\n|turn|1\n|j| gokupichu\n|\n|t:|1713291778\n|switch|p1a: Smeargle|Smeargle, L92, M|251/251\n|move|p2a: Skuntank|Knock Off|p1a: Smeargle\n|-damage|p1a: Smeargle|85/251\n|-enditem|p1a: Smeargle|Focus Sash|[from] move: Knock Off|[of] p2a: Skuntank\n|\n|upkeep\n|turn|2\n|\n|t:|1713291785\n|switch|p2a: Brambleghast|Brambleghast, L88, M|240/240\n|move|p1a: Smeargle|Sticky Web|p2a: Brambleghast\n|-sidestart|p2: Norman2!|move: Sticky Web\n|\n|upkeep\n|turn|3\n|\n|t:|1713291793\n|switch|p1a: Tauros|Tauros, L82, M|257/257\n|move|p2a: Brambleghast|Substitute|p2a: Brambleghast\n|-start|p2a: Brambleghast|Substitute\n|-damage|p2a: Brambleghast|180/240\n|\n|-heal|p2a: Brambleghast|195/240|[from] item: Leftovers\n|upkeep\n|turn|4\n|\n|t:|1713291800\n|move|p1a: Tauros|Throat Chop|p2a: Brambleghast\n|-supereffective|p2a: Brambleghast\n|-end|p2a: Brambleghast|Substitute\n|move|p2a: Brambleghast|Substitute|p2a: Brambleghast\n|-start|p2a: Brambleghast|Substitute\n|-damage|p2a: Brambleghast|135/240\n|\n|-heal|p2a: Brambleghast|150/240|[from] item: Leftovers\n|upkeep\n|turn|5\n|\n|t:|1713291803\n|move|p1a: Tauros|Throat Chop|p2a: Brambleghast\n|-supereffective|p2a: Brambleghast\n|-end|p2a: Brambleghast|Substitute\n|move|p2a: Brambleghast|Power Whip|p1a: Tauros\n|-damage|p1a: Tauros|106/257\n|\n|-heal|p2a: Brambleghast|165/240|[from] item: Leftovers\n|upkeep\n|turn|6\n|\n|t:|1713291814\n|switch|p2a: Skuntank|Skuntank, L84, F|310/310\n|-activate|p2a: Skuntank|move: Sticky Web\n|-unboost|p2a: Skuntank|spe|1\n|move|p1a: Tauros|Body Slam|p2a: Skuntank\n|-damage|p2a: Skuntank|138/310\n|\n|upkeep\n|turn|7\n|\n|t:|1713291819\n|move|p2a: Skuntank|Sucker Punch|p1a: Tauros\n|-damage|p1a: Tauros|39/257\n|move|p1a: Tauros|Earthquake|p2a: Skuntank\n|-supereffective|p2a: Skuntank\n|-damage|p2a: Skuntank|0 fnt\n|faint|p2a: Skuntank\n|-damage|p1a: Tauros|14/257|[from] item: Life Orb\n|\n|upkeep\n|\n|t:|1713291848\n|switch|p2a: Entei|Entei, L78|307/307\n|-activate|p2a: Entei|move: Sticky Web\n|-unboost|p2a: Entei|spe|1\n|turn|8\n|\n|t:|1713291861\n|switch|p1a: Floatzel|Floatzel, L85, M|283/283\n|move|p2a: Entei|Extreme Speed|p1a: Floatzel\n|-damage|p1a: Floatzel|164/283\n|\n|-heal|p1a: Floatzel|181/283|[from] item: Leftovers\n|upkeep\n|turn|9\n|\n|t:|1713291868\n|move|p2a: Entei|Extreme Speed|p1a: Floatzel\n|-damage|p1a: Floatzel|58/283\n|move|p1a: Floatzel|Bulk Up|p1a: Floatzel\n|-boost|p1a: Floatzel|atk|1\n|-boost|p1a: Floatzel|def|1\n|\n|-heal|p1a: Floatzel|75/283|[from] item: Leftovers\n|upkeep\n|turn|10\n|\n|t:|1713291873\n|switch|p1a: Iron Treads|Iron Treads, L77|265/265\n|move|p2a: Entei|Extreme Speed|p1a: Iron Treads\n|-resisted|p1a: Iron Treads\n|-damage|p1a: Iron Treads|226/265\n|\n|-heal|p1a: Iron Treads|242/265|[from] item: Leftovers\n|upkeep\n|turn|11\n|\n|t:|1713291880\n|switch|p2a: Brambleghast|Brambleghast, L88, M|165/240\n|-activate|p2a: Brambleghast|move: Sticky Web\n|-unboost|p2a: Brambleghast|spe|1\n|move|p1a: Iron Treads|Stealth Rock|p2a: Brambleghast\n|-sidestart|p2: Norman2!|move: Stealth Rock\n|\n|-heal|p1a: Iron Treads|258/265|[from] item: Leftovers\n|-heal|p2a: Brambleghast|180/240|[from] item: Leftovers\n|upkeep\n|turn|12\n|\n|t:|1713291896\n|move|p1a: Iron Treads|Iron Head|p2a: Brambleghast\n|-damage|p2a: Brambleghast|89/240\n|move|p2a: Brambleghast|Power Whip|p1a: Iron Treads\n|-damage|p1a: Iron Treads|129/265\n|\n|-heal|p1a: Iron Treads|145/265|[from] item: Leftovers\n|-heal|p2a: Brambleghast|104/240|[from] item: Leftovers\n|upkeep\n|turn|13\n|\n|t:|1713291907\n|move|p1a: Iron Treads|Iron Head|p2a: Brambleghast\n|-damage|p2a: Brambleghast|10/240\n|move|p2a: Brambleghast|Power Whip|p1a: Iron Treads\n|-damage|p1a: Iron Treads|0 fnt\n|faint|p1a: Iron Treads\n|-end|p1a: Iron Treads|Quark Drive|[silent]\n|\n|-heal|p2a: Brambleghast|25/240|[from] item: Leftovers\n|upkeep\n|\n|t:|1713291934\n|switch|p1a: Smeargle|Smeargle, L92, M|85/251\n|turn|14\n|\n|t:|1713291940\n|move|p1a: Smeargle|Ceaseless Edge|p2a: Brambleghast\n|-supereffective|p2a: Brambleghast\n|-damage|p2a: Brambleghast|0 fnt\n|-sidestart|p2: Norman2!|Spikes\n|faint|p2a: Brambleghast\n|\n|upkeep\n|\n|t:|1713291947\n|switch|p2a: Entei|Entei, L78|307/307\n|-activate|p2a: Entei|move: Sticky Web\n|-unboost|p2a: Entei|spe|1\n|-damage|p2a: Entei|231/307|[from] Stealth Rock\n|-damage|p2a: Entei|193/307|[from] Spikes\n|turn|15\n|\n|t:|1713291951\n|move|p2a: Entei|Extreme Speed|p1a: Smeargle\n|-damage|p1a: Smeargle|0 fnt\n|faint|p1a: Smeargle\n|\n|upkeep\n|\n|t:|1713291956\n|switch|p1a: Tatsugiri|Tatsugiri-Stretchy, L86, M|257/257\n|turn|16\n|\n|t:|1713291961\n|move|p2a: Entei|Extreme Speed|p1a: Tatsugiri\n|-damage|p1a: Tatsugiri|142/257\n|move|p1a: Tatsugiri|Surf|p2a: Entei\n|-supereffective|p2a: Entei\n|-crit|p2a: Entei\n|-damage|p2a: Entei|0 fnt\n|faint|p2a: Entei\n|\n|upkeep\n|\n|t:|1713291987\n|switch|p2a: Espathra|Espathra, L80, F|283/283\n|-activate|p2a: Espathra|move: Sticky Web\n|-unboost|p2a: Espathra|spe|1\n|-damage|p2a: Espathra|248/283|[from] Stealth Rock\n|-damage|p2a: Espathra|213/283|[from] Spikes\n|turn|17\n|\n|t:|1713292000\n|move|p1a: Tatsugiri|Rapid Spin|p2a: Espathra\n|-damage|p2a: Espathra|179/283\n|-boost|p1a: Tatsugiri|spe|1\n|move|p2a: Espathra|Calm Mind|p2a: Espathra\n|-boost|p2a: Espathra|spa|1\n|-boost|p2a: Espathra|spd|1\n|\n|-heal|p2a: Espathra|196/283|[from] item: Leftovers\n|-ability|p2a: Espathra|Speed Boost|boost\n|-boost|p2a: Espathra|spe|1\n|upkeep\n|turn|18\n|\n|t:|1713292035\n|move|p1a: Tatsugiri|Surf|p2a: Espathra\n|-damage|p2a: Espathra|90/283\n|move|p2a: Espathra|Calm Mind|p2a: Espathra\n|-boost|p2a: Espathra|spa|1\n|-boost|p2a: Espathra|spd|1\n|\n|-heal|p2a: Espathra|107/283|[from] item: Leftovers\n|-ability|p2a: Espathra|Speed Boost|boost\n|-boost|p2a: Espathra|spe|1\n|upkeep\n|turn|19\n|-message|hong hoornstaart forfeited.\n|\n|win|Norman2!\n|raw|hong hoornstaart's rating: 2341 &rarr; <strong>2330</strong><br />(-11 for losing)\n|raw|Norman2!'s rating: 2510 &rarr; <strong>2521</strong><br />(+11 for winning)\n|l|\u2606hong hoornstaart\n|player|p1|\n|l| gokupichu\n", "inputlog": ">version 94cb14e6e593f9434fd234bef139544825d280b8\n>start {\"formatid\":\"gen9randombattle\",\"seed\":[41361,26084,32992,44174],\"rated\":\"Rated battle\"}\n>player p1 {\"name\":\"hong hoornstaart\",\"avatar\":\"medium\",\"rating\":2341,\"seed\":[61916,5606,14947,20328]}\n>player p2 {\"name\":\"Norman2!\",\"avatar\":\"265\",\"rating\":2510,\"seed\":[23314,19199,11156,12651]}\n>p1 switch 4\n>p2 move knockoff\n>p1 move stickyweb\n>p2 switch 2\n>p1 switch 6\n>p2 move substitute\n>p1 move throatchop\n>p2 move substitute\n>p1 move throatchop\n>p2 move powerwhip\n>p1 move bodyslam\n>p2 switch 2\n>p1 move earthquake\n>p2 move suckerpunch\n>p2 switch 4\n>p1 switch 3\n>p2 move extremespeed\n>p1 move bulkup\n>p2 move extremespeed\n>p1 switch 5\n>p2 move extremespeed\n>p1 move stealthrock\n>p2 switch 2\n>p1 move ironhead\n>p2 move powerwhip\n>p1 move ironhead\n>p2 move powerwhip\n>p1 switch 6\n>p1 move ceaselessedge\n>p2 move powerwhip\n>p2 switch 2\n>p1 move spore\n>p2 move extremespeed\n>p1 switch 2\n>p1 move surf\n>p2 move extremespeed\n>p2 switch 6\n>p1 move rapidspin\n>p2 move calmmind\n>p1 move surf\n>p2 move calmmind\n>forcelose p1", "uploadtime": 1713292056, "views": 243, "formatid": "gen9randombattle", "rating": 2330, "private": 0, "password": null}