{"id": "gen9randombattle-2260821710", "format": "[Gen 9] Random Battle", "players": ["Sacred Quill", "Hank hill 3"], "log": "|j|\u203dSacred Quill\n|j|\u2606Hank hill 3\n|t:|1733898260\n|gametype|singles\n|player|p1|Sacred Quill|clerk|1490\n|player|p2|Hank hill 3|alder|1486\n|teamsize|p1|6\n|teamsize|p2|6\n|gen|9\n|tier|[Gen 9] Random Battle\n|rated|\n|rule|Species Clause: Limit one of each Pok\u00e9mon\n|rule|HP Percentage Mod: HP is shown in percentages\n|rule|Sleep Clause Mod: Limit one foe put to sleep\n|rule|Illusion Level Mod: Illusion disguises the Pok\u00e9mon's true level\n|\n|t:|1733898260\n|start\n|switch|p1a: Duraludon|Duraludon, L82, F|249/249\n|switch|p2a: Charizard|Charizard, L85, M|271/271\n|turn|1\n|\n|t:|1733898276\n|switch|p1a: Skeledirge|Skeledirge, L79, M|294/294\n|move|p2a: Charizard|Swords Dance|p2a: Charizard\n|-boost|p2a: Charizard|atk|2\n|\n|upkeep\n|turn|2\n|inactive|Battle timer is ON: inactive players will automatically lose when time's up. (requested by Hank hill 3)\n|\n|t:|1733898289\n|move|p2a: Charizard|Earthquake|p1a: Skeledirge\n|-supereffective|p1a: Skeledirge\n|-damage|p1a: Skeledirge|174/294\n|move|p1a: Skeledirge|Flame Charge|p2a: Charizard\n|-resisted|p2a: Charizard\n|-damage|p2a: Charizard|249/271\n|-boost|p1a: Skeledirge|spe|1\n|\n|upkeep\n|turn|3\n|\n|t:|1733898300\n|move|p1a: Skeledirge|Slack Off|p1a: Skeledirge\n|-heal|p1a: Skeledirge|294/294\n|move|p2a: Charizard|Earthquake|p1a: Skeledirge\n|-supereffective|p1a: Skeledirge\n|-damage|p1a: Skeledirge|172/294\n|\n|upkeep\n|turn|4\n|\n|t:|1733898310\n|move|p1a: Skeledirge|Torch Song|p2a: Charizard\n|-resisted|p2a: Charizard\n|-damage|p2a: Charizard|209/271\n|-boost|p1a: Skeledirge|spa|1\n|move|p2a: Charizard|Swords Dance|p2a: Charizard\n|-boost|p2a: Charizard|atk|2\n|\n|upkeep\n|turn|5\n|\n|t:|1733898317\n|move|p1a: Skeledirge|Shadow Ball|p2a: Charizard\n|-damage|p2a: Charizard|88/271\n|move|p2a: Charizard|Earthquake|p1a: Skeledirge\n|-supereffective|p1a: Skeledirge\n|-damage|p1a: Skeledirge|34/294\n|\n|upkeep\n|turn|6\n|\n|t:|1733898326\n|move|p1a: Skeledirge|Slack Off|p1a: Skeledirge\n|-heal|p1a: Skeledirge|181/294\n|move|p2a: Charizard|Earthquake|p1a: Skeledirge\n|-supereffective|p1a: Skeledirge\n|-damage|p1a: Skeledirge|49/294\n|\n|upkeep\n|turn|7\n|\n|t:|1733898329\n|move|p1a: Skeledirge|Slack Off|p1a: Skeledirge\n|-heal|p1a: Skeledirge|196/294\n|move|p2a: Charizard|Earthquake|p1a: Skeledirge\n|-supereffective|p1a: Skeledirge\n|-damage|p1a: Skeledirge|62/294\n|\n|upkeep\n|turn|8\n|\n|t:|1733898332\n|move|p1a: Skeledirge|Slack Off|p1a: Skeledirge\n|-heal|p1a: Skeledirge|209/294\n|move|p2a: Charizard|Earthquake|p1a: Skeledirge\n|-supereffective|p1a: Skeledirge\n|-damage|p1a: Skeledirge|71/294\n|\n|upkeep\n|turn|9\n|\n|t:|1733898335\n|move|p1a: Skeledirge|Shadow Ball|p2a: Charizard\n|-damage|p2a: Charizard|0 fnt\n|faint|p2a: Charizard\n|\n|upkeep\n|\n|t:|1733898354\n|switch|p2a: Regidrago|Regidrago, L77|435/435\n|turn|10\n|\n|t:|1733898358\n|move|p2a: Regidrago|Dragon Energy|p1a: Skeledirge\n|-damage|p1a: Skeledirge|0 fnt\n|faint|p1a: Skeledirge\n|\n|upkeep\n|\n|t:|1733898365\n|switch|p1a: Duraludon|Duraludon, L82, F|249/249\n|turn|11\n|\n|t:|1733898367\n|switch|p2a: Grimmsnarl|Grimmsnarl, L83, M|293/293\n|move|p1a: Duraludon|Iron Defense|p1a: Duraludon\n|-boost|p1a: Duraludon|def|2\n|\n|upkeep\n|turn|12\n|\n|t:|1733898376\n|move|p1a: Duraludon|Iron Defense|p1a: Duraludon\n|-boost|p1a: Duraludon|def|2\n|move|p2a: Grimmsnarl|Spirit Break|p1a: Duraludon\n|-damage|p1a: Duraludon|231/249\n|-unboost|p1a: Duraludon|spa|1\n|\n|upkeep\n|turn|13\n|\n|t:|1733898380\n|move|p2a: Grimmsnarl|Thunder Wave|p1a: Duraludon\n|-status|p1a: Duraludon|par\n|cant|p1a: Duraludon|par\n|\n|upkeep\n|turn|14\n|\n|t:|1733898384\n|move|p2a: Grimmsnarl|Spirit Break|p1a: Duraludon\n|-crit|p1a: Duraludon\n|-damage|p1a: Duraludon|158/249 par\n|-unboost|p1a: Duraludon|spa|1\n|move|p1a: Duraludon|Body Press|p2a: Grimmsnarl\n|-damage|p2a: Grimmsnarl|73/293\n|\n|-heal|p2a: Grimmsnarl|91/293|[from] item: Leftovers\n|upkeep\n|turn|15\n|\n|t:|1733898393\n|move|p2a: Grimmsnarl|Spirit Break|p1a: Duraludon\n|-damage|p1a: Duraludon|139/249 par\n|-unboost|p1a: Duraludon|spa|1\n|cant|p1a: Duraludon|par\n|\n|-heal|p2a: Grimmsnarl|109/293|[from] item: Leftovers\n|upkeep\n|turn|16\n|\n|t:|1733898399\n|move|p2a: Grimmsnarl|Spirit Break|p1a: Duraludon\n|-damage|p1a: Duraludon|121/249 par\n|-unboost|p1a: Duraludon|spa|1\n|move|p1a: Duraludon|Body Press|p2a: Grimmsnarl\n|-crit|p2a: Grimmsnarl\n|-damage|p2a: Grimmsnarl|0 fnt\n|faint|p2a: Grimmsnarl\n|\n|upkeep\n|\n|t:|1733898402\n|switch|p2a: Noivern|Noivern, L82, F|274/274\n|turn|17\n|\n|t:|1733898410\n|move|p2a: Noivern|Flamethrower|p1a: Duraludon\n|-damage|p1a: Duraludon|61/249 par\n|cant|p1a: Duraludon|par\n|\n|upkeep\n|turn|18\n|\n|t:|1733898414\n|move|p2a: Noivern|Flamethrower|p1a: Duraludon\n|-damage|p1a: Duraludon|3/249 par\n|move|p1a: Duraludon|Draco Meteor|p2a: Noivern|[miss]\n|-miss|p1a: Duraludon|p2a: Noivern\n|\n|upkeep\n|turn|19\n|\n|t:|1733898419\n|move|p2a: Noivern|Flamethrower|p1a: Duraludon\n|-damage|p1a: Duraludon|0 fnt\n|faint|p1a: Duraludon\n|\n|upkeep\n|\n|t:|1733898428\n|switch|p1a: Chandelure|Chandelure, L83, M|235/235\n|turn|20\n|\n|t:|1733898433\n|move|p2a: Noivern|Hurricane|p1a: Chandelure|[miss]\n|-miss|p2a: Noivern|p1a: Chandelure\n|move|p1a: Chandelure|Calm Mind|p1a: Chandelure\n|-boost|p1a: Chandelure|spa|1\n|-boost|p1a: Chandelure|spd|1\n|\n|upkeep\n|turn|21\n|\n|t:|1733898440\n|move|p2a: Noivern|Hurricane|p1a: Chandelure\n|-damage|p1a: Chandelure|168/235\n|-start|p1a: Chandelure|confusion\n|-activate|p1a: Chandelure|confusion\n|move|p1a: Chandelure|Calm Mind|p1a: Chandelure\n|-boost|p1a: Chandelure|spa|1\n|-boost|p1a: Chandelure|spd|1\n|\n|upkeep\n|turn|22\n|\n|t:|1733898448\n|move|p2a: Noivern|Draco Meteor|p1a: Chandelure\n|-damage|p1a: Chandelure|105/235\n|-unboost|p2a: Noivern|spa|2\n|-end|p1a: Chandelure|confusion\n|move|p1a: Chandelure|Shadow Ball|p2a: Noivern\n|-damage|p2a: Noivern|12/274\n|\n|upkeep\n|turn|23\n|\n|t:|1733898458\n|move|p2a: Noivern|Draco Meteor|p1a: Chandelure\n|-damage|p1a: Chandelure|74/235\n|-unboost|p2a: Noivern|spa|2\n|move|p1a: Chandelure|Shadow Ball|p2a: Noivern\n|-damage|p2a: Noivern|0 fnt\n|faint|p2a: Noivern\n|\n|upkeep\n|\n|t:|1733898471\n|switch|p2a: Regidrago|Regidrago, L77|435/435\n|turn|24\n|\n|t:|1733898477\n|move|p2a: Regidrago|Earthquake|p1a: Chandelure\n|-supereffective|p1a: Chandelure\n|-damage|p1a: Chandelure|0 fnt\n|faint|p1a: Chandelure\n|\n|upkeep\n|\n|t:|1733898481\n|switch|p1a: Iron Jugulis|Iron Jugulis, L78|275/275\n|turn|25\n|\n|t:|1733898498\n|switch|p2a: Dunsparce|Dunsparce, L86, M|312/312\n|move|p1a: Iron Jugulis|Dark Pulse|p2a: Dunsparce\n|-damage|p2a: Dunsparce|198/312\n|\n|upkeep\n|turn|26\n|\n|t:|1733898503\n|move|p1a: Iron Jugulis|Dark Pulse|p2a: Dunsparce\n|-damage|p2a: Dunsparce|92/312\n|cant|p2a: Dunsparce|flinch\n|\n|upkeep\n|turn|27\n|\n|t:|1733898508\n|move|p1a: Iron Jugulis|Dark Pulse|p2a: Dunsparce\n|-damage|p2a: Dunsparce|0 fnt\n|faint|p2a: Dunsparce\n|\n|upkeep\n|\n|t:|1733898513\n|switch|p2a: Regidrago|Regidrago, L77|435/435\n|turn|28\n|\n|t:|1733898518\n|-terastallize|p2a: Regidrago|Dragon\n|move|p2a: Regidrago|Dragon Energy|p1a: Iron Jugulis\n|-damage|p1a: Iron Jugulis|0 fnt\n|faint|p1a: Iron Jugulis\n|-end|p1a: Iron Jugulis|Quark Drive|[silent]\n|\n|upkeep\n|\n|t:|1733898525\n|switch|p1a: Lilligant|Lilligant-Hisui, L79, F|240/240\n|turn|29\n|\n|t:|1733898530\n|-terastallize|p1a: Lilligant|Steel\n|move|p2a: Regidrago|Dragon Energy|p1a: Lilligant\n|-resisted|p1a: Lilligant\n|-damage|p1a: Lilligant|73/240\n|move|p1a: Lilligant|Victory Dance|p1a: Lilligant\n|-boost|p1a: Lilligant|atk|1\n|-boost|p1a: Lilligant|def|1\n|-boost|p1a: Lilligant|spe|1\n|\n|upkeep\n|turn|30\n|\n|t:|1733898537\n|move|p1a: Lilligant|Ice Spinner|p2a: Regidrago\n|-supereffective|p2a: Regidrago\n|-crit|p2a: Regidrago\n|-damage|p2a: Regidrago|0 fnt\n|faint|p2a: Regidrago\n|\n|upkeep\n|\n|t:|1733898539\n|switch|p2a: Ludicolo|Ludicolo, L90, F|290/290\n|turn|31\n|\n|t:|1733898542\n|move|p1a: Lilligant|Leaf Blade|p2a: Ludicolo\n|-damage|p2a: Ludicolo|52/290\n|move|p2a: Ludicolo|Hydro Pump|p1a: Lilligant\n|-damage|p1a: Lilligant|0 fnt\n|faint|p1a: Lilligant\n|\n|upkeep\n|\n|t:|1733898546\n|switch|p1a: Deoxys|Deoxys, L74|196/196\n|-ability|p1a: Deoxys|Pressure\n|turn|32\n|\n|t:|1733898548\n|move|p1a: Deoxys|Extreme Speed|p2a: Ludicolo\n|-damage|p2a: Ludicolo|0 fnt\n|faint|p2a: Ludicolo\n|-damage|p1a: Deoxys|177/196|[from] item: Life Orb\n|\n|win|Sacred Quill\n|raw|Sacred Quill's rating: 1490 &rarr; <strong>1510</strong><br />(+20 for winning)\n|raw|Hank hill 3's rating: 1486 &rarr; <strong>1466</strong><br />(-20 for losing)\n|l|\u2606Hank hill 3\n|player|p2|\n", "inputlog": ">version bfd83cad13791eb5a5a409923076391caf6fb4d4\n>start {\"formatid\":\"gen9randombattle\",\"seed\":[12535,32334,29637,2416],\"rated\":\"Rated battle\"}\n>player p1 {\"name\":\"Sacred Quill\",\"avatar\":\"clerk\",\"rating\":1490,\"seed\":[28859,27474,12272,49515]}\n>player p2 {\"name\":\"Hank hill 3\",\"avatar\":\"alder\",\"rating\":1486,\"seed\":[60906,36149,57954,58031]}\n>p1 switch 5\n>p2 move swordsdance\n>p1 move flamecharge\n>p2 move earthquake\n>p1 move slackoff\n>p2 move earthquake\n>p1 move torchsong\n>p2 move swordsdance\n>p1 move shadowball\n>p2 move earthquake\n>p1 move slackoff\n>p2 move earthquake\n>p1 move slackoff\n>p2 move earthquake\n>p1 move slackoff\n>p2 move earthquake\n>p1 move shadowball\n>p2 move earthquake\n>p2 switch 3\n>p1 move slackoff\n>p2 move dragonenergy\n>p1 switch 5\n>p1 move irondefense\n>p2 switch 4\n>p1 move irondefense\n>p2 move spiritbreak\n>p1 move irondefense\n>p2 move thunderwave\n>p1 move bodypress\n>p2 move spiritbreak\n>p1 move bodypress\n>p2 move spiritbreak\n>p1 move bodypress\n>p2 move spiritbreak\n>p2 switch 2\n>p1 move dracometeor\n>p2 move flamethrower\n>p1 move dracometeor\n>p2 move flamethrower\n>p1 move dracometeor\n>p2 move flamethrower\n>p1 switch 6\n>p1 move calmmind\n>p2 move hurricane\n>p1 move calmmind\n>p2 move hurricane\n>p1 move shadowball\n>p2 move dracometeor\n>p1 move shadowball\n>p2 move dracometeor\n>p2 switch 4\n>p1 move shadowball\n>p2 move earthquake\n>p1 switch 4\n>p1 move darkpulse\n>p2 switch 6\n>p1 move darkpulse\n>p2 move bodyslam\n>p1 move darkpulse\n>p2 move bodyslam\n>p2 switch 6\n>p1 move darkpulse\n>p2 move dragonenergy terastallize\n>p1 switch 3\n>p1 move victorydance terastallize\n>p2 move dragonenergy\n>p1 move icespinner\n>p2 move dragonenergy\n>p2 switch 5\n>p1 move leafblade\n>p2 move hydropump\n>p1 switch 2\n>p1 move extremespeed\n>p2 move hydropump", "uploadtime": 1733898551, "views": 1, "formatid": "gen9randombattle", "rating": 1466, "private": 0, "password": null}