{"id": "gen9randombattle-2151513248", "format": "[Gen 9] Random Battle", "players": ["temple of zion", "PokemonCestDur"], "log": "|badge|p2|bronze|gen9randombattle|100-1\n|html|<div class=\"broadcast-red\"><strong>This battle is required to be public due to one or more player having a season medal.</strong><br />During the public phase, you can discuss the state of the ladder <a href=\"/seasondiscussion\">in a special chatroom.</a></div>\n|uhtml|medal-msg|<div class=\"broadcast-blue\">Curious what those medals under the avatar are? PS now has Ladder Seasons! For more information, check out the <a href=\"https://www.smogon.com/forums/threads/3740067/\">thread on Smogon.</a></div>\n|raw|<div class=\"broadcast-blue\"><strong>This battle is required to be public due to a player having a name starting with 'medal'.</div>\n|j|\u2606temple of zion\n|j|\u2606PokemonCestDur\n|t:|1719571167\n|gametype|singles\n|player|p1|temple of zion|petrel|2216\n|player|p2|PokemonCestDur|#ruplixsleekslushrushers|2333\n|teamsize|p1|6\n|teamsize|p2|6\n|gen|9\n|tier|[Gen 9] Random Battle\n|rated|\n|rule|Species Clause: Limit one of each Pok\u00e9mon\n|rule|HP Percentage Mod: HP is shown in percentages\n|rule|Sleep Clause Mod: Limit one foe put to sleep\n|rule|Illusion Level Mod: Illusion disguises the Pok\u00e9mon's true level\n|\n|t:|1719571167\n|start\n|switch|p1a: Deoxys|Deoxys, L74|196/196\n|switch|p2a: Brambleghast|Brambleghast, L88, F|240/240\n|-ability|p1a: Deoxys|Pressure\n|turn|1\n|inactive|Battle timer is ON: inactive players will automatically lose when time's up. (requested by temple of zion)\n|j| OfManITaste\n|inactive|temple of zion has 120 seconds left.\n|\n|t:|1719571202\n|move|p1a: Deoxys|Knock Off|p2a: Brambleghast\n|-supereffective|p2a: Brambleghast\n|-damage|p2a: Brambleghast|27/240\n|-enditem|p2a: Brambleghast|Leftovers|[from] move: Knock Off|[of] p1a: Deoxys\n|-damage|p1a: Deoxys|177/196|[from] item: Life Orb\n|move|p2a: Brambleghast|Poltergeist|p1a: Deoxys|[miss]\n|-miss|p2a: Brambleghast|p1a: Deoxys\n|\n|upkeep\n|turn|2\n|\n|t:|1719571209\n|move|p1a: Deoxys|Knock Off|p2a: Brambleghast\n|-supereffective|p2a: Brambleghast\n|-damage|p2a: Brambleghast|0 fnt\n|faint|p2a: Brambleghast\n|-damage|p1a: Deoxys|158/196|[from] item: Life Orb\n|\n|upkeep\n|\n|t:|1719571216\n|switch|p2a: Wigglytuff|Wigglytuff, L96, F|424/424\n|turn|3\n|\n|t:|1719571221\n|switch|p1a: Tentacruel|Tentacruel, L84, F|272/272\n|move|p2a: Wigglytuff|Dazzling Gleam|p1a: Tentacruel\n|-resisted|p1a: Tentacruel\n|-damage|p1a: Tentacruel|232/272\n|\n|-heal|p1a: Tentacruel|249/272|[from] item: Leftovers\n|upkeep\n|turn|4\n|\n|t:|1719571231\n|switch|p2a: Hypno|Hypno, L95, M|315/315\n|move|p1a: Tentacruel|Sludge Bomb|p2a: Hypno\n|-damage|p2a: Hypno|260/315\n|-status|p2a: Hypno|psn\n|\n|-heal|p1a: Tentacruel|266/272|[from] item: Leftovers\n|-heal|p2a: Hypno|279/315 psn|[from] item: Leftovers\n|-damage|p2a: Hypno|240/315 psn|[from] psn\n|upkeep\n|turn|5\n|\n|t:|1719571252\n|move|p1a: Tentacruel|Surf|p2a: Hypno\n|-damage|p2a: Hypno|179/315 psn\n|move|p2a: Hypno|Psychic Noise|p1a: Tentacruel\n|-supereffective|p1a: Tentacruel\n|-damage|p1a: Tentacruel|128/272\n|-start|p1a: Tentacruel|move: Heal Block\n|\n|-heal|p2a: Hypno|198/315 psn|[from] item: Leftovers\n|-damage|p2a: Hypno|159/315 psn|[from] psn\n|upkeep\n|turn|6\n|\n|t:|1719571261\n|move|p1a: Tentacruel|Sludge Bomb|p2a: Hypno\n|-crit|p2a: Hypno\n|-damage|p2a: Hypno|68/315 psn\n|move|p2a: Hypno|Psychic Noise|p1a: Tentacruel\n|-supereffective|p1a: Tentacruel\n|-damage|p1a: Tentacruel|6/272\n|\n|-heal|p2a: Hypno|87/315 psn|[from] item: Leftovers\n|-damage|p2a: Hypno|48/315 psn|[from] psn\n|-end|p1a: Tentacruel|move: Heal Block\n|upkeep\n|turn|7\n|\n|t:|1719571274\n|move|p1a: Tentacruel|Sludge Bomb|p2a: Hypno\n|-damage|p2a: Hypno|0 fnt\n|faint|p2a: Hypno\n|\n|-heal|p1a: Tentacruel|23/272|[from] item: Leftovers\n|upkeep\n|\n|t:|1719571277\n|switch|p2a: Krookodile|Krookodile, L80, F|219/219\n|turn|8\n|\n|t:|1719571284\n|move|p2a: Krookodile|Hyper Voice|p1a: Tentacruel\n|-damage|p1a: Tentacruel|0 fnt\n|faint|p1a: Tentacruel\n|-damage|p2a: Krookodile|198/219|[from] item: Life Orb\n|\n|upkeep\n|\n|t:|1719571308\n|switch|p1a: Deoxys|Deoxys, L74|158/196\n|-ability|p1a: Deoxys|Pressure\n|turn|9\n|\n|t:|1719571317\n|switch|p2a: Wigglytuff|Wigglytuff, L96, F|424/424\n|move|p1a: Deoxys|Knock Off|p2a: Wigglytuff\n|-resisted|p2a: Wigglytuff\n|-damage|p2a: Wigglytuff|362/424\n|-enditem|p2a: Wigglytuff|Leftovers|[from] move: Knock Off|[of] p1a: Deoxys\n|-damage|p1a: Deoxys|139/196|[from] item: Life Orb\n|\n|upkeep\n|turn|10\n|\n|t:|1719571324\n|switch|p1a: Venusaur|Venusaur, L84, F|272/272\n|move|p2a: Wigglytuff|Stealth Rock|p1a: Venusaur\n|-sidestart|p1: temple of zion|move: Stealth Rock\n|\n|upkeep\n|turn|11\n|\n|t:|1719571331\n|move|p1a: Venusaur|Substitute|p1a: Venusaur\n|-start|p1a: Venusaur|Substitute\n|-damage|p1a: Venusaur|204/272\n|move|p2a: Wigglytuff|Knock Off|p1a: Venusaur\n|-end|p1a: Venusaur|Substitute\n|\n|-heal|p1a: Venusaur|221/272|[from] item: Leftovers\n|upkeep\n|turn|12\n|\n|t:|1719571336\n|move|p1a: Venusaur|Sleep Powder|p2a: Wigglytuff\n|-status|p2a: Wigglytuff|slp|[from] move: Sleep Powder\n|cant|p2a: Wigglytuff|slp\n|\n|-heal|p1a: Venusaur|238/272|[from] item: Leftovers\n|upkeep\n|turn|13\n|\n|t:|1719571343\n|switch|p2a: Krookodile|Krookodile, L80, F|198/219\n|move|p1a: Venusaur|Substitute|p1a: Venusaur\n|-start|p1a: Venusaur|Substitute\n|-damage|p1a: Venusaur|170/272\n|\n|-heal|p1a: Venusaur|187/272|[from] item: Leftovers\n|upkeep\n|turn|14\n|\n|t:|1719571364\n|switch|p1a: Flutter Mane|Flutter Mane, L74|203/203\n|-damage|p1a: Flutter Mane|178/203|[from] Stealth Rock\n|move|p2a: Krookodile|Nasty Plot|p2a: Krookodile\n|-boost|p2a: Krookodile|spa|2\n|\n|upkeep\n|turn|15\n|\n|t:|1719571376\n|move|p1a: Flutter Mane|Moonblast|p2a: Krookodile\n|-damage|p2a: Krookodile|0 fnt\n|replace|p2a: Zoroark|Zoroark-Hisui, L80, F\n|-end|p2a: Zoroark|Illusion\n|-hint|Illusion Level Mod is active, so this Pok\u00e9mon's true level was hidden.\n|faint|p2a: Zoroark\n|\n|upkeep\n|\n|t:|1719571382\n|switch|p2a: Scrafty|Scrafty, L84, F|246/246\n|-ability|p2a: Scrafty|Intimidate|boost\n|-unboost|p1a: Flutter Mane|atk|1\n|turn|16\n|\n|t:|1719571403\n|-end|p1a: Flutter Mane|Protosynthesis|[silent]\n|switch|p1a: Basculin|Basculin-Blue-Striped, L86, F|261/261\n|-damage|p1a: Basculin|229/261|[from] Stealth Rock\n|-terastallize|p2a: Scrafty|Poison\n|move|p2a: Scrafty|Dragon Dance|p2a: Scrafty\n|-boost|p2a: Scrafty|atk|1\n|-boost|p2a: Scrafty|spe|1\n|\n|upkeep\n|turn|17\n|\n|t:|1719571411\n|move|p2a: Scrafty|Dragon Dance|p2a: Scrafty\n|-boost|p2a: Scrafty|atk|1\n|-boost|p2a: Scrafty|spe|1\n|move|p1a: Basculin|Wave Crash|p2a: Scrafty\n|-damage|p2a: Scrafty|42/246\n|-damage|p1a: Basculin|162/261|[from] Recoil\n|\n|upkeep\n|turn|18\n|\n|t:|1719571421\n|switch|p1a: Flutter Mane|Flutter Mane, L74|178/203\n|-damage|p1a: Flutter Mane|153/203|[from] Stealth Rock\n|move|p2a: Scrafty|Knock Off|p1a: Flutter Mane\n|-damage|p1a: Flutter Mane|0 fnt\n|-enditem|p1a: Flutter Mane|Choice Specs|[from] move: Knock Off|[of] p2a: Scrafty\n|faint|p1a: Flutter Mane\n|-end|p1a: Flutter Mane|Protosynthesis|[silent]\n|-damage|p2a: Scrafty|18/246|[from] item: Life Orb\n|\n|upkeep\n|\n|t:|1719571424\n|switch|p1a: Basculin|Basculin-Blue-Striped, L86, F|162/261\n|-damage|p1a: Basculin|130/261|[from] Stealth Rock\n|turn|19\n|-message|PokemonCestDur forfeited.\n|\n|win|temple of zion\n|raw|temple of zion's rating: 2216 &rarr; <strong>2242</strong><br />(+26 for winning)\n|raw|PokemonCestDur's rating: 2333 &rarr; <strong>2307</strong><br />(-26 for losing)\n|l|\u2606PokemonCestDur\n|player|p2|\n|c|\u2606temple of zion|bye bye\n", "inputlog": ">version 021bb6b4147d783a3aa9da22896c4e1e173f1b61\n>start {\"formatid\":\"gen9randombattle\",\"seed\":[13455,29088,6622,45328],\"rated\":\"Rated battle\"}\n>player p1 {\"name\":\"temple of zion\",\"avatar\":\"petrel\",\"rating\":2216,\"seed\":[4631,29682,36657,47081]}\n>player p2 {\"name\":\"PokemonCestDur\",\"avatar\":\"#ruplixsleekslushrushers\",\"rating\":2333,\"seed\":[12847,10994,15673,27446]}\n>p1 move knockoff\n>p2 move poltergeist\n>p1 move knockoff\n>p2 move poltergeist\n>p2 switch 4\n>p1 switch 3\n>p2 move dazzlinggleam\n>p1 move sludgebomb\n>p2 switch 2\n>p1 move surf\n>p2 move psychicnoise\n>p1 move sludgebomb\n>p2 move psychicnoise\n>p1 move sludgebomb\n>p2 move psychicnoise\n>p2 switch 5\n>p1 move surf\n>p2 move hypervoice\n>p1 switch 3\n>p1 move knockoff\n>p2 switch 2\n>p1 switch 5\n>p2 move stealthrock\n>p1 move substitute\n>p2 move knockoff\n>p1 move sleeppowder\n>p2 move knockoff\n>p1 move substitute\n>p2 switch 2\n>p1 switch 4\n>p2 move nastyplot\n>p1 move moonblast\n>p2 move bittermalice\n>p2 switch 3\n>p1 switch 6\n>p2 move dragondance terastallize\n>p1 move wavecrash\n>p2 move dragondance\n>p1 switch 6\n>p2 move knockoff\n>p1 switch 6\n>forcelose p2", "uploadtime": 1719571432, "views": 177, "formatid": "gen9randombattle", "rating": 2242, "private": 0, "password": null}