{"id": "gen9randombattle-2260843403", "format": "[Gen 9] Random Battle", "players": ["RoboWahbit", "Fhhdufhdhdjdjed"], "log": "|j|\u2606RoboWahbit\n|j|\u2606Fhhdufhdhdjdjed\n|t:|1733902600\n|gametype|singles\n|player|p1|RoboWahbit|101|1158\n|player|p2|Fhhdufhdhdjdjed|170|1110\n|teamsize|p1|6\n|teamsize|p2|6\n|gen|9\n|tier|[Gen 9] Random Battle\n|rated|\n|rule|Species Clause: Limit one of each Pok\u00e9mon\n|rule|HP Percentage Mod: HP is shown in percentages\n|rule|Sleep Clause Mod: Limit one foe put to sleep\n|rule|Illusion Level Mod: Illusion disguises the Pok\u00e9mon's true level\n|\n|t:|1733902600\n|start\n|switch|p1a: Ursaring|Ursaring, L84, F|288/288\n|switch|p2a: Serperior|Serperior, L79, F|248/248\n|turn|1\n|c|\u2606RoboWahbit|hf\n|inactive|Battle timer is ON: inactive players will automatically lose when time's up. (requested by RoboWahbit)\n|\n|t:|1733902614\n|switch|p2a: Gurdurr|Gurdurr, L85, M|283/283\n|move|p1a: Ursaring|Body Slam|p2a: Gurdurr\n|-damage|p2a: Gurdurr|211/283\n|-status|p2a: Gurdurr|par\n|\n|upkeep\n|turn|2\n|\n|t:|1733902618\n|switch|p1a: Skarmory|Skarmory, L80, F|235/235\n|move|p2a: Gurdurr|Knock Off|p1a: Skarmory\n|-damage|p1a: Skarmory|146/235\n|-enditem|p1a: Skarmory|Leftovers|[from] move: Knock Off|[of] p2a: Gurdurr\n|\n|upkeep\n|turn|3\n|\n|t:|1733902620\n|move|p1a: Skarmory|Roost|p1a: Skarmory\n|-heal|p1a: Skarmory|235/235\n|-singleturn|p1a: Skarmory|move: Roost\n|move|p2a: Gurdurr|Drain Punch|p1a: Skarmory\n|-supereffective|p1a: Skarmory\n|-crit|p1a: Skarmory\n|-ability|p1a: Skarmory|Sturdy\n|-damage|p1a: Skarmory|1/235\n|-heal|p2a: Gurdurr|283/283 par|[from] drain|[of] p1a: Skarmory\n|\n|upkeep\n|turn|4\n|\n|t:|1733902622\n|cant|p2a: Gurdurr|par\n|move|p1a: Skarmory|Roost|p1a: Skarmory\n|-heal|p1a: Skarmory|119/235\n|-singleturn|p1a: Skarmory|move: Roost\n|\n|upkeep\n|turn|5\n|\n|t:|1733902624\n|move|p1a: Skarmory|Roost|p1a: Skarmory\n|-heal|p1a: Skarmory|235/235\n|-singleturn|p1a: Skarmory|move: Roost\n|move|p2a: Gurdurr|Drain Punch|p1a: Skarmory\n|-supereffective|p1a: Skarmory\n|-damage|p1a: Skarmory|47/235\n|\n|upkeep\n|turn|6\n|\n|t:|1733902625\n|move|p2a: Gurdurr|Mach Punch|p1a: Skarmory\n|-damage|p1a: Skarmory|0 fnt\n|faint|p1a: Skarmory\n|\n|upkeep\n|\n|t:|1733902625\n|switch|p1a: Jirachi|Jirachi, L80|291/291\n|turn|7\n|\n|t:|1733902628\n|move|p1a: Jirachi|Psychic|p2a: Gurdurr\n|-supereffective|p2a: Gurdurr\n|-damage|p2a: Gurdurr|103/283 par\n|move|p2a: Gurdurr|Knock Off|p1a: Jirachi\n|-supereffective|p1a: Jirachi\n|-damage|p1a: Jirachi|93/291\n|-enditem|p1a: Jirachi|Choice Scarf|[from] move: Knock Off|[of] p2a: Gurdurr\n|\n|upkeep\n|turn|8\n|\n|t:|1733902632\n|cant|p2a: Gurdurr|par\n|move|p1a: Jirachi|Psychic|p2a: Gurdurr\n|-supereffective|p2a: Gurdurr\n|-damage|p2a: Gurdurr|0 fnt\n|faint|p2a: Gurdurr\n|\n|upkeep\n|\n|t:|1733902635\n|switch|p2a: Galvantula|Galvantula, L82, F|249/249\n|turn|9\n|\n|t:|1733902637\n|switch|p1a: Ursaring|Ursaring, L84, F|288/288\n|move|p2a: Galvantula|Bug Buzz|p1a: Ursaring\n|-damage|p1a: Ursaring|222/288\n|\n|upkeep\n|turn|10\n|\n|t:|1733902639\n|move|p2a: Galvantula|Sticky Web|p1a: Ursaring\n|-sidestart|p1: RoboWahbit|move: Sticky Web\n|move|p1a: Ursaring|Body Slam|p2a: Galvantula\n|-damage|p2a: Galvantula|101/249\n|\n|upkeep\n|turn|11\n|\n|t:|1733902642\n|move|p2a: Galvantula|Volt Switch|p1a: Ursaring\n|-damage|p1a: Ursaring|168/288\n|\n|t:|1733902644\n|switch|p2a: Qwilfish|Qwilfish, L86, F|252/252|[from] Volt Switch\n|-ability|p2a: Qwilfish|Intimidate|boost\n|-unboost|p1a: Ursaring|atk|1\n|move|p1a: Ursaring|Body Slam|p2a: Qwilfish\n|-damage|p2a: Qwilfish|170/252\n|\n|upkeep\n|turn|12\n|\n|t:|1733902648\n|move|p2a: Qwilfish|Gunk Shot|p1a: Ursaring\n|-damage|p1a: Ursaring|63/288\n|-status|p1a: Ursaring|psn\n|move|p1a: Ursaring|Earthquake|p2a: Qwilfish\n|-supereffective|p2a: Qwilfish\n|-damage|p2a: Qwilfish|0 fnt\n|faint|p2a: Qwilfish\n|\n|-damage|p1a: Ursaring|27/288 psn|[from] psn\n|upkeep\n|\n|t:|1733902650\n|switch|p2a: Serperior|Serperior, L79, F|248/248\n|turn|13\n|\n|t:|1733902652\n|move|p2a: Serperior|Leaf Storm|p1a: Ursaring|[miss]\n|-miss|p2a: Serperior|p1a: Ursaring\n|move|p1a: Ursaring|Rest|p1a: Ursaring\n|-status|p1a: Ursaring|slp|[from] move: Rest\n|-heal|p1a: Ursaring|288/288 slp|[silent]\n|\n|upkeep\n|turn|14\n|\n|t:|1733902654\n|switch|p1a: Glaceon|Glaceon, L94, M|275/275\n|move|p2a: Serperior|Leaf Storm|p1a: Glaceon\n|-damage|p1a: Glaceon|172/275\n|-boost|p2a: Serperior|spa|2\n|-damage|p2a: Serperior|224/248|[from] item: Life Orb\n|\n|upkeep\n|turn|15\n|\n|t:|1733902658\n|switch|p1a: Jirachi|Jirachi, L80|93/291\n|-activate|p1a: Jirachi|move: Sticky Web\n|-unboost|p1a: Jirachi|spe|1\n|move|p2a: Serperior|Tera Blast|p1a: Jirachi\n|-resisted|p1a: Jirachi\n|-damage|p1a: Jirachi|42/291\n|-damage|p2a: Serperior|200/248|[from] item: Life Orb\n|\n|upkeep\n|turn|16\n|\n|t:|1733902659\n|switch|p1a: Ursaring|Ursaring, L84, F|288/288 slp\n|-activate|p1a: Ursaring|move: Sticky Web\n|-unboost|p1a: Ursaring|spe|1\n|move|p2a: Serperior|Leaf Storm|p1a: Ursaring\n|-damage|p1a: Ursaring|92/288 slp\n|-boost|p2a: Serperior|spa|2\n|-damage|p2a: Serperior|176/248|[from] item: Life Orb\n|\n|upkeep\n|turn|17\n|\n|t:|1733902661\n|move|p2a: Serperior|Leaf Storm|p1a: Ursaring\n|-damage|p1a: Ursaring|0 fnt\n|-boost|p2a: Serperior|spa|2\n|faint|p1a: Ursaring\n|-damage|p2a: Serperior|152/248|[from] item: Life Orb\n|\n|upkeep\n|\n|t:|1733902661\n|switch|p1a: Glaceon|Glaceon, L94, M|172/275\n|turn|18\n|\n|t:|1733902662\n|move|p1a: Glaceon|Protect|p1a: Glaceon\n|-singleturn|p1a: Glaceon|Protect\n|move|p2a: Serperior|Leaf Storm|p1a: Glaceon\n|-activate|p1a: Glaceon|move: Protect\n|\n|upkeep\n|turn|19\n|\n|t:|1733902664\n|switch|p1a: Jirachi|Jirachi, L80|42/291\n|-activate|p1a: Jirachi|move: Sticky Web\n|-unboost|p1a: Jirachi|spe|1\n|move|p2a: Serperior|Leaf Storm|p1a: Jirachi\n|-resisted|p1a: Jirachi\n|-damage|p1a: Jirachi|0 fnt\n|faint|p1a: Jirachi\n|-damage|p2a: Serperior|128/248|[from] item: Life Orb\n|\n|upkeep\n|\n|t:|1733902664\n|switch|p1a: Glaceon|Glaceon, L94, M|172/275\n|turn|20\n|\n|t:|1733902665\n|move|p1a: Glaceon|Protect|p1a: Glaceon\n|-singleturn|p1a: Glaceon|Protect\n|move|p2a: Serperior|Leaf Storm|p1a: Glaceon\n|-activate|p1a: Glaceon|move: Protect\n|\n|upkeep\n|turn|21\n|\n|t:|1733902667\n|move|p2a: Serperior|Leaf Storm|p1a: Glaceon\n|-crit|p1a: Glaceon\n|-damage|p1a: Glaceon|0 fnt\n|faint|p1a: Glaceon\n|-damage|p2a: Serperior|104/248|[from] item: Life Orb\n|\n|upkeep\n|\n|t:|1733902667\n|switch|p1a: Greedent|Greedent, L86, F|347/347\n|-activate|p1a: Greedent|move: Sticky Web\n|-unboost|p1a: Greedent|spe|1\n|turn|22\n|\n|t:|1733902675\n|-terastallize|p2a: Serperior|Fire\n|move|p2a: Serperior|Tera Blast|p1a: Greedent|[anim] Tera Blast Fire\n|-damage|p1a: Greedent|0 fnt\n|faint|p1a: Greedent\n|-damage|p2a: Serperior|80/248|[from] item: Life Orb\n|\n|upkeep\n|\n|t:|1733902675\n|switch|p1a: Golurk|Golurk, L87|297/297\n|-activate|p1a: Golurk|move: Sticky Web\n|-unboost|p1a: Golurk|spe|1\n|turn|23\n|\n|t:|1733902677\n|-terastallize|p1a: Golurk|Ghost\n|move|p2a: Serperior|Tera Blast|p1a: Golurk|[anim] Tera Blast Fire\n|-damage|p1a: Golurk|0 fnt\n|faint|p1a: Golurk\n|-damage|p2a: Serperior|56/248|[from] item: Life Orb\n|\n|win|Fhhdufhdhdjdjed\n|raw|RoboWahbit's rating: 1158 &rarr; <strong>1130</strong><br />(-28 for losing)\n|raw|Fhhdufhdhdjdjed's rating: 1110 &rarr; <strong>1138</strong><br />(+28 for winning)\n|c|\u2606RoboWahbit|gg\n|l|\u2606RoboWahbit\n|player|p1|\n", "inputlog": ">version bfd83cad13791eb5a5a409923076391caf6fb4d4\n>start {\"formatid\":\"gen9randombattle\",\"seed\":[27559,59285,26706,11816],\"rated\":\"Rated battle\"}\n>player p1 {\"name\":\"RoboWahbit\",\"avatar\":\"101\",\"rating\":1158,\"seed\":[58825,37721,9099,4267]}\n>player p2 {\"name\":\"Fhhdufhdhdjdjed\",\"avatar\":\"170\",\"rating\":1110,\"seed\":[35827,16264,6592,1974]}\n>chat \u2606RoboWahbit|hf\n>p1 move bodyslam\n>p2 switch 3\n>p1 switch 6\n>p2 move knockoff\n>p1 move roost\n>p2 move drainpunch\n>p1 move roost\n>p2 move machpunch\n>p1 move roost\n>p2 move drainpunch\n>p1 move roost\n>p2 move machpunch\n>p1 switch 5\n>p1 move psychic\n>p2 move knockoff\n>p1 move psychic\n>p2 move machpunch\n>p2 switch 6\n>p1 switch 6\n>p2 move bugbuzz\n>p1 move bodyslam\n>p2 move stickyweb\n>p1 move bodyslam\n>p2 move voltswitch\n>p2 switch 4\n>p1 move earthquake\n>p2 move gunkshot\n>p2 switch 3\n>p1 move rest\n>p2 move leafstorm\n>p1 switch 4\n>p2 move leafstorm\n>p1 switch 6\n>p2 move terablast\n>p1 switch 4\n>p2 move leafstorm\n>p1 move rest\n>p2 move leafstorm\n>p1 switch 6\n>p1 move protect\n>p2 move leafstorm\n>p1 switch 4\n>p2 move leafstorm\n>p1 switch 4\n>p1 move protect\n>p2 move leafstorm\n>p1 move freezedry\n>p2 move leafstorm\n>p1 switch 2\n>p1 move doubleedge\n>p2 move terablast terastallize\n>p1 switch 3\n>p1 move poltergeist terastallize\n>p2 move terablast", "uploadtime": 1733902678, "views": 1, "formatid": "gen9randombattle", "rating": 1130, "private": 0, "password": null}