{"id": "gen9randombattle-2260588009", "format": "[Gen 9] Random Battle", "players": ["theasca01", "Saaskin"], "log": "|j|\u2606theasca01\n|j|\u2606Saaskin\n|t:|1733866526\n|gametype|singles\n|player|p1|theasca01|102|1850\n|player|p2|Saaskin|170|1873\n|teamsize|p1|6\n|teamsize|p2|6\n|gen|9\n|tier|[Gen 9] Random Battle\n|rated|\n|rule|Species Clause: Limit one of each Pok\u00e9mon\n|rule|HP Percentage Mod: HP is shown in percentages\n|rule|Sleep Clause Mod: Limit one foe put to sleep\n|rule|Illusion Level Mod: Illusion disguises the Pok\u00e9mon's true level\n|\n|t:|1733866526\n|start\n|switch|p1a: Alomomola|Alomomola, L87, F|429/429\n|switch|p2a: Golduck|Golduck, L90, M|290/290\n|-ability|p2a: Golduck|Cloud Nine\n|turn|1\n|inactive|Battle timer is ON: inactive players will automatically lose when time's up. (requested by Saaskin)\n|\n|t:|1733866532\n|move|p2a: Golduck|Nasty Plot|p2a: Golduck\n|-boost|p2a: Golduck|spa|2\n|move|p1a: Alomomola|Wish|p1a: Alomomola\n|\n|upkeep\n|turn|2\n|\n|t:|1733866539\n|move|p2a: Golduck|Nasty Plot|p2a: Golduck\n|-boost|p2a: Golduck|spa|2\n|move|p1a: Alomomola|Flip Turn|p2a: Golduck\n|-resisted|p2a: Golduck\n|-damage|p2a: Golduck|263/290\n|\n|t:|1733866546\n|switch|p1a: Miraidon|Miraidon, L65|238/238|[from] Flip Turn\n|-fieldstart|move: Electric Terrain|[from] ability: Hadron Engine|[of] p1a: Miraidon\n|\n|upkeep\n|turn|3\n|\n|t:|1733866550\n|switch|p2a: Golem|Golem, L87, M|281/281\n|move|p1a: Miraidon|Substitute|p1a: Miraidon\n|-start|p1a: Miraidon|Substitute\n|-damage|p1a: Miraidon|179/238\n|\n|-heal|p1a: Miraidon|193/238|[from] item: Leftovers\n|upkeep\n|turn|4\n|\n|t:|1733866556\n|move|p1a: Miraidon|Draco Meteor|p2a: Golem\n|-damage|p2a: Golem|113/281\n|-unboost|p1a: Miraidon|spa|2\n|move|p2a: Golem|Rock Polish|p2a: Golem\n|-boost|p2a: Golem|spe|2\n|\n|-heal|p1a: Miraidon|207/238|[from] item: Leftovers\n|upkeep\n|turn|5\n|\n|t:|1733866565\n|move|p2a: Golem|Earthquake|p1a: Miraidon\n|-supereffective|p1a: Miraidon\n|-end|p1a: Miraidon|Substitute\n|move|p1a: Miraidon|Draco Meteor|p2a: Golem\n|-damage|p2a: Golem|29/281\n|-unboost|p1a: Miraidon|spa|2\n|\n|-heal|p1a: Miraidon|221/238|[from] item: Leftovers\n|upkeep\n|turn|6\n|\n|t:|1733866573\n|switch|p1a: Alomomola|Alomomola, L87, F|429/429\n|move|p2a: Golem|Earthquake|p1a: Alomomola\n|-damage|p1a: Alomomola|293/429\n|\n|-fieldend|move: Electric Terrain\n|upkeep\n|turn|7\n|\n|t:|1733866578\n|move|p2a: Golem|Explosion|p1a: Alomomola\n|-damage|p1a: Alomomola|65/429\n|faint|p2a: Golem\n|move|p1a: Alomomola|Flip Turn|p2: Golem|[notarget]\n|-fail|p1a: Alomomola\n|\n|upkeep\n|\n|t:|1733866584\n|switch|p2a: Golduck|Golduck, L90, M|263/290\n|-ability|p2a: Golduck|Cloud Nine\n|turn|8\n|\n|t:|1733866590\n|switch|p1a: Komala|Komala, L89, M|260/260\n|-ability|p1a: Komala|Comatose\n|move|p2a: Golduck|Grass Knot|p1a: Komala\n|-damage|p1a: Komala|233/260\n|-damage|p2a: Golduck|234/290|[from] item: Life Orb\n|\n|upkeep\n|turn|9\n|\n|t:|1733866598\n|switch|p2a: Vespiquen|Vespiquen, L98, F|296/296\n|-ability|p2a: Vespiquen|Pressure\n|move|p1a: Komala|Knock Off|p2a: Vespiquen\n|-damage|p2a: Vespiquen|232/296\n|-enditem|p2a: Vespiquen|Heavy-Duty Boots|[from] move: Knock Off|[of] p1a: Komala\n|\n|upkeep\n|turn|10\n|\n|t:|1733866608\n|switch|p1a: Electrode|Electrode, L92|260/260\n|move|p2a: Vespiquen|Toxic Spikes|p1a: Electrode\n|-sidestart|p1: theasca01|move: Toxic Spikes\n|\n|upkeep\n|turn|11\n|\n|t:|1733866613\n|switch|p2a: Garchomp|Garchomp, L74, M|282/282\n|move|p1a: Electrode|Taunt|p2a: Garchomp\n|-start|p2a: Garchomp|move: Taunt\n|\n|upkeep\n|turn|12\n|\n|t:|1733866623\n|switch|p1a: Hydreigon|Hydreigon, L79, F|275/275\n|move|p2a: Garchomp|Earthquake|p1a: Hydreigon\n|-immune|p1a: Hydreigon|[from] ability: Levitate\n|\n|upkeep\n|turn|13\n|\n|t:|1733866629\n|switch|p2a: Vespiquen|Vespiquen, L98, F|232/296\n|-ability|p2a: Vespiquen|Pressure\n|move|p1a: Hydreigon|Draco Meteor|p2a: Vespiquen|[miss]\n|-miss|p1a: Hydreigon|p2a: Vespiquen\n|\n|upkeep\n|turn|14\n|inactive|theasca01 has 120 seconds left.\n|\n|t:|1733866683\n|switch|p1a: Alomomola|Alomomola, L87, F|208/429\n|-status|p1a: Alomomola|psn\n|move|p2a: Vespiquen|Spikes|p1a: Alomomola\n|-sidestart|p1: theasca01|Spikes\n|\n|-damage|p1a: Alomomola|155/429 psn|[from] psn\n|upkeep\n|turn|15\n|\n|t:|1733866690\n|move|p1a: Alomomola|Flip Turn|p2a: Vespiquen\n|-damage|p2a: Vespiquen|184/296\n|\n|t:|1733866695\n|switch|p1a: Komala|Komala, L89, M|233/260|[from] Flip Turn\n|-damage|p1a: Komala|201/260|[from] Spikes\n|-ability|p1a: Komala|Comatose\n|move|p2a: Vespiquen|Hurricane|p1a: Komala\n|-damage|p1a: Komala|120/260\n|\n|upkeep\n|turn|16\n|\n|t:|1733866706\n|move|p1a: Komala|Rapid Spin|p2a: Vespiquen\n|-damage|p2a: Vespiquen|135/296\n|-boost|p1a: Komala|spe|1\n|-sideend|p1: theasca01|Spikes|[from] move: Rapid Spin|[of] p1a: Komala\n|-sideend|p1: theasca01|Toxic Spikes|[from] move: Rapid Spin|[of] p1a: Komala\n|move|p2a: Vespiquen|Roost|p2a: Vespiquen\n|-heal|p2a: Vespiquen|283/296\n|-singleturn|p2a: Vespiquen|move: Roost\n|\n|upkeep\n|turn|17\n|inactive|theasca01 has 120 seconds left.\n|\n|t:|1733866712\n|move|p1a: Komala|Body Slam|p2a: Vespiquen\n|-damage|p2a: Vespiquen|192/296\n|move|p2a: Vespiquen|Toxic Spikes|p1a: Komala\n|-sidestart|p1: theasca01|move: Toxic Spikes\n|\n|upkeep\n|turn|18\n|\n|t:|1733866718\n|move|p1a: Komala|Body Slam|p2a: Vespiquen\n|-damage|p2a: Vespiquen|104/296\n|-status|p2a: Vespiquen|par\n|cant|p2a: Vespiquen|par\n|\n|upkeep\n|turn|19\n|\n|t:|1733866724\n|move|p1a: Komala|Rapid Spin|p2a: Vespiquen\n|-damage|p2a: Vespiquen|49/296 par\n|-boost|p1a: Komala|spe|1\n|-sideend|p1: theasca01|Toxic Spikes|[from] move: Rapid Spin|[of] p1a: Komala\n|move|p2a: Vespiquen|Roost|p2a: Vespiquen\n|-heal|p2a: Vespiquen|197/296 par\n|-singleturn|p2a: Vespiquen|move: Roost\n|\n|upkeep\n|turn|20\n|\n|t:|1733866733\n|switch|p1a: Electrode|Electrode, L92|260/260\n|move|p2a: Vespiquen|Toxic Spikes|p1a: Electrode\n|-sidestart|p1: theasca01|move: Toxic Spikes\n|\n|upkeep\n|turn|21\n|\n|t:|1733866739\n|move|p1a: Electrode|Volt Switch|p2a: Vespiquen\n|-supereffective|p2a: Vespiquen\n|-damage|p2a: Vespiquen|41/296 par\n|-damage|p1a: Electrode|234/260|[from] item: Life Orb\n|\n|t:|1733866746\n|switch|p1a: Alomomola|Alomomola, L87, F|298/429 psn|[from] Volt Switch\n|cant|p2a: Vespiquen|par\n|\n|-damage|p1a: Alomomola|245/429 psn|[from] psn\n|upkeep\n|turn|22\n|\n|t:|1733866752\n|move|p1a: Alomomola|Flip Turn|p2a: Vespiquen\n|-damage|p2a: Vespiquen|0 fnt\n|faint|p2a: Vespiquen\n|\n|t:|1733866759\n|switch|p1a: Hydreigon|Hydreigon, L79, F|275/275|[from] Flip Turn\n|\n|upkeep\n|\n|t:|1733866764\n|switch|p2a: Golduck|Golduck, L90, M|234/290\n|-ability|p2a: Golduck|Cloud Nine\n|turn|23\n|\n|t:|1733866777\n|move|p2a: Golduck|Ice Beam|p1a: Hydreigon\n|-supereffective|p1a: Hydreigon\n|-damage|p1a: Hydreigon|83/275\n|-damage|p2a: Golduck|205/290|[from] item: Life Orb\n|move|p1a: Hydreigon|Draco Meteor|p2a: Golduck\n|-damage|p2a: Golduck|28/290\n|-unboost|p1a: Hydreigon|spa|2\n|-damage|p1a: Hydreigon|56/275|[from] item: Life Orb\n|\n|upkeep\n|turn|24\n|\n|t:|1733866788\n|switch|p1a: Alomomola|Alomomola, L87, F|388/429 psn\n|move|p2a: Golduck|Ice Beam|p1a: Alomomola\n|-resisted|p1a: Alomomola\n|-damage|p1a: Alomomola|314/429 psn\n|-damage|p2a: Golduck|0 fnt|[from] item: Life Orb\n|faint|p2a: Golduck\n|\n|-damage|p1a: Alomomola|261/429 psn|[from] psn\n|upkeep\n|\n|t:|1733866791\n|switch|p2a: Lapras|Lapras, L87, F|367/367\n|turn|25\n|\n|t:|1733866804\n|move|p1a: Alomomola|Wish|p1a: Alomomola\n|move|p2a: Lapras|Dragon Dance|p2a: Lapras\n|-boost|p2a: Lapras|atk|1\n|-boost|p2a: Lapras|spe|1\n|\n|-damage|p1a: Alomomola|208/429 psn|[from] psn\n|upkeep\n|turn|26\n|\n|t:|1733866814\n|switch|p1a: Oranguru|Oranguru, L92, F|315/315\n|-status|p1a: Oranguru|psn\n|move|p2a: Lapras|Icicle Spear|p1a: Oranguru\n|-damage|p1a: Oranguru|273/315 psn\n|-damage|p1a: Oranguru|234/315 psn\n|-damage|p1a: Oranguru|194/315 psn\n|-damage|p1a: Oranguru|158/315 psn\n|-damage|p1a: Oranguru|122/315 psn\n|-hitcount|p1a: Oranguru|5\n|\n|-heal|p1a: Oranguru|315/315 psn|[from] move: Wish|[wisher] Alomomola\n|-damage|p1a: Oranguru|276/315 psn|[from] psn\n|upkeep\n|turn|27\n|\n|t:|1733866839\n|-terastallize|p2a: Lapras|Ground\n|move|p2a: Lapras|Dragon Dance|p2a: Lapras\n|-boost|p2a: Lapras|atk|1\n|-boost|p2a: Lapras|spe|1\n|move|p1a: Oranguru|Focus Blast|p2a: Lapras\n|-damage|p2a: Lapras|283/367\n|\n|-heal|p1a: Oranguru|295/315 psn|[from] item: Leftovers\n|-damage|p1a: Oranguru|256/315 psn|[from] psn\n|upkeep\n|turn|28\n|\n|t:|1733866847\n|move|p2a: Lapras|Dragon Dance|p2a: Lapras\n|-boost|p2a: Lapras|atk|1\n|-boost|p2a: Lapras|spe|1\n|move|p1a: Oranguru|Psyshock|p2a: Lapras\n|-damage|p2a: Lapras|186/367\n|\n|-heal|p1a: Oranguru|275/315 psn|[from] item: Leftovers\n|-damage|p1a: Oranguru|236/315 psn|[from] psn\n|upkeep\n|turn|29\n|\n|t:|1733866855\n|move|p2a: Lapras|Earthquake|p1a: Oranguru\n|-damage|p1a: Oranguru|7/315 psn\n|move|p1a: Oranguru|Psyshock|p2a: Lapras\n|-damage|p2a: Lapras|78/367\n|\n|-heal|p1a: Oranguru|26/315 psn|[from] item: Leftovers\n|-damage|p1a: Oranguru|0 fnt|[from] psn\n|faint|p1a: Oranguru\n|upkeep\n|\n|t:|1733866860\n|switch|p1a: Alomomola|Alomomola, L87, F|351/429 psn\n|turn|30\n|c|\u2606theasca01|damn I was playing a great game too\n|c|\u2606theasca01|sucks when you just have that ace that I can't deal with\n|-message|theasca01 forfeited.\n|\n|win|Saaskin\n|raw|theasca01's rating: 1850 &rarr; <strong>1831</strong><br />(-19 for losing)\n|raw|Saaskin's rating: 1873 &rarr; <strong>1892</strong><br />(+19 for winning)\n|l|\u2606theasca01\n|player|p1|\n", "inputlog": ">version bfd83cad13791eb5a5a409923076391caf6fb4d4\n>start {\"formatid\":\"gen9randombattle\",\"seed\":[19559,54353,37709,19534],\"rated\":\"Rated battle\"}\n>player p1 {\"name\":\"theasca01\",\"avatar\":\"102\",\"rating\":1850,\"seed\":[46737,2387,45420,53672]}\n>player p2 {\"name\":\"Saaskin\",\"avatar\":\"170\",\"rating\":1873,\"seed\":[33306,45567,8853,33673]}\n>p1 move wish\n>p2 move nastyplot\n>p1 move flipturn\n>p2 move nastyplot\n>p1 switch 6\n>p1 move substitute\n>p2 switch 3\n>p1 move dracometeor\n>p2 move rockpolish\n>p1 move dracometeor\n>p2 move earthquake\n>p1 switch 6\n>p2 move earthquake\n>p1 move flipturn\n>p2 move explosion\n>p2 switch 3\n>p1 switch 4\n>p2 move grassknot\n>p1 move knockoff\n>p2 switch 4\n>p1 switch 3\n>p2 move toxicspikes\n>p1 move taunt\n>p2 switch 2\n>p1 switch 2\n>p2 move earthquake\n>p1 move dracometeor\n>p2 switch 2\n>p1 switch 4\n>p2 move spikes\n>p1 move flipturn\n>p2 move hurricane\n>p1 switch 3\n>p1 move rapidspin\n>p2 move roost\n>p1 move bodyslam\n>p2 move toxicspikes\n>p1 move bodyslam\n>p2 move roost\n>p1 move rapidspin\n>p2 move roost\n>p1 switch 2\n>p2 move toxicspikes\n>p1 move voltswitch\n>p2 move spikes\n>p1 switch 3\n>p1 move flipturn\n>p2 move roost\n>p1 switch 4\n>p2 switch 4\n>p1 move dracometeor\n>p2 move icebeam\n>p1 switch 4\n>p2 move icebeam\n>p2 switch 5\n>p1 move wish\n>p2 move dragondance\n>p1 switch 5\n>p2 move iciclespear\n>p1 move focusblast\n>p2 move dragondance terastallize\n>p1 move psyshock\n>p2 move dragondance\n>p1 move psyshock\n>p2 move earthquake\n>p1 switch 5\n>chat \u2606theasca01|damn I was playing a great game too\n>chat \u2606theasca01|sucks when you just have that ace that I can't deal with\n>forcelose p1", "uploadtime": 1733866881, "views": 2, "formatid": "gen9randombattle", "rating": 1831, "private": 0, "password": null}