{"id": "gen9randombattle-2110491766", "format": "[Gen 9] Random Battle", "players": ["scyther225", "MichaelderBeste2"], "log": "|uhtml|medal-msg|<div class=\"broadcast-blue\">Curious what those medals under the avatar are? PS now has Ladder Seasons! For more information, check out the <a href=\"https://www.smogon.com/forums/threads/3740067/\">thread on Smogon.</a></div>\n|badge|p2|silver|gen9randombattle|30-1\n|uhtml|medal-msg|<div class=\"broadcast-blue\">Curious what those medals under the avatar are? PS now has Ladder Seasons! For more information, check out the <a href=\"https://www.smogon.com/forums/threads/3740067/\">thread on Smogon.</a></div>\n|j|\u2606scyther225\n|j|\u2606MichaelderBeste2\n|t:|1713963982\n|gametype|singles\n|player|p1|scyther225|acetrainer-gen4dp|2303\n|player|p2|MichaelderBeste2|#rbtt7teamdarkrai|2429\n|teamsize|p1|6\n|teamsize|p2|6\n|gen|9\n|tier|[Gen 9] Random Battle\n|rated|\n|rule|Species Clause: Limit one of each Pok\u00e9mon\n|rule|HP Percentage Mod: HP is shown in percentages\n|rule|Sleep Clause Mod: Limit one foe put to sleep\n|rule|Illusion Level Mod: Illusion disguises the Pok\u00e9mon's true level\n|\n|t:|1713963982\n|start\n|switch|p1a: Breloom|Breloom, L82, M|233/233\n|switch|p2a: Tauros|Tauros, L82, M|257/257\n|turn|1\n|\n|t:|1713963992\n|move|p2a: Tauros|Body Slam|p1a: Breloom\n|-damage|p1a: Breloom|76/233\n|move|p1a: Breloom|Bullet Seed|p2a: Tauros\n|-crit|p2a: Tauros\n|-damage|p2a: Tauros|166/257\n|-damage|p2a: Tauros|104/257\n|-hitcount|p2a: Tauros|2\n|-damage|p1a: Breloom|53/233|[from] item: Life Orb\n|\n|upkeep\n|turn|2\n|\n|t:|1713964008\n|switch|p2a: Skuntank|Skuntank, L84, F|310/310\n|move|p1a: Breloom|Mach Punch|p2a: Skuntank\n|-damage|p2a: Skuntank|181/310\n|-damage|p1a: Breloom|30/233|[from] item: Life Orb\n|\n|-heal|p2a: Skuntank|200/310|[from] item: Leftovers\n|upkeep\n|turn|3\n|\n|t:|1713964011\n|move|p1a: Breloom|Mach Punch|p2a: Skuntank\n|-damage|p2a: Skuntank|86/310\n|-damage|p1a: Breloom|7/233|[from] item: Life Orb\n|move|p2a: Skuntank|Knock Off|p1a: Breloom\n|-resisted|p1a: Breloom\n|-damage|p1a: Breloom|0 fnt\n|-enditem|p1a: Breloom|Life Orb|[from] move: Knock Off|[of] p2a: Skuntank\n|faint|p1a: Breloom\n|\n|-heal|p2a: Skuntank|105/310|[from] item: Leftovers\n|upkeep\n|\n|t:|1713964018\n|switch|p1a: Kyurem|Kyurem, L77|319/319\n|-ability|p1a: Kyurem|Pressure\n|turn|4\n|\n|t:|1713964033\n|move|p1a: Kyurem|Earth Power|p2a: Skuntank\n|-supereffective|p2a: Skuntank\n|-damage|p2a: Skuntank|0 fnt\n|faint|p2a: Skuntank\n|\n|upkeep\n|\n|t:|1713964038\n|switch|p2a: Urshifu|Urshifu-Rapid-Strike, L75, M|274/274\n|turn|5\n|\n|t:|1713964042\n|move|p1a: Kyurem|Freeze-Dry|p2a: Urshifu\n|-supereffective|p2a: Urshifu\n|-damage|p2a: Urshifu|32/274\n|move|p2a: Urshifu|Close Combat|p1a: Kyurem\n|-supereffective|p1a: Kyurem\n|-damage|p1a: Kyurem|0 fnt\n|-unboost|p2a: Urshifu|def|1\n|-unboost|p2a: Urshifu|spd|1\n|faint|p1a: Kyurem\n|\n|upkeep\n|\n|t:|1713964057\n|switch|p1a: Plusle|Plusle, L94, F|265/265\n|turn|6\n|j|+Aqua\n|\n|t:|1713964075\n|switch|p2a: Regidrago|Regidrago, L77|435/435\n|move|p1a: Plusle|Thunderbolt|p2a: Regidrago\n|-resisted|p2a: Regidrago\n|-damage|p2a: Regidrago|318/435\n|-damage|p1a: Plusle|239/265|[from] item: Life Orb\n|\n|upkeep\n|turn|7\n|\n|t:|1713964093\n|move|p2a: Regidrago|Earthquake|p1a: Plusle\n|-supereffective|p1a: Plusle\n|-damage|p1a: Plusle|51/265\n|move|p1a: Plusle|Alluring Voice|p2a: Regidrago\n|-supereffective|p2a: Regidrago\n|-damage|p2a: Regidrago|68/435\n|-damage|p1a: Plusle|25/265|[from] item: Life Orb\n|\n|upkeep\n|turn|8\n|\n|t:|1713964108\n|switch|p1a: Terapagos|Terapagos, L76, M|262/262\n|-activate|p1a: Terapagos|ability: Tera Shift\n|detailschange|p1a: Terapagos|Terapagos-Terastal, L76, M\n|-heal|p1a: Terapagos|269/269|[silent]\n|move|p2a: Regidrago|Earthquake|p1a: Terapagos\n|-activate|p1a: Terapagos|ability: Tera Shell\n|-resisted|p1a: Terapagos\n|-damage|p1a: Terapagos|243/269\n|\n|upkeep\n|turn|9\n|\n|t:|1713964115\n|switch|p2a: Shiftry|Shiftry, L89, F|305/305\n|move|p1a: Terapagos|Calm Mind|p1a: Terapagos\n|-boost|p1a: Terapagos|spa|1\n|-boost|p1a: Terapagos|spd|1\n|\n|upkeep\n|turn|10\n|\n|t:|1713964122\n|move|p2a: Shiftry|Knock Off|p1a: Terapagos\n|-damage|p1a: Terapagos|107/269\n|-enditem|p1a: Terapagos|Chesto Berry|[from] move: Knock Off|[of] p2a: Shiftry\n|-damage|p2a: Shiftry|275/305|[from] item: Life Orb\n|move|p1a: Terapagos|Tera Starstorm|p2a: Shiftry\n|-damage|p2a: Shiftry|50/305\n|\n|upkeep\n|turn|11\n|\n|t:|1713964126\n|move|p2a: Shiftry|Tailwind|p2a: Shiftry\n|-sidestart|p2: MichaelderBeste2|move: Tailwind\n|-ability|p2a: Shiftry|Wind Rider|boost\n|-boost|p2a: Shiftry|atk|1\n|move|p1a: Terapagos|Tera Starstorm|p2a: Shiftry\n|-damage|p2a: Shiftry|0 fnt\n|faint|p2a: Shiftry\n|\n|upkeep\n|\n|t:|1713964128\n|switch|p2a: Urshifu|Urshifu-Rapid-Strike, L75, M|32/274\n|turn|12\n|\n|t:|1713964141\n|switch|p1a: Plusle|Plusle, L94, F|25/265\n|move|p2a: Urshifu|Surging Strikes|p1a: Plusle\n|-crit|p1a: Plusle\n|-damage|p1a: Plusle|0 fnt\n|faint|p1a: Plusle\n|-hitcount|p1: Plusle|1\n|\n|upkeep\n|\n|t:|1713964142\n|switch|p1a: Chien-Pao|Chien-Pao, L72|234/234\n|-ability|p1a: Chien-Pao|Sword of Ruin\n|turn|13\n|\n|t:|1713964153\n|switch|p2a: Glimmora|Glimmora, L76, M|251/251\n|-item|p2a: Glimmora|Air Balloon\n|move|p1a: Chien-Pao|Ice Shard|p2a: Glimmora\n|-damage|p2a: Glimmora|169/251\n|-activate|p2a: Glimmora|ability: Toxic Debris\n|-sidestart|p1: scyther225|move: Toxic Spikes\n|-enditem|p2a: Glimmora|Air Balloon\n|\n|upkeep\n|turn|14\n|\n|t:|1713964163\n|switch|p1a: Oranguru|Oranguru, L92, F|315/315\n|-status|p1a: Oranguru|psn\n|move|p2a: Glimmora|Sludge Wave|p1a: Oranguru\n|-damage|p1a: Oranguru|230/315 psn\n|\n|-damage|p1a: Oranguru|191/315 psn|[from] psn\n|-sideend|p2: MichaelderBeste2|move: Tailwind\n|upkeep\n|turn|15\n|\n|t:|1713964183\n|switch|p2a: Urshifu|Urshifu-Rapid-Strike, L75, M|32/274\n|move|p1a: Oranguru|Hyper Voice|p2a: Urshifu\n|-damage|p2a: Urshifu|0 fnt\n|faint|p2a: Urshifu\n|\n|-damage|p1a: Oranguru|152/315 psn|[from] psn\n|upkeep\n|\n|t:|1713964187\n|switch|p2a: Regidrago|Regidrago, L77|68/435\n|turn|16\n|\n|t:|1713964190\n|move|p2a: Regidrago|Outrage|p1a: Oranguru\n|-damage|p1a: Oranguru|2/315 psn\n|move|p1a: Oranguru|Hyper Voice|p2a: Regidrago\n|-damage|p2a: Regidrago|0 fnt\n|faint|p2a: Regidrago\n|\n|-damage|p1a: Oranguru|0 fnt|[from] psn\n|faint|p1a: Oranguru\n|upkeep\n|\n|t:|1713964198\n|switch|p2a: Glimmora|Glimmora, L76, M|169/251\n|switch|p1a: Chien-Pao|Chien-Pao, L72|234/234\n|-status|p1a: Chien-Pao|psn\n|-ability|p1a: Chien-Pao|Sword of Ruin\n|turn|17\n|\n|t:|1713964203\n|-terastallize|p1a: Chien-Pao|Fighting\n|move|p1a: Chien-Pao|Sacred Sword|p2a: Glimmora\n|-damage|p2a: Glimmora|0 fnt\n|-activate|p2a: Glimmora|ability: Toxic Debris\n|-sidestart|p1: scyther225|move: Toxic Spikes\n|faint|p2a: Glimmora\n|\n|-damage|p1a: Chien-Pao|205/234 psn|[from] psn\n|upkeep\n|\n|t:|1713964205\n|switch|p2a: Tauros|Tauros, L82, M|104/257\n|turn|18\n|\n|t:|1713964208\n|switch|p1a: Terapagos|Terapagos-Terastal, L76, M|107/269\n|-status|p1a: Terapagos|tox\n|-terastallize|p2a: Tauros|Fighting\n|move|p2a: Tauros|Body Slam|p1a: Terapagos\n|-damage|p1a: Terapagos|0 fnt\n|faint|p1a: Terapagos\n|\n|upkeep\n|\n|t:|1713964210\n|switch|p1a: Chien-Pao|Chien-Pao, L72, tera:Fighting|205/234 psn\n|-ability|p1a: Chien-Pao|Sword of Ruin\n|turn|19\n|\n|t:|1713964214\n|move|p1a: Chien-Pao|Sacred Sword|p2a: Tauros\n|-damage|p2a: Tauros|0 fnt\n|faint|p2a: Tauros\n|\n|win|scyther225\n|raw|scyther225's rating: 2303 &rarr; <strong>2330</strong><br />(+27 for winning)\n|raw|MichaelderBeste2's rating: 2429 &rarr; <strong>2402</strong><br />(-27 for losing)\n|l|\u2606MichaelderBeste2\n|player|p2|\n", "inputlog": ">version 56c3b69fcd3b113ffc796eb8c36c032ea017d75b\n>start {\"formatid\":\"gen9randombattle\",\"seed\":[37401,42022,15953,53532],\"rated\":\"Rated battle\"}\n>player p1 {\"name\":\"scyther225\",\"avatar\":\"acetrainer-gen4dp\",\"rating\":2303,\"seed\":[60201,50354,23524,12323]}\n>player p2 {\"name\":\"MichaelderBeste2\",\"avatar\":\"#rbtt7teamdarkrai\",\"rating\":2429,\"seed\":[19854,22205,35508,4324]}\n>p1 move bulletseed\n>p2 move bodyslam\n>p1 move machpunch\n>p2 switch 4\n>p1 move machpunch\n>p2 move knockoff\n>p1 switch 6\n>p1 move earthpower\n>p2 move gunkshot\n>p2 switch 2\n>p1 move freezedry\n>p2 move closecombat\n>p1 switch 4\n>p1 move thunderbolt\n>p2 switch 5\n>p1 move alluringvoice\n>p2 move earthquake\n>p1 switch 2\n>p2 move earthquake\n>p1 move calmmind\n>p2 switch 3\n>p1 move terastarstorm\n>p2 move knockoff\n>p1 move terastarstorm\n>p2 move tailwind\n>p2 switch 5\n>p1 switch 2\n>p2 move surgingstrikes\n>p1 switch 3\n>p1 move iceshard\n>p2 switch 6\n>p1 switch 5\n>p2 move sludgewave\n>p1 move hypervoice\n>p2 switch 6\n>p2 switch 3\n>p1 move hypervoice\n>p2 move outrage\n>p1 switch 5\n>p2 switch 6\n>p1 move sacredsword terastallize\n>p2 move sludgewave\n>p2 switch 4\n>p1 switch 2\n>p2 move bodyslam terastallize\n>p1 switch 2\n>p1 move sacredsword\n>p2 move closecombat", "uploadtime": 1713964221, "views": 252, "formatid": "gen9randombattle", "rating": 2330, "private": 0, "password": null}