{"id": "gen9randombattle-2196942308", "format": "[Gen 9] Random Battle", "players": ["hammy358", "lt111vz mdb2"], "log": "|badge|p2|silver|gen9randombattle|30-2\n|uhtml|medal-msg|<div class=\"broadcast-blue\">Curious what those medals under the avatar are? PS now has Ladder Seasons! For more information, check out the <a href=\"https://www.smogon.com/forums/threads/3740067/\">thread on Smogon.</a></div>\n|j|\u2606hammy358\n|j|\u2606lt111vz mdb2\n|t:|1725769996\n|gametype|singles\n|player|p1|hammy358|101|2346\n|player|p2|lt111vz mdb2|red|2425\n|teamsize|p1|6\n|teamsize|p2|6\n|gen|9\n|tier|[Gen 9] Random Battle\n|rated|\n|rule|Species Clause: Limit one of each Pok\u00e9mon\n|rule|HP Percentage Mod: HP is shown in percentages\n|rule|Sleep Clause Mod: Limit one foe put to sleep\n|rule|Illusion Level Mod: Illusion disguises the Pok\u00e9mon's true level\n|\n|t:|1725769996\n|start\n|switch|p1a: Charizard|Charizard, L85, M|271/271\n|switch|p2a: Dewgong|Dewgong, L94, M|322/322\n|turn|1\n|inactive|Battle timer is ON: inactive players will automatically lose when time's up. (requested by hammy358)\n|inactive|lt111vz mdb2 has 120 seconds left.\n|\n|t:|1725770046\n|switch|p1a: Phione|Phione, L90|290/290\n|move|p2a: Dewgong|Surf|p1a: Phione\n|-resisted|p1a: Phione\n|-damage|p1a: Phione|246/290\n|\n|-heal|p1a: Phione|264/290|[from] item: Leftovers\n|upkeep\n|turn|2\n|\n|t:|1725770054\n|move|p1a: Phione|Scald|p2a: Dewgong\n|-resisted|p2a: Dewgong\n|-damage|p2a: Dewgong|285/322\n|-status|p2a: Dewgong|brn\n|move|p2a: Dewgong|Knock Off|p1a: Phione\n|-damage|p1a: Phione|233/290\n|-enditem|p1a: Phione|Leftovers|[from] move: Knock Off|[of] p2a: Dewgong\n|\n|-damage|p2a: Dewgong|265/322 brn|[from] brn\n|upkeep\n|turn|3\n|\n|t:|1725770059\n|switch|p2a: Komala|Komala, L89, M|260/260\n|-ability|p2a: Komala|Comatose\n|move|p1a: Phione|Take Heart|p1a: Phione\n|-boost|p1a: Phione|spa|1\n|-boost|p1a: Phione|spd|1\n|\n|upkeep\n|turn|4\n|\n|t:|1725770066\n|switch|p1a: Spiritomb|Spiritomb, L89, M|234/234\n|move|p2a: Komala|Double-Edge|p1a: Spiritomb\n|-immune|p1a: Spiritomb\n|\n|upkeep\n|turn|5\n|\n|t:|1725770073\n|switch|p2a: Dewgong|Dewgong, L94, M|265/322 brn\n|move|p1a: Spiritomb|Foul Play|p2a: Dewgong\n|-damage|p2a: Dewgong|126/322 brn\n|\n|-damage|p2a: Dewgong|106/322 brn|[from] brn\n|upkeep\n|turn|6\n|\n|t:|1725770077\n|switch|p1a: Phione|Phione, L90|233/290\n|move|p2a: Dewgong|Surf|p1a: Phione\n|-resisted|p1a: Phione\n|-damage|p1a: Phione|188/290\n|\n|-damage|p2a: Dewgong|86/322 brn|[from] brn\n|upkeep\n|turn|7\n|\n|t:|1725770081\n|move|p1a: Phione|Take Heart|p1a: Phione\n|-boost|p1a: Phione|spa|1\n|-boost|p1a: Phione|spd|1\n|move|p2a: Dewgong|Surf|p1a: Phione\n|-resisted|p1a: Phione\n|-damage|p1a: Phione|159/290\n|\n|-damage|p2a: Dewgong|66/322 brn|[from] brn\n|upkeep\n|turn|8\n|\n|t:|1725770085\n|move|p1a: Phione|Scald|p2a: Dewgong\n|-resisted|p2a: Dewgong\n|-damage|p2a: Dewgong|14/322 brn\n|move|p2a: Dewgong|Encore|p1a: Phione\n|-start|p1a: Phione|Encore\n|\n|-damage|p2a: Dewgong|0 fnt|[from] brn\n|faint|p2a: Dewgong\n|upkeep\n|\n|t:|1725770092\n|switch|p2a: Regidrago|Regidrago, L77|435/435\n|turn|9\n|\n|t:|1725770098\n|move|p2a: Regidrago|Dragon Energy|p1a: Phione\n|-damage|p1a: Phione|33/290\n|move|p1a: Phione|Scald|p2a: Regidrago\n|-resisted|p2a: Regidrago\n|-damage|p2a: Regidrago|334/435\n|\n|upkeep\n|turn|10\n|\n|t:|1725770104\n|move|p2a: Regidrago|Dragon Energy|p1a: Phione\n|-damage|p1a: Phione|0 fnt\n|faint|p1a: Phione\n|\n|upkeep\n|\n|t:|1725770110\n|switch|p1a: Groudon|Groudon, L72|263/263\n|-weather|SunnyDay|[from] ability: Drought|[of] p1a: Groudon\n|turn|11\n|\n|t:|1725770113\n|move|p2a: Regidrago|Dragon Energy|p1a: Groudon\n|-damage|p1a: Groudon|86/263\n|move|p1a: Groudon|Precipice Blades|p2a: Regidrago\n|-damage|p2a: Regidrago|118/435\n|\n|-weather|SunnyDay|[upkeep]\n|-heal|p1a: Groudon|102/263|[from] item: Leftovers\n|upkeep\n|turn|12\n|\n|t:|1725770120\n|switch|p2a: Groudon|Groudon, L72|263/263\n|move|p1a: Groudon|Stealth Rock|p2a: Groudon\n|-sidestart|p2: lt111vz mdb2|move: Stealth Rock\n|\n|-weather|SunnyDay|[upkeep]\n|-heal|p1a: Groudon|118/263|[from] item: Leftovers\n|upkeep\n|turn|13\n|\n|t:|1725770126\n|move|p2a: Groudon|Swords Dance|p2a: Groudon\n|-boost|p2a: Groudon|atk|2\n|move|p1a: Groudon|Precipice Blades|p2a: Groudon\n|-damage|p2a: Groudon|151/263\n|\n|-weather|SunnyDay|[upkeep]\n|-heal|p2a: Groudon|167/263|[from] item: Leftovers\n|-heal|p1a: Groudon|134/263|[from] item: Leftovers\n|upkeep\n|turn|14\n|\n|t:|1725770135\n|move|p2a: Groudon|Precipice Blades|p1a: Groudon\n|-damage|p1a: Groudon|0 fnt\n|faint|p1a: Groudon\n|\n|-weather|SunnyDay|[upkeep]\n|-heal|p2a: Groudon|183/263|[from] item: Leftovers\n|upkeep\n|\n|t:|1725770146\n|switch|p1a: Charizard|Charizard, L85, M|271/271\n|turn|15\n|\n|t:|1725770155\n|move|p1a: Charizard|Flare Blitz|p2a: Groudon\n|-damage|p2a: Groudon|41/263\n|-damage|p1a: Charizard|224/271|[from] Recoil\n|move|p2a: Groudon|Thunder Wave|p1a: Charizard|[miss]\n|-miss|p2a: Groudon|p1a: Charizard\n|\n|-weather|none\n|-heal|p2a: Groudon|57/263|[from] item: Leftovers\n|upkeep\n|turn|16\n|c|\u2606hammy358|mb\n|\n|t:|1725770164\n|move|p1a: Charizard|Flare Blitz|p2a: Groudon\n|-damage|p2a: Groudon|0 fnt\n|faint|p2a: Groudon\n|-damage|p1a: Charizard|205/271|[from] Recoil\n|\n|upkeep\n|\n|t:|1725770168\n|switch|p2a: Regidrago|Regidrago, L77|118/435\n|-damage|p2a: Regidrago|64/435|[from] Stealth Rock\n|turn|17\n|\n|t:|1725770176\n|move|p2a: Regidrago|Draco Meteor|p1a: Charizard\n|-damage|p1a: Charizard|34/271\n|-unboost|p2a: Regidrago|spa|2\n|move|p1a: Charizard|Dragon Dance|p1a: Charizard\n|-boost|p1a: Charizard|atk|1\n|-boost|p1a: Charizard|spe|1\n|\n|upkeep\n|turn|18\n|\n|t:|1725770190\n|switch|p2a: Rabsca|Rabsca, L91, M|284/284\n|move|p1a: Charizard|Earthquake|p2a: Rabsca\n|-resisted|p2a: Rabsca\n|-damage|p2a: Rabsca|237/284\n|\n|upkeep\n|turn|19\n|\n|t:|1725770196\n|switch|p2a: Solgaleo|Solgaleo, L74|325/325\n|-damage|p2a: Solgaleo|305/325|[from] Stealth Rock\n|move|p1a: Charizard|Flare Blitz|p2a: Solgaleo\n|-supereffective|p2a: Solgaleo\n|-damage|p2a: Solgaleo|0 fnt\n|faint|p2a: Solgaleo\n|-damage|p1a: Charizard|0 fnt|[from] Recoil\n|faint|p1a: Charizard\n|\n|upkeep\n|\n|t:|1725770204\n|switch|p1a: Spiritomb|Spiritomb, L89, M|234/234\n|switch|p2a: Komala|Komala, L89, M|260/260\n|-damage|p2a: Komala|228/260|[from] Stealth Rock\n|-ability|p2a: Komala|Comatose\n|turn|20\n|\n|t:|1725770210\n|move|p2a: Komala|Earthquake|p1a: Spiritomb\n|-damage|p1a: Spiritomb|116/234\n|move|p1a: Spiritomb|Foul Play|p2a: Komala\n|-damage|p2a: Komala|2/260\n|\n|upkeep\n|turn|21\n|\n|t:|1725770214\n|switch|p1a: Altaria|Altaria, L88, M|275/275\n|move|p2a: Komala|Earthquake|p1a: Altaria\n|-immune|p1a: Altaria\n|\n|upkeep\n|turn|22\n|\n|t:|1725770219\n|switch|p2a: Regidrago|Regidrago, L77|64/435\n|-damage|p2a: Regidrago|10/435|[from] Stealth Rock\n|move|p1a: Altaria|Brave Bird|p2a: Regidrago\n|-damage|p2a: Regidrago|0 fnt\n|faint|p2a: Regidrago\n|-damage|p1a: Altaria|272/275|[from] Recoil\n|\n|upkeep\n|\n|t:|1725770222\n|switch|p2a: Rabsca|Rabsca, L91, M|237/284\n|turn|23\n|\n|t:|1725770226\n|-terastallize|p2a: Rabsca|Steel\n|move|p1a: Altaria|Brave Bird|p2a: Rabsca\n|-resisted|p2a: Rabsca\n|-damage|p2a: Rabsca|183/284\n|-damage|p1a: Altaria|254/275|[from] Recoil\n|move|p2a: Rabsca|Psychic|p1a: Altaria\n|-damage|p1a: Altaria|149/275\n|\n|upkeep\n|turn|24\n|\n|t:|1725770232\n|move|p1a: Altaria|Earthquake|p2a: Rabsca\n|-supereffective|p2a: Rabsca\n|-damage|p2a: Rabsca|63/284\n|move|p2a: Rabsca|Revival Blessing|p2a: Rabsca\n|\n|t:|1725770255\n|-heal|p2: Regidrago|217/435|[from] move: Revival Blessing\n|\n|upkeep\n|turn|25\n|\n|t:|1725770260\n|switch|p2a: Komala|Komala, L89, M|2/260\n|-damage|p2a: Komala|0 fnt|[from] Stealth Rock\n|faint|p2a: Komala\n|move|p1a: Altaria|Earthquake|p2: Komala|[notarget]\n|-fail|p1a: Altaria\n|\n|upkeep\n|\n|t:|1725770261\n|switch|p2a: Regidrago|Regidrago, L77|217/435\n|-damage|p2a: Regidrago|163/435|[from] Stealth Rock\n|turn|26\n|\n|t:|1725770266\n|-terastallize|p1a: Altaria|Steel\n|move|p2a: Regidrago|Outrage|p1a: Altaria\n|-resisted|p1a: Altaria\n|-damage|p1a: Altaria|73/275\n|move|p1a: Altaria|Roost|p1a: Altaria\n|-heal|p1a: Altaria|211/275\n|\n|upkeep\n|turn|27\n|-message|lt111vz mdb2 forfeited.\n|\n|win|hammy358\n|raw|hammy358's rating: 2346 &rarr; <strong>2370</strong><br />(+24 for winning)\n|raw|lt111vz mdb2's rating: 2425 &rarr; <strong>2401</strong><br />(-24 for losing)\n|l|\u2606lt111vz mdb2\n|player|p2|\n|c|\u2606hammy358|gg\n", "inputlog": ">version 0cf8241dca984da66af486149691a79a2b0e79e7\n>start {\"formatid\":\"gen9randombattle\",\"seed\":[11071,52652,27445,12965],\"rated\":\"Rated battle\"}\n>player p1 {\"name\":\"hammy358\",\"avatar\":\"101\",\"rating\":2346,\"seed\":[57848,39771,58611,60997]}\n>player p2 {\"name\":\"lt111vz mdb2\",\"avatar\":\"red\",\"rating\":2425,\"seed\":[14359,45049,16853,1946]}\n>p1 switch 4\n>p2 move surf\n>p1 move scald\n>p2 move knockoff\n>p1 move takeheart\n>p2 switch 2\n>p1 switch 3\n>p2 move doubleedge\n>p1 move foulplay\n>p2 switch 2\n>p1 switch 3\n>p2 move surf\n>p1 move takeheart\n>p2 move surf\n>p1 move scald\n>p2 move encore\n>p2 switch 3\n>p1 move scald\n>p2 move dragonenergy\n>p1 move scald\n>p2 move dragonenergy\n>p1 switch 5\n>p1 move precipiceblades\n>p2 move dragonenergy\n>p1 move stealthrock\n>p2 switch 5\n>p1 move precipiceblades\n>p2 move swordsdance\n>p1 move willowisp\n>p2 move precipiceblades\n>p1 switch 4\n>p1 move flareblitz\n>p2 move thunderwave\n>chat \u2606hammy358|mb\n>p1 move flareblitz\n>p2 move thunderwave\n>p2 switch 5\n>p1 move dragondance\n>p2 move dracometeor\n>p1 move earthquake\n>p2 switch 6\n>p1 move flareblitz\n>p2 switch 4\n>p1 switch 3\n>p2 switch 2\n>p1 move foulplay\n>p2 move earthquake\n>p1 switch 2\n>p2 move earthquake\n>p1 move bravebird\n>p2 switch 6\n>p2 switch 4\n>p1 move bravebird\n>p2 move psychic terastallize\n>p1 move earthquake\n>p2 move revivalblessing\n>p2 switch 4\n>p1 move earthquake\n>p2 switch 6\n>p2 switch 4\n>p1 move roost terastallize\n>p2 move outrage\n>forcelose p2", "uploadtime": 1725770276, "views": 113, "formatid": "gen9randombattle", "rating": 2370, "private": 0, "password": null}