{"id": "gen9randombattle-2259942616", "format": "[Gen 9] Random Battle", "players": ["Emilycreative", "Zoroark_055"], "log": "|j|\u2606Emilycreative\n|j|\u2606Zoroark_055\n|t:|1733782515\n|gametype|singles\n|player|p1|Emilycreative|janitor|1086\n|player|p2|Zoroark_055|n|1046\n|teamsize|p1|6\n|teamsize|p2|6\n|gen|9\n|tier|[Gen 9] Random Battle\n|rated|\n|rule|Species Clause: Limit one of each Pok\u00e9mon\n|rule|HP Percentage Mod: HP is shown in percentages\n|rule|Sleep Clause Mod: Limit one foe put to sleep\n|rule|Illusion Level Mod: Illusion disguises the Pok\u00e9mon's true level\n|\n|t:|1733782515\n|start\n|switch|p1a: Solgaleo|Solgaleo, L74|325/325\n|switch|p2a: Blissey|Blissey, L84, F|566/566\n|turn|1\n|\n|t:|1733782535\n|move|p1a: Solgaleo|Knock Off|p2a: Blissey\n|-damage|p2a: Blissey|351/566\n|-enditem|p2a: Blissey|Leftovers|[from] move: Knock Off|[of] p1a: Solgaleo\n|move|p2a: Blissey|Seismic Toss|p1a: Solgaleo\n|-damage|p1a: Solgaleo|241/325\n|\n|upkeep\n|turn|2\n|\n|t:|1733782557\n|switch|p2a: Basculin|Basculin, L86, F|261/261\n|move|p1a: Solgaleo|Sunsteel Strike|p2a: Basculin\n|-resisted|p2a: Basculin\n|-damage|p2a: Basculin|189/261\n|\n|upkeep\n|turn|3\n|\n|t:|1733782573\n|switch|p1a: Zapdos|Zapdos, L78|268/268\n|move|p2a: Basculin|Wave Crash|p1a: Zapdos\n|-damage|p1a: Zapdos|2/268\n|-damage|p2a: Basculin|101/261|[from] Recoil\n|\n|upkeep\n|turn|4\n|\n|t:|1733782589\n|move|p2a: Basculin|Wave Crash|p1a: Zapdos\n|-damage|p1a: Zapdos|0 fnt\n|faint|p1a: Zapdos\n|-damage|p2a: Basculin|100/261|[from] Recoil\n|\n|upkeep\n|\n|t:|1733782611\n|switch|p1a: Vileplume|Vileplume, L85, M|266/266\n|turn|5\n|\n|t:|1733782616\n|switch|p2a: Lycanroc|Lycanroc-Dusk, L80, M|251/251\n|move|p1a: Vileplume|Giga Drain|p2a: Lycanroc\n|-supereffective|p2a: Lycanroc\n|-damage|p2a: Lycanroc|33/251\n|\n|upkeep\n|turn|6\n|\n|t:|1733782630\n|move|p2a: Lycanroc|Close Combat|p1a: Vileplume\n|-resisted|p1a: Vileplume\n|-damage|p1a: Vileplume|184/266\n|-unboost|p2a: Lycanroc|def|1\n|-unboost|p2a: Lycanroc|spd|1\n|-damage|p2a: Lycanroc|8/251|[from] item: Life Orb\n|move|p1a: Vileplume|Giga Drain|p2a: Lycanroc\n|-supereffective|p2a: Lycanroc\n|-damage|p2a: Lycanroc|0 fnt\n|-heal|p1a: Vileplume|188/266|[from] drain|[of] p2a: Lycanroc\n|faint|p2a: Lycanroc\n|\n|-heal|p1a: Vileplume|204/266|[from] item: Leftovers\n|upkeep\n|\n|t:|1733782638\n|switch|p2a: Perrserker|Perrserker, L89, F|269/269\n|turn|7\n|\n|t:|1733782660\n|switch|p1a: Solgaleo|Solgaleo, L74|241/325\n|move|p2a: Perrserker|Iron Head|p1a: Solgaleo\n|-resisted|p1a: Solgaleo\n|-crit|p1a: Solgaleo\n|-damage|p1a: Solgaleo|67/325\n|\n|upkeep\n|turn|8\n|\n|t:|1733782668\n|move|p1a: Solgaleo|Flame Charge|p2a: Perrserker\n|-supereffective|p2a: Perrserker\n|-damage|p2a: Perrserker|205/269\n|-boost|p1a: Solgaleo|spe|1\n|move|p2a: Perrserker|Iron Head|p1a: Solgaleo\n|-resisted|p1a: Solgaleo\n|-damage|p1a: Solgaleo|0 fnt\n|faint|p1a: Solgaleo\n|\n|upkeep\n|\n|t:|1733782685\n|switch|p1a: Oricorio|Oricorio, L84, F|263/263\n|turn|9\n|\n|t:|1733782692\n|switch|p2a: Palossand|Palossand, L89, F|296/296\n|move|p1a: Oricorio|Quiver Dance|p1a: Oricorio\n|-boost|p1a: Oricorio|spa|1\n|-boost|p1a: Oricorio|spd|1\n|-boost|p1a: Oricorio|spe|1\n|\n|upkeep\n|turn|10\n|\n|t:|1733782708\n|move|p1a: Oricorio|Hurricane|p2a: Palossand\n|-damage|p2a: Palossand|98/296\n|move|p2a: Palossand|Shadow Ball|p1a: Oricorio\n|-damage|p1a: Oricorio|193/263\n|-unboost|p1a: Oricorio|spd|1\n|\n|-heal|p2a: Palossand|116/296|[from] item: Leftovers\n|upkeep\n|turn|11\n|\n|t:|1733782717\n|move|p1a: Oricorio|Hurricane|p2a: Palossand|[miss]\n|-miss|p1a: Oricorio|p2a: Palossand\n|move|p2a: Palossand|Sludge Bomb|p1a: Oricorio\n|-crit|p1a: Oricorio\n|-damage|p1a: Oricorio|57/263\n|-status|p1a: Oricorio|psn\n|\n|-heal|p2a: Palossand|134/296|[from] item: Leftovers\n|-damage|p1a: Oricorio|25/263 psn|[from] psn\n|upkeep\n|turn|12\n|\n|t:|1733782727\n|switch|p2a: Basculin|Basculin, L86, F|100/261\n|move|p1a: Oricorio|Hurricane|p2a: Basculin\n|-damage|p2a: Basculin|0 fnt\n|faint|p2a: Basculin\n|\n|-damage|p1a: Oricorio|0 fnt|[from] psn\n|faint|p1a: Oricorio\n|upkeep\n|\n|t:|1733782737\n|switch|p2a: Blissey|Blissey, L84, F|351/566\n|switch|p1a: Vileplume|Vileplume, L85, M|204/266\n|turn|13\n|\n|t:|1733782746\n|move|p2a: Blissey|Seismic Toss|p1a: Vileplume\n|-damage|p1a: Vileplume|120/266\n|move|p1a: Vileplume|Sleep Powder|p2a: Blissey\n|-status|p2a: Blissey|slp|[from] move: Sleep Powder\n|\n|-heal|p1a: Vileplume|136/266|[from] item: Leftovers\n|upkeep\n|turn|14\n|\n|t:|1733782754\n|-curestatus|p2a: Blissey|slp|[from] ability: Natural Cure\n|switch|p2a: Perrserker|Perrserker, L89, F|205/269\n|move|p1a: Vileplume|Giga Drain|p2a: Perrserker\n|-resisted|p2a: Perrserker\n|-damage|p2a: Perrserker|151/269\n|-heal|p1a: Vileplume|163/266|[from] drain|[of] p2a: Perrserker\n|\n|-heal|p1a: Vileplume|179/266|[from] item: Leftovers\n|upkeep\n|turn|15\n|\n|t:|1733782767\n|switch|p1a: Porygon-Z|Porygon-Z, L83|277/277\n|move|p2a: Perrserker|U-turn|p1a: Porygon-Z\n|-damage|p1a: Porygon-Z|163/277\n|\n|t:|1733782775\n|switch|p2a: Blissey|Blissey, L84, F|351/566|[from] U-turn\n|\n|upkeep\n|turn|16\n|\n|t:|1733782787\n|move|p1a: Porygon-Z|Nasty Plot|p1a: Porygon-Z\n|-boost|p1a: Porygon-Z|spa|2\n|move|p2a: Blissey|Stealth Rock|p1a: Porygon-Z\n|-sidestart|p1: Emilycreative|move: Stealth Rock\n|\n|upkeep\n|turn|17\n|\n|t:|1733782799\n|-terastallize|p1a: Porygon-Z|Fighting\n|move|p1a: Porygon-Z|Tera Blast|p2a: Blissey|[anim] Tera Blast Fighting\n|-supereffective|p2a: Blissey\n|-damage|p2a: Blissey|0 fnt\n|faint|p2a: Blissey\n|-damage|p1a: Porygon-Z|136/277|[from] item: Life Orb\n|\n|upkeep\n|\n|t:|1733782807\n|switch|p2a: Palossand|Palossand, L89, F|134/296\n|turn|18\n|\n|t:|1733782815\n|move|p1a: Porygon-Z|Shadow Ball|p2a: Palossand\n|-supereffective|p2a: Palossand\n|-damage|p2a: Palossand|0 fnt\n|faint|p2a: Palossand\n|-damage|p1a: Porygon-Z|109/277|[from] item: Life Orb\n|\n|upkeep\n|\n|t:|1733782821\n|switch|p2a: Perrserker|Perrserker, L89, F|151/269\n|turn|19\n|\n|t:|1733782825\n|move|p1a: Porygon-Z|Tera Blast|p2a: Perrserker|[anim] Tera Blast Fighting\n|-supereffective|p2a: Perrserker\n|-damage|p2a: Perrserker|0 fnt\n|faint|p2a: Perrserker\n|-damage|p1a: Porygon-Z|82/277|[from] item: Life Orb\n|\n|upkeep\n|\n|t:|1733782830\n|switch|p2a: Eternatus|Eternatus, L69|308/308\n|-ability|p2a: Eternatus|Pressure\n|turn|20\n|\n|t:|1733782845\n|move|p2a: Eternatus|Dynamax Cannon|p1a: Porygon-Z\n|-damage|p1a: Porygon-Z|0 fnt\n|faint|p1a: Porygon-Z\n|\n|upkeep\n|\n|t:|1733782849\n|switch|p1a: Trevenant|Trevenant, L88, M|293/293\n|-damage|p1a: Trevenant|257/293|[from] Stealth Rock\n|turn|21\n|\n|t:|1733782862\n|move|p2a: Eternatus|Fire Blast|p1a: Trevenant\n|-supereffective|p1a: Trevenant\n|-damage|p1a: Trevenant|99/293\n|-enditem|p1a: Trevenant|Sitrus Berry|[eat]\n|-heal|p1a: Trevenant|172/293|[from] item: Sitrus Berry\n|move|p1a: Trevenant|Drain Punch|p2a: Eternatus\n|-resisted|p2a: Eternatus\n|-damage|p2a: Eternatus|272/308\n|-heal|p1a: Trevenant|190/293|[from] drain|[of] p2a: Eternatus\n|\n|upkeep\n|turn|22\n|\n|t:|1733782872\n|move|p2a: Eternatus|Fire Blast|p1a: Trevenant\n|-supereffective|p1a: Trevenant\n|-damage|p1a: Trevenant|52/293\n|move|p1a: Trevenant|Poltergeist|p2a: Eternatus\n|-activate|p2a: Eternatus|move: Poltergeist|Power Herb\n|-damage|p2a: Eternatus|107/308\n|\n|-item|p1a: Trevenant|Sitrus Berry|[from] ability: Harvest\n|upkeep\n|-enditem|p1a: Trevenant|Sitrus Berry|[eat]\n|-heal|p1a: Trevenant|125/293|[from] item: Sitrus Berry\n|turn|23\n|\n|t:|1733782885\n|move|p1a: Trevenant|Protect|p1a: Trevenant\n|-singleturn|p1a: Trevenant|Protect\n|move|p2a: Eternatus|Dynamax Cannon|p1a: Trevenant\n|-activate|p1a: Trevenant|move: Protect\n|\n|-item|p1a: Trevenant|Sitrus Berry|[from] ability: Harvest\n|upkeep\n|-enditem|p1a: Trevenant|Sitrus Berry|[eat]\n|-heal|p1a: Trevenant|198/293|[from] item: Sitrus Berry\n|turn|24\n|\n|t:|1733782894\n|move|p2a: Eternatus|Dynamax Cannon|p1a: Trevenant\n|-damage|p1a: Trevenant|95/293\n|move|p1a: Trevenant|Poltergeist|p2a: Eternatus|[miss]\n|-miss|p1a: Trevenant|p2a: Eternatus\n|\n|upkeep\n|turn|25\n|\n|t:|1733782903\n|move|p1a: Trevenant|Protect|p1a: Trevenant\n|-singleturn|p1a: Trevenant|Protect\n|move|p2a: Eternatus|Sludge Bomb|p1a: Trevenant\n|-activate|p1a: Trevenant|move: Protect\n|\n|-item|p1a: Trevenant|Sitrus Berry|[from] ability: Harvest\n|upkeep\n|-enditem|p1a: Trevenant|Sitrus Berry|[eat]\n|-heal|p1a: Trevenant|168/293|[from] item: Sitrus Berry\n|turn|26\n|\n|t:|1733782912\n|move|p2a: Eternatus|Sludge Bomb|p1a: Trevenant\n|-damage|p1a: Trevenant|74/293\n|move|p1a: Trevenant|Poltergeist|p2a: Eternatus\n|-activate|p2a: Eternatus|move: Poltergeist|Power Herb\n|-damage|p2a: Eternatus|0 fnt\n|faint|p2a: Eternatus\n|\n|win|Emilycreative\n|raw|Emilycreative's rating: 1086 &rarr; <strong>1110</strong><br />(+24 for winning)\n|raw|Zoroark_055's rating: 1046 &rarr; <strong>1031</strong><br />(-15 for losing)\n|l|\u2606Zoroark_055\n|player|p2|\n", "inputlog": ">version bfd83cad13791eb5a5a409923076391caf6fb4d4\n>start {\"formatid\":\"gen9randombattle\",\"seed\":[33163,40123,19830,7691],\"rated\":\"Rated battle\"}\n>player p1 {\"name\":\"Emilycreative\",\"avatar\":\"janitor\",\"rating\":1086,\"seed\":[47173,28451,45285,4434]}\n>player p2 {\"name\":\"Zoroark_055\",\"avatar\":\"n\",\"rating\":1046,\"seed\":[47568,35092,57696,27426]}\n>p1 move knockoff\n>p2 move seismictoss\n>p1 move sunsteelstrike\n>p2 switch 3\n>p1 switch 3\n>p2 move wavecrash\n>p1 move discharge\n>p2 move wavecrash\n>p1 switch 5\n>p1 move gigadrain\n>p2 switch 4\n>p1 move gigadrain\n>p2 move closecombat\n>p2 switch 5\n>p1 switch 3\n>p2 move ironhead\n>p1 move flamecharge\n>p2 move ironhead\n>p1 switch 4\n>p1 move quiverdance\n>p2 switch 6\n>p1 move hurricane\n>p2 move shadowball\n>p1 move hurricane\n>p2 move sludgebomb\n>p1 move hurricane\n>p2 switch 4\n>p1 switch 3\n>p2 switch 3\n>p1 move sleeppowder\n>p2 move seismictoss\n>p1 move gigadrain\n>p2 switch 6\n>p1 switch 6\n>p2 move uturn\n>p2 switch 6\n>p1 move nastyplot\n>p2 move stealthrock\n>p1 move terablast terastallize\n>p2 move seismictoss\n>p2 switch 4\n>p1 move shadowball\n>p2 move sludgebomb\n>p2 switch 6\n>p1 move terablast\n>p2 move closecombat\n>p2 switch 2\n>p1 move terablast\n>p2 move dynamaxcannon\n>p1 switch 2\n>p1 move drainpunch\n>p2 move fireblast\n>p1 move poltergeist\n>p2 move fireblast\n>p1 move protect\n>p2 move dynamaxcannon\n>p1 move poltergeist\n>p2 move dynamaxcannon\n>p1 move protect\n>p2 move sludgebomb\n>p1 move poltergeist\n>p2 move sludgebomb", "uploadtime": 1733782932, "views": 13, "formatid": "gen9randombattle", "rating": 1031, "private": 0, "password": null}