{"id": "gen9randombattle-2260738424", "format": "[Gen 9] Random Battle", "players": ["jjlkjkjiuh", "Raydoge"], "log": "|j|\u2606jjlkjkjiuh\n|j|\u2606Raydoge\n|t:|1733885089\n|gametype|singles\n|player|p1|jjlkjkjiuh|102|1319\n|player|p2|Raydoge|brendan-rs|1375\n|teamsize|p1|6\n|teamsize|p2|6\n|gen|9\n|tier|[Gen 9] Random Battle\n|rated|\n|rule|Species Clause: Limit one of each Pok\u00e9mon\n|rule|HP Percentage Mod: HP is shown in percentages\n|rule|Sleep Clause Mod: Limit one foe put to sleep\n|rule|Illusion Level Mod: Illusion disguises the Pok\u00e9mon's true level\n|\n|t:|1733885089\n|start\n|switch|p1a: Indeedee|Indeedee-F, L90, F|272/272\n|switch|p2a: Baxcalibur|Baxcalibur, L75, M|295/295\n|-fieldstart|move: Psychic Terrain|[from] ability: Psychic Surge|[of] p1a: Indeedee\n|turn|1\n|\n|t:|1733885105\n|switch|p1a: Piloswine|Piloswine, L85, M|309/309\n|move|p2a: Baxcalibur|Glaive Rush|p1a: Piloswine\n|-damage|p1a: Piloswine|158/309\n|-singlemove|p2a: Baxcalibur|Glaive Rush|[silent]\n|\n|upkeep\n|turn|2\n|\n|t:|1733885112\n|switch|p2a: Incineroar|Incineroar, L82, F|290/290\n|-ability|p2a: Incineroar|Intimidate|boost\n|-unboost|p1a: Piloswine|atk|1\n|move|p1a: Piloswine|Stealth Rock|p2a: Incineroar\n|-sidestart|p2: Raydoge|move: Stealth Rock\n|\n|upkeep\n|turn|3\n|\n|t:|1733885119\n|switch|p1a: Sandy Shocks|Sandy Shocks, L80|267/267\n|move|p2a: Incineroar|Overheat|p1a: Sandy Shocks\n|-damage|p1a: Sandy Shocks|143/267\n|-unboost|p2a: Incineroar|spa|2\n|\n|upkeep\n|turn|4\n|\n|t:|1733885128\n|move|p1a: Sandy Shocks|Thunder Wave|p2a: Incineroar\n|-status|p2a: Incineroar|par\n|move|p2a: Incineroar|Knock Off|p1a: Sandy Shocks\n|-damage|p1a: Sandy Shocks|38/267\n|-enditem|p1a: Sandy Shocks|Heavy-Duty Boots|[from] move: Knock Off|[of] p2a: Incineroar\n|\n|upkeep\n|turn|5\n|\n|t:|1733885141\n|switch|p2a: Azelf|Azelf, L82|257/257\n|-damage|p2a: Azelf|225/257|[from] Stealth Rock\n|move|p1a: Sandy Shocks|Volt Switch|p2a: Azelf\n|-damage|p2a: Azelf|126/257\n|\n|t:|1733885149\n|-end|p1a: Sandy Shocks|Protosynthesis|[silent]\n|switch|p1a: Dusknoir|Dusknoir, L89, F|225/225|[from] Volt Switch\n|-item|p2a: Azelf|Choice Specs|[from] ability: Frisk|[of] p1a: Dusknoir\n|\n|-fieldend|move: Psychic Terrain\n|upkeep\n|turn|6\n|\n|t:|1733885160\n|move|p2a: Azelf|Psychic|p1a: Dusknoir\n|-damage|p1a: Dusknoir|110/225\n|move|p1a: Dusknoir|Poltergeist|p2a: Azelf\n|-activate|p2a: Azelf|move: Poltergeist|Choice Specs\n|-supereffective|p2a: Azelf\n|-damage|p2a: Azelf|0 fnt\n|faint|p2a: Azelf\n|\n|-heal|p1a: Dusknoir|124/225|[from] item: Leftovers\n|upkeep\n|\n|t:|1733885163\n|switch|p2a: Incineroar|Incineroar, L82, F|290/290 par\n|-damage|p2a: Incineroar|218/290 par|[from] Stealth Rock\n|-ability|p2a: Incineroar|Intimidate|boost\n|-unboost|p1a: Dusknoir|atk|1\n|turn|7\n|\n|t:|1733885177\n|switch|p1a: Piloswine|Piloswine, L85, M|158/309\n|cant|p2a: Incineroar|par\n|\n|upkeep\n|turn|8\n|\n|t:|1733885183\n|switch|p2a: Giratina|Giratina-Origin, L72|335/335\n|-damage|p2a: Giratina|294/335|[from] Stealth Rock\n|move|p1a: Piloswine|Earthquake|p2a: Giratina\n|-immune|p2a: Giratina|[from] ability: Levitate\n|\n|upkeep\n|turn|9\n|\n|t:|1733885195\n|move|p1a: Piloswine|Ice Shard|p2a: Giratina\n|-supereffective|p2a: Giratina\n|-damage|p2a: Giratina|198/335\n|move|p2a: Giratina|Draco Meteor|p1a: Piloswine\n|-damage|p1a: Piloswine|28/309\n|-unboost|p2a: Giratina|spa|2\n|\n|upkeep\n|turn|10\n|\n|t:|1733885204\n|switch|p1a: Indeedee|Indeedee-F, L90, F|272/272\n|-fieldstart|move: Psychic Terrain|[from] ability: Psychic Surge|[of] p1a: Indeedee\n|move|p2a: Giratina|Shadow Sneak|p1a: Indeedee\n|-activate|p1a: Indeedee|move: Psychic Terrain\n|\n|upkeep\n|turn|11\n|\n|t:|1733885212\n|move|p1a: Indeedee|Shadow Ball|p2a: Giratina\n|-supereffective|p2a: Giratina\n|-damage|p2a: Giratina|6/335\n|-damage|p1a: Indeedee|245/272|[from] item: Life Orb\n|move|p2a: Giratina|Defog|p1a: Indeedee\n|-unboost|p1a: Indeedee|evasion|1\n|-sideend|p2: Raydoge|Stealth Rock|[from] move: Defog|[of] p2a: Giratina\n|-fieldend|move: Psychic Terrain\n|\n|upkeep\n|turn|12\n|\n|t:|1733885222\n|switch|p2a: Incineroar|Incineroar, L82, F|218/290 par\n|-ability|p2a: Incineroar|Intimidate|boost\n|-unboost|p1a: Indeedee|atk|1\n|move|p1a: Indeedee|Shadow Ball|p2a: Incineroar\n|-resisted|p2a: Incineroar\n|-damage|p2a: Incineroar|188/290 par\n|-unboost|p2a: Incineroar|spd|1\n|-damage|p1a: Indeedee|218/272|[from] item: Life Orb\n|\n|upkeep\n|turn|13\n|\n|t:|1733885232\n|switch|p1a: Dusknoir|Dusknoir, L89, F|124/225\n|-item|p2a: Incineroar|Assault Vest|[from] ability: Frisk|[of] p1a: Dusknoir\n|move|p2a: Incineroar|Overheat|p1a: Dusknoir\n|-damage|p1a: Dusknoir|49/225\n|-unboost|p2a: Incineroar|spa|2\n|\n|-heal|p1a: Dusknoir|63/225|[from] item: Leftovers\n|upkeep\n|turn|14\n|\n|t:|1733885242\n|move|p1a: Dusknoir|Earthquake|p2a: Incineroar\n|-supereffective|p2a: Incineroar\n|-damage|p2a: Incineroar|12/290 par\n|move|p2a: Incineroar|Knock Off|p1a: Dusknoir\n|-supereffective|p1a: Dusknoir\n|-damage|p1a: Dusknoir|0 fnt\n|-enditem|p1a: Dusknoir|Leftovers|[from] move: Knock Off|[of] p2a: Incineroar\n|faint|p1a: Dusknoir\n|\n|upkeep\n|\n|t:|1733885255\n|switch|p1a: Piloswine|Piloswine, L85, M|28/309\n|turn|15\n|\n|t:|1733885262\n|move|p1a: Piloswine|Stealth Rock|p2a: Incineroar\n|-sidestart|p2: Raydoge|move: Stealth Rock\n|move|p2a: Incineroar|Knock Off|p1a: Piloswine\n|-damage|p1a: Piloswine|0 fnt\n|-enditem|p1a: Piloswine|Eviolite|[from] move: Knock Off|[of] p2a: Incineroar\n|faint|p1a: Piloswine\n|\n|upkeep\n|\n|t:|1733885269\n|switch|p1a: Indeedee|Indeedee-F, L90, F|218/272\n|-fieldstart|move: Psychic Terrain|[from] ability: Psychic Surge|[of] p1a: Indeedee\n|turn|16\n|\n|t:|1733885274\n|move|p1a: Indeedee|Hyper Voice|p2a: Incineroar\n|-damage|p2a: Incineroar|0 fnt\n|faint|p2a: Incineroar\n|-damage|p1a: Indeedee|191/272|[from] item: Life Orb\n|\n|upkeep\n|\n|t:|1733885281\n|switch|p2a: Pikachu|Pikachu, L93, F|216/216\n|-damage|p2a: Pikachu|189/216|[from] Stealth Rock\n|turn|17\n|\n|t:|1733885288\n|switch|p1a: Jolteon|Jolteon, L84, F|246/246\n|move|p2a: Pikachu|Knock Off|p1a: Jolteon\n|-damage|p1a: Jolteon|92/246\n|-enditem|p1a: Jolteon|Leftovers|[from] move: Knock Off|[of] p2a: Pikachu\n|\n|upkeep\n|turn|18\n|\n|t:|1733885299\n|switch|p2a: Giratina|Giratina-Origin, L72|6/335\n|-damage|p2a: Giratina|0 fnt|[from] Stealth Rock\n|faint|p2a: Giratina\n|move|p1a: Jolteon|Substitute|p1a: Jolteon\n|-start|p1a: Jolteon|Substitute\n|-damage|p1a: Jolteon|31/246\n|\n|upkeep\n|\n|t:|1733885309\n|switch|p2a: Tyranitar|Tyranitar, L79, F|288/288\n|-damage|p2a: Tyranitar|252/288|[from] Stealth Rock\n|-weather|Sandstorm|[from] ability: Sand Stream|[of] p2a: Tyranitar\n|turn|19\n|\n|t:|1733885322\n|move|p1a: Jolteon|Thunderbolt|p2a: Tyranitar\n|-damage|p2a: Tyranitar|180/288\n|move|p2a: Tyranitar|Dragon Dance|p2a: Tyranitar\n|-boost|p2a: Tyranitar|atk|1\n|-boost|p2a: Tyranitar|spe|1\n|\n|-weather|Sandstorm|[upkeep]\n|-damage|p1a: Jolteon|16/246|[from] Sandstorm\n|-heal|p2a: Tyranitar|198/288|[from] item: Leftovers\n|upkeep\n|turn|20\n|\n|t:|1733885326\n|move|p1a: Jolteon|Thunderbolt|p2a: Tyranitar\n|-damage|p2a: Tyranitar|137/288\n|move|p2a: Tyranitar|Dragon Dance|p2a: Tyranitar\n|-boost|p2a: Tyranitar|atk|1\n|-boost|p2a: Tyranitar|spe|1\n|\n|-weather|Sandstorm|[upkeep]\n|-damage|p1a: Jolteon|1/246|[from] Sandstorm\n|-heal|p2a: Tyranitar|155/288|[from] item: Leftovers\n|-fieldend|move: Psychic Terrain\n|upkeep\n|turn|21\n|\n|t:|1733885336\n|move|p2a: Tyranitar|Dragon Dance|p2a: Tyranitar\n|-boost|p2a: Tyranitar|atk|1\n|-boost|p2a: Tyranitar|spe|1\n|move|p1a: Jolteon|Thunderbolt|p2a: Tyranitar\n|-damage|p2a: Tyranitar|94/288\n|-status|p2a: Tyranitar|par\n|\n|-weather|Sandstorm|[upkeep]\n|-damage|p1a: Jolteon|0 fnt|[from] Sandstorm\n|faint|p1a: Jolteon\n|-heal|p2a: Tyranitar|112/288 par|[from] item: Leftovers\n|upkeep\n|\n|t:|1733885349\n|switch|p1a: Espathra|Espathra, L80, F|283/283\n|turn|22\n|\n|t:|1733885359\n|-terastallize|p1a: Espathra|Fairy\n|-terastallize|p2a: Tyranitar|Rock\n|move|p1a: Espathra|Dazzling Gleam|p2a: Tyranitar\n|-damage|p2a: Tyranitar|61/288 par\n|move|p2a: Tyranitar|Knock Off|p1a: Espathra\n|-resisted|p1a: Espathra\n|-damage|p1a: Espathra|94/283\n|-enditem|p1a: Espathra|Leftovers|[from] move: Knock Off|[of] p2a: Tyranitar\n|\n|-weather|Sandstorm|[upkeep]\n|-damage|p1a: Espathra|77/283|[from] Sandstorm\n|-heal|p2a: Tyranitar|79/288 par|[from] item: Leftovers\n|-ability|p1a: Espathra|Speed Boost|boost\n|-boost|p1a: Espathra|spe|1\n|upkeep\n|turn|23\n|\n|t:|1733885372\n|move|p1a: Espathra|Dazzling Gleam|p2a: Tyranitar\n|-damage|p2a: Tyranitar|25/288 par\n|cant|p2a: Tyranitar|par\n|\n|-weather|none\n|-heal|p2a: Tyranitar|43/288 par|[from] item: Leftovers\n|-ability|p1a: Espathra|Speed Boost|boost\n|-boost|p1a: Espathra|spe|1\n|upkeep\n|turn|24\n|\n|t:|1733885383\n|move|p1a: Espathra|Dazzling Gleam|p2a: Tyranitar\n|-damage|p2a: Tyranitar|0 fnt\n|faint|p2a: Tyranitar\n|\n|-ability|p1a: Espathra|Speed Boost|boost\n|-boost|p1a: Espathra|spe|1\n|upkeep\n|\n|t:|1733885388\n|switch|p2a: Pikachu|Pikachu, L93, F|189/216\n|-damage|p2a: Pikachu|162/216|[from] Stealth Rock\n|turn|25\n|\n|t:|1733885392\n|move|p2a: Pikachu|Fake Out|p1a: Espathra\n|-damage|p1a: Espathra|12/283\n|cant|p1a: Espathra|flinch\n|\n|-ability|p1a: Espathra|Speed Boost|boost\n|-boost|p1a: Espathra|spe|1\n|upkeep\n|turn|26\n|\n|t:|1733885405\n|switch|p2a: Baxcalibur|Baxcalibur, L75, M|295/295\n|-damage|p2a: Baxcalibur|222/295|[from] Stealth Rock\n|move|p1a: Espathra|Stored Power|p2a: Baxcalibur\n|-damage|p2a: Baxcalibur|107/295\n|\n|-ability|p1a: Espathra|Speed Boost|boost\n|-boost|p1a: Espathra|spe|1\n|upkeep\n|turn|27\n|\n|t:|1733885413\n|move|p2a: Baxcalibur|Ice Shard|p1a: Espathra\n|-damage|p1a: Espathra|0 fnt\n|faint|p1a: Espathra\n|\n|upkeep\n|\n|t:|1733885417\n|switch|p1a: Indeedee|Indeedee-F, L90, F|191/272\n|-fieldstart|move: Psychic Terrain|[from] ability: Psychic Surge|[of] p1a: Indeedee\n|turn|28\n|\n|t:|1733885423\n|move|p2a: Baxcalibur|Ice Shard|p1a: Indeedee\n|-activate|p1a: Indeedee|move: Psychic Terrain\n|move|p1a: Indeedee|Hyper Voice|p2a: Baxcalibur\n|-damage|p2a: Baxcalibur|0 fnt\n|faint|p2a: Baxcalibur\n|-damage|p1a: Indeedee|164/272|[from] item: Life Orb\n|\n|upkeep\n|\n|t:|1733885426\n|switch|p2a: Pikachu|Pikachu, L93, F|162/216\n|-damage|p2a: Pikachu|135/216|[from] Stealth Rock\n|turn|29\n|\n|t:|1733885430\n|move|p2a: Pikachu|Knock Off|p1a: Indeedee\n|-supereffective|p1a: Indeedee\n|-damage|p1a: Indeedee|0 fnt\n|-enditem|p1a: Indeedee|Life Orb|[from] move: Knock Off|[of] p2a: Pikachu\n|faint|p1a: Indeedee\n|\n|upkeep\n|\n|t:|1733885434\n|switch|p1a: Sandy Shocks|Sandy Shocks, L80|38/267\n|turn|30\n|\n|t:|1733885438\n|move|p2a: Pikachu|Surf|p1a: Sandy Shocks\n|-supereffective|p1a: Sandy Shocks\n|-damage|p1a: Sandy Shocks|0 fnt\n|faint|p1a: Sandy Shocks\n|-end|p1a: Sandy Shocks|Protosynthesis|[silent]\n|\n|win|Raydoge\n|raw|jjlkjkjiuh's rating: 1319 &rarr; <strong>1302</strong><br />(-17 for losing)\n|raw|Raydoge's rating: 1375 &rarr; <strong>1392</strong><br />(+17 for winning)\n|l|\u2606jjlkjkjiuh\n|player|p1|\n", "inputlog": ">version bfd83cad13791eb5a5a409923076391caf6fb4d4\n>start {\"formatid\":\"gen9randombattle\",\"seed\":[22160,20506,33984,64958],\"rated\":\"Rated battle\"}\n>player p1 {\"name\":\"jjlkjkjiuh\",\"avatar\":\"102\",\"rating\":1319,\"seed\":[55736,3358,39504,35413]}\n>player p2 {\"name\":\"Raydoge\",\"avatar\":\"brendan-rs\",\"rating\":1375,\"seed\":[56598,4316,107,40764]}\n>p1 switch 3\n>p2 move glaiverush\n>p1 move stealthrock\n>p2 switch 5\n>p1 switch 2\n>p2 move overheat\n>p1 move thunderwave\n>p2 move knockoff\n>p1 move voltswitch\n>p2 switch 3\n>p1 switch 6\n>p1 move poltergeist\n>p2 move psychic\n>p2 switch 3\n>p1 switch 2\n>p2 move knockoff\n>p1 move earthquake\n>p2 switch 4\n>p1 move iceshard\n>p2 move dracometeor\n>p1 switch 3\n>p2 move shadowsneak\n>p1 move shadowball\n>p2 move defog\n>p1 move shadowball\n>p2 switch 4\n>p1 switch 2\n>p2 move overheat\n>p1 move earthquake\n>p2 move knockoff\n>p1 switch 3\n>p1 move stealthrock\n>p2 move knockoff\n>p1 switch 2\n>p1 move hypervoice\n>p2 move knockoff\n>p2 switch 2\n>p1 switch 4\n>p2 move knockoff\n>p1 move substitute\n>p2 switch 4\n>p2 switch 6\n>p1 move thunderbolt\n>p2 move dragondance\n>p1 move thunderbolt\n>p2 move dragondance\n>p1 move thunderbolt\n>p2 move dragondance\n>p1 switch 5\n>p1 move dazzlinggleam terastallize\n>p2 move knockoff terastallize\n>p1 move dazzlinggleam\n>p2 move earthquake\n>p1 move dazzlinggleam\n>p2 move earthquake\n>p2 switch 4\n>p1 move storedpower\n>p2 move fakeout\n>p1 move storedpower\n>p2 switch 5\n>p1 move dazzlinggleam\n>p2 move iceshard\n>p1 switch 4\n>p1 move hypervoice\n>p2 move iceshard\n>p2 switch 5\n>p1 move hypervoice\n>p2 move knockoff\n>p1 switch 6\n>p1 move earthpower\n>p2 move surf", "uploadtime": 1733885441, "views": 7, "formatid": "gen9randombattle", "rating": 1302, "private": 0, "password": null}