{"id": "gen9randombattle-2260503184", "format": "[Gen 9] Random Battle", "players": ["jdkdnxbv", "Archiefoster24"], "log": "|j|\u2606jdkdnxbv\n|j|\u2606Archiefoster24\n|t:|1733857884\n|gametype|singles\n|player|p1|jdkdnxbv|101|1000\n|player|p2|Archiefoster24|170|1050\n|teamsize|p1|6\n|teamsize|p2|6\n|gen|9\n|tier|[Gen 9] Random Battle\n|rated|\n|rule|Species Clause: Limit one of each Pok\u00e9mon\n|rule|HP Percentage Mod: HP is shown in percentages\n|rule|Sleep Clause Mod: Limit one foe put to sleep\n|rule|Illusion Level Mod: Illusion disguises the Pok\u00e9mon's true level\n|\n|t:|1733857884\n|start\n|switch|p1a: Vikavolt|Vikavolt, L83, F|263/263\n|switch|p2a: Hydrapple|Hydrapple, L83, M|312/312\n|turn|1\n|\n|t:|1733857896\n|move|p1a: Vikavolt|Sticky Web|p2a: Hydrapple\n|-sidestart|p2: Archiefoster24|move: Sticky Web\n|move|p2a: Hydrapple|Dragon Tail|p1a: Vikavolt\n|-damage|p1a: Vikavolt|209/263\n|drag|p1a: Gothitelle|Gothitelle, L90, M|272/272\n|\n|upkeep\n|turn|2\n|\n|t:|1733857901\n|move|p1a: Gothitelle|Thunder Wave|p2a: Hydrapple|[miss]\n|-miss|p1a: Gothitelle|p2a: Hydrapple\n|move|p2a: Hydrapple|Fickle Beam|p1a: Gothitelle|[anim] Fickle Beam All Out\n|-activate|p2a: Hydrapple|move: Fickle Beam\n|-damage|p1a: Gothitelle|124/272\n|\n|-heal|p1a: Gothitelle|141/272|[from] item: Leftovers\n|upkeep\n|turn|3\n|\n|t:|1733857910\n|move|p1a: Gothitelle|Thunder Wave|p2a: Hydrapple\n|-status|p2a: Hydrapple|par\n|move|p2a: Hydrapple|Fickle Beam|p1a: Gothitelle\n|-damage|p1a: Gothitelle|69/272\n|\n|-heal|p1a: Gothitelle|86/272|[from] item: Leftovers\n|upkeep\n|turn|4\n|\n|t:|1733857917\n|move|p1a: Gothitelle|Psychic Noise|p2a: Hydrapple\n|-crit|p2a: Hydrapple\n|-damage|p2a: Hydrapple|218/312 par\n|-start|p2a: Hydrapple|move: Heal Block\n|move|p2a: Hydrapple|Fickle Beam|p1a: Gothitelle|[anim] Fickle Beam All Out\n|-activate|p2a: Hydrapple|move: Fickle Beam\n|-damage|p1a: Gothitelle|0 fnt\n|faint|p1a: Gothitelle\n|\n|upkeep\n|\n|t:|1733857920\n|switch|p1a: Vikavolt|Vikavolt, L83, F|209/263\n|turn|5\n|\n|t:|1733857924\n|move|p1a: Vikavolt|Bug Buzz|p2a: Hydrapple\n|-supereffective|p2a: Hydrapple\n|-damage|p2a: Hydrapple|44/312 par\n|move|p2a: Hydrapple|Dragon Tail|p1a: Vikavolt\n|-crit|p1a: Vikavolt\n|-damage|p1a: Vikavolt|127/263\n|drag|p1a: Dusknoir|Dusknoir, L89, F|225/225\n|-item|p2a: Hydrapple|Assault Vest|[from] ability: Frisk|[of] p1a: Dusknoir\n|\n|-end|p2a: Hydrapple|move: Heal Block\n|upkeep\n|turn|6\n|\n|t:|1733857936\n|move|p1a: Dusknoir|Poltergeist|p2a: Hydrapple\n|-activate|p2a: Hydrapple|move: Poltergeist|Assault Vest\n|-damage|p2a: Hydrapple|0 fnt\n|faint|p2a: Hydrapple\n|\n|upkeep\n|\n|t:|1733857946\n|switch|p2a: Cryogonal|Cryogonal, L89|287/287\n|turn|7\n|\n|t:|1733857951\n|move|p2a: Cryogonal|Freeze-Dry|p1a: Dusknoir\n|-damage|p1a: Dusknoir|171/225\n|move|p1a: Dusknoir|Poltergeist|p2a: Cryogonal\n|-activate|p2a: Cryogonal|move: Poltergeist|Heavy-Duty Boots\n|-damage|p2a: Cryogonal|89/287\n|\n|-heal|p1a: Dusknoir|185/225|[from] item: Leftovers\n|upkeep\n|turn|8\n|\n|t:|1733857962\n|move|p2a: Cryogonal|Freeze-Dry|p1a: Dusknoir\n|-crit|p1a: Dusknoir\n|-damage|p1a: Dusknoir|97/225\n|move|p1a: Dusknoir|Poltergeist|p2a: Cryogonal\n|-activate|p2a: Cryogonal|move: Poltergeist|Heavy-Duty Boots\n|-damage|p2a: Cryogonal|0 fnt\n|faint|p2a: Cryogonal\n|\n|-heal|p1a: Dusknoir|111/225|[from] item: Leftovers\n|upkeep\n|\n|t:|1733857967\n|switch|p2a: Muk|Muk, L86, F|321/321\n|-activate|p2a: Muk|move: Sticky Web\n|-unboost|p2a: Muk|spe|1\n|turn|9\n|\n|t:|1733857972\n|move|p1a: Dusknoir|Will-O-Wisp|p2a: Muk\n|-status|p2a: Muk|brn\n|move|p2a: Muk|Knock Off|p1a: Dusknoir\n|-supereffective|p1a: Dusknoir\n|-damage|p1a: Dusknoir|57/225\n|-status|p1a: Dusknoir|psn|[from] ability: Poison Touch|[of] p2a: Muk\n|-enditem|p1a: Dusknoir|Leftovers|[from] move: Knock Off|[of] p2a: Muk\n|\n|-damage|p1a: Dusknoir|29/225 psn|[from] psn\n|-damage|p2a: Muk|301/321 brn|[from] brn\n|upkeep\n|turn|10\n|\n|t:|1733857978\n|move|p2a: Muk|Shadow Sneak|p1a: Dusknoir\n|-supereffective|p1a: Dusknoir\n|-damage|p1a: Dusknoir|6/225 psn\n|move|p1a: Dusknoir|Poltergeist|p2a: Muk\n|-activate|p2a: Muk|move: Poltergeist|Assault Vest\n|-damage|p2a: Muk|165/321 brn\n|\n|-damage|p1a: Dusknoir|0 fnt|[from] psn\n|faint|p1a: Dusknoir\n|-damage|p2a: Muk|145/321 brn|[from] brn\n|upkeep\n|\n|t:|1733857992\n|switch|p1a: Vikavolt|Vikavolt, L83, F|127/263\n|turn|11\n|\n|t:|1733857998\n|move|p1a: Vikavolt|Discharge|p2a: Muk\n|-damage|p2a: Muk|70/321 brn\n|move|p2a: Muk|Poison Jab|p1a: Vikavolt\n|-damage|p1a: Vikavolt|78/263\n|\n|-damage|p2a: Muk|50/321 brn|[from] brn\n|upkeep\n|turn|12\n|\n|t:|1733858004\n|move|p2a: Muk|Shadow Sneak|p1a: Vikavolt\n|-damage|p1a: Vikavolt|62/263\n|-status|p1a: Vikavolt|psn|[from] ability: Poison Touch|[of] p2a: Muk\n|move|p1a: Vikavolt|Discharge|p2a: Muk\n|-damage|p2a: Muk|0 fnt\n|faint|p2a: Muk\n|\n|-damage|p1a: Vikavolt|30/263 psn|[from] psn\n|upkeep\n|\n|t:|1733858013\n|switch|p2a: Reuniclus|Reuniclus, L88, M|337/337\n|-activate|p2a: Reuniclus|move: Sticky Web\n|-unboost|p2a: Reuniclus|spe|1\n|turn|13\n|\n|t:|1733858018\n|move|p1a: Vikavolt|Bug Buzz|p2a: Reuniclus\n|-supereffective|p2a: Reuniclus\n|-damage|p2a: Reuniclus|65/337\n|move|p2a: Reuniclus|Calm Mind|p2a: Reuniclus\n|-boost|p2a: Reuniclus|spa|1\n|-boost|p2a: Reuniclus|spd|1\n|\n|-damage|p1a: Vikavolt|0 fnt|[from] psn\n|faint|p1a: Vikavolt\n|upkeep\n|\n|t:|1733858020\n|switch|p1a: Skeledirge|Skeledirge, L79, F|294/294\n|turn|14\n|\n|t:|1733858038\n|move|p1a: Skeledirge|Torch Song|p2a: Reuniclus\n|-damage|p2a: Reuniclus|0 fnt\n|-boost|p1a: Skeledirge|spa|1\n|faint|p2a: Reuniclus\n|\n|upkeep\n|\n|t:|1733858047\n|switch|p2a: Dialga|Dialga-Origin, L73|266/266\n|-activate|p2a: Dialga|move: Sticky Web\n|-unboost|p2a: Dialga|spe|1\n|-ability|p2a: Dialga|Pressure\n|turn|15\n|\n|t:|1733858051\n|move|p1a: Skeledirge|Torch Song|p2a: Dialga\n|-damage|p2a: Dialga|155/266\n|-boost|p1a: Skeledirge|spa|1\n|move|p2a: Dialga|Dragon Tail|p1a: Skeledirge\n|-damage|p1a: Skeledirge|236/294\n|drag|p1a: Koraidon|Koraidon, L64|235/235\n|-weather|SunnyDay|[from] ability: Orichalcum Pulse|[of] p1a: Koraidon\n|-activate|p1a: Koraidon|Orichalcum Pulse|[source]\n|\n|-weather|SunnyDay|[upkeep]\n|upkeep\n|turn|16\n|\n|t:|1733858057\n|move|p1a: Koraidon|Collision Course|p2a: Dialga\n|-supereffective|p2a: Dialga\n|-damage|p2a: Dialga|0 fnt\n|faint|p2a: Dialga\n|\n|-weather|SunnyDay|[upkeep]\n|upkeep\n|\n|t:|1733858060\n|switch|p2a: Grumpig|Grumpig, L92, F|297/297\n|-activate|p2a: Grumpig|move: Sticky Web\n|-unboost|p2a: Grumpig|spe|1\n|turn|17\n|\n|t:|1733858068\n|move|p1a: Koraidon|Scale Shot|p2a: Grumpig\n|-damage|p2a: Grumpig|263/297\n|-damage|p2a: Grumpig|233/297\n|-damage|p2a: Grumpig|203/297\n|-damage|p2a: Grumpig|173/297\n|-hitcount|p2a: Grumpig|4\n|-unboost|p1a: Koraidon|def|1\n|-boost|p1a: Koraidon|spe|1\n|move|p2a: Grumpig|Psychic|p1a: Koraidon\n|-supereffective|p1a: Koraidon\n|-damage|p1a: Koraidon|0 fnt\n|faint|p1a: Koraidon\n|\n|-weather|SunnyDay|[upkeep]\n|upkeep\n|\n|t:|1733858070\n|switch|p1a: Skeledirge|Skeledirge, L79, F|236/294\n|turn|18\n|\n|t:|1733858073\n|move|p2a: Grumpig|Psychic|p1a: Skeledirge\n|-damage|p1a: Skeledirge|110/294\n|-unboost|p1a: Skeledirge|spd|1\n|move|p1a: Skeledirge|Torch Song|p2a: Grumpig\n|-damage|p2a: Grumpig|119/297\n|-boost|p1a: Skeledirge|spa|1\n|\n|-weather|SunnyDay|[upkeep]\n|upkeep\n|turn|19\n|\n|t:|1733858079\n|move|p2a: Grumpig|Psychic|p1a: Skeledirge\n|-damage|p1a: Skeledirge|0 fnt\n|faint|p1a: Skeledirge\n|\n|-weather|none\n|upkeep\n|\n|t:|1733858081\n|switch|p1a: Fezandipiti|Fezandipiti, L82, M|278/278\n|turn|20\n|\n|t:|1733858083\n|-terastallize|p1a: Fezandipiti|Water\n|move|p1a: Fezandipiti|U-turn|p2a: Grumpig\n|-supereffective|p2a: Grumpig\n|-damage|p2a: Grumpig|23/297\n|-status|p2a: Grumpig|tox|[from] ability: Toxic Chain|[of] p1a: Fezandipiti\n|move|p2a: Grumpig|Psychic|p1a: Fezandipiti\n|-damage|p1a: Fezandipiti|197/278\n|\n|-heal|p1a: Fezandipiti|214/278|[from] item: Leftovers\n|-damage|p2a: Grumpig|5/297 tox|[from] psn\n|upkeep\n|turn|21\n|\n|t:|1733858087\n|move|p1a: Fezandipiti|U-turn|p2a: Grumpig\n|-supereffective|p2a: Grumpig\n|-damage|p2a: Grumpig|0 fnt\n|faint|p2a: Grumpig\n|\n|win|jdkdnxbv\n|raw|jdkdnxbv's rating: 1000 &rarr; <strong>1046</strong><br />(+46 for winning)\n|raw|Archiefoster24's rating: 1050 &rarr; <strong>1030</strong><br />(-20 for losing)\n|l|\u2606Archiefoster24\n|player|p2|\n", "inputlog": ">version bfd83cad13791eb5a5a409923076391caf6fb4d4\n>start {\"formatid\":\"gen9randombattle\",\"seed\":[30256,46601,11575,47649],\"rated\":\"Rated battle\"}\n>player p1 {\"name\":\"jdkdnxbv\",\"avatar\":\"101\",\"rating\":1000,\"seed\":[13055,58910,63542,6138]}\n>player p2 {\"name\":\"Archiefoster24\",\"avatar\":\"170\",\"rating\":1050,\"seed\":[55682,35511,3497,17697]}\n>p1 move stickyweb\n>p2 move dragontail\n>p1 move thunderwave\n>p2 move ficklebeam\n>p1 move thunderwave\n>p2 move ficklebeam\n>p1 move psychicnoise\n>p2 move ficklebeam\n>p1 switch 5\n>p1 move bugbuzz\n>p2 move dragontail\n>p1 move poltergeist\n>p2 move dragontail\n>p2 switch 5\n>p1 move poltergeist\n>p2 move freezedry\n>p1 move poltergeist\n>p2 move freezedry\n>p2 switch 3\n>p1 move willowisp\n>p2 move knockoff\n>p1 move poltergeist\n>p2 move shadowsneak\n>p1 switch 6\n>p1 move discharge\n>p2 move poisonjab\n>p1 move discharge\n>p2 move shadowsneak\n>p2 switch 4\n>p1 move bugbuzz\n>p2 move calmmind\n>p1 switch 4\n>p1 move torchsong\n>p2 move shadowball\n>p2 switch 2\n>p1 move torchsong\n>p2 move dragontail\n>p1 move collisioncourse\n>p2 move dracometeor\n>p2 switch 6\n>p1 move scaleshot\n>p2 move psychic\n>p1 switch 2\n>p1 move torchsong\n>p2 move psychic\n>p1 move shadowball\n>p2 move psychic\n>p1 switch 3\n>p1 move uturn terastallize\n>p2 move psychic\n>p1 move uturn\n>p2 move psychic", "uploadtime": 1733858094, "views": 1, "formatid": "gen9randombattle", "rating": 1030, "private": 0, "password": null}