{"id": "gen9randombattle-2190749056", "format": "[Gen 9] Random Battle", "players": ["Qiuescent", "portobellomushroom"], "log": "|j|\u203dQiuescent\n|j|\u2606portobellomushroom\n|t:|1724984519\n|gametype|singles\n|player|p1|Qiuescent|169|2251\n|player|p2|portobellomushroom|turo-ai|2230\n|teamsize|p1|6\n|teamsize|p2|6\n|gen|9\n|tier|[Gen 9] Random Battle\n|rated|\n|rule|Species Clause: Limit one of each Pok\u00e9mon\n|rule|HP Percentage Mod: HP is shown in percentages\n|rule|Sleep Clause Mod: Limit one foe put to sleep\n|rule|Illusion Level Mod: Illusion disguises the Pok\u00e9mon's true level\n|\n|t:|1724984519\n|start\n|switch|p1a: Necrozma|Necrozma-Dusk-Mane, L69|248/248\n|switch|p2a: Skeledirge|Skeledirge, L79, F|294/294\n|turn|1\n|inactive|Battle timer is ON: inactive players will automatically lose when time's up. (requested by portobellomushroom)\n|\n|t:|1724984533\n|switch|p1a: Gurdurr|Gurdurr, L85, M|283/283\n|move|p2a: Skeledirge|Flame Charge|p1a: Gurdurr\n|-damage|p1a: Gurdurr|258/283\n|-boost|p2a: Skeledirge|spe|1\n|\n|upkeep\n|turn|2\n|\n|t:|1724984539\n|move|p2a: Skeledirge|Torch Song|p1a: Gurdurr\n|-damage|p1a: Gurdurr|176/283\n|-boost|p2a: Skeledirge|spa|1\n|move|p1a: Gurdurr|Knock Off|p2a: Skeledirge\n|-supereffective|p2a: Skeledirge\n|-damage|p2a: Skeledirge|144/294\n|-enditem|p2a: Skeledirge|Heavy-Duty Boots|[from] move: Knock Off|[of] p1a: Gurdurr\n|\n|upkeep\n|turn|3\n|\n|t:|1724984543\n|switch|p1a: Primarina|Primarina, L83, M|268/268\n|move|p2a: Skeledirge|Slack Off|p2a: Skeledirge\n|-heal|p2a: Skeledirge|291/294\n|\n|upkeep\n|turn|4\n|\n|t:|1724984551\n|switch|p2a: Toxapex|Toxapex, L82, F|216/216\n|move|p1a: Primarina|Sparkling Aria|p2a: Toxapex\n|-resisted|p2a: Toxapex\n|-damage|p2a: Toxapex|177/216\n|\n|upkeep\n|turn|5\n|\n|t:|1724984562\n|switch|p2a: Typhlosion|Typhlosion-Hisui, L83, F|257/257\n|move|p1a: Primarina|Psychic|p2a: Typhlosion\n|-damage|p2a: Typhlosion|177/257\n|\n|upkeep\n|turn|6\n|\n|t:|1724984572\n|switch|p2a: Greedent|Greedent, L86, M|347/347\n|move|p1a: Primarina|Sparkling Aria|p2a: Greedent\n|-damage|p2a: Greedent|209/347\n|\n|upkeep\n|turn|7\n|\n|t:|1724984578\n|switch|p1a: Toedscruel|Toedscruel, L87, F|281/281\n|move|p2a: Greedent|Swords Dance|p2a: Greedent\n|-boost|p2a: Greedent|atk|2\n|\n|upkeep\n|turn|8\n|\n|t:|1724984582\n|move|p2a: Greedent|Double-Edge|p1a: Toedscruel\n|-damage|p1a: Toedscruel|0 fnt\n|faint|p1a: Toedscruel\n|-damage|p2a: Greedent|116/347|[from] Recoil\n|-enditem|p2a: Greedent|Sitrus Berry|[eat]\n|-heal|p2a: Greedent|202/347|[from] item: Sitrus Berry\n|-heal|p2a: Greedent|317/347|[from] ability: Cheek Pouch\n|\n|upkeep\n|\n|t:|1724984587\n|switch|p1a: Gurdurr|Gurdurr, L85, M|176/283\n|turn|9\n|\n|t:|1724984593\n|switch|p2a: Toxapex|Toxapex, L82, F|216/216\n|move|p1a: Gurdurr|Drain Punch|p2a: Toxapex\n|-resisted|p2a: Toxapex\n|-damage|p2a: Toxapex|187/216\n|-heal|p1a: Gurdurr|191/283|[from] drain|[of] p2a: Toxapex\n|-damage|p1a: Gurdurr|144/283|[from] item: Rocky Helmet|[of] p2a: Toxapex\n|\n|upkeep\n|turn|10\n|\n|t:|1724984602\n|switch|p1a: Necrozma|Necrozma-Dusk-Mane, L69|248/248\n|move|p2a: Toxapex|Toxic|p1a: Necrozma\n|-immune|p1a: Necrozma\n|\n|upkeep\n|turn|11\n|\n|t:|1724984608\n|switch|p2a: Hippowdon|Hippowdon, L82, M|311/311\n|-weather|Sandstorm|[from] ability: Sand Stream|[of] p2a: Hippowdon\n|move|p1a: Necrozma|Dragon Dance|p1a: Necrozma\n|-boost|p1a: Necrozma|atk|1\n|-boost|p1a: Necrozma|spe|1\n|\n|-weather|Sandstorm|[upkeep]\n|upkeep\n|turn|12\n|\n|t:|1724984611\n|move|p1a: Necrozma|Photon Geyser|p2a: Hippowdon\n|-damage|p2a: Hippowdon|176/311\n|move|p2a: Hippowdon|Curse|p2a: Hippowdon\n|-unboost|p2a: Hippowdon|spe|1\n|-boost|p2a: Hippowdon|atk|1\n|-boost|p2a: Hippowdon|def|1\n|\n|-weather|Sandstorm|[upkeep]\n|-heal|p2a: Hippowdon|195/311|[from] item: Leftovers\n|upkeep\n|turn|13\n|\n|t:|1724984618\n|switch|p1a: Primarina|Primarina, L83, M|268/268\n|move|p2a: Hippowdon|Slack Off|p2a: Hippowdon\n|-heal|p2a: Hippowdon|311/311\n|\n|-weather|Sandstorm|[upkeep]\n|-damage|p1a: Primarina|252/268|[from] Sandstorm\n|-heal|p1a: Primarina|268/268|[from] item: Leftovers\n|upkeep\n|turn|14\n|\n|t:|1724984625\n|switch|p2a: Greedent|Greedent, L86, M|317/347\n|move|p1a: Primarina|Sparkling Aria|p2a: Greedent\n|-damage|p2a: Greedent|197/347\n|\n|-weather|Sandstorm|[upkeep]\n|-damage|p1a: Primarina|252/268|[from] Sandstorm\n|-damage|p2a: Greedent|176/347|[from] Sandstorm\n|-heal|p1a: Primarina|268/268|[from] item: Leftovers\n|upkeep\n|turn|15\n|\n|t:|1724984629\n|switch|p1a: Gurdurr|Gurdurr, L85, M|144/283\n|move|p2a: Greedent|Double-Edge|p1a: Gurdurr\n|-damage|p1a: Gurdurr|57/283\n|-damage|p2a: Greedent|147/347|[from] Recoil\n|\n|-weather|none\n|upkeep\n|turn|16\n|\n|t:|1724984634\n|switch|p2a: Toxapex|Toxapex, L82, F|216/216\n|move|p1a: Gurdurr|Drain Punch|p2a: Toxapex\n|-resisted|p2a: Toxapex\n|-damage|p2a: Toxapex|188/216\n|-heal|p1a: Gurdurr|71/283|[from] drain|[of] p2a: Toxapex\n|-damage|p1a: Gurdurr|24/283|[from] item: Rocky Helmet|[of] p2a: Toxapex\n|\n|upkeep\n|turn|17\n|\n|t:|1724984640\n|switch|p1a: Necrozma|Necrozma-Dusk-Mane, L69|248/248\n|move|p2a: Toxapex|Liquidation|p1a: Necrozma\n|-damage|p1a: Necrozma|188/248\n|-unboost|p1a: Necrozma|def|1\n|\n|upkeep\n|turn|18\n|\n|t:|1724984645\n|move|p1a: Necrozma|Photon Geyser|p2a: Toxapex\n|-supereffective|p2a: Toxapex\n|-damage|p2a: Toxapex|42/216\n|move|p2a: Toxapex|Liquidation|p1a: Necrozma\n|-damage|p1a: Necrozma|95/248\n|\n|upkeep\n|turn|19\n|\n|t:|1724984650\n|switch|p1a: Primarina|Primarina, L83, M|268/268\n|switch|p2a: Hippowdon|Hippowdon, L82, M|311/311\n|-weather|Sandstorm|[from] ability: Sand Stream|[of] p2a: Hippowdon\n|\n|-weather|Sandstorm|[upkeep]\n|-damage|p1a: Primarina|252/268|[from] Sandstorm\n|-heal|p1a: Primarina|268/268|[from] item: Leftovers\n|upkeep\n|turn|20\n|\n|t:|1724984655\n|switch|p2a: Greedent|Greedent, L86, M|147/347\n|move|p1a: Primarina|Calm Mind|p1a: Primarina\n|-boost|p1a: Primarina|spa|1\n|-boost|p1a: Primarina|spd|1\n|\n|-weather|Sandstorm|[upkeep]\n|-damage|p1a: Primarina|252/268|[from] Sandstorm\n|-damage|p2a: Greedent|126/347|[from] Sandstorm\n|-heal|p1a: Primarina|268/268|[from] item: Leftovers\n|upkeep\n|turn|21\n|\n|t:|1724984658\n|move|p1a: Primarina|Sparkling Aria|p2a: Greedent\n|-damage|p2a: Greedent|0 fnt\n|faint|p2a: Greedent\n|\n|-weather|Sandstorm|[upkeep]\n|-damage|p1a: Primarina|252/268|[from] Sandstorm\n|-heal|p1a: Primarina|268/268|[from] item: Leftovers\n|upkeep\n|\n|t:|1724984662\n|switch|p2a: Cinccino|Cinccino, L83, F|260/260\n|turn|22\n|\n|t:|1724984669\n|-terastallize|p1a: Primarina|Steel\n|move|p2a: Cinccino|Bullet Seed|p1a: Primarina\n|-resisted|p1a: Primarina\n|-damage|p1a: Primarina|254/268\n|-resisted|p1a: Primarina\n|-damage|p1a: Primarina|238/268\n|-resisted|p1a: Primarina\n|-damage|p1a: Primarina|224/268\n|-resisted|p1a: Primarina\n|-damage|p1a: Primarina|209/268\n|-resisted|p1a: Primarina\n|-damage|p1a: Primarina|195/268\n|-hitcount|p1a: Primarina|5\n|move|p1a: Primarina|Sparkling Aria|p2a: Cinccino\n|-damage|p2a: Cinccino|20/260\n|\n|-weather|Sandstorm|[upkeep]\n|-damage|p2a: Cinccino|4/260|[from] Sandstorm\n|-heal|p1a: Primarina|211/268|[from] item: Leftovers\n|upkeep\n|turn|23\n|\n|t:|1724984675\n|move|p2a: Cinccino|Tail Slap|p1a: Primarina\n|-resisted|p1a: Primarina\n|-crit|p1a: Primarina\n|-damage|p1a: Primarina|178/268\n|-resisted|p1a: Primarina\n|-damage|p1a: Primarina|157/268\n|-resisted|p1a: Primarina\n|-damage|p1a: Primarina|135/268\n|-resisted|p1a: Primarina\n|-damage|p1a: Primarina|112/268\n|-resisted|p1a: Primarina\n|-damage|p1a: Primarina|89/268\n|-hitcount|p1a: Primarina|5\n|move|p1a: Primarina|Calm Mind|p1a: Primarina\n|-boost|p1a: Primarina|spa|1\n|-boost|p1a: Primarina|spd|1\n|\n|-weather|none\n|-heal|p1a: Primarina|105/268|[from] item: Leftovers\n|upkeep\n|turn|24\n|\n|t:|1724984684\n|move|p2a: Cinccino|Tail Slap|p1a: Primarina\n|-resisted|p1a: Primarina\n|-damage|p1a: Primarina|82/268\n|-resisted|p1a: Primarina\n|-damage|p1a: Primarina|60/268\n|-resisted|p1a: Primarina\n|-damage|p1a: Primarina|39/268\n|-resisted|p1a: Primarina\n|-damage|p1a: Primarina|18/268\n|-hitcount|p1a: Primarina|4\n|move|p1a: Primarina|Draining Kiss|p2a: Cinccino\n|-damage|p2a: Cinccino|0 fnt\n|-heal|p1a: Primarina|21/268|[from] drain|[of] p2a: Cinccino\n|faint|p2a: Cinccino\n|\n|-heal|p1a: Primarina|37/268|[from] item: Leftovers\n|upkeep\n|\n|t:|1724984695\n|switch|p2a: Typhlosion|Typhlosion-Hisui, L83, F|177/257\n|turn|25\n|\n|t:|1724984699\n|switch|p1a: Terrakion|Terrakion, L79|273/273\n|move|p2a: Typhlosion|Eruption|p1a: Terrakion\n|-resisted|p1a: Terrakion\n|-damage|p1a: Terrakion|210/273\n|\n|upkeep\n|turn|26\n|\n|t:|1724984707\n|switch|p2a: Toxapex|Toxapex, L82, F|114/216\n|move|p1a: Terrakion|Swords Dance|p1a: Terrakion\n|-boost|p1a: Terrakion|atk|2\n|\n|upkeep\n|turn|27\n|\n|t:|1724984712\n|move|p1a: Terrakion|Stone Edge|p2a: Toxapex\n|-damage|p2a: Toxapex|0 fnt\n|faint|p2a: Toxapex\n|-damage|p1a: Terrakion|183/273|[from] item: Life Orb\n|\n|upkeep\n|\n|t:|1724984715\n|switch|p2a: Hippowdon|Hippowdon, L82, M|311/311\n|-weather|Sandstorm|[from] ability: Sand Stream|[of] p2a: Hippowdon\n|turn|28\n|\n|t:|1724984718\n|move|p1a: Terrakion|Close Combat|p2a: Hippowdon\n|-damage|p2a: Hippowdon|0 fnt\n|-unboost|p1a: Terrakion|def|1\n|-unboost|p1a: Terrakion|spd|1\n|faint|p2a: Hippowdon\n|-damage|p1a: Terrakion|156/273|[from] item: Life Orb\n|\n|-weather|Sandstorm|[upkeep]\n|upkeep\n|\n|t:|1724984726\n|switch|p2a: Typhlosion|Typhlosion-Hisui, L83, F|177/257\n|turn|29\n|\n|t:|1724984730\n|move|p2a: Typhlosion|Focus Blast|p1a: Terrakion|[miss]\n|-miss|p2a: Typhlosion|p1a: Terrakion\n|move|p1a: Terrakion|Earthquake|p2a: Typhlosion\n|-supereffective|p2a: Typhlosion\n|-damage|p2a: Typhlosion|0 fnt\n|faint|p2a: Typhlosion\n|-damage|p1a: Terrakion|129/273|[from] item: Life Orb\n|\n|-weather|Sandstorm|[upkeep]\n|upkeep\n|\n|t:|1724984732\n|switch|p2a: Skeledirge|Skeledirge, L79, F|291/294\n|turn|30\n|\n|t:|1724984737\n|-terastallize|p2a: Skeledirge|Water\n|move|p1a: Terrakion|Close Combat|p2a: Skeledirge\n|-damage|p2a: Skeledirge|100/294\n|-unboost|p1a: Terrakion|def|1\n|-unboost|p1a: Terrakion|spd|1\n|-damage|p1a: Terrakion|102/273|[from] item: Life Orb\n|move|p2a: Skeledirge|Flame Charge|p1a: Terrakion\n|-resisted|p1a: Terrakion\n|-damage|p1a: Terrakion|81/273\n|-boost|p2a: Skeledirge|spe|1\n|\n|-weather|Sandstorm|[upkeep]\n|-damage|p2a: Skeledirge|82/294|[from] Sandstorm\n|upkeep\n|turn|31\n|\n|t:|1724984745\n|move|p2a: Skeledirge|Shadow Ball|p1a: Terrakion\n|-damage|p1a: Terrakion|24/273\n|move|p1a: Terrakion|Close Combat|p2a: Skeledirge\n|-damage|p2a: Skeledirge|0 fnt\n|-unboost|p1a: Terrakion|def|1\n|-unboost|p1a: Terrakion|spd|1\n|faint|p2a: Skeledirge\n|-damage|p1a: Terrakion|0 fnt|[from] item: Life Orb\n|faint|p1a: Terrakion\n|\n|win|Qiuescent\n|raw|Qiuescent's rating: 2272 &rarr; <strong>2290</strong><br />(+18 for winning)\n|raw|portobellomushroom's rating: 2230 &rarr; <strong>2212</strong><br />(-18 for losing)\n|l|\u2606portobellomushroom\n|player|p2|\n", "inputlog": ">version 2e590d34c814cccdb89d4fed97a7fe8ad0bc829c\n>start {\"formatid\":\"gen9randombattle\",\"seed\":[25074,63058,61658,51830],\"rated\":\"Rated battle\"}\n>player p1 {\"name\":\"Qiuescent\",\"avatar\":\"169\",\"rating\":2251,\"seed\":[41244,10917,31176,35354]}\n>player p2 {\"name\":\"portobellomushroom\",\"avatar\":\"turo-ai\",\"rating\":2230,\"seed\":[35174,64637,25248,65042]}\n>p1 switch 4\n>p2 move flamecharge\n>p1 move knockoff\n>p2 move torchsong\n>p1 switch 6\n>p2 move slackoff\n>p1 move sparklingaria\n>p2 switch 3\n>p1 move psychic\n>p2 switch 4\n>p1 move sparklingaria\n>p2 switch 2\n>p1 switch 5\n>p2 move swordsdance\n>p1 move spore\n>p2 move doubleedge\n>p1 switch 6\n>p1 move drainpunch\n>p2 switch 4\n>p1 switch 4\n>p2 move toxic\n>p1 move dragondance\n>p2 switch 5\n>p1 move photongeyser\n>p2 move curse\n>p1 switch 5\n>p2 move slackoff\n>p1 move sparklingaria\n>p2 switch 4\n>p1 switch 4\n>p2 move doubleedge\n>p1 move drainpunch\n>p2 switch 5\n>p1 switch 5\n>p2 move liquidation\n>p1 move photongeyser\n>p2 move liquidation\n>p1 switch 4\n>p2 switch 4\n>p1 move calmmind\n>p2 switch 5\n>p1 move sparklingaria\n>p2 move doubleedge\n>p2 switch 6\n>p1 move sparklingaria terastallize\n>p2 move bulletseed\n>p1 move calmmind\n>p2 move tailslap\n>p1 move drainingkiss\n>p2 move tailslap\n>p2 switch 2\n>p1 switch 2\n>p2 move eruption\n>p1 move swordsdance\n>p2 switch 4\n>p1 move stoneedge\n>p2 move haze\n>p2 switch 5\n>p1 move closecombat\n>p2 move earthquake\n>p2 switch 4\n>p1 move earthquake\n>p2 move focusblast\n>p2 switch 3\n>p1 move closecombat\n>p2 move flamecharge terastallize\n>p1 move closecombat\n>p2 move shadowball", "uploadtime": 1724984748, "views": 104, "formatid": "gen9randombattle", "rating": 2212, "private": 0, "password": null}