{"id": "gen9randombattle-2260039839", "format": "[Gen 9] Random Battle", "players": ["goofballword969", "sherbettoons"], "log": "|j|\u2606goofballword969\n|j|\u2606sherbettoons\n|t:|1733794437\n|gametype|singles\n|player|p1|goofballword969|169|1283\n|player|p2|sherbettoons|n|1271\n|teamsize|p1|6\n|teamsize|p2|6\n|gen|9\n|tier|[Gen 9] Random Battle\n|rated|\n|rule|Species Clause: Limit one of each Pok\u00e9mon\n|rule|HP Percentage Mod: HP is shown in percentages\n|rule|Sleep Clause Mod: Limit one foe put to sleep\n|rule|Illusion Level Mod: Illusion disguises the Pok\u00e9mon's true level\n|\n|t:|1733794437\n|start\n|switch|p1a: Torkoal|Torkoal, L88, M|266/266\n|switch|p2a: Grumpig|Grumpig, L92, M|297/297\n|-weather|SunnyDay|[from] ability: Drought|[of] p1a: Torkoal\n|turn|1\n|inactive|Battle timer is ON: inactive players will automatically lose when time's up. (requested by goofballword969)\n|\n|t:|1733794452\n|move|p2a: Grumpig|Earth Power|p1a: Torkoal\n|-supereffective|p1a: Torkoal\n|-damage|p1a: Torkoal|114/266\n|move|p1a: Torkoal|Rapid Spin|p2a: Grumpig\n|-damage|p2a: Grumpig|256/297\n|-boost|p1a: Torkoal|spe|1\n|\n|-weather|SunnyDay|[upkeep]\n|upkeep\n|turn|2\n|c|\u2606goofballword969|gg\n|\n|t:|1733794461\n|move|p2a: Grumpig|Earth Power|p1a: Torkoal\n|-supereffective|p1a: Torkoal\n|-damage|p1a: Torkoal|0 fnt\n|faint|p1a: Torkoal\n|\n|-weather|SunnyDay|[upkeep]\n|upkeep\n|\n|t:|1733794467\n|switch|p1a: Azelf|Azelf, L82|257/257\n|turn|3\n|\n|t:|1733794483\n|switch|p2a: Komala|Komala, L89, F|260/260\n|-ability|p2a: Komala|Comatose\n|move|p1a: Azelf|Encore||[still]\n|-fail|p1a: Azelf\n|\n|-weather|SunnyDay|[upkeep]\n|upkeep\n|turn|4\n|\n|t:|1733794494\n|move|p1a: Azelf|Knock Off|p2a: Komala\n|-damage|p2a: Komala|142/260\n|-enditem|p2a: Komala|Assault Vest|[from] move: Knock Off|[of] p1a: Azelf\n|-damage|p1a: Azelf|232/257|[from] item: Life Orb\n|move|p2a: Komala|Knock Off|p1a: Azelf\n|-supereffective|p1a: Azelf\n|-crit|p1a: Azelf\n|-damage|p1a: Azelf|0 fnt\n|-enditem|p1a: Azelf|Life Orb|[from] move: Knock Off|[of] p2a: Komala\n|faint|p1a: Azelf\n|\n|-weather|SunnyDay|[upkeep]\n|upkeep\n|\n|t:|1733794502\n|switch|p1a: Keldeo|Keldeo-Resolute, L79|273/273\n|turn|5\n|\n|t:|1733794512\n|switch|p2a: Grumpig|Grumpig, L92, M|256/297\n|move|p1a: Keldeo|Substitute|p1a: Keldeo\n|-start|p1a: Keldeo|Substitute\n|-damage|p1a: Keldeo|205/273\n|\n|-weather|none\n|-heal|p1a: Keldeo|222/273|[from] item: Leftovers\n|upkeep\n|turn|6\n|\n|t:|1733794526\n|move|p2a: Grumpig|Psychic|p1a: Keldeo\n|-supereffective|p1a: Keldeo\n|-end|p1a: Keldeo|Substitute\n|move|p1a: Keldeo|Surf|p2a: Grumpig\n|-damage|p2a: Grumpig|174/297\n|\n|-heal|p1a: Keldeo|239/273|[from] item: Leftovers\n|upkeep\n|turn|7\n|\n|t:|1733794539\n|switch|p1a: Comfey|Comfey, L85, F|225/225\n|move|p2a: Grumpig|Psychic|p1a: Comfey\n|-damage|p1a: Comfey|137/225\n|\n|-heal|p1a: Comfey|151/225|[from] item: Leftovers\n|upkeep\n|turn|8\n|\n|t:|1733794548\n|switch|p2a: Komala|Komala, L89, F|142/260\n|-ability|p2a: Komala|Comatose\n|move|p1a: Comfey|Calm Mind|p1a: Comfey\n|-boost|p1a: Comfey|spa|1\n|-boost|p1a: Comfey|spd|1\n|\n|-heal|p1a: Comfey|165/225|[from] item: Leftovers\n|upkeep\n|turn|9\n|\n|t:|1733794560\n|move|p1a: Comfey|Calm Mind|p1a: Comfey\n|-boost|p1a: Comfey|spa|1\n|-boost|p1a: Comfey|spd|1\n|move|p2a: Komala|Knock Off|p1a: Comfey\n|-resisted|p1a: Comfey\n|-damage|p1a: Comfey|123/225\n|-enditem|p1a: Comfey|Leftovers|[from] move: Knock Off|[of] p2a: Komala\n|\n|upkeep\n|turn|10\n|\n|t:|1733794573\n|switch|p2a: Forretress|Forretress, L84, M|263/263\n|move|p1a: Comfey|Calm Mind|p1a: Comfey\n|-boost|p1a: Comfey|spa|1\n|-boost|p1a: Comfey|spd|1\n|\n|upkeep\n|turn|11\n|\n|t:|1733794582\n|move|p1a: Comfey|Giga Drain|p2a: Forretress\n|-resisted|p2a: Forretress\n|-damage|p2a: Forretress|221/263\n|-heal|p1a: Comfey|144/225|[from] drain|[of] p2a: Forretress\n|move|p2a: Forretress|Iron Head|p1a: Comfey\n|-supereffective|p1a: Comfey\n|-damage|p1a: Comfey|0 fnt\n|faint|p1a: Comfey\n|\n|-heal|p2a: Forretress|237/263|[from] item: Leftovers\n|upkeep\n|\n|t:|1733794588\n|switch|p1a: Keldeo|Keldeo-Resolute, L79|239/273\n|turn|12\n|\n|t:|1733794599\n|switch|p2a: Grumpig|Grumpig, L92, M|174/297\n|move|p1a: Keldeo|Secret Sword|p2a: Grumpig\n|-resisted|p2a: Grumpig\n|-crit|p2a: Grumpig\n|-damage|p2a: Grumpig|84/297\n|\n|-heal|p1a: Keldeo|256/273|[from] item: Leftovers\n|upkeep\n|turn|13\n|\n|t:|1733794609\n|-terastallize|p1a: Keldeo|Steel\n|move|p2a: Grumpig|Psychic|p1a: Keldeo\n|-resisted|p1a: Keldeo\n|-damage|p1a: Keldeo|202/273\n|move|p1a: Keldeo|Calm Mind|p1a: Keldeo\n|-boost|p1a: Keldeo|spa|1\n|-boost|p1a: Keldeo|spd|1\n|\n|-heal|p1a: Keldeo|219/273|[from] item: Leftovers\n|upkeep\n|turn|14\n|\n|t:|1733794628\n|switch|p2a: Scyther|Scyther, L82, M|249/249\n|move|p1a: Keldeo|Substitute|p1a: Keldeo\n|-start|p1a: Keldeo|Substitute\n|-damage|p1a: Keldeo|151/273\n|\n|-heal|p1a: Keldeo|168/273|[from] item: Leftovers\n|upkeep\n|turn|15\n|\n|t:|1733794639\n|move|p2a: Scyther|Close Combat|p1a: Keldeo\n|-supereffective|p1a: Keldeo\n|-end|p1a: Keldeo|Substitute\n|-unboost|p2a: Scyther|def|1\n|-unboost|p2a: Scyther|spd|1\n|move|p1a: Keldeo|Surf|p2a: Scyther\n|-damage|p2a: Scyther|0 fnt\n|faint|p2a: Scyther\n|\n|-heal|p1a: Keldeo|185/273|[from] item: Leftovers\n|upkeep\n|\n|t:|1733794651\n|switch|p2a: Grumpig|Grumpig, L92, M|84/297\n|turn|16\n|\n|t:|1733794656\n|-terastallize|p2a: Grumpig|Ground\n|move|p2a: Grumpig|Earth Power|p1a: Keldeo\n|-supereffective|p1a: Keldeo\n|-damage|p1a: Keldeo|41/273\n|move|p1a: Keldeo|Calm Mind|p1a: Keldeo\n|-boost|p1a: Keldeo|spa|1\n|-boost|p1a: Keldeo|spd|1\n|\n|-heal|p1a: Keldeo|58/273|[from] item: Leftovers\n|upkeep\n|turn|17\n|\n|t:|1733794667\n|move|p2a: Grumpig|Earth Power|p1a: Keldeo\n|-supereffective|p1a: Keldeo\n|-damage|p1a: Keldeo|0 fnt\n|faint|p1a: Keldeo\n|\n|upkeep\n|\n|t:|1733794673\n|switch|p1a: Empoleon|Empoleon, L84, F|278/278\n|turn|18\n|\n|t:|1733794679\n|move|p2a: Grumpig|Earth Power|p1a: Empoleon\n|-supereffective|p1a: Empoleon\n|-damage|p1a: Empoleon|72/278\n|move|p1a: Empoleon|Surf|p2a: Grumpig\n|-supereffective|p2a: Grumpig\n|-damage|p2a: Grumpig|0 fnt\n|faint|p2a: Grumpig\n|\n|-heal|p1a: Empoleon|89/278|[from] item: Leftovers\n|upkeep\n|\n|t:|1733794696\n|switch|p2a: Komala|Komala, L89, F|142/260\n|-ability|p2a: Komala|Comatose\n|turn|19\n|\n|t:|1733794704\n|move|p2a: Komala|Earthquake|p1a: Empoleon\n|-supereffective|p1a: Empoleon\n|-damage|p1a: Empoleon|0 fnt\n|faint|p1a: Empoleon\n|\n|upkeep\n|\n|t:|1733794707\n|switch|p1a: Arceus|Arceus-Fairy, L69|280/280\n|turn|20\n|\n|t:|1733794714\n|move|p1a: Arceus|Calm Mind|p1a: Arceus\n|-boost|p1a: Arceus|spa|1\n|-boost|p1a: Arceus|spd|1\n|move|p2a: Komala|Knock Off|p1a: Arceus\n|-resisted|p1a: Arceus\n|-damage|p1a: Arceus|255/280\n|\n|upkeep\n|turn|21\n|\n|t:|1733794718\n|move|p1a: Arceus|Calm Mind|p1a: Arceus\n|-boost|p1a: Arceus|spa|1\n|-boost|p1a: Arceus|spd|1\n|move|p2a: Komala|Body Slam|p1a: Arceus\n|-damage|p1a: Arceus|152/280\n|-status|p1a: Arceus|par\n|\n|upkeep\n|turn|22\n|\n|t:|1733794731\n|switch|p2a: Forretress|Forretress, L84, M|237/263\n|move|p1a: Arceus|Recover|p1a: Arceus\n|-heal|p1a: Arceus|280/280 par\n|\n|-heal|p2a: Forretress|253/263|[from] item: Leftovers\n|upkeep\n|turn|23\n|\n|t:|1733794742\n|move|p2a: Forretress|Iron Head|p1a: Arceus\n|-supereffective|p1a: Arceus\n|-damage|p1a: Arceus|130/280 par\n|move|p1a: Arceus|Earth Power|p2a: Forretress\n|-damage|p2a: Forretress|119/263\n|-unboost|p2a: Forretress|spd|1\n|\n|-heal|p2a: Forretress|135/263|[from] item: Leftovers\n|upkeep\n|turn|24\n|\n|t:|1733794752\n|move|p2a: Forretress|Iron Head|p1a: Arceus\n|-supereffective|p1a: Arceus\n|-damage|p1a: Arceus|0 fnt\n|faint|p1a: Arceus\n|\n|win|sherbettoons\n|raw|goofballword969's rating: 1283 &rarr; <strong>1257</strong><br />(-26 for losing)\n|raw|sherbettoons's rating: 1271 &rarr; <strong>1297</strong><br />(+26 for winning)\n|l|\u2606goofballword969\n|player|p1|\n", "inputlog": ">version bfd83cad13791eb5a5a409923076391caf6fb4d4\n>start {\"formatid\":\"gen9randombattle\",\"seed\":[10208,51516,60679,32791],\"rated\":\"Rated battle\"}\n>player p1 {\"name\":\"goofballword969\",\"avatar\":\"169\",\"rating\":1283,\"seed\":[30613,42033,41980,24552]}\n>player p2 {\"name\":\"sherbettoons\",\"avatar\":\"n\",\"rating\":1271,\"seed\":[52465,43936,43482,61083]}\n>p1 move rapidspin\n>p2 move earthpower\n>chat \u2606goofballword969|gg\n>p1 move lavaplume\n>p2 move earthpower\n>p1 switch 4\n>p1 move encore\n>p2 switch 5\n>p1 move knockoff\n>p2 move knockoff\n>p1 switch 2\n>p1 move substitute\n>p2 switch 5\n>p1 move surf\n>p2 move psychic\n>p1 switch 3\n>p2 move psychic\n>p1 move calmmind\n>p2 switch 5\n>p1 move calmmind\n>p2 move knockoff\n>p1 move calmmind\n>p2 switch 3\n>p1 move gigadrain\n>p2 move ironhead\n>p1 switch 3\n>p1 move secretsword\n>p2 switch 5\n>p1 move calmmind terastallize\n>p2 move psychic\n>p1 move substitute\n>p2 switch 6\n>p1 move surf\n>p2 move closecombat\n>p2 switch 6\n>p1 move calmmind\n>p2 move earthpower terastallize\n>p1 move surf\n>p2 move earthpower\n>p1 switch 5\n>p1 move surf\n>p2 move earthpower\n>p2 switch 3\n>p1 move roost\n>p2 move earthquake\n>p1 switch 6\n>p1 move calmmind\n>p2 move knockoff\n>p1 move calmmind\n>p2 move bodyslam\n>p1 move recover\n>p2 switch 5\n>p1 move earthpower\n>p2 move ironhead\n>p1 move earthpower\n>p2 move ironhead", "uploadtime": 1733794759, "views": 3, "formatid": "gen9randombattle", "rating": 1257, "private": 0, "password": null}