{"id": "gen9randombattle-2260681695", "format": "[Gen 9] Random Battle", "players": ["ex misfit", "Feosinho01"], "log": "|j|\u2606ex misfit\n|j|\u2606Feosinho01\n|t:|1733877776\n|gametype|singles\n|player|p1|ex misfit|266|1040\n|player|p2|Feosinho01|ghetsis-gen5bw|1026\n|teamsize|p1|6\n|teamsize|p2|6\n|gen|9\n|tier|[Gen 9] Random Battle\n|rated|\n|rule|Species Clause: Limit one of each Pok\u00e9mon\n|rule|HP Percentage Mod: HP is shown in percentages\n|rule|Sleep Clause Mod: Limit one foe put to sleep\n|rule|Illusion Level Mod: Illusion disguises the Pok\u00e9mon's true level\n|\n|t:|1733877776\n|start\n|switch|p1a: Feraligatr|Feraligatr, L79, M|264/264\n|switch|p2a: Ariados|Ariados, L95, M|287/287\n|turn|1\n|\n|t:|1733877785\n|move|p1a: Feraligatr|Dragon Dance|p1a: Feraligatr\n|-boost|p1a: Feraligatr|atk|1\n|-boost|p1a: Feraligatr|spe|1\n|move|p2a: Ariados|Toxic Spikes|p1a: Feraligatr\n|-sidestart|p1: ex misfit|move: Toxic Spikes\n|\n|upkeep\n|turn|2\n|inactive|Battle timer is ON: inactive players will automatically lose when time's up. (requested by ex misfit)\n|\n|t:|1733877792\n|move|p1a: Feraligatr|Liquidation|p2a: Ariados\n|-damage|p2a: Ariados|79/287\n|move|p2a: Ariados|Sticky Web|p1a: Feraligatr\n|-sidestart|p1: ex misfit|move: Sticky Web\n|\n|upkeep\n|turn|3\n|\n|t:|1733877798\n|move|p1a: Feraligatr|Liquidation|p2a: Ariados\n|-damage|p2a: Ariados|0 fnt\n|faint|p2a: Ariados\n|\n|upkeep\n|\n|t:|1733877806\n|switch|p2a: Oranguru|Oranguru, L92, F|315/315\n|turn|4\n|\n|t:|1733877812\n|move|p1a: Feraligatr|Crunch|p2a: Oranguru\n|-supereffective|p2a: Oranguru\n|-damage|p2a: Oranguru|73/315\n|move|p2a: Oranguru|Thunderbolt|p1a: Feraligatr\n|-supereffective|p1a: Feraligatr\n|-damage|p1a: Feraligatr|32/264\n|\n|upkeep\n|turn|5\n|\n|t:|1733877818\n|move|p1a: Feraligatr|Crunch|p2a: Oranguru\n|-supereffective|p2a: Oranguru\n|-damage|p2a: Oranguru|0 fnt\n|faint|p2a: Oranguru\n|\n|upkeep\n|\n|t:|1733877828\n|switch|p2a: Mightyena|Mightyena, L95, M|287/287\n|-ability|p2a: Mightyena|Intimidate|boost\n|-unboost|p1a: Feraligatr|atk|1\n|turn|6\n|\n|t:|1733877833\n|move|p2a: Mightyena|Sucker Punch|p1a: Feraligatr\n|-damage|p1a: Feraligatr|0 fnt\n|faint|p1a: Feraligatr\n|\n|upkeep\n|\n|t:|1733877849\n|switch|p1a: Heracross|Heracross, L80, F|259/259\n|-status|p1a: Heracross|psn\n|-activate|p1a: Heracross|move: Sticky Web\n|-unboost|p1a: Heracross|spe|1\n|turn|7\n|\n|t:|1733877861\n|move|p2a: Mightyena|Play Rough|p1a: Heracross\n|-supereffective|p1a: Heracross\n|-damage|p1a: Heracross|81/259 psn\n|-unboost|p1a: Heracross|atk|1\n|move|p1a: Heracross|Close Combat|p2a: Mightyena\n|-supereffective|p2a: Mightyena\n|-damage|p2a: Mightyena|5/287\n|-unboost|p1a: Heracross|def|1\n|-unboost|p1a: Heracross|spd|1\n|\n|-heal|p2a: Mightyena|22/287|[from] item: Leftovers\n|-damage|p1a: Heracross|49/259 psn|[from] psn\n|upkeep\n|turn|8\n|\n|t:|1733877877\n|move|p2a: Mightyena|Play Rough|p1a: Heracross\n|-supereffective|p1a: Heracross\n|-damage|p1a: Heracross|0 fnt\n|faint|p1a: Heracross\n|\n|-heal|p2a: Mightyena|39/287|[from] item: Leftovers\n|upkeep\n|\n|t:|1733877890\n|switch|p1a: Dragapult|Dragapult, L77, F|262/262\n|-status|p1a: Dragapult|psn\n|-activate|p1a: Dragapult|move: Sticky Web\n|-fail|p1a: Dragapult|unboost|[from] ability: Clear Body|[of] p1a: Dragapult\n|turn|9\n|inactive|ex misfit has 120 seconds left.\n|\n|t:|1733877906\n|move|p2a: Mightyena|Sucker Punch|p1a: Dragapult\n|-supereffective|p1a: Dragapult\n|-damage|p1a: Dragapult|34/262 psn\n|move|p1a: Dragapult|Dragon Darts|p2a: Mightyena\n|-damage|p2a: Mightyena|0 fnt\n|faint|p2a: Mightyena\n|-damage|p1a: Dragapult|8/262 psn|[from] item: Life Orb\n|\n|-damage|p1a: Dragapult|0 fnt|[from] psn\n|faint|p1a: Dragapult\n|upkeep\n|inactive|ex misfit has 120 seconds left.\n|\n|t:|1733877921\n|switch|p1a: Froslass|Froslass, L87, F|263/263\n|switch|p2a: Skuntank|Skuntank, L84, F|310/310\n|-status|p1a: Froslass|psn\n|-activate|p1a: Froslass|move: Sticky Web\n|-unboost|p1a: Froslass|spe|1\n|turn|10\n|inactive|ex misfit has 120 seconds left.\n|-message|ex misfit forfeited.\n|\n|win|Feosinho01\n|raw|ex misfit's rating: 1040 &rarr; <strong>1023</strong><br />(-17 for losing)\n|raw|Feosinho01's rating: 1026 &rarr; <strong>1064</strong><br />(+38 for winning)\n|l|\u2606ex misfit\n|player|p1|\n", "inputlog": ">version bfd83cad13791eb5a5a409923076391caf6fb4d4\n>start {\"formatid\":\"gen9randombattle\",\"seed\":[23834,18250,18911,22129],\"rated\":\"Rated battle\"}\n>player p1 {\"name\":\"ex misfit\",\"avatar\":\"266\",\"rating\":1040,\"seed\":[11792,521,25452,60361]}\n>player p2 {\"name\":\"Feosinho01\",\"avatar\":\"ghetsis-gen5bw\",\"rating\":1026,\"seed\":[65160,58770,35290,8036]}\n>p1 move dragondance\n>p2 move toxicspikes\n>p1 move liquidation\n>p2 move stickyweb\n>p1 move liquidation\n>p2 move megahorn\n>p2 switch 6\n>p1 move crunch\n>p2 move thunderbolt\n>p1 move crunch\n>p2 move thunderbolt\n>p2 switch 2\n>p1 move liquidation\n>p2 move suckerpunch\n>p1 switch 2\n>p1 move closecombat\n>p2 move playrough\n>p1 move closecombat\n>p2 move playrough\n>p1 switch 4\n>p1 move dragondarts\n>p2 move suckerpunch\n>p1 switch 6\n>p2 switch 4\n>forcelose p1", "uploadtime": 1733877951, "views": 2, "formatid": "gen9randombattle", "rating": 1023, "private": 0, "password": null}