{"id": "gen9randombattle-2027741028", "format": "[Gen 9] Random Battle", "players": ["Qiuescent", "MichaelderBeste2"], "log": "|j|\u203dQiuescent\n|j|\u2606MichaelderBeste2\n|t:|1704464000\n|gametype|singles\n|player|p1|Qiuescent|101|2173\n|player|p2|MichaelderBeste2|#wcop2023germany|2373\n|teamsize|p1|6\n|teamsize|p2|6\n|gen|9\n|tier|[Gen 9] Random Battle\n|rated|\n|rule|Species Clause: Limit one of each Pok\u00e9mon\n|rule|HP Percentage Mod: HP is shown in percentages\n|rule|Sleep Clause Mod: Limit one foe put to sleep\n|rule|Illusion Level Mod: Illusion disguises the Pok\u00e9mon's true level\n|\n|t:|1704464000\n|start\n|switch|p1a: Lugia|Lugia, L74|279/279\n|switch|p2a: Rabsca|Rabsca, L90, M|281/281\n|turn|1\n|j| PeaCockRider\n|\n|t:|1704464012\n|switch|p2a: Rampardos|Rampardos, L90, F|321/321\n|move|p1a: Lugia|Calm Mind|p1a: Lugia\n|-boost|p1a: Lugia|spa|1\n|-boost|p1a: Lugia|spd|1\n|\n|upkeep\n|turn|2\n|l| PeaCockRider\n|\n|t:|1704464019\n|-terastallize|p1a: Lugia|Ground\n|move|p2a: Rampardos|Rock Slide|p1a: Lugia|[miss]\n|-miss|p2a: Rampardos|p1a: Lugia\n|move|p1a: Lugia|Calm Mind|p1a: Lugia\n|-boost|p1a: Lugia|spa|1\n|-boost|p1a: Lugia|spd|1\n|\n|upkeep\n|turn|3\n|inactive|Battle timer is ON: inactive players will automatically lose when time's up. (requested by Qiuescent)\n|\n|t:|1704464051\n|switch|p2a: Espeon|Espeon, L84, M|246/246\n|move|p1a: Lugia|Aeroblast|p2a: Espeon\n|-damage|p2a: Espeon|102/246\n|\n|upkeep\n|turn|4\n|\n|t:|1704464054\n|move|p2a: Espeon|Calm Mind|p2a: Espeon\n|-boost|p2a: Espeon|spa|1\n|-boost|p2a: Espeon|spd|1\n|move|p1a: Lugia|Aeroblast|p2a: Espeon\n|-damage|p2a: Espeon|11/246\n|\n|upkeep\n|turn|5\n|\n|t:|1704464056\n|move|p2a: Espeon|Morning Sun|p2a: Espeon\n|-heal|p2a: Espeon|134/246\n|move|p1a: Lugia|Aeroblast|p2a: Espeon\n|-damage|p2a: Espeon|40/246\n|\n|upkeep\n|turn|6\n|\n|t:|1704464061\n|move|p2a: Espeon|Morning Sun|p2a: Espeon\n|-heal|p2a: Espeon|163/246\n|move|p1a: Lugia|Aeroblast|p2a: Espeon\n|-damage|p2a: Espeon|72/246\n|\n|upkeep\n|turn|7\n|\n|t:|1704464064\n|move|p2a: Espeon|Morning Sun|p2a: Espeon\n|-heal|p2a: Espeon|195/246\n|move|p1a: Lugia|Calm Mind|p1a: Lugia\n|-boost|p1a: Lugia|spa|1\n|-boost|p1a: Lugia|spd|1\n|\n|upkeep\n|turn|8\n|j| Ina fable\n|\n|t:|1704464066\n|move|p2a: Espeon|Calm Mind|p2a: Espeon\n|-boost|p2a: Espeon|spa|1\n|-boost|p2a: Espeon|spd|1\n|move|p1a: Lugia|Calm Mind|p1a: Lugia\n|-boost|p1a: Lugia|spa|1\n|-boost|p1a: Lugia|spd|1\n|\n|upkeep\n|turn|9\n|\n|t:|1704464068\n|move|p2a: Espeon|Calm Mind|p2a: Espeon\n|-boost|p2a: Espeon|spa|1\n|-boost|p2a: Espeon|spd|1\n|move|p1a: Lugia|Calm Mind|p1a: Lugia\n|-boost|p1a: Lugia|spa|1\n|-boost|p1a: Lugia|spd|1\n|\n|upkeep\n|turn|10\n|\n|t:|1704464069\n|move|p2a: Espeon|Calm Mind|p2a: Espeon\n|-boost|p2a: Espeon|spa|1\n|-boost|p2a: Espeon|spd|1\n|move|p1a: Lugia|Calm Mind|p1a: Lugia\n|-boost|p1a: Lugia|spa|1\n|-boost|p1a: Lugia|spd|1\n|\n|upkeep\n|turn|11\n|\n|t:|1704464070\n|move|p2a: Espeon|Calm Mind|p2a: Espeon\n|-boost|p2a: Espeon|spa|1\n|-boost|p2a: Espeon|spd|1\n|move|p1a: Lugia|Aeroblast|p2a: Espeon\n|-damage|p2a: Espeon|110/246\n|\n|upkeep\n|turn|12\n|\n|t:|1704464073\n|move|p2a: Espeon|Calm Mind|p2a: Espeon\n|-boost|p2a: Espeon|spa|1\n|-boost|p2a: Espeon|spd|1\n|move|p1a: Lugia|Aeroblast|p2a: Espeon|[miss]\n|-miss|p1a: Lugia|p2a: Espeon\n|\n|upkeep\n|turn|13\n|\n|t:|1704464076\n|move|p2a: Espeon|Morning Sun|p2a: Espeon\n|-heal|p2a: Espeon|233/246\n|move|p1a: Lugia|Earth Power|p2a: Espeon\n|-damage|p2a: Espeon|163/246\n|\n|upkeep\n|turn|14\n|\n|t:|1704464078\n|move|p2a: Espeon|Psychic|p1a: Lugia\n|-damage|p1a: Lugia|222/279\n|-damage|p2a: Espeon|139/246|[from] item: Life Orb\n|move|p1a: Lugia|Earth Power|p2a: Espeon\n|-damage|p2a: Espeon|73/246\n|\n|upkeep\n|turn|15\n|\n|t:|1704464082\n|move|p2a: Espeon|Morning Sun|p2a: Espeon\n|-heal|p2a: Espeon|196/246\n|move|p1a: Lugia|Recover|p1a: Lugia\n|-heal|p1a: Lugia|279/279\n|\n|upkeep\n|turn|16\n|\n|t:|1704464090\n|move|p2a: Espeon|Calm Mind|p2a: Espeon\n|-boost|p2a: Espeon|spa|0\n|-boost|p2a: Espeon|spd|0\n|move|p1a: Lugia|Earth Power|p2a: Espeon\n|-damage|p2a: Espeon|124/246\n|\n|upkeep\n|turn|17\n|\n|t:|1704464093\n|move|p2a: Espeon|Calm Mind|p2a: Espeon\n|-boost|p2a: Espeon|spa|0\n|-boost|p2a: Espeon|spd|0\n|move|p1a: Lugia|Earth Power|p2a: Espeon\n|-damage|p2a: Espeon|58/246\n|\n|upkeep\n|turn|18\n|\n|t:|1704464094\n|move|p2a: Espeon|Morning Sun|p2a: Espeon\n|-heal|p2a: Espeon|181/246\n|move|p1a: Lugia|Earth Power|p2a: Espeon\n|-damage|p2a: Espeon|109/246\n|-unboost|p2a: Espeon|spd|1\n|\n|upkeep\n|turn|19\n|\n|t:|1704464097\n|move|p2a: Espeon|Calm Mind|p2a: Espeon\n|-boost|p2a: Espeon|spa|0\n|-boost|p2a: Espeon|spd|1\n|move|p1a: Lugia|Earth Power|p2a: Espeon\n|-damage|p2a: Espeon|40/246\n|\n|upkeep\n|turn|20\n|\n|t:|1704464099\n|move|p2a: Espeon|Morning Sun|p2a: Espeon\n|-heal|p2a: Espeon|163/246\n|move|p1a: Lugia|Earth Power|p2a: Espeon\n|-damage|p2a: Espeon|90/246\n|\n|upkeep\n|turn|21\n|\n|t:|1704464107\n|move|p2a: Espeon|Morning Sun|p2a: Espeon\n|-heal|p2a: Espeon|213/246\n|move|p1a: Lugia|Earth Power|p2a: Espeon\n|-damage|p2a: Espeon|149/246\n|\n|upkeep\n|turn|22\n|\n|t:|1704464121\n|move|p2a: Espeon|Psychic|p1a: Lugia\n|-damage|p1a: Lugia|220/279\n|-damage|p2a: Espeon|125/246|[from] item: Life Orb\n|move|p1a: Lugia|Recover|p1a: Lugia\n|-heal|p1a: Lugia|279/279\n|\n|upkeep\n|turn|23\n|j| Accadere \u2601@!\n|\n|t:|1704464127\n|move|p2a: Espeon|Psychic|p1a: Lugia\n|-damage|p1a: Lugia|226/279\n|-damage|p2a: Espeon|101/246|[from] item: Life Orb\n|move|p1a: Lugia|Earth Power|p2a: Espeon\n|-damage|p2a: Espeon|35/246\n|\n|upkeep\n|turn|24\n|\n|t:|1704464132\n|move|p2a: Espeon|Psychic|p1a: Lugia\n|-damage|p1a: Lugia|109/279\n|-damage|p2a: Espeon|11/246|[from] item: Life Orb\n|move|p1a: Lugia|Recover|p1a: Lugia\n|-heal|p1a: Lugia|249/279\n|\n|upkeep\n|turn|25\n|\n|t:|1704464135\n|switch|p2a: Noctowl|Noctowl, L94, M|340/340\n|move|p1a: Lugia|Recover|p1a: Lugia\n|-heal|p1a: Lugia|279/279\n|\n|upkeep\n|turn|26\n|j| thebottleofjam\n|\n|t:|1704464139\n|switch|p2a: Espeon|Espeon, L84, M|11/246\n|move|p1a: Lugia|Aeroblast|p2a: Espeon\n|-damage|p2a: Espeon|0 fnt\n|faint|p2a: Espeon\n|\n|upkeep\n|\n|t:|1704464143\n|switch|p2a: Noctowl|Noctowl, L94, M|340/340\n|turn|27\n|\n|t:|1704464145\n|move|p1a: Lugia|Earth Power|p2a: Noctowl\n|-immune|p2a: Noctowl\n|move|p2a: Noctowl|Roost||[still]\n|-fail|p2a: Noctowl|heal\n|\n|upkeep\n|turn|28\n|\n|t:|1704464148\n|move|p1a: Lugia|Earth Power|p2a: Noctowl\n|-immune|p2a: Noctowl\n|move|p2a: Noctowl|Hurricane|p1a: Lugia\n|-damage|p1a: Lugia|267/279\n|\n|upkeep\n|turn|29\n|\n|t:|1704464150\n|move|p1a: Lugia|Earth Power|p2a: Noctowl\n|-immune|p2a: Noctowl\n|move|p2a: Noctowl|Hurricane|p1a: Lugia\n|-damage|p1a: Lugia|240/279\n|\n|upkeep\n|turn|30\n|\n|t:|1704464152\n|move|p1a: Lugia|Aeroblast|p2a: Noctowl\n|-damage|p2a: Noctowl|99/340\n|move|p2a: Noctowl|Hurricane|p1a: Lugia\n|-damage|p1a: Lugia|213/279\n|-start|p1a: Lugia|confusion\n|\n|upkeep\n|turn|31\n|\n|t:|1704464163\n|switch|p1a: Dudunsparce|Dudunsparce, L82, M|339/339\n|move|p2a: Noctowl|Roost|p2a: Noctowl\n|-heal|p2a: Noctowl|269/340\n|-singleturn|p2a: Noctowl|move: Roost\n|\n|upkeep\n|turn|32\n|\n|t:|1704464168\n|move|p2a: Noctowl|Hurricane|p1a: Dudunsparce\n|-damage|p1a: Dudunsparce|200/339\n|move|p1a: Dudunsparce|Calm Mind|p1a: Dudunsparce\n|-boost|p1a: Dudunsparce|spa|1\n|-boost|p1a: Dudunsparce|spd|1\n|\n|-heal|p1a: Dudunsparce|221/339|[from] item: Leftovers\n|upkeep\n|turn|33\n|\n|t:|1704464174\n|switch|p2a: Whiscash|Whiscash, L88, F|337/337\n|move|p1a: Dudunsparce|Boomburst|p2a: Whiscash\n|-damage|p2a: Whiscash|130/337\n|\n|-heal|p2a: Whiscash|151/337|[from] item: Leftovers\n|-heal|p1a: Dudunsparce|242/339|[from] item: Leftovers\n|upkeep\n|turn|34\n|\n|t:|1704464176\n|move|p2a: Whiscash|Stealth Rock|p1a: Dudunsparce\n|-sidestart|p1: Qiuescent|move: Stealth Rock\n|move|p1a: Dudunsparce|Boomburst|p2a: Whiscash\n|-damage|p2a: Whiscash|0 fnt\n|faint|p2a: Whiscash\n|\n|-heal|p1a: Dudunsparce|263/339|[from] item: Leftovers\n|upkeep\n|\n|t:|1704464178\n|switch|p2a: Rampardos|Rampardos, L90, F|321/321\n|turn|35\n|\n|t:|1704464181\n|move|p2a: Rampardos|Head Smash|p1a: Dudunsparce|[miss]\n|-miss|p2a: Rampardos|p1a: Dudunsparce\n|move|p1a: Dudunsparce|Earth Power|p2a: Rampardos\n|-supereffective|p2a: Rampardos\n|-damage|p2a: Rampardos|113/321\n|\n|-heal|p1a: Dudunsparce|284/339|[from] item: Leftovers\n|upkeep\n|turn|36\n|\n|t:|1704464185\n|move|p2a: Rampardos|Head Smash|p1a: Dudunsparce\n|-damage|p1a: Dudunsparce|0 fnt\n|faint|p1a: Dudunsparce\n|-damage|p2a: Rampardos|0 fnt|[from] Recoil\n|faint|p2a: Rampardos\n|\n|upkeep\n|\n|t:|1704464190\n|switch|p2a: Noctowl|Noctowl, L94, M|269/340\n|switch|p1a: Froslass|Froslass, L87, F|263/263\n|-damage|p1a: Froslass|198/263|[from] Stealth Rock\n|turn|37\n|\n|t:|1704464192\n|switch|p2a: Kingambit|Kingambit, L74, M|270/270\n|-activate|p2a: Kingambit|ability: Supreme Overlord\n|-start|p2a: Kingambit|fallen3|[silent]\n|move|p1a: Froslass|Triple Axel|p2a: Kingambit\n|-resisted|p2a: Kingambit\n|-damage|p2a: Kingambit|260/270\n|-resisted|p2a: Kingambit\n|-damage|p2a: Kingambit|243/270\n|-resisted|p2a: Kingambit\n|-damage|p2a: Kingambit|216/270\n|-hitcount|p2a: Kingambit|3\n|\n|-heal|p2a: Kingambit|232/270|[from] item: Leftovers\n|upkeep\n|turn|38\n|\n|t:|1704464196\n|move|p1a: Froslass|Will-O-Wisp|p2a: Kingambit\n|-status|p2a: Kingambit|brn\n|move|p2a: Kingambit|Kowtow Cleave|p1a: Froslass\n|-supereffective|p1a: Froslass\n|-damage|p1a: Froslass|51/263\n|-start|p2a: Kingambit|Disable|Kowtow Cleave|[from] ability: Cursed Body|[of] p1a: Froslass\n|\n|-heal|p2a: Kingambit|248/270 brn|[from] item: Leftovers\n|-damage|p2a: Kingambit|232/270 brn|[from] brn\n|upkeep\n|turn|39\n|\n|t:|1704464204\n|move|p1a: Froslass|Poltergeist|p2a: Kingambit\n|-activate|p2a: Kingambit|move: Poltergeist|Leftovers\n|-resisted|p2a: Kingambit\n|-damage|p2a: Kingambit|181/270 brn\n|move|p2a: Kingambit|Swords Dance|p2a: Kingambit\n|-boost|p2a: Kingambit|atk|2\n|\n|-heal|p2a: Kingambit|197/270 brn|[from] item: Leftovers\n|-damage|p2a: Kingambit|181/270 brn|[from] brn\n|upkeep\n|turn|40\n|\n|t:|1704464206\n|move|p1a: Froslass|Poltergeist|p2a: Kingambit\n|-activate|p2a: Kingambit|move: Poltergeist|Leftovers\n|-resisted|p2a: Kingambit\n|-damage|p2a: Kingambit|131/270 brn\n|move|p2a: Kingambit|Iron Head|p1a: Froslass\n|-supereffective|p1a: Froslass\n|-damage|p1a: Froslass|0 fnt\n|faint|p1a: Froslass\n|\n|-heal|p2a: Kingambit|147/270 brn|[from] item: Leftovers\n|-damage|p2a: Kingambit|131/270 brn|[from] brn\n|upkeep\n|\n|t:|1704464209\n|switch|p1a: Virizion|Virizion, L83|287/287\n|-damage|p1a: Virizion|270/287|[from] Stealth Rock\n|turn|41\n|\n|t:|1704464213\n|-end|p2a: Kingambit|fallen3|[silent]\n|switch|p2a: Rabsca|Rabsca, L90, M|281/281\n|move|p1a: Virizion|Swords Dance|p1a: Virizion\n|-boost|p1a: Virizion|atk|2\n|\n|upkeep\n|turn|42\n|inactive|MichaelderBeste2 has 120 seconds left.\n|\n|t:|1704464248\n|-terastallize|p2a: Rabsca|Steel\n|move|p1a: Virizion|Stone Edge|p2a: Rabsca|[miss]\n|-miss|p1a: Virizion|p2a: Rabsca\n|move|p2a: Rabsca|Trick Room|p2a: Rabsca\n|-fieldstart|move: Trick Room|[of] p2a: Rabsca\n|\n|upkeep\n|turn|43\n|inactive|MichaelderBeste2 has 120 seconds left.\n|\n|t:|1704464257\n|switch|p2a: Kingambit|Kingambit, L74, M|131/270 brn\n|-activate|p2a: Kingambit|ability: Supreme Overlord\n|-start|p2a: Kingambit|fallen3|[silent]\n|move|p1a: Virizion|Close Combat|p2a: Kingambit\n|-supereffective|p2a: Kingambit\n|-damage|p2a: Kingambit|0 fnt\n|-unboost|p1a: Virizion|def|1\n|-unboost|p1a: Virizion|spd|1\n|faint|p2a: Kingambit\n|-end|p2a: Kingambit|fallen3|[silent]\n|-damage|p1a: Virizion|242/287|[from] item: Life Orb\n|\n|upkeep\n|\n|t:|1704464260\n|switch|p2a: Rabsca|Rabsca, L90, M, tera:Steel|281/281\n|turn|44\n|\n|t:|1704464264\n|switch|p1a: Lugia|Lugia, L74, tera:Ground|213/279\n|move|p2a: Rabsca|Psychic|p1a: Lugia\n|-damage|p1a: Lugia|128/279\n|\n|upkeep\n|turn|45\n|\n|t:|1704464278\n|switch|p1a: Carbink|Carbink, L90|236/236\n|-damage|p1a: Carbink|207/236|[from] Stealth Rock\n|move|p2a: Rabsca|Psychic|p1a: Carbink\n|-damage|p1a: Carbink|123/236\n|\n|-heal|p1a: Carbink|137/236|[from] item: Leftovers\n|upkeep\n|turn|46\n|\n|t:|1704464291\n|move|p2a: Rabsca|Revival Blessing|p2a: Rabsca\n|\n|t:|1704464293\n|-heal|p2: Espeon|123/246|[from] move: Revival Blessing\n|move|p1a: Carbink|Iron Defense|p1a: Carbink\n|-boost|p1a: Carbink|def|2\n|\n|-heal|p1a: Carbink|151/236|[from] item: Leftovers\n|-fieldend|move: Trick Room\n|upkeep\n|turn|47\n|\n|t:|1704464299\n|move|p1a: Carbink|Body Press|p2a: Rabsca\n|-supereffective|p2a: Rabsca\n|-damage|p2a: Rabsca|0 fnt\n|faint|p2a: Rabsca\n|\n|-heal|p1a: Carbink|165/236|[from] item: Leftovers\n|upkeep\n|\n|t:|1704464305\n|switch|p2a: Noctowl|Noctowl, L94, M|269/340\n|turn|48\n|\n|t:|1704464307\n|move|p2a: Noctowl|Hurricane|p1a: Carbink\n|-resisted|p1a: Carbink\n|-damage|p1a: Carbink|87/236\n|move|p1a: Carbink|Rock Polish|p1a: Carbink\n|-boost|p1a: Carbink|spe|2\n|\n|-heal|p1a: Carbink|101/236|[from] item: Leftovers\n|upkeep\n|turn|49\n|\n|t:|1704464312\n|move|p1a: Carbink|Body Press|p2a: Noctowl\n|-damage|p2a: Noctowl|37/340\n|move|p2a: Noctowl|Hurricane|p1a: Carbink|[miss]\n|-miss|p2a: Noctowl|p1a: Carbink\n|\n|-heal|p1a: Carbink|115/236|[from] item: Leftovers\n|upkeep\n|turn|50\n|\n|t:|1704464315\n|move|p1a: Carbink|Body Press|p2a: Noctowl\n|-damage|p2a: Noctowl|0 fnt\n|faint|p2a: Noctowl\n|\n|-heal|p1a: Carbink|129/236|[from] item: Leftovers\n|upkeep\n|\n|t:|1704464316\n|switch|p2a: Espeon|Espeon, L84, M|123/246\n|turn|51\n|\n|t:|1704464318\n|move|p1a: Carbink|Moonblast|p2a: Espeon\n|-damage|p2a: Espeon|54/246\n|move|p2a: Espeon|Psychic|p1a: Carbink\n|-damage|p1a: Carbink|32/236\n|-damage|p2a: Espeon|30/246|[from] item: Life Orb\n|\n|-heal|p1a: Carbink|46/236|[from] item: Leftovers\n|upkeep\n|turn|52\n|j| traxler counter\n|-message|MichaelderBeste2 forfeited.\n|\n|win|Qiuescent\n|raw|Qiuescent's rating: 2173 &rarr; <strong>2202</strong><br />(+29 for winning)\n|raw|MichaelderBeste2's rating: 2350 &rarr; <strong>2321</strong><br />(-29 for losing)\n|l|\u2606MichaelderBeste2\n|l| Ina fable\n|l| traxler counter\n|l| Accadere \u2601\n", "inputlog": ">version b2405e112a340cd171b76bf5b01f5f9054c165b0\n>start {\"formatid\":\"gen9randombattle\",\"seed\":[32971,41852,43413,8443],\"rated\":\"Rated battle\"}\n>player p1 {\"name\":\"Qiuescent\",\"avatar\":\"101\",\"rating\":2173,\"seed\":[31429,55058,15039,10073]}\n>player p2 {\"name\":\"MichaelderBeste2\",\"avatar\":\"#wcop2023germany\",\"rating\":2373,\"seed\":[11628,21222,36067,31136]}\n>p1 move calmmind\n>p2 switch 2\n>p1 move calmmind terastallize\n>p2 move rockslide\n>p1 move aeroblast\n>p2 switch 3\n>p1 move aeroblast\n>p2 move calmmind\n>p1 move aeroblast\n>p2 move morningsun\n>p1 move aeroblast\n>p2 move morningsun\n>p1 move calmmind\n>p2 move morningsun\n>p1 move calmmind\n>p2 move calmmind\n>p1 move calmmind\n>p2 move calmmind\n>p1 move calmmind\n>p2 move calmmind\n>p1 move aeroblast\n>p2 move calmmind\n>p1 move aeroblast\n>p2 move calmmind\n>p1 move earthpower\n>p2 move morningsun\n>p1 move earthpower\n>p2 move psychic\n>p1 move recover\n>p2 move morningsun\n>p1 move earthpower\n>p2 move calmmind\n>p1 move earthpower\n>p2 move calmmind\n>p1 move earthpower\n>p2 move morningsun\n>p1 move earthpower\n>p2 move calmmind\n>p1 move earthpower\n>p2 move morningsun\n>p1 move earthpower\n>p2 move morningsun\n>p1 move recover\n>p2 move psychic\n>p1 move earthpower\n>p2 move psychic\n>p1 move recover\n>p2 move psychic\n>p1 move recover\n>p2 switch 4\n>p1 move aeroblast\n>p2 switch 4\n>p2 switch 4\n>p1 move earthpower\n>p2 move roost\n>p1 move earthpower\n>p2 move hurricane\n>p1 move earthpower\n>p2 move hurricane\n>p1 move aeroblast\n>p2 move hurricane\n>p1 switch 4\n>p2 move roost\n>p1 move calmmind\n>p2 move hurricane\n>p1 move boomburst\n>p2 switch 6\n>p1 move boomburst\n>p2 move stealthrock\n>p2 switch 3\n>p1 move earthpower\n>p2 move headsmash\n>p1 move earthpower\n>p2 move headsmash\n>p1 switch 3\n>p2 switch 6\n>p1 move tripleaxel\n>p2 switch 5\n>p1 move willowisp\n>p2 move kowtowcleave\n>p1 move poltergeist\n>p2 move swordsdance\n>p1 move poltergeist\n>p2 move ironhead\n>p1 switch 2\n>p1 move swordsdance\n>p2 switch 2\n>p1 move stoneedge\n>p2 move trickroom terastallize\n>p1 move closecombat\n>p2 switch 2\n>p2 switch 2\n>p1 switch 4\n>p2 move psychic\n>p1 switch 6\n>p2 move psychic\n>p1 move irondefense\n>p2 move revivalblessing\n>p2 switch 4\n>p1 move bodypress\n>p2 move earthpower\n>p2 switch 5\n>p1 move rockpolish\n>p2 move hurricane\n>p1 move bodypress\n>p2 move hurricane\n>p1 move bodypress\n>p2 move hurricane\n>p2 switch 4\n>p1 move moonblast\n>p2 move psychic\n>forcelose p2", "uploadtime": 1704464325, "views": 285, "formatid": "gen9randombattle", "rating": 2202, "private": 0, "password": null}