{"id": "gen9randombattle-2052284544", "format": "[Gen 9] Random Battle", "players": ["Lost_in_sky_light", "MichaelderBeste2"], "log": "|j|\u2606Lost_in_sky_light\n|j|\u2606MichaelderBeste2\n|t:|1707147934\n|gametype|singles\n|player|p1|Lost_in_sky_light|dawn|2238\n|player|p2|MichaelderBeste2|#uuplxiidols|2392\n|teamsize|p1|6\n|teamsize|p2|6\n|gen|9\n|tier|[Gen 9] Random Battle\n|rated|\n|rule|Species Clause: Limit one of each Pok\u00e9mon\n|rule|HP Percentage Mod: HP is shown in percentages\n|rule|Sleep Clause Mod: Limit one foe put to sleep\n|rule|Illusion Level Mod: Illusion disguises the Pok\u00e9mon's true level\n|\n|t:|1707147934\n|start\n|switch|p1a: Clefable|Clefable, L83, F|293/293\n|switch|p2a: Minun|Minun, L94, F|265/265\n|turn|1\n|\n|t:|1707147946\n|move|p2a: Minun|Nasty Plot|p2a: Minun\n|-boost|p2a: Minun|spa|2\n|move|p1a: Clefable|Moonblast|p2a: Minun\n|-damage|p2a: Minun|175/265\n|\n|upkeep\n|turn|2\n|\n|t:|1707147951\n|move|p2a: Minun|Thunderbolt|p1a: Clefable\n|-crit|p1a: Clefable\n|-damage|p1a: Clefable|116/293\n|-damage|p2a: Minun|149/265|[from] item: Life Orb\n|move|p1a: Clefable|Moonblast|p2a: Minun\n|-damage|p2a: Minun|64/265\n|\n|-heal|p1a: Clefable|134/293|[from] item: Leftovers\n|upkeep\n|turn|3\n|\n|t:|1707147958\n|switch|p1a: Grumpig|Grumpig, L92, M|297/297\n|move|p2a: Minun|Thunderbolt|p1a: Grumpig\n|-damage|p1a: Grumpig|86/297\n|-damage|p2a: Minun|38/265|[from] item: Life Orb\n|\n|-heal|p1a: Grumpig|104/297|[from] item: Leftovers\n|upkeep\n|turn|4\n|\n|t:|1707147967\n|move|p2a: Minun|Thunderbolt|p1a: Grumpig\n|-damage|p1a: Grumpig|0 fnt\n|faint|p1a: Grumpig\n|-damage|p2a: Minun|12/265|[from] item: Life Orb\n|\n|upkeep\n|\n|t:|1707147971\n|switch|p1a: Inteleon|Inteleon, L81, F|246/246\n|turn|5\n|\n|t:|1707147977\n|move|p1a: Inteleon|U-turn|p2a: Minun\n|-damage|p2a: Minun|0 fnt\n|faint|p2a: Minun\n|\n|t:|1707147980\n|switch|p1a: Clefable|Clefable, L83, F|134/293|[from] U-turn\n|\n|-heal|p1a: Clefable|152/293|[from] item: Leftovers\n|upkeep\n|j| KingZuko\n|\n|t:|1707148007\n|switch|p2a: Tauros|Tauros, L83, M|260/260\n|turn|6\n|j| Shinchan3279\n|\n|t:|1707148015\n|switch|p1a: Manaphy|Manaphy, L78|284/284\n|move|p2a: Tauros|Body Slam|p1a: Manaphy\n|-crit|p1a: Manaphy\n|-damage|p1a: Manaphy|72/284\n|\n|-heal|p1a: Manaphy|89/284|[from] item: Leftovers\n|upkeep\n|turn|7\n|\n|t:|1707148021\n|move|p2a: Tauros|Body Slam|p1a: Manaphy\n|-damage|p1a: Manaphy|0 fnt\n|faint|p1a: Manaphy\n|\n|upkeep\n|l| Shinchan3279\n|\n|t:|1707148023\n|switch|p1a: Mabosstiff|Mabosstiff, L85, M|275/275\n|turn|8\n|\n|t:|1707148029\n|switch|p2a: Scrafty|Scrafty, L84, F|246/246\n|-ability|p2a: Scrafty|Intimidate|boost\n|-unboost|p1a: Mabosstiff|atk|1\n|move|p1a: Mabosstiff|Crunch|p2a: Scrafty\n|-resisted|p2a: Scrafty\n|-damage|p2a: Scrafty|206/246\n|\n|upkeep\n|turn|9\n|\n|t:|1707148042\n|switch|p1a: Inteleon|Inteleon, L81, F|246/246\n|move|p2a: Scrafty|Poison Jab|p1a: Inteleon\n|-damage|p1a: Inteleon|154/246\n|-damage|p2a: Scrafty|182/246|[from] item: Life Orb\n|\n|upkeep\n|turn|10\n|\n|t:|1707148048\n|move|p1a: Inteleon|Hydro Pump|p2a: Scrafty|[miss]\n|-miss|p1a: Inteleon|p2a: Scrafty\n|move|p2a: Scrafty|Close Combat|p1a: Inteleon\n|-damage|p1a: Inteleon|0 fnt\n|-unboost|p2a: Scrafty|def|1\n|-unboost|p2a: Scrafty|spd|1\n|faint|p1a: Inteleon\n|-damage|p2a: Scrafty|158/246|[from] item: Life Orb\n|\n|upkeep\n|\n|t:|1707148053\n|switch|p1a: Clefable|Clefable, L83, F|152/293\n|turn|11\n|\n|t:|1707148057\n|-terastallize|p2a: Scrafty|Poison\n|move|p1a: Clefable|Moonlight|p1a: Clefable\n|-heal|p1a: Clefable|293/293\n|move|p2a: Scrafty|Poison Jab|p1a: Clefable\n|-supereffective|p1a: Clefable\n|-damage|p1a: Clefable|59/293\n|-damage|p2a: Scrafty|134/246|[from] item: Life Orb\n|\n|-heal|p1a: Clefable|77/293|[from] item: Leftovers\n|upkeep\n|turn|12\n|\n|t:|1707148061\n|-terastallize|p1a: Clefable|Poison\n|move|p1a: Clefable|Moonlight|p1a: Clefable\n|-heal|p1a: Clefable|223/293\n|move|p2a: Scrafty|Poison Jab|p1a: Clefable\n|-resisted|p1a: Clefable\n|-damage|p1a: Clefable|168/293\n|-damage|p2a: Scrafty|110/246|[from] item: Life Orb\n|\n|-heal|p1a: Clefable|186/293|[from] item: Leftovers\n|upkeep\n|turn|13\n|\n|t:|1707148068\n|move|p1a: Clefable|Knock Off|p2a: Scrafty\n|-damage|p2a: Scrafty|63/246\n|-enditem|p2a: Scrafty|Life Orb|[from] move: Knock Off|[of] p1a: Clefable\n|move|p2a: Scrafty|Knock Off|p1a: Clefable\n|-damage|p1a: Clefable|65/293\n|-enditem|p1a: Clefable|Leftovers|[from] move: Knock Off|[of] p2a: Scrafty\n|\n|upkeep\n|turn|14\n|\n|t:|1707148072\n|switch|p2a: Tauros|Tauros, L83, M|260/260\n|move|p1a: Clefable|Moonlight|p1a: Clefable\n|-heal|p1a: Clefable|211/293\n|\n|upkeep\n|turn|15\n|\n|t:|1707148080\n|move|p2a: Tauros|Earthquake|p1a: Clefable\n|-supereffective|p1a: Clefable\n|-damage|p1a: Clefable|0 fnt\n|faint|p1a: Clefable\n|-damage|p2a: Tauros|234/260|[from] item: Life Orb\n|\n|upkeep\n|\n|t:|1707148082\n|switch|p1a: Mabosstiff|Mabosstiff, L85, M|275/275\n|turn|16\n|\n|t:|1707148086\n|switch|p2a: Scrafty|Scrafty, L84, F, tera:Poison|63/246\n|-ability|p2a: Scrafty|Intimidate|boost\n|-unboost|p1a: Mabosstiff|atk|1\n|move|p1a: Mabosstiff|Crunch|p2a: Scrafty\n|-damage|p2a: Scrafty|0 fnt\n|faint|p2a: Scrafty\n|\n|upkeep\n|\n|t:|1707148087\n|switch|p2a: Garganacl|Garganacl, L81, F|295/295\n|turn|17\n|\n|t:|1707148092\n|switch|p1a: Regieleki|Regieleki, L78|253/253\n|move|p2a: Garganacl|Iron Defense|p2a: Garganacl\n|-boost|p2a: Garganacl|def|2\n|\n|upkeep\n|turn|18\n|\n|t:|1707148096\n|move|p1a: Regieleki|Thunderbolt|p2a: Garganacl\n|-damage|p2a: Garganacl|166/295\n|move|p2a: Garganacl|Body Press|p1a: Regieleki\n|-damage|p1a: Regieleki|52/253\n|\n|-heal|p2a: Garganacl|184/295|[from] item: Leftovers\n|upkeep\n|turn|19\n|\n|t:|1707148101\n|move|p1a: Regieleki|Thunderbolt|p2a: Garganacl\n|-damage|p2a: Garganacl|45/295\n|move|p2a: Garganacl|Body Press|p1a: Regieleki\n|-damage|p1a: Regieleki|0 fnt\n|faint|p1a: Regieleki\n|\n|-heal|p2a: Garganacl|63/295|[from] item: Leftovers\n|upkeep\n|j| Shaky3\n|\n|t:|1707148105\n|switch|p1a: Mabosstiff|Mabosstiff, L85, M|275/275\n|turn|20\n|\n|t:|1707148107\n|move|p1a: Mabosstiff|Crunch|p2a: Garganacl\n|-damage|p2a: Garganacl|0 fnt\n|faint|p2a: Garganacl\n|\n|upkeep\n|\n|t:|1707148109\n|switch|p2a: Typhlosion|Typhlosion, L84, F|267/267\n|turn|21\n|\n|t:|1707148112\n|move|p2a: Typhlosion|Eruption|p1a: Mabosstiff\n|-damage|p1a: Mabosstiff|70/275\n|move|p1a: Mabosstiff|Crunch|p2a: Typhlosion\n|-damage|p2a: Typhlosion|87/267\n|-unboost|p2a: Typhlosion|def|1\n|\n|upkeep\n|turn|22\n|\n|t:|1707148115\n|move|p2a: Typhlosion|Eruption|p1a: Mabosstiff\n|-damage|p1a: Mabosstiff|4/275\n|move|p1a: Mabosstiff|Crunch|p2a: Typhlosion\n|-damage|p2a: Typhlosion|0 fnt\n|faint|p2a: Typhlosion\n|\n|upkeep\n|\n|t:|1707148119\n|switch|p2a: Tauros|Tauros, L83, M|234/260\n|turn|23\n|c|\u2606Lost_in_sky_light|gg wp\n|\n|t:|1707148126\n|move|p2a: Tauros|Body Slam|p1a: Mabosstiff\n|-damage|p1a: Mabosstiff|0 fnt\n|faint|p1a: Mabosstiff\n|\n|win|MichaelderBeste2\n|raw|Lost_in_sky_light's rating: 2238 &rarr; <strong>2226</strong><br />(-12 for losing)\n|raw|MichaelderBeste2's rating: 2392 &rarr; <strong>2404</strong><br />(+12 for winning)\n", "inputlog": ">version f7febc1e180278a4fad948cfe1d20c95eaa9a53c\n>start {\"formatid\":\"gen9randombattle\",\"seed\":[43499,52435,64206,20436],\"rated\":\"Rated battle\"}\n>player p1 {\"name\":\"Lost_in_sky_light\",\"avatar\":\"dawn\",\"rating\":2238,\"seed\":[39616,25817,37442,47615]}\n>player p2 {\"name\":\"MichaelderBeste2\",\"avatar\":\"#uuplxiidols\",\"rating\":2392,\"seed\":[47871,12183,29826,59899]}\n>p1 move moonblast\n>p2 move nastyplot\n>p1 move moonblast\n>p2 move thunderbolt\n>p1 switch 6\n>p2 move thunderbolt\n>p1 move earthpower\n>p2 move thunderbolt\n>p1 switch 4\n>p1 move uturn\n>p2 move thunderbolt\n>p1 switch 6\n>p2 switch 2\n>p1 switch 3\n>p2 move bodyslam\n>p1 move surf\n>p2 move bodyslam\n>p1 switch 5\n>p1 move crunch\n>p2 switch 5\n>p1 switch 6\n>p2 move poisonjab\n>p1 move hydropump\n>p2 move closecombat\n>p1 switch 3\n>p1 move moonlight\n>p2 move poisonjab terastallize\n>p1 move moonlight terastallize\n>p2 move poisonjab\n>p1 move knockoff\n>p2 move knockoff\n>p1 move moonlight\n>p2 switch 5\n>p1 move knockoff\n>p2 move earthquake\n>p1 switch 6\n>p1 move crunch\n>p2 switch 5\n>p2 switch 4\n>p1 switch 2\n>p2 move irondefense\n>p1 move thunderbolt\n>p2 move bodypress\n>p1 move thunderbolt\n>p2 move bodypress\n>p1 switch 2\n>p1 move crunch\n>p2 move recover\n>p2 switch 6\n>p1 move crunch\n>p2 move eruption\n>p1 move crunch\n>p2 move eruption\n>p2 switch 5\n>chat \u2606Lost_in_sky_light|gg wp\n>p1 move crunch\n>p2 move bodyslam", "uploadtime": 1707148128, "views": 271, "formatid": "gen9randombattle", "rating": 2226, "private": 0, "password": null}