{"id": "gen9randombattle-2260097667", "format": "[Gen 9] Random Battle", "players": ["ugfuytf", "High On Weedle"], "log": "|j|\u2606ugfuytf\n|j|\u2606High On Weedle\n|t:|1733802051\n|gametype|singles\n|player|p1|ugfuytf|266|1598\n|player|p2|High On Weedle|fisherman-gen4|1586\n|teamsize|p1|6\n|teamsize|p2|6\n|gen|9\n|tier|[Gen 9] Random Battle\n|rated|\n|rule|Species Clause: Limit one of each Pok\u00e9mon\n|rule|HP Percentage Mod: HP is shown in percentages\n|rule|Sleep Clause Mod: Limit one foe put to sleep\n|rule|Illusion Level Mod: Illusion disguises the Pok\u00e9mon's true level\n|\n|t:|1733802051\n|start\n|switch|p1a: Wo-Chien|Wo-Chien, L83|277/277\n|switch|p2a: Blastoise|Blastoise, L80, F|258/258\n|-ability|p1a: Wo-Chien|Tablets of Ruin\n|turn|1\n|inactive|Battle timer is ON: inactive players will automatically lose when time's up. (requested by ugfuytf)\n|\n|t:|1733802081\n|-terastallize|p2a: Blastoise|Grass\n|move|p2a: Blastoise|Shell Smash|p2a: Blastoise\n|-unboost|p2a: Blastoise|def|1\n|-unboost|p2a: Blastoise|spd|1\n|-boost|p2a: Blastoise|atk|2\n|-boost|p2a: Blastoise|spa|2\n|-boost|p2a: Blastoise|spe|2\n|-enditem|p2a: Blastoise|White Herb\n|-clearnegativeboost|p2a: Blastoise|[silent]\n|move|p1a: Wo-Chien|Leech Seed|p2a: Blastoise\n|-immune|p2a: Blastoise\n|\n|upkeep\n|turn|2\n|\n|t:|1733802096\n|move|p1a: Wo-Chien|Protect|p1a: Wo-Chien\n|-singleturn|p1a: Wo-Chien|Protect\n|move|p2a: Blastoise|Shell Smash|p2a: Blastoise\n|-unboost|p2a: Blastoise|def|1\n|-unboost|p2a: Blastoise|spd|1\n|-boost|p2a: Blastoise|atk|2\n|-boost|p2a: Blastoise|spa|2\n|-boost|p2a: Blastoise|spe|2\n|\n|upkeep\n|turn|3\n|inactive|ugfuytf has 120 seconds left.\n|\n|t:|1733802122\n|move|p2a: Blastoise|Ice Beam|p1a: Wo-Chien\n|-supereffective|p1a: Wo-Chien\n|-damage|p1a: Wo-Chien|29/277\n|move|p1a: Wo-Chien|Knock Off|p2a: Blastoise\n|-damage|p2a: Blastoise|176/258\n|\n|-heal|p1a: Wo-Chien|46/277|[from] item: Leftovers\n|upkeep\n|turn|4\n|\n|t:|1733802132\n|move|p2a: Blastoise|Ice Beam|p1a: Wo-Chien\n|-supereffective|p1a: Wo-Chien\n|-damage|p1a: Wo-Chien|0 fnt\n|faint|p1a: Wo-Chien\n|\n|upkeep\n|inactive|ugfuytf has 120 seconds left.\n|\n|t:|1733802156\n|switch|p1a: Qwilfish|Qwilfish, L86, F|252/252\n|-ability|p1a: Qwilfish|Intimidate|boost\n|-unboost|p2a: Blastoise|atk|1\n|turn|5\n|\n|t:|1733802167\n|move|p2a: Blastoise|Tera Blast|p1a: Qwilfish|[anim] Tera Blast Grass\n|-damage|p1a: Qwilfish|0 fnt\n|faint|p1a: Qwilfish\n|\n|upkeep\n|\n|t:|1733802180\n|switch|p1a: Meloetta|Meloetta, L82|298/298\n|turn|6\n|\n|t:|1733802192\n|move|p2a: Blastoise|Tera Blast|p1a: Meloetta|[anim] Tera Blast Grass\n|-damage|p1a: Meloetta|145/298\n|move|p1a: Meloetta|Triple Axel|p2a: Blastoise\n|-supereffective|p2a: Blastoise\n|-damage|p2a: Blastoise|129/258\n|-supereffective|p2a: Blastoise\n|-damage|p2a: Blastoise|46/258\n|-supereffective|p2a: Blastoise\n|-damage|p2a: Blastoise|0 fnt\n|faint|p2a: Blastoise\n|-hitcount|p2: Blastoise|3\n|-damage|p1a: Meloetta|116/298|[from] item: Life Orb\n|\n|upkeep\n|inactive|High On Weedle has 120 seconds left.\n|\n|t:|1733802226\n|switch|p2a: Weavile|Weavile, L79, F|239/239\n|turn|7\n|\n|t:|1733802239\n|move|p2a: Weavile|Knock Off|p1a: Meloetta\n|-supereffective|p1a: Meloetta\n|-damage|p1a: Meloetta|0 fnt\n|-enditem|p1a: Meloetta|Life Orb|[from] move: Knock Off|[of] p2a: Weavile\n|faint|p1a: Meloetta\n|\n|upkeep\n|\n|t:|1733802244\n|switch|p1a: Staraptor|Staraptor, L79, F|263/263\n|turn|8\n|inactive|ugfuytf has 120 seconds left.\n|\n|t:|1733802250\n|switch|p2a: Houndstone|Houndstone, L86, F|264/264\n|move|p1a: Staraptor|Close Combat|p2a: Houndstone\n|-immune|p2a: Houndstone\n|\n|upkeep\n|turn|9\n|\n|t:|1733802258\n|switch|p1a: Chesnaught|Chesnaught, L84, F|285/285\n|move|p2a: Houndstone|Body Press|p1a: Chesnaught\n|-damage|p1a: Chesnaught|241/285\n|\n|-heal|p1a: Chesnaught|258/285|[from] item: Leftovers\n|upkeep\n|turn|10\n|inactive|High On Weedle has 120 seconds left.\n|inactive|High On Weedle has 90 seconds left.\n|\n|t:|1733802335\n|switch|p2a: Deoxys|Deoxys, L74|196/196\n|-ability|p2a: Deoxys|Pressure\n|move|p1a: Chesnaught|Spikes|p2a: Deoxys\n|-sidestart|p2: High On Weedle|Spikes\n|\n|-heal|p1a: Chesnaught|275/285|[from] item: Leftovers\n|upkeep\n|turn|11\n|inactive|ugfuytf has 120 seconds left.\n|inactive|ugfuytf has 90 seconds left.\n|\n|t:|1733802385\n|move|p2a: Deoxys|Psycho Boost|p1a: Chesnaught\n|-supereffective|p1a: Chesnaught\n|-damage|p1a: Chesnaught|0 fnt\n|-unboost|p2a: Deoxys|spa|2\n|faint|p1a: Chesnaught\n|-damage|p2a: Deoxys|177/196|[from] item: Life Orb\n|\n|upkeep\n|\n|t:|1733802389\n|switch|p1a: Staraptor|Staraptor, L79, F|263/263\n|turn|12\n|inactive|High On Weedle has 90 seconds left.\n|\n|t:|1733802399\n|switch|p2a: Houndstone|Houndstone, L86, F|264/264\n|-damage|p2a: Houndstone|231/264|[from] Spikes\n|move|p1a: Staraptor|U-turn|p2a: Houndstone\n|-resisted|p2a: Houndstone\n|-damage|p2a: Houndstone|221/264\n|\n|t:|1733802403\n|switch|p1a: Azelf|Azelf, L82|257/257|[from] U-turn\n|\n|-heal|p2a: Houndstone|237/264|[from] item: Leftovers\n|upkeep\n|turn|13\n|\n|t:|1733802410\n|-terastallize|p1a: Azelf|Fire\n|move|p1a: Azelf|Fire Blast|p2a: Houndstone|[miss]\n|-miss|p1a: Azelf|p2a: Houndstone\n|move|p2a: Houndstone|Poltergeist|p1a: Azelf\n|-activate|p1a: Azelf|move: Poltergeist|Life Orb\n|-damage|p1a: Azelf|116/257\n|\n|-heal|p2a: Houndstone|253/264|[from] item: Leftovers\n|upkeep\n|turn|14\n|\n|t:|1733802425\n|move|p1a: Azelf|Fire Blast|p2a: Houndstone\n|-damage|p2a: Houndstone|0 fnt\n|faint|p2a: Houndstone\n|-damage|p1a: Azelf|91/257|[from] item: Life Orb\n|\n|upkeep\n|\n|t:|1733802433\n|switch|p2a: Weavile|Weavile, L79, F|239/239\n|-damage|p2a: Weavile|210/239|[from] Spikes\n|turn|15\n|\n|t:|1733802439\n|move|p2a: Weavile|Knock Off|p1a: Azelf\n|-damage|p1a: Azelf|0 fnt\n|-enditem|p1a: Azelf|Life Orb|[from] move: Knock Off|[of] p2a: Weavile\n|faint|p1a: Azelf\n|\n|upkeep\n|\n|t:|1733802441\n|switch|p1a: Staraptor|Staraptor, L79, F|263/263\n|turn|16\n|inactive|ugfuytf has 120 seconds left.\n|\n|t:|1733802476\n|move|p1a: Staraptor|Brave Bird|p2a: Weavile\n|-damage|p2a: Weavile|0 fnt\n|faint|p2a: Weavile\n|-damage|p1a: Staraptor|194/263|[from] Recoil\n|\n|upkeep\n|\n|t:|1733802488\n|switch|p2a: Arboliva|Arboliva, L91, M|290/290\n|-damage|p2a: Arboliva|254/290|[from] Spikes\n|turn|17\n|\n|t:|1733802492\n|move|p1a: Staraptor|Brave Bird|p2a: Arboliva\n|-supereffective|p2a: Arboliva\n|-damage|p2a: Arboliva|0 fnt\n|-fieldstart|move: Grassy Terrain|[from] ability: Seed Sower|[of] p2a: Arboliva\n|faint|p2a: Arboliva\n|-damage|p1a: Staraptor|110/263|[from] Recoil\n|\n|upkeep\n|\n|t:|1733802496\n|switch|p2a: Sneasler|Sneasler, L74, F|240/240\n|-damage|p2a: Sneasler|210/240|[from] Spikes\n|turn|18\n|\n|t:|1733802501\n|move|p1a: Staraptor|Brave Bird|p2a: Sneasler\n|-supereffective|p2a: Sneasler\n|-damage|p2a: Sneasler|0 fnt\n|faint|p2a: Sneasler\n|-damage|p1a: Staraptor|41/263|[from] Recoil\n|\n|upkeep\n|inactive|High On Weedle has 120 seconds left.\n|\n|t:|1733802540\n|switch|p2a: Deoxys|Deoxys, L74|177/196\n|-damage|p2a: Deoxys|153/196|[from] Spikes\n|-ability|p2a: Deoxys|Pressure\n|turn|19\n|\n|t:|1733802545\n|move|p1a: Staraptor|Brave Bird|p2a: Deoxys\n|-damage|p2a: Deoxys|0 fnt\n|faint|p2a: Deoxys\n|-damage|p1a: Staraptor|0 fnt|[from] Recoil\n|faint|p1a: Staraptor\n|\n|win|ugfuytf\n|raw|ugfuytf's rating: 1598 &rarr; <strong>1617</strong><br />(+19 for winning)\n|raw|High On Weedle's rating: 1586 &rarr; <strong>1567</strong><br />(-19 for losing)\n", "inputlog": ">version bfd83cad13791eb5a5a409923076391caf6fb4d4\n>start {\"formatid\":\"gen9randombattle\",\"seed\":[61035,19612,58551,17679],\"rated\":\"Rated battle\"}\n>player p1 {\"name\":\"ugfuytf\",\"avatar\":\"266\",\"rating\":1598,\"seed\":[40491,43457,9556,8213]}\n>player p2 {\"name\":\"High On Weedle\",\"avatar\":\"fisherman-gen4\",\"rating\":1586,\"seed\":[34872,39160,7384,64832]}\n>p1 move leechseed\n>p2 move shellsmash terastallize\n>p1 move protect\n>p2 move shellsmash\n>p1 move knockoff\n>p2 move icebeam\n>p1 move knockoff\n>p2 move icebeam\n>p1 switch 5\n>p1 move gunkshot\n>p2 move terablast\n>p1 switch 6\n>p1 move tripleaxel\n>p2 move terablast\n>p2 switch 4\n>p1 move closecombat\n>p2 move knockoff\n>p1 switch 3\n>p1 move closecombat\n>p2 switch 5\n>p1 switch 2\n>p2 move bodypress\n>p1 move spikes\n>p2 switch 6\n>p1 move woodhammer\n>p2 move psychoboost\n>p1 switch 2\n>p1 move uturn\n>p2 switch 6\n>p1 switch 4\n>p1 move fireblast terastallize\n>p2 move poltergeist\n>p1 move fireblast\n>p2 move poltergeist\n>p2 switch 5\n>p1 move explosion\n>p2 move knockoff\n>p1 switch 4\n>p1 move bravebird\n>p2 move knockoff\n>p2 switch 3\n>p1 move bravebird\n>p2 move strengthsap\n>p2 switch 2\n>p1 move bravebird\n>p2 move closecombat\n>p2 switch 6\n>p1 move bravebird\n>p2 move icebeam", "uploadtime": 1733802564, "views": 30, "formatid": "gen9randombattle", "rating": 1567, "private": 0, "password": null}