{"id": "gen9randombattle-2260504530", "format": "[Gen 9] Random Battle", "players": ["Madness Flashback", "bigreshiram223"], "log": "|j|\u2606Madness Flashback\n|j|\u2606bigreshiram223\n|t:|1733858015\n|gametype|singles\n|player|p1|Madness Flashback|elesa|1522\n|player|p2|bigreshiram223|plasmagruntf-gen5bw|1563\n|teamsize|p1|6\n|teamsize|p2|6\n|gen|9\n|tier|[Gen 9] Random Battle\n|rated|\n|rule|Species Clause: Limit one of each Pok\u00e9mon\n|rule|HP Percentage Mod: HP is shown in percentages\n|rule|Sleep Clause Mod: Limit one foe put to sleep\n|rule|Illusion Level Mod: Illusion disguises the Pok\u00e9mon's true level\n|\n|t:|1733858015\n|start\n|switch|p1a: Kleavor|Kleavor, L78, F|237/237\n|switch|p2a: Scyther|Scyther, L82, M|249/249\n|turn|1\n|inactive|Battle timer is ON: inactive players will automatically lose when time's up. (requested by bigreshiram223)\n|\n|t:|1733858023\n|move|p2a: Scyther|U-turn|p1a: Kleavor\n|-damage|p1a: Kleavor|153/237\n|\n|t:|1733858045\n|switch|p2a: Klawf|Klawf, L90, F|272/272|[from] U-turn\n|move|p1a: Kleavor|Stone Axe|p2a: Klawf\n|-damage|p2a: Klawf|187/272\n|-sidestart|p2: bigreshiram223|move: Stealth Rock\n|\n|upkeep\n|turn|2\n|\n|t:|1733858057\n|move|p2a: Klawf|Crabhammer|p1a: Kleavor\n|-supereffective|p1a: Kleavor\n|-damage|p1a: Kleavor|0 fnt\n|faint|p1a: Kleavor\n|\n|upkeep\n|\n|t:|1733858071\n|switch|p1a: Leavanny|Leavanny, L86, F|269/269\n|turn|3\n|inactive|bigreshiram223 has 120 seconds left.\n|\n|t:|1733858097\n|switch|p2a: Scyther|Scyther, L82, M|249/249\n|move|p1a: Leavanny|Sticky Web|p2a: Scyther\n|-sidestart|p2: bigreshiram223|move: Sticky Web\n|\n|upkeep\n|turn|4\n|inactive|bigreshiram223 has 120 seconds left.\n|\n|t:|1733858113\n|switch|p1a: Salamence|Salamence, L77, M|273/273\n|-ability|p1a: Salamence|Intimidate|boost\n|-unboost|p2a: Scyther|atk|1\n|move|p2a: Scyther|Dual Wingbeat|p1a: Salamence\n|-damage|p1a: Salamence|225/273\n|-damage|p1a: Salamence|173/273\n|-hitcount|p1a: Salamence|2\n|\n|upkeep\n|turn|5\n|inactive|bigreshiram223 has 120 seconds left.\n|\n|t:|1733858122\n|move|p2a: Scyther|U-turn|p1a: Salamence\n|-resisted|p1a: Salamence\n|-damage|p1a: Salamence|143/273\n|inactive|bigreshiram223 has 120 seconds left.\n|\n|t:|1733858135\n|switch|p2a: Misdreavus|Misdreavus, L90, F|254/254|[from] U-turn\n|-damage|p2a: Misdreavus|223/254|[from] Stealth Rock\n|move|p1a: Salamence|Dragon Dance|p1a: Salamence\n|-boost|p1a: Salamence|atk|1\n|-boost|p1a: Salamence|spe|1\n|\n|upkeep\n|turn|6\n|inactive|bigreshiram223 has 120 seconds left.\n|\n|t:|1733858145\n|switch|p1a: Basculegion|Basculegion, L81, M|327/327\n|move|p2a: Misdreavus|Draining Kiss|p1a: Basculegion\n|-damage|p1a: Basculegion|298/327\n|-heal|p2a: Misdreavus|245/254|[from] drain|[of] p1a: Basculegion\n|\n|upkeep\n|turn|7\n|inactive|bigreshiram223 has 120 seconds left.\n|\n|t:|1733858164\n|move|p2a: Misdreavus|Will-O-Wisp|p1a: Basculegion\n|-status|p1a: Basculegion|brn\n|move|p1a: Basculegion|Wave Crash|p2a: Misdreavus\n|-damage|p2a: Misdreavus|167/254\n|-damage|p1a: Basculegion|272/327 brn|[from] Recoil\n|\n|-damage|p1a: Basculegion|252/327 brn|[from] brn\n|upkeep\n|turn|8\n|inactive|bigreshiram223 has 120 seconds left.\n|inactive|bigreshiram223 has 90 seconds left.\n|\n|t:|1733858210\n|switch|p2a: Baxcalibur|Baxcalibur, L75, F|296/296\n|move|p1a: Basculegion|Shadow Ball|p2a: Baxcalibur\n|-damage|p2a: Baxcalibur|194/296\n|\n|-damage|p1a: Basculegion|232/327 brn|[from] brn\n|upkeep\n|turn|9\n|\n|t:|1733858226\n|move|p2a: Baxcalibur|Dragon Dance|p2a: Baxcalibur\n|-boost|p2a: Baxcalibur|atk|1\n|-boost|p2a: Baxcalibur|spe|1\n|move|p1a: Basculegion|Flip Turn|p2a: Baxcalibur\n|-resisted|p2a: Baxcalibur\n|-damage|p2a: Baxcalibur|171/296\n|\n|t:|1733858230\n|switch|p1a: Salamence|Salamence, L77, M|143/273|[from] Flip Turn\n|-ability|p1a: Salamence|Intimidate|boost\n|-unboost|p2a: Baxcalibur|atk|1\n|\n|upkeep\n|turn|10\n|\n|t:|1733858239\n|switch|p1a: Basculegion|Basculegion, L81, M|232/327 brn\n|move|p2a: Baxcalibur|Icicle Crash|p1a: Basculegion\n|-resisted|p1a: Basculegion\n|-damage|p1a: Basculegion|168/327 brn\n|\n|-damage|p1a: Basculegion|148/327 brn|[from] brn\n|upkeep\n|turn|11\n|inactive|bigreshiram223 has 90 seconds left.\n|inactive|bigreshiram223 has 60 seconds left.\n|\n|t:|1733858278\n|switch|p1a: Salamence|Salamence, L77, M|143/273\n|-ability|p1a: Salamence|Intimidate|boost\n|-unboost|p2a: Baxcalibur|atk|1\n|move|p2a: Baxcalibur|Dragon Dance|p2a: Baxcalibur\n|-boost|p2a: Baxcalibur|atk|1\n|-boost|p2a: Baxcalibur|spe|1\n|\n|upkeep\n|turn|12\n|\n|t:|1733858287\n|-terastallize|p1a: Salamence|Steel\n|move|p2a: Baxcalibur|Glaive Rush|p1a: Salamence\n|-resisted|p1a: Salamence\n|-damage|p1a: Salamence|59/273\n|-singlemove|p2a: Baxcalibur|Glaive Rush|[silent]\n|move|p1a: Salamence|Outrage|p2a: Baxcalibur\n|-supereffective|p2a: Baxcalibur\n|-damage|p2a: Baxcalibur|0 fnt\n|faint|p2a: Baxcalibur\n|\n|upkeep\n|inactive|bigreshiram223 has 60 seconds left.\n|\n|t:|1733858301\n|switch|p2a: Sandaconda|Sandaconda, L84, F|258/258\n|-damage|p2a: Sandaconda|242/258|[from] Stealth Rock\n|-activate|p2a: Sandaconda|move: Sticky Web\n|-unboost|p2a: Sandaconda|spe|1\n|turn|13\n|inactive|bigreshiram223 has 60 seconds left.\n|\n|t:|1733858318\n|move|p1a: Salamence|Outrage|p2a: Sandaconda|[from]lockedmove\n|-damage|p2a: Sandaconda|143/258\n|-start|p1a: Salamence|confusion|[fatigue]\n|move|p2a: Sandaconda|Glare|p1a: Salamence\n|-status|p1a: Salamence|par\n|\n|-heal|p2a: Sandaconda|159/258|[from] item: Leftovers\n|upkeep\n|turn|14\n|\n|t:|1733858328\n|switch|p1a: Leavanny|Leavanny, L86, F|269/269\n|move|p2a: Sandaconda|Earthquake|p1a: Leavanny\n|-resisted|p1a: Leavanny\n|-damage|p1a: Leavanny|239/269\n|\n|-heal|p2a: Sandaconda|175/258|[from] item: Leftovers\n|upkeep\n|turn|15\n|\n|t:|1733858342\n|switch|p2a: Scyther|Scyther, L82, M|249/249\n|move|p1a: Leavanny|Knock Off|p2a: Scyther\n|-damage|p2a: Scyther|164/249\n|-enditem|p2a: Scyther|Heavy-Duty Boots|[from] move: Knock Off|[of] p1a: Leavanny\n|\n|upkeep\n|turn|16\n|\n|t:|1733858351\n|switch|p1a: Salamence|Salamence, L77, M, tera:Steel|59/273 par\n|-ability|p1a: Salamence|Intimidate|boost\n|-unboost|p2a: Scyther|atk|1\n|move|p2a: Scyther|Dual Wingbeat|p1a: Salamence\n|-resisted|p1a: Salamence\n|-damage|p1a: Salamence|32/273 par\n|-resisted|p1a: Salamence\n|-damage|p1a: Salamence|4/273 par\n|-hitcount|p1a: Salamence|2\n|\n|upkeep\n|turn|17\n|\n|t:|1733858364\n|move|p2a: Scyther|Dual Wingbeat|p1a: Salamence\n|-resisted|p1a: Salamence\n|-damage|p1a: Salamence|0 fnt\n|faint|p1a: Salamence\n|-hitcount|p1: Salamence|1\n|\n|upkeep\n|\n|t:|1733858381\n|switch|p1a: Mabosstiff|Mabosstiff, L86, F|278/278\n|turn|18\n|\n|t:|1733858392\n|move|p2a: Scyther|Defog|p1a: Mabosstiff\n|-unboost|p1a: Mabosstiff|evasion|1\n|-sideend|p2: bigreshiram223|Stealth Rock|[from] move: Defog|[of] p2a: Scyther\n|-sideend|p2: bigreshiram223|Sticky Web|[from] move: Defog|[of] p2a: Scyther\n|move|p1a: Mabosstiff|Crunch|p2a: Scyther\n|-damage|p2a: Scyther|0 fnt\n|faint|p2a: Scyther\n|\n|upkeep\n|inactive|bigreshiram223 has 60 seconds left.\n|\n|t:|1733858419\n|switch|p2a: Sandaconda|Sandaconda, L84, F|175/258\n|turn|19\n|\n|t:|1733858425\n|switch|p1a: Leavanny|Leavanny, L86, F|239/269\n|move|p2a: Sandaconda|Glare|p1a: Leavanny\n|-status|p1a: Leavanny|par\n|\n|-heal|p2a: Sandaconda|191/258|[from] item: Leftovers\n|upkeep\n|turn|20\n|\n|t:|1733858434\n|switch|p2a: Magmortar|Magmortar, L88, M|275/275\n|cant|p1a: Leavanny|par\n|\n|upkeep\n|turn|21\n|\n|t:|1733858442\n|switch|p1a: Basculegion|Basculegion, L81, M|148/327 brn\n|move|p2a: Magmortar|Knock Off|p1a: Basculegion\n|-supereffective|p1a: Basculegion\n|-damage|p1a: Basculegion|0 fnt\n|-enditem|p1a: Basculegion|Assault Vest|[from] move: Knock Off|[of] p2a: Magmortar\n|faint|p1a: Basculegion\n|\n|upkeep\n|\n|t:|1733858449\n|switch|p1a: Roaring Moon|Roaring Moon, L72|270/270\n|turn|22\n|inactive|bigreshiram223 has 60 seconds left.\n|\n|t:|1733858488\n|move|p1a: Roaring Moon|Dragon Dance|p1a: Roaring Moon\n|-boost|p1a: Roaring Moon|atk|1\n|-boost|p1a: Roaring Moon|spe|1\n|move|p2a: Magmortar|Taunt|p1a: Roaring Moon\n|-start|p1a: Roaring Moon|move: Taunt\n|\n|upkeep\n|turn|23\n|inactive|bigreshiram223 has 60 seconds left.\n|\n|t:|1733858501\n|switch|p2a: Klawf|Klawf, L90, F|187/272\n|move|p1a: Roaring Moon|Knock Off|p2a: Klawf\n|-crit|p2a: Klawf\n|-damage|p2a: Klawf|24/272\n|-enditem|p2a: Klawf|Rindo Berry|[from] move: Knock Off|[of] p1a: Roaring Moon\n|-ability|p2a: Klawf|Anger Shell|boost\n|-boost|p2a: Klawf|atk|1\n|-boost|p2a: Klawf|spa|1\n|-boost|p2a: Klawf|spe|1\n|-unboost|p2a: Klawf|def|1\n|-unboost|p2a: Klawf|spd|1\n|\n|upkeep\n|turn|24\n|inactive|bigreshiram223 has 60 seconds left.\n|\n|t:|1733858515\n|move|p1a: Roaring Moon|Knock Off|p2a: Klawf\n|-damage|p2a: Klawf|0 fnt\n|faint|p2a: Klawf\n|\n|upkeep\n|\n|t:|1733858523\n|switch|p2a: Misdreavus|Misdreavus, L90, F|167/254\n|turn|25\n|inactive|bigreshiram223 has 60 seconds left.\n|\n|t:|1733858531\n|-terastallize|p2a: Misdreavus|Fairy\n|move|p1a: Roaring Moon|Iron Head|p2a: Misdreavus\n|-supereffective|p2a: Misdreavus\n|-damage|p2a: Misdreavus|17/254\n|move|p2a: Misdreavus|Draining Kiss|p1a: Roaring Moon\n|-supereffective|p1a: Roaring Moon\n|-damage|p1a: Roaring Moon|0 fnt\n|-heal|p2a: Misdreavus|220/254|[from] drain|[of] p1a: Roaring Moon\n|faint|p1a: Roaring Moon\n|-end|p1a: Roaring Moon|Protosynthesis|[silent]\n|\n|upkeep\n|l|\u2606Madness Flashback\n|inactive|Madness Flashback disconnected and has a minute to reconnect!\n|player|p1|\n|inactive|Madness Flashback has 30 seconds to reconnect!\n|c|\u2606bigreshiram223|eviolite so goated\n|inactive|Madness Flashback has 20 seconds to reconnect!\n|inactive|Madness Flashback has 15 seconds to reconnect!\n|inactive|Madness Flashback has 10 seconds to reconnect!\n|inactive|Madness Flashback has 5 seconds to reconnect!\n|-message|Madness Flashback lost due to inactivity.\n|\n|win|bigreshiram223\n|raw|Madness Flashback's rating: 1522 &rarr; <strong>1504</strong><br />(-18 for losing)\n|raw|bigreshiram223's rating: 1563 &rarr; <strong>1581</strong><br />(+18 for winning)\n", "inputlog": ">version bfd83cad13791eb5a5a409923076391caf6fb4d4\n>start {\"formatid\":\"gen9randombattle\",\"seed\":[6857,10646,38390,58978],\"rated\":\"Rated battle\"}\n>player p1 {\"name\":\"Madness Flashback\",\"avatar\":\"elesa\",\"rating\":1522,\"seed\":[43599,50204,9749,63428]}\n>player p2 {\"name\":\"bigreshiram223\",\"avatar\":\"plasmagruntf-gen5bw\",\"rating\":1563,\"seed\":[35571,43451,14430,3025]}\n>p1 move stoneaxe\n>p2 move uturn\n>p2 switch 2\n>p1 move closecombat\n>p2 move crabhammer\n>p1 switch 2\n>p1 move stickyweb\n>p2 switch 2\n>p1 switch 3\n>p2 move dualwingbeat\n>p1 move dragondance\n>p2 move uturn\n>p2 switch 5\n>p1 switch 6\n>p2 move drainingkiss\n>p1 move wavecrash\n>p2 move willowisp\n>p1 move shadowball\n>p2 switch 4\n>p1 move flipturn\n>p2 move dragondance\n>p1 switch 6\n>p1 switch 6\n>p2 move iciclecrash\n>p1 switch 6\n>p2 move dragondance\n>p1 move outrage terastallize\n>p2 move glaiverush\n>p2 switch 6\n>p1 move outrage\n>p2 move glare\n>p1 switch 3\n>p2 move earthquake\n>p1 move knockoff\n>p2 switch 5\n>p1 switch 3\n>p2 move dualwingbeat\n>p1 move dualwingbeat\n>p2 move dualwingbeat\n>p1 switch 5\n>p1 move crunch\n>p2 move defog\n>p2 switch 5\n>p1 switch 3\n>p2 move glare\n>p1 move stickyweb\n>p2 switch 3\n>p1 switch 6\n>p2 move knockoff\n>p1 switch 4\n>p1 move dragondance\n>p2 move taunt\n>p1 move knockoff\n>p2 switch 2\n>p1 move knockoff\n>p2 move highhorsepower\n>p2 switch 4\n>p1 move ironhead\n>p2 move drainingkiss terastallize\n>chat \u2606bigreshiram223|eviolite so goated\n>forcelose p1", "uploadtime": 1733858626, "views": 2, "formatid": "gen9randombattle", "rating": 1504, "private": 0, "password": null}