{"id": "gen9randombattle-2259946889", "format": "[Gen 9] Random Battle", "players": ["Borderlad33", "BombDisposalGuy"], "log": "|j|\u2606Borderlad33\n|j|\u2606BombDisposalGuy\n|t:|1733782991\n|gametype|singles\n|player|p1|Borderlad33|lance|\n|player|p2|BombDisposalGuy|zinzolin|\n|teamsize|p1|6\n|teamsize|p2|6\n|gen|9\n|tier|[Gen 9] Random Battle\n|rule|Species Clause: Limit one of each Pok\u00e9mon\n|rule|HP Percentage Mod: HP is shown in percentages\n|rule|Sleep Clause Mod: Limit one foe put to sleep\n|rule|Illusion Level Mod: Illusion disguises the Pok\u00e9mon's true level\n|\n|t:|1733782991\n|start\n|switch|p1a: Regidrago|Regidrago, L77|435/435\n|switch|p2a: Scizor|Scizor, L79, F|240/240\n|turn|1\n|inactive|Battle timer is ON: inactive players will automatically lose when time's up. (requested by Borderlad33)\n|c|\u2606Borderlad33|Ur my B!T3CH\n|c|\u2606BombDisposalGuy|battle timer too\n|inactive|Borderlad33 has 270 seconds left.\n|\n|t:|1733783045\n|move|p1a: Regidrago|Dragon Energy|p2a: Scizor\n|-resisted|p2a: Scizor\n|-damage|p2a: Scizor|123/240\n|move|p2a: Scizor|U-turn|p1a: Regidrago\n|-damage|p1a: Regidrago|236/435\n|\n|t:|1733783058\n|switch|p2a: Cobalion|Cobalion, L80|277/277|[from] U-turn\n|\n|upkeep\n|turn|2\n|\n|t:|1733783082\n|switch|p1a: Slowbro|Slowbro-Galar, L87, M|307/307\n|move|p2a: Cobalion|Swords Dance|p2a: Cobalion\n|-boost|p2a: Cobalion|atk|2\n|\n|upkeep\n|turn|3\n|inactive|BombDisposalGuy has 270 seconds left.\n|\n|t:|1733783110\n|-terastallize|p1a: Slowbro|Psychic\n|move|p2a: Cobalion|Taunt|p1a: Slowbro\n|-start|p1a: Slowbro|move: Taunt\n|move|p1a: Slowbro|Psychic|p2a: Cobalion\n|-damage|p2a: Cobalion|66/277\n|-damage|p1a: Slowbro|277/307|[from] item: Life Orb\n|\n|-heal|p2a: Cobalion|83/277|[from] item: Leftovers\n|upkeep\n|turn|4\n|inactive|BombDisposalGuy has 270 seconds left.\n|\n|t:|1733783127\n|move|p2a: Cobalion|Iron Head|p1a: Slowbro\n|-damage|p1a: Slowbro|145/307\n|move|p1a: Slowbro|Shell Side Arm|p2a: Cobalion|[anim] Shell Side Arm Special\n|-immune|p2a: Cobalion\n|\n|-heal|p2a: Cobalion|100/277|[from] item: Leftovers\n|upkeep\n|turn|5\n|c|\u2606Borderlad33|ME DUMB\n|inactive|BombDisposalGuy has 270 seconds left.\n|c|\u2606BombDisposalGuy|Nice type matchpu knowledge\n|inactive|Borderlad33 has 270 seconds left.\n|\n|t:|1733783148\n|switch|p1a: Raichu|Raichu, L88, M|249/249\n|move|p2a: Cobalion|Iron Head|p1a: Raichu\n|-resisted|p1a: Raichu\n|-damage|p1a: Raichu|147/249\n|\n|-heal|p2a: Cobalion|117/277|[from] item: Leftovers\n|upkeep\n|turn|6\n|inactive|Borderlad33 has 270 seconds left.\n|\n|t:|1733783163\n|switch|p2a: Eelektross|Eelektross, L87, M|290/290\n|move|p1a: Raichu|Surf|p2a: Eelektross\n|-damage|p2a: Eelektross|208/290\n|-damage|p1a: Raichu|123/249|[from] item: Life Orb\n|\n|-heal|p2a: Eelektross|226/290|[from] item: Leftovers\n|upkeep\n|turn|7\n|inactive|Borderlad33 has 270 seconds left.\n|\n|t:|1733783187\n|move|p1a: Raichu|Nasty Plot|p1a: Raichu\n|-boost|p1a: Raichu|spa|2\n|move|p2a: Eelektross|Coil|p2a: Eelektross\n|-boost|p2a: Eelektross|atk|1\n|-boost|p2a: Eelektross|def|1\n|-boost|p2a: Eelektross|accuracy|1\n|\n|-heal|p2a: Eelektross|244/290|[from] item: Leftovers\n|upkeep\n|turn|8\n|\n|t:|1733783198\n|move|p1a: Raichu|Tera Blast|p2a: Eelektross\n|-damage|p2a: Eelektross|88/290\n|-damage|p1a: Raichu|99/249|[from] item: Life Orb\n|move|p2a: Eelektross|Drain Punch|p1a: Raichu\n|-damage|p1a: Raichu|0 fnt\n|-heal|p2a: Eelektross|138/290|[from] drain|[of] p1a: Raichu\n|faint|p1a: Raichu\n|\n|-heal|p2a: Eelektross|156/290|[from] item: Leftovers\n|upkeep\n|\n|t:|1733783211\n|switch|p1a: Slowbro|Slowbro-Galar, L87, M, tera:Psychic|247/307\n|turn|9\n|\n|t:|1733783225\n|move|p2a: Eelektross|Supercell Slam|p1a: Slowbro\n|-damage|p1a: Slowbro|69/307\n|move|p1a: Slowbro|Psychic|p2a: Eelektross\n|-damage|p2a: Eelektross|0 fnt\n|faint|p2a: Eelektross\n|-damage|p1a: Slowbro|39/307|[from] item: Life Orb\n|\n|upkeep\n|\n|t:|1733783234\n|switch|p2a: Scizor|Scizor, L79, F|123/240\n|turn|10\n|\n|t:|1733783240\n|move|p2a: Scizor|Knock Off|p1a: Slowbro\n|-supereffective|p1a: Slowbro\n|-damage|p1a: Slowbro|0 fnt\n|-enditem|p1a: Slowbro|Life Orb|[from] move: Knock Off|[of] p2a: Scizor\n|faint|p1a: Slowbro\n|\n|upkeep\n|\n|t:|1733783256\n|switch|p1a: Regice|Regice, L88|284/284\n|turn|11\n|\n|t:|1733783260\n|move|p2a: Scizor|Knock Off|p1a: Regice\n|-damage|p1a: Regice|192/284\n|-enditem|p1a: Regice|Heavy-Duty Boots|[from] move: Knock Off|[of] p2a: Scizor\n|move|p1a: Regice|Ice Beam|p2a: Scizor\n|-resisted|p2a: Scizor\n|-damage|p2a: Scizor|60/240\n|\n|upkeep\n|turn|12\n|inactive|Borderlad33 has 270 seconds left.\n|\n|t:|1733783269\n|switch|p2a: Avalugg|Avalugg-Hisui, L90, F|317/317\n|move|p1a: Regice|Rest|p1a: Regice\n|-status|p1a: Regice|slp|[from] move: Rest\n|-heal|p1a: Regice|284/284 slp|[silent]\n|\n|upkeep\n|turn|13\n|\n|t:|1733783279\n|cant|p1a: Regice|slp\n|move|p1a: Regice|Sleep Talk|p1a: Regice\n|move|p1a: Regice|Rest||[from]move: Sleep Talk|[still]\n|-fail|p1a: Regice\n|move|p2a: Avalugg|Body Press|p1a: Regice\n|-supereffective|p1a: Regice\n|-damage|p1a: Regice|84/284 slp\n|\n|upkeep\n|turn|14\n|inactive|Borderlad33 has 270 seconds left.\n|\n|t:|1733783296\n|switch|p1a: Regidrago|Regidrago, L77|236/435\n|move|p2a: Avalugg|Body Press|p1a: Regidrago\n|-damage|p1a: Regidrago|44/435\n|\n|upkeep\n|turn|15\n|\n|t:|1733783305\n|move|p1a: Regidrago|Draco Meteor|p2a: Avalugg\n|-damage|p2a: Avalugg|22/317\n|-unboost|p1a: Regidrago|spa|2\n|move|p2a: Avalugg|Body Press|p1a: Regidrago\n|-damage|p1a: Regidrago|0 fnt\n|faint|p1a: Regidrago\n|\n|upkeep\n|\n|t:|1733783313\n|switch|p1a: Regice|Regice, L88|84/284 slp\n|turn|16\n|\n|t:|1733783316\n|cant|p1a: Regice|slp\n|move|p1a: Regice|Sleep Talk|p1a: Regice\n|move|p1a: Regice|Rest||[from]move: Sleep Talk|[still]\n|-fail|p1a: Regice\n|move|p2a: Avalugg|Recover|p2a: Avalugg\n|-heal|p2a: Avalugg|181/317\n|\n|upkeep\n|turn|17\n|\n|t:|1733783325\n|-curestatus|p1a: Regice|slp|[msg]\n|move|p1a: Regice|Sleep Talk||[still]\n|-fail|p1a: Regice\n|move|p2a: Avalugg|Body Press|p1a: Regice\n|-supereffective|p1a: Regice\n|-damage|p1a: Regice|0 fnt\n|faint|p1a: Regice\n|\n|upkeep\n|c|\u2606Borderlad33|BRUH\n|\n|t:|1733783334\n|switch|p1a: Plusle|Plusle, L95, F|268/268\n|turn|18\n|\n|t:|1733783344\n|move|p1a: Plusle|Nasty Plot|p1a: Plusle\n|-boost|p1a: Plusle|spa|2\n|move|p2a: Avalugg|Recover|p2a: Avalugg\n|-heal|p2a: Avalugg|317/317\n|\n|upkeep\n|turn|19\n|\n|t:|1733783355\n|move|p1a: Plusle|Alluring Voice|p2a: Avalugg\n|-damage|p2a: Avalugg|44/317\n|-damage|p1a: Plusle|242/268|[from] item: Life Orb\n|move|p2a: Avalugg|Body Press|p1a: Plusle\n|-damage|p1a: Plusle|72/268\n|\n|upkeep\n|turn|20\n|\n|t:|1733783370\n|move|p1a: Plusle|Alluring Voice|p2a: Avalugg\n|-damage|p2a: Avalugg|0 fnt\n|faint|p2a: Avalugg\n|-damage|p1a: Plusle|46/268|[from] item: Life Orb\n|\n|upkeep\n|\n|t:|1733783376\n|switch|p2a: Scizor|Scizor, L79, F|60/240\n|turn|21\n|\n|t:|1733783393\n|move|p2a: Scizor|Bullet Punch|p1a: Plusle\n|-resisted|p1a: Plusle\n|-damage|p1a: Plusle|0 fnt\n|faint|p1a: Plusle\n|\n|upkeep\n|\n|t:|1733783398\n|switch|p1a: Arceus|Arceus-Ground, L70|284/284\n|turn|22\n|\n|t:|1733783411\n|switch|p2a: Espeon|Espeon, L84, F|246/246\n|move|p1a: Arceus|Judgment|p2a: Espeon\n|-damage|p2a: Espeon|147/246\n|\n|upkeep\n|turn|23\n|\n|t:|1733783424\n|move|p2a: Espeon|Trick||[still]\n|-fail|p2a: Espeon\n|move|p1a: Arceus|Fire Blast|p2a: Espeon\n|-damage|p2a: Espeon|86/246\n|\n|upkeep\n|turn|24\n|\n|t:|1733783437\n|switch|p2a: Cobalion|Cobalion, L80|117/277\n|move|p1a: Arceus|Judgment|p2a: Cobalion\n|-supereffective|p2a: Cobalion\n|-damage|p2a: Cobalion|0 fnt\n|faint|p2a: Cobalion\n|\n|upkeep\n|c|\u2606BombDisposalGuy|i forgot how multitype works smh\n|\n|t:|1733783448\n|switch|p2a: Espeon|Espeon, L84, F|86/246\n|turn|25\n|c|\u2606Borderlad33|Ur, good im playing horribly\n|c|\u2606BombDisposalGuy|i was gonna trick the specs into arceus\n|inactive|BombDisposalGuy has 270 seconds left.\n|c|\u2606BombDisposalGuy|and then go into fllying type\n|c|\u2606BombDisposalGuy|and just win from attrition\n|\n|t:|1733783494\n|-terastallize|p2a: Espeon|Psychic\n|move|p2a: Espeon|Psychic|p1a: Arceus\n|-damage|p1a: Arceus|72/284\n|move|p1a: Arceus|Calm Mind|p1a: Arceus\n|-boost|p1a: Arceus|spa|1\n|-boost|p1a: Arceus|spd|1\n|\n|upkeep\n|turn|26\n|\n|t:|1733783502\n|move|p2a: Espeon|Psychic|p1a: Arceus\n|-damage|p1a: Arceus|0 fnt\n|faint|p1a: Arceus\n|\n|win|BombDisposalGuy\n|c|\u2606Borderlad33|gg\n|c|\u2606BombDisposalGuy|gg ez\n|c|\u2606Borderlad33|re run it\n|c|\u2606BombDisposalGuy|jk gg\n|l|\u2606Borderlad33\n|player|p1|\n|c|\u2606BombDisposalGuy|in a minute lemme do smth\n", "inputlog": ">version bfd83cad13791eb5a5a409923076391caf6fb4d4\n>start {\"formatid\":\"gen9randombattle\",\"seed\":[43175,11609,6474,29619]}\n>player p1 {\"name\":\"Borderlad33\",\"avatar\":\"lance\",\"rating\":0,\"seed\":[39628,32584,7739,23089]}\n>player p2 {\"name\":\"BombDisposalGuy\",\"avatar\":\"zinzolin\",\"rating\":0,\"seed\":[56317,5022,10369,33621]}\n>chat \u2606Borderlad33|Ur my B!T3CH\n>chat \u2606BombDisposalGuy|battle timer too\n>p1 move dragonenergy\n>p2 move uturn\n>p2 switch 5\n>p1 switch 4\n>p2 move swordsdance\n>p1 move psychic terastallize\n>p2 move taunt\n>p1 move shellsidearm\n>p2 move ironhead\n>chat \u2606Borderlad33|ME DUMB\n>chat \u2606BombDisposalGuy|Nice type matchpu knowledge\n>p1 switch 2\n>p2 move ironhead\n>p1 move surf\n>p2 switch 4\n>p1 move nastyplot\n>p2 move coil\n>p1 move terablast\n>p2 move drainpunch\n>p1 switch 2\n>p1 move psychic\n>p2 move supercellslam\n>p2 switch 5\n>p1 move fireblast\n>p2 move knockoff\n>p1 switch 5\n>p1 move icebeam\n>p2 move knockoff\n>p1 move rest\n>p2 switch 2\n>p1 move sleeptalk\n>p2 move bodypress\n>p1 switch 4\n>p2 move bodypress\n>p1 move dracometeor\n>p2 move bodypress\n>p1 switch 4\n>p1 move sleeptalk\n>p2 move recover\n>p1 move sleeptalk\n>p2 move bodypress\n>chat \u2606Borderlad33|BRUH\n>p1 switch 3\n>p1 move nastyplot\n>p2 move recover\n>p1 move alluringvoice\n>p2 move bodypress\n>p1 move alluringvoice\n>p2 move bodypress\n>p2 switch 2\n>p1 move alluringvoice\n>p2 move bulletpunch\n>p1 switch 6\n>p1 move judgment\n>p2 switch 6\n>p1 move fireblast\n>p2 move trick\n>p1 move judgment\n>p2 switch 4\n>chat \u2606BombDisposalGuy|i forgot how multitype works smh\n>p2 switch 4\n>chat \u2606Borderlad33|Ur, good im playing horribly\n>chat \u2606BombDisposalGuy|i was gonna trick the specs into arceus\n>chat \u2606BombDisposalGuy|and then go into fllying type\n>chat \u2606BombDisposalGuy|and just win from attrition \n>p1 move calmmind\n>p2 move psychic terastallize\n>p1 move recover\n>p2 move psychic", "uploadtime": 1733784013, "views": 6, "formatid": "gen9randombattle", "rating": null, "private": 0, "password": null}