{"id": "gen9randombattle-2260718840", "format": "[Gen 9] Random Battle", "players": ["qiuescent", "RedDudeN64"], "log": "|badge|p2|bronze|gen9randombattle|100-3\n|uhtml|medal-msg|<div class=\"broadcast-blue\">Curious what those medals under the avatar are? PS now has Ladder Seasons! For more information, check out the <a href=\"https://www.smogon.com/forums/threads/3740067/\">thread on Smogon.</a></div>\n|j|\u203dqiuescent\n|j|\u2606RedDudeN64\n|t:|1733882511\n|gametype|singles\n|player|p1|qiuescent|266|2185\n|player|p2|RedDudeN64|red|2304\n|teamsize|p1|6\n|teamsize|p2|6\n|gen|9\n|tier|[Gen 9] Random Battle\n|rated|\n|rule|Species Clause: Limit one of each Pok\u00e9mon\n|rule|HP Percentage Mod: HP is shown in percentages\n|rule|Sleep Clause Mod: Limit one foe put to sleep\n|rule|Illusion Level Mod: Illusion disguises the Pok\u00e9mon's true level\n|\n|t:|1733882511\n|start\n|switch|p1a: Heracross|Heracross, L80, M|259/259\n|switch|p2a: Falinks|Falinks, L84|246/246\n|turn|1\n|inactive|Battle timer is ON: inactive players will automatically lose when time's up. (requested by RedDudeN64)\n|\n|t:|1733882529\n|switch|p2a: Delphox|Delphox, L84, F|263/263\n|move|p1a: Heracross|Close Combat|p2a: Delphox\n|-resisted|p2a: Delphox\n|-damage|p2a: Delphox|175/263\n|-unboost|p1a: Heracross|def|1\n|-unboost|p1a: Heracross|spd|1\n|\n|upkeep\n|turn|2\n|\n|t:|1733882540\n|switch|p1a: Hydreigon|Hydreigon, L79, M|275/275\n|move|p2a: Delphox|Psyshock|p1a: Hydreigon\n|-immune|p1a: Hydreigon\n|\n|upkeep\n|turn|3\n|\n|t:|1733882547\n|switch|p2a: Decidueye|Decidueye-Hisui, L87, M|295/295\n|move|p1a: Hydreigon|Draco Meteor|p2a: Decidueye\n|-damage|p2a: Decidueye|127/295\n|-unboost|p1a: Hydreigon|spa|2\n|-damage|p1a: Hydreigon|248/275|[from] item: Life Orb\n|\n|-heal|p2a: Decidueye|145/295|[from] item: Leftovers\n|upkeep\n|turn|4\n|\n|t:|1733882552\n|switch|p1a: Dodrio|Dodrio, L86, F|243/243\n|move|p2a: Decidueye|Roost|p2a: Decidueye\n|-heal|p2a: Decidueye|293/295\n|-singleturn|p2a: Decidueye|move: Roost\n|\n|-heal|p2a: Decidueye|295/295|[from] item: Leftovers\n|upkeep\n|turn|5\n|\n|t:|1733882562\n|switch|p2a: Delphox|Delphox, L84, F|175/263\n|move|p1a: Dodrio|Brave Bird|p2a: Delphox\n|-damage|p2a: Delphox|0 fnt\n|faint|p2a: Delphox\n|-damage|p1a: Dodrio|185/243|[from] Recoil\n|\n|upkeep\n|\n|t:|1733882569\n|switch|p2a: Perrserker|Perrserker, L89, F|269/269\n|turn|6\n|\n|t:|1733882578\n|switch|p1a: Ampharos|Ampharos, L88, M|302/302\n|move|p2a: Perrserker|Stealth Rock|p1a: Ampharos\n|-sidestart|p1: qiuescent|move: Stealth Rock\n|\n|upkeep\n|turn|7\n|\n|t:|1733882584\n|switch|p2a: Decidueye|Decidueye-Hisui, L87, M|295/295\n|move|p1a: Ampharos|Thunderbolt|p2a: Decidueye\n|-resisted|p2a: Decidueye\n|-damage|p2a: Decidueye|217/295\n|\n|-heal|p2a: Decidueye|235/295|[from] item: Leftovers\n|upkeep\n|turn|8\n|\n|t:|1733882594\n|switch|p2a: Ariados|Ariados, L95, M|287/287\n|move|p1a: Ampharos|Thunderbolt|p2a: Ariados\n|-damage|p2a: Ariados|100/287\n|\n|upkeep\n|turn|9\n|\n|t:|1733882601\n|switch|p2a: Decidueye|Decidueye-Hisui, L87, M|235/295\n|move|p1a: Ampharos|Thunderbolt|p2a: Decidueye\n|-resisted|p2a: Decidueye\n|-damage|p2a: Decidueye|154/295\n|\n|-heal|p2a: Decidueye|172/295|[from] item: Leftovers\n|upkeep\n|turn|10\n|\n|t:|1733882605\n|switch|p1a: Dodrio|Dodrio, L86, F|185/243\n|move|p2a: Decidueye|Triple Arrows|p1a: Dodrio\n|-crit|p1a: Dodrio\n|-damage|p1a: Dodrio|0 fnt\n|faint|p1a: Dodrio\n|\n|-heal|p2a: Decidueye|190/295|[from] item: Leftovers\n|upkeep\n|\n|t:|1733882619\n|switch|p1a: Heracross|Heracross, L80, M|259/259\n|-damage|p1a: Heracross|227/259|[from] Stealth Rock\n|turn|11\n|\n|t:|1733882622\n|switch|p2a: Flutter Mane|Flutter Mane, L74|203/203\n|move|p1a: Heracross|Close Combat|p2a: Flutter Mane\n|-immune|p2a: Flutter Mane\n|\n|upkeep\n|turn|12\n|\n|t:|1733882630\n|switch|p1a: Ampharos|Ampharos, L88, M|302/302\n|-damage|p1a: Ampharos|265/302|[from] Stealth Rock\n|move|p2a: Flutter Mane|Moonblast|p1a: Ampharos\n|-damage|p1a: Ampharos|148/302\n|-damage|p2a: Flutter Mane|183/203|[from] item: Life Orb\n|\n|upkeep\n|turn|13\n|\n|t:|1733882640\n|-end|p2a: Flutter Mane|Protosynthesis|[silent]\n|switch|p2a: Decidueye|Decidueye-Hisui, L87, M|190/295\n|move|p1a: Ampharos|Volt Switch|p2a: Decidueye\n|-resisted|p2a: Decidueye\n|-damage|p2a: Decidueye|123/295\n|\n|t:|1733882650\n|switch|p1a: Kyogre|Kyogre, L71|259/259|[from] Volt Switch\n|-damage|p1a: Kyogre|227/259|[from] Stealth Rock\n|-weather|RainDance|[from] ability: Drizzle|[of] p1a: Kyogre\n|\n|-weather|RainDance|[upkeep]\n|-heal|p2a: Decidueye|141/295|[from] item: Leftovers\n|upkeep\n|turn|14\n|j| thee in world\n|\n|t:|1733882657\n|switch|p2a: Ariados|Ariados, L95, M|100/287\n|-terastallize|p1a: Kyogre|Water\n|move|p1a: Kyogre|Water Spout|p2a: Ariados\n|-damage|p2a: Ariados|0 fnt\n|faint|p2a: Ariados\n|\n|-weather|RainDance|[upkeep]\n|upkeep\n|\n|t:|1733882664\n|switch|p2a: Flutter Mane|Flutter Mane, L74|183/203\n|turn|15\n|\n|t:|1733882667\n|move|p1a: Kyogre|Water Spout|p2a: Flutter Mane\n|-damage|p2a: Flutter Mane|0 fnt\n|faint|p2a: Flutter Mane\n|-end|p2a: Flutter Mane|Protosynthesis|[silent]\n|\n|-weather|RainDance|[upkeep]\n|upkeep\n|-message|RedDudeN64 forfeited.\n|\n|win|qiuescent\n|raw|qiuescent's rating: 2185 &rarr; <strong>2212</strong><br />(+27 for winning)\n|raw|RedDudeN64's rating: 2304 &rarr; <strong>2277</strong><br />(-27 for losing)\n|l|\u2606RedDudeN64\n|player|p2|\n", "inputlog": ">version bfd83cad13791eb5a5a409923076391caf6fb4d4\n>start {\"formatid\":\"gen9randombattle\",\"seed\":[21614,47784,13903,39756],\"rated\":\"Rated battle\"}\n>player p1 {\"name\":\"qiuescent\",\"avatar\":\"266\",\"rating\":2185,\"seed\":[9551,33534,23389,14677]}\n>player p2 {\"name\":\"RedDudeN64\",\"avatar\":\"red\",\"rating\":2304,\"seed\":[54461,55351,60447,42790]}\n>p1 move closecombat\n>p2 switch 5\n>p1 switch 3\n>p2 move psyshock\n>p1 move dracometeor\n>p2 switch 2\n>p1 switch 4\n>p2 move roost\n>p1 move bravebird\n>p2 switch 2\n>p2 switch 3\n>p1 switch 5\n>p2 move stealthrock\n>p1 move thunderbolt\n>p2 switch 2\n>p1 move thunderbolt\n>p2 switch 6\n>p1 move thunderbolt\n>p2 switch 6\n>p1 switch 5\n>p2 move triplearrows\n>p1 switch 3\n>p1 move closecombat\n>p2 switch 4\n>p1 switch 5\n>p2 move moonblast\n>p1 move voltswitch\n>p2 switch 4\n>p1 switch 6\n>p1 move waterspout terastallize\n>p2 switch 6\n>p2 switch 4\n>p1 move waterspout\n>p2 move moonblast\n>forcelose p2", "uploadtime": 1733882672, "views": 2, "formatid": "gen9randombattle", "rating": 2212, "private": 0, "password": null}