{"id": "gen9randombattle-2260503469", "format": "[Gen 9] Random Battle", "players": ["ugur_tatli", "ChanceUser"], "log": "|j|\u2606ugur_tatli\n|j|\u2606ChanceUser\n|t:|1733857911\n|gametype|singles\n|player|p1|ugur_tatli|blue|1752\n|player|p2|ChanceUser|2|1790\n|teamsize|p1|6\n|teamsize|p2|6\n|gen|9\n|tier|[Gen 9] Random Battle\n|rated|\n|rule|Species Clause: Limit one of each Pok\u00e9mon\n|rule|HP Percentage Mod: HP is shown in percentages\n|rule|Sleep Clause Mod: Limit one foe put to sleep\n|rule|Illusion Level Mod: Illusion disguises the Pok\u00e9mon's true level\n|\n|t:|1733857911\n|start\n|switch|p1a: Mesprit|Mesprit, L85|275/275\n|switch|p2a: Hawlucha|Hawlucha, L80, M|256/256\n|turn|1\n|inactive|Battle timer is ON: inactive players will automatically lose when time's up. (requested by ChanceUser)\n|\n|t:|1733857928\n|switch|p2a: Grumpig|Grumpig, L92, M|297/297\n|move|p1a: Mesprit|Thunder Wave|p2a: Grumpig\n|-status|p2a: Grumpig|par\n|\n|upkeep\n|turn|2\n|\n|t:|1733857941\n|switch|p1a: Qwilfish|Qwilfish-Hisui, L83, M|244/244\n|-ability|p1a: Qwilfish|Intimidate|boost\n|-unboost|p2a: Grumpig|atk|1\n|move|p2a: Grumpig|Psychic|p1a: Qwilfish\n|-immune|p1a: Qwilfish\n|\n|upkeep\n|turn|3\n|\n|t:|1733857956\n|switch|p2a: Copperajah|Copperajah, L86, M|349/349\n|move|p1a: Qwilfish|Spikes|p2a: Copperajah\n|-sidestart|p2: ChanceUser|Spikes\n|\n|upkeep\n|turn|4\n|\n|t:|1733857974\n|move|p1a: Qwilfish|Taunt|p2a: Copperajah\n|-start|p2a: Copperajah|move: Taunt\n|move|p2a: Copperajah|Heavy Slam|p1a: Qwilfish\n|-damage|p1a: Qwilfish|82/244\n|\n|upkeep\n|turn|5\n|\n|t:|1733857982\n|switch|p1a: Vaporeon|Vaporeon, L86, F|364/364\n|move|p2a: Copperajah|Heavy Slam|p1a: Vaporeon\n|-resisted|p1a: Vaporeon\n|-damage|p1a: Vaporeon|200/364\n|\n|-heal|p1a: Vaporeon|222/364|[from] item: Leftovers\n|upkeep\n|turn|6\n|\n|t:|1733857990\n|switch|p2a: Spidops|Spidops, L96, F|271/271\n|move|p1a: Vaporeon|Wish|p1a: Vaporeon\n|\n|-heal|p1a: Vaporeon|244/364|[from] item: Leftovers\n|upkeep\n|turn|7\n|\n|t:|1733858007\n|switch|p1a: Qwilfish|Qwilfish-Hisui, L83, M|82/244\n|-ability|p1a: Qwilfish|Intimidate|boost\n|-unboost|p2a: Spidops|atk|1\n|move|p2a: Spidops|Sticky Web|p1a: Qwilfish\n|-sidestart|p1: ugur_tatli|move: Sticky Web\n|\n|-heal|p1a: Qwilfish|244/244|[from] move: Wish|[wisher] Vaporeon\n|upkeep\n|turn|8\n|\n|t:|1733858016\n|move|p1a: Qwilfish|Spikes|p2a: Spidops\n|-sidestart|p2: ChanceUser|Spikes\n|move|p2a: Spidops|Knock Off|p1a: Qwilfish\n|-resisted|p1a: Qwilfish\n|-damage|p1a: Qwilfish|228/244\n|-enditem|p1a: Qwilfish|Eviolite|[from] move: Knock Off|[of] p2a: Spidops\n|\n|upkeep\n|turn|9\n|\n|t:|1733858024\n|move|p1a: Qwilfish|Spikes|p2a: Spidops\n|-sidestart|p2: ChanceUser|Spikes\n|move|p2a: Spidops|U-turn|p1a: Qwilfish\n|-damage|p1a: Qwilfish|173/244\n|\n|t:|1733858030\n|switch|p2a: Tentacruel|Tentacruel, L84, F|272/272|[from] U-turn\n|-damage|p2a: Tentacruel|204/272|[from] Spikes\n|\n|-heal|p2a: Tentacruel|221/272|[from] item: Leftovers\n|upkeep\n|turn|10\n|\n|t:|1733858037\n|switch|p1a: Dusknoir|Dusknoir, L89, F|225/225\n|-activate|p1a: Dusknoir|move: Sticky Web\n|-unboost|p1a: Dusknoir|spe|1\n|-item|p2a: Tentacruel|Leftovers|[from] ability: Frisk|[of] p1a: Dusknoir\n|move|p2a: Tentacruel|Rapid Spin|p1a: Dusknoir\n|-immune|p1a: Dusknoir\n|\n|-heal|p2a: Tentacruel|238/272|[from] item: Leftovers\n|upkeep\n|turn|11\n|\n|t:|1733858053\n|switch|p2a: Spidops|Spidops, L96, F|271/271\n|move|p1a: Dusknoir|Poltergeist|p2a: Spidops\n|-activate|p2a: Spidops|move: Poltergeist|Heavy-Duty Boots\n|-damage|p2a: Spidops|111/271\n|\n|upkeep\n|turn|12\n|\n|t:|1733858071\n|switch|p1a: Qwilfish|Qwilfish-Hisui, L83, M|173/244\n|-activate|p1a: Qwilfish|move: Sticky Web\n|-unboost|p1a: Qwilfish|spe|1\n|-ability|p1a: Qwilfish|Intimidate|boost\n|-unboost|p2a: Spidops|atk|1\n|move|p2a: Spidops|Knock Off|p1a: Qwilfish\n|-resisted|p1a: Qwilfish\n|-damage|p1a: Qwilfish|135/244\n|\n|upkeep\n|turn|13\n|\n|t:|1733858095\n|move|p1a: Qwilfish|Crunch|p2a: Spidops\n|-damage|p2a: Spidops|42/271\n|move|p2a: Spidops|Circle Throw|p1a: Qwilfish\n|-damage|p1a: Qwilfish|103/244\n|drag|p1a: Dusknoir|Dusknoir, L89, F|225/225\n|-activate|p1a: Dusknoir|move: Sticky Web\n|-unboost|p1a: Dusknoir|spe|1\n|-item|p2a: Spidops|Heavy-Duty Boots|[from] ability: Frisk|[of] p1a: Dusknoir\n|\n|upkeep\n|turn|14\n|\n|t:|1733858107\n|switch|p1a: Qwilfish|Qwilfish-Hisui, L83, M|103/244\n|-activate|p1a: Qwilfish|move: Sticky Web\n|-unboost|p1a: Qwilfish|spe|1\n|-ability|p1a: Qwilfish|Intimidate|boost\n|-unboost|p2a: Spidops|atk|1\n|move|p2a: Spidops|Knock Off|p1a: Qwilfish\n|-resisted|p1a: Qwilfish\n|-damage|p1a: Qwilfish|77/244\n|\n|upkeep\n|turn|15\n|\n|t:|1733858117\n|move|p1a: Qwilfish|Crunch|p2a: Spidops\n|-damage|p2a: Spidops|0 fnt\n|faint|p2a: Spidops\n|\n|upkeep\n|\n|t:|1733858119\n|switch|p2a: Copperajah|Copperajah, L86, M|349/349\n|-damage|p2a: Copperajah|262/349|[from] Spikes\n|turn|16\n|\n|t:|1733858136\n|move|p1a: Qwilfish|Crunch|p2a: Copperajah\n|-damage|p2a: Copperajah|163/349\n|move|p2a: Copperajah|Heavy Slam|p1a: Qwilfish\n|-damage|p1a: Qwilfish|0 fnt\n|faint|p1a: Qwilfish\n|\n|upkeep\n|\n|t:|1733858153\n|switch|p1a: Vaporeon|Vaporeon, L86, F|244/364\n|-activate|p1a: Vaporeon|move: Sticky Web\n|-unboost|p1a: Vaporeon|spe|1\n|turn|17\n|\n|t:|1733858158\n|switch|p2a: Grumpig|Grumpig, L92, M|297/297 par\n|-damage|p2a: Grumpig|223/297 par|[from] Spikes\n|move|p1a: Vaporeon|Wish|p1a: Vaporeon\n|\n|-heal|p1a: Vaporeon|266/364|[from] item: Leftovers\n|-heal|p2a: Grumpig|241/297 par|[from] item: Leftovers\n|upkeep\n|turn|18\n|inactive|ugur_tatli has 120 seconds left.\n|\n|t:|1733858185\n|move|p1a: Vaporeon|Scald|p2a: Grumpig\n|-damage|p2a: Grumpig|169/297 par\n|cant|p2a: Grumpig|par\n|\n|-heal|p1a: Vaporeon|364/364|[from] move: Wish|[wisher] Vaporeon\n|-heal|p2a: Grumpig|187/297 par|[from] item: Leftovers\n|upkeep\n|turn|19\n|inactive|ugur_tatli has 120 seconds left.\n|\n|t:|1733858194\n|move|p1a: Vaporeon|Wish|p1a: Vaporeon\n|move|p2a: Grumpig|Nasty Plot|p2a: Grumpig\n|-boost|p2a: Grumpig|spa|2\n|\n|-heal|p2a: Grumpig|205/297 par|[from] item: Leftovers\n|upkeep\n|turn|20\n|\n|t:|1733858200\n|switch|p1a: Dusknoir|Dusknoir, L89, F|225/225\n|-activate|p1a: Dusknoir|move: Sticky Web\n|-unboost|p1a: Dusknoir|spe|1\n|-item|p2a: Grumpig|Leftovers|[from] ability: Frisk|[of] p1a: Dusknoir\n|move|p2a: Grumpig|Nasty Plot|p2a: Grumpig\n|-boost|p2a: Grumpig|spa|2\n|\n|-heal|p2a: Grumpig|223/297 par|[from] item: Leftovers\n|upkeep\n|turn|21\n|\n|t:|1733858210\n|cant|p2a: Grumpig|par\n|move|p1a: Dusknoir|Poltergeist|p2a: Grumpig\n|-activate|p2a: Grumpig|move: Poltergeist|Leftovers\n|-supereffective|p2a: Grumpig\n|-damage|p2a: Grumpig|0 fnt\n|faint|p2a: Grumpig\n|\n|upkeep\n|\n|t:|1733858226\n|switch|p2a: Copperajah|Copperajah, L86, M|163/349\n|-damage|p2a: Copperajah|76/349|[from] Spikes\n|turn|22\n|\n|t:|1733858230\n|switch|p1a: Vaporeon|Vaporeon, L86, F|364/364\n|-activate|p1a: Vaporeon|move: Sticky Web\n|-unboost|p1a: Vaporeon|spe|1\n|move|p2a: Copperajah|Heavy Slam|p1a: Vaporeon\n|-resisted|p1a: Vaporeon\n|-damage|p1a: Vaporeon|208/364\n|\n|-heal|p1a: Vaporeon|230/364|[from] item: Leftovers\n|upkeep\n|turn|23\n|\n|t:|1733858239\n|switch|p2a: Tentacruel|Tentacruel, L84, F|238/272\n|-damage|p2a: Tentacruel|170/272|[from] Spikes\n|move|p1a: Vaporeon|Protect||[still]\n|-fail|p1a: Vaporeon\n|\n|-heal|p2a: Tentacruel|187/272|[from] item: Leftovers\n|-heal|p1a: Vaporeon|252/364|[from] item: Leftovers\n|upkeep\n|turn|24\n|\n|t:|1733858244\n|move|p1a: Vaporeon|Protect|p1a: Vaporeon\n|-singleturn|p1a: Vaporeon|Protect\n|move|p2a: Tentacruel|Toxic Spikes|p1a: Vaporeon\n|-sidestart|p1: ugur_tatli|move: Toxic Spikes\n|\n|-heal|p2a: Tentacruel|204/272|[from] item: Leftovers\n|-heal|p1a: Vaporeon|274/364|[from] item: Leftovers\n|upkeep\n|turn|25\n|\n|t:|1733858254\n|switch|p1a: Dusknoir|Dusknoir, L89, F|225/225\n|-activate|p1a: Dusknoir|move: Sticky Web\n|-unboost|p1a: Dusknoir|spe|1\n|-status|p1a: Dusknoir|psn\n|-item|p2a: Tentacruel|Leftovers|[from] ability: Frisk|[of] p1a: Dusknoir\n|move|p2a: Tentacruel|Sludge Bomb|p1a: Dusknoir\n|-resisted|p1a: Dusknoir\n|-damage|p1a: Dusknoir|197/225 psn\n|\n|-heal|p2a: Tentacruel|221/272|[from] item: Leftovers\n|-damage|p1a: Dusknoir|169/225 psn|[from] psn\n|upkeep\n|turn|26\n|\n|t:|1733858261\n|switch|p2a: Hawlucha|Hawlucha, L80, M|256/256\n|move|p1a: Dusknoir|Poltergeist|p2a: Hawlucha\n|-activate|p2a: Hawlucha|move: Poltergeist|White Herb\n|-damage|p2a: Hawlucha|12/256\n|\n|-damage|p1a: Dusknoir|141/225 psn|[from] psn\n|upkeep\n|turn|27\n|\n|t:|1733858276\n|move|p2a: Hawlucha|Brave Bird|p1a: Dusknoir\n|-damage|p1a: Dusknoir|57/225 psn\n|-damage|p2a: Hawlucha|0 fnt|[from] Recoil\n|faint|p2a: Hawlucha\n|move|p1a: Dusknoir|Poltergeist|p2: Hawlucha|[notarget]\n|-fail|p1a: Dusknoir\n|\n|-damage|p1a: Dusknoir|29/225 psn|[from] psn\n|upkeep\n|\n|t:|1733858286\n|switch|p2a: Tentacruel|Tentacruel, L84, F|221/272\n|-damage|p2a: Tentacruel|153/272|[from] Spikes\n|turn|28\n|\n|t:|1733858293\n|switch|p1a: Vaporeon|Vaporeon, L86, F|274/364\n|-activate|p1a: Vaporeon|move: Sticky Web\n|-unboost|p1a: Vaporeon|spe|1\n|-status|p1a: Vaporeon|psn\n|move|p2a: Tentacruel|Surf|p1a: Vaporeon\n|-heal|p1a: Vaporeon|364/364 psn|[from] ability: Water Absorb|[of] p2a: Tentacruel\n|\n|-heal|p2a: Tentacruel|170/272|[from] item: Leftovers\n|-damage|p1a: Vaporeon|319/364 psn|[from] psn\n|upkeep\n|turn|29\n|\n|t:|1733858307\n|move|p2a: Tentacruel|Rapid Spin|p1a: Vaporeon\n|-damage|p1a: Vaporeon|281/364 psn\n|-boost|p2a: Tentacruel|spe|1\n|-sideend|p2: ChanceUser|Spikes|[from] move: Rapid Spin|[of] p2a: Tentacruel\n|move|p1a: Vaporeon|Scald|p2a: Tentacruel\n|-resisted|p2a: Tentacruel\n|-damage|p2a: Tentacruel|131/272\n|\n|-heal|p2a: Tentacruel|148/272|[from] item: Leftovers\n|-heal|p1a: Vaporeon|303/364 psn|[from] item: Leftovers\n|-damage|p1a: Vaporeon|258/364 psn|[from] psn\n|upkeep\n|turn|30\n|\n|t:|1733858316\n|move|p2a: Tentacruel|Sludge Bomb|p1a: Vaporeon\n|-damage|p1a: Vaporeon|186/364 psn\n|move|p1a: Vaporeon|Scald|p2a: Tentacruel\n|-resisted|p2a: Tentacruel\n|-damage|p2a: Tentacruel|112/272\n|\n|-heal|p2a: Tentacruel|129/272|[from] item: Leftovers\n|-heal|p1a: Vaporeon|208/364 psn|[from] item: Leftovers\n|-damage|p1a: Vaporeon|163/364 psn|[from] psn\n|upkeep\n|turn|31\n|\n|t:|1733858328\n|move|p2a: Tentacruel|Sludge Bomb|p1a: Vaporeon\n|-damage|p1a: Vaporeon|82/364 psn\n|move|p1a: Vaporeon|Wish|p1a: Vaporeon\n|\n|-heal|p2a: Tentacruel|146/272|[from] item: Leftovers\n|-heal|p1a: Vaporeon|104/364 psn|[from] item: Leftovers\n|-damage|p1a: Vaporeon|59/364 psn|[from] psn\n|upkeep\n|turn|32\n|\n|t:|1733858335\n|switch|p2a: Slowbro|Slowbro-Galar, L87, M|307/307\n|move|p1a: Vaporeon|Protect||[still]\n|-fail|p1a: Vaporeon\n|\n|-heal|p1a: Vaporeon|241/364 psn|[from] move: Wish|[wisher] Vaporeon\n|-heal|p1a: Vaporeon|263/364 psn|[from] item: Leftovers\n|-damage|p1a: Vaporeon|218/364 psn|[from] psn\n|upkeep\n|turn|33\n|\n|t:|1733858342\n|move|p1a: Vaporeon|Wish|p1a: Vaporeon\n|move|p2a: Slowbro|Shell Side Arm|p1a: Vaporeon|[anim] Shell Side Arm Physical\n|-damage|p1a: Vaporeon|37/364 psn\n|-hint|Physical Shell Side Arm\n|-damage|p2a: Slowbro|277/307|[from] item: Life Orb\n|\n|-heal|p1a: Vaporeon|59/364 psn|[from] item: Leftovers\n|-damage|p1a: Vaporeon|14/364 psn|[from] psn\n|upkeep\n|turn|34\n|\n|t:|1733858351\n|move|p1a: Vaporeon|Protect|p1a: Vaporeon\n|-singleturn|p1a: Vaporeon|Protect\n|move|p2a: Slowbro|Psychic|p1a: Vaporeon\n|-activate|p1a: Vaporeon|move: Protect\n|\n|-heal|p1a: Vaporeon|196/364 psn|[from] move: Wish|[wisher] Vaporeon\n|-heal|p1a: Vaporeon|218/364 psn|[from] item: Leftovers\n|-damage|p1a: Vaporeon|173/364 psn|[from] psn\n|upkeep\n|turn|35\n|\n|t:|1733858372\n|switch|p1a: Dusknoir|Dusknoir, L89, F|29/225 psn\n|-activate|p1a: Dusknoir|move: Sticky Web\n|-unboost|p1a: Dusknoir|spe|1\n|-item|p2a: Slowbro|Life Orb|[from] ability: Frisk|[of] p1a: Dusknoir\n|move|p2a: Slowbro|Shell Side Arm|p1a: Dusknoir|[anim] Shell Side Arm Special\n|-resisted|p1a: Dusknoir\n|-damage|p1a: Dusknoir|0 fnt\n|-hint|Special Shell Side Arm\n|faint|p1a: Dusknoir\n|-damage|p2a: Slowbro|247/307|[from] item: Life Orb\n|\n|upkeep\n|inactive|ugur_tatli has 120 seconds left.\n|\n|t:|1733858393\n|switch|p1a: Mesprit|Mesprit, L85|275/275\n|turn|36\n|inactive|ugur_tatli has 120 seconds left.\n|\n|t:|1733858402\n|move|p1a: Mesprit|Knock Off|p2a: Slowbro\n|-supereffective|p2a: Slowbro\n|-damage|p2a: Slowbro|115/307\n|-enditem|p2a: Slowbro|Life Orb|[from] move: Knock Off|[of] p1a: Mesprit\n|move|p2a: Slowbro|Trick Room|p2a: Slowbro\n|-fieldstart|move: Trick Room|[of] p2a: Slowbro\n|\n|upkeep\n|turn|37\n|\n|t:|1733858409\n|move|p2a: Slowbro|Shell Side Arm|p1a: Mesprit|[anim] Shell Side Arm Special\n|-damage|p1a: Mesprit|185/275\n|-hint|Special Shell Side Arm\n|-status|p1a: Mesprit|psn\n|move|p1a: Mesprit|Thunder Wave|p2a: Slowbro\n|-status|p2a: Slowbro|par\n|\n|-heal|p1a: Mesprit|202/275 psn|[from] item: Leftovers\n|-damage|p1a: Mesprit|168/275 psn|[from] psn\n|upkeep\n|turn|38\n|\n|t:|1733858428\n|switch|p2a: Copperajah|Copperajah, L86, M|76/349\n|move|p1a: Mesprit|Psychic Noise|p2a: Copperajah\n|-resisted|p2a: Copperajah\n|-damage|p2a: Copperajah|25/349\n|-start|p2a: Copperajah|move: Heal Block\n|\n|-heal|p1a: Mesprit|185/275 psn|[from] item: Leftovers\n|-damage|p1a: Mesprit|151/275 psn|[from] psn\n|upkeep\n|turn|39\n|inactive|ugur_tatli has 120 seconds left.\n|\n|t:|1733858452\n|move|p2a: Copperajah|Heavy Slam|p1a: Mesprit\n|-damage|p1a: Mesprit|0 fnt\n|faint|p1a: Mesprit\n|\n|-end|p2a: Copperajah|move: Heal Block\n|upkeep\n|\n|t:|1733858456\n|switch|p1a: Vaporeon|Vaporeon, L86, F|173/364 psn\n|-activate|p1a: Vaporeon|move: Sticky Web\n|-unboost|p1a: Vaporeon|spe|1\n|turn|40\n|\n|t:|1733858465\n|switch|p2a: Slowbro|Slowbro-Galar, L87, M|217/307 par\n|move|p1a: Vaporeon|Scald|p2a: Slowbro\n|-damage|p2a: Slowbro|103/307 par\n|\n|-heal|p1a: Vaporeon|195/364 psn|[from] item: Leftovers\n|-damage|p1a: Vaporeon|150/364 psn|[from] psn\n|-fieldend|move: Trick Room\n|upkeep\n|turn|41\n|\n|t:|1733858474\n|switch|p2a: Tentacruel|Tentacruel, L84, F|146/272\n|move|p1a: Vaporeon|Scald|p2a: Tentacruel\n|-resisted|p2a: Tentacruel\n|-damage|p2a: Tentacruel|111/272\n|\n|-heal|p2a: Tentacruel|128/272|[from] item: Leftovers\n|-heal|p1a: Vaporeon|172/364 psn|[from] item: Leftovers\n|-damage|p1a: Vaporeon|127/364 psn|[from] psn\n|upkeep\n|turn|42\n|\n|t:|1733858484\n|move|p2a: Tentacruel|Toxic Spikes|p1a: Vaporeon\n|-sidestart|p1: ugur_tatli|move: Toxic Spikes\n|move|p1a: Vaporeon|Scald|p2a: Tentacruel\n|-resisted|p2a: Tentacruel\n|-crit|p2a: Tentacruel\n|-damage|p2a: Tentacruel|68/272\n|\n|-heal|p2a: Tentacruel|85/272|[from] item: Leftovers\n|-heal|p1a: Vaporeon|149/364 psn|[from] item: Leftovers\n|-damage|p1a: Vaporeon|104/364 psn|[from] psn\n|upkeep\n|turn|43\n|\n|t:|1733858491\n|move|p2a: Tentacruel|Sludge Bomb|p1a: Vaporeon\n|-damage|p1a: Vaporeon|31/364 psn\n|move|p1a: Vaporeon|Wish|p1a: Vaporeon\n|\n|-heal|p2a: Tentacruel|102/272|[from] item: Leftovers\n|-heal|p1a: Vaporeon|53/364 psn|[from] item: Leftovers\n|-damage|p1a: Vaporeon|8/364 psn|[from] psn\n|upkeep\n|turn|44\n|\n|t:|1733858503\n|move|p1a: Vaporeon|Protect|p1a: Vaporeon\n|-singleturn|p1a: Vaporeon|Protect\n|move|p2a: Tentacruel|Surf|p1a: Vaporeon\n|-activate|p1a: Vaporeon|move: Protect\n|\n|-heal|p1a: Vaporeon|190/364 psn|[from] move: Wish|[wisher] Vaporeon\n|-heal|p2a: Tentacruel|119/272|[from] item: Leftovers\n|-heal|p1a: Vaporeon|212/364 psn|[from] item: Leftovers\n|-damage|p1a: Vaporeon|167/364 psn|[from] psn\n|upkeep\n|turn|45\n|\n|t:|1733858508\n|move|p2a: Tentacruel|Sludge Bomb|p1a: Vaporeon\n|-damage|p1a: Vaporeon|88/364 psn\n|move|p1a: Vaporeon|Wish|p1a: Vaporeon\n|\n|-heal|p2a: Tentacruel|136/272|[from] item: Leftovers\n|-heal|p1a: Vaporeon|110/364 psn|[from] item: Leftovers\n|-damage|p1a: Vaporeon|65/364 psn|[from] psn\n|upkeep\n|turn|46\n|\n|t:|1733858516\n|move|p1a: Vaporeon|Protect|p1a: Vaporeon\n|-singleturn|p1a: Vaporeon|Protect\n|move|p2a: Tentacruel|Surf|p1a: Vaporeon\n|-activate|p1a: Vaporeon|move: Protect\n|\n|-heal|p1a: Vaporeon|247/364 psn|[from] move: Wish|[wisher] Vaporeon\n|-heal|p2a: Tentacruel|153/272|[from] item: Leftovers\n|-heal|p1a: Vaporeon|269/364 psn|[from] item: Leftovers\n|-damage|p1a: Vaporeon|224/364 psn|[from] psn\n|upkeep\n|turn|47\n|\n|t:|1733858522\n|move|p2a: Tentacruel|Sludge Bomb|p1a: Vaporeon\n|-crit|p1a: Vaporeon\n|-damage|p1a: Vaporeon|112/364 psn\n|move|p1a: Vaporeon|Scald|p2a: Tentacruel\n|-resisted|p2a: Tentacruel\n|-damage|p2a: Tentacruel|114/272\n|\n|-heal|p2a: Tentacruel|131/272|[from] item: Leftovers\n|-heal|p1a: Vaporeon|134/364 psn|[from] item: Leftovers\n|-damage|p1a: Vaporeon|89/364 psn|[from] psn\n|upkeep\n|turn|48\n|\n|t:|1733858536\n|move|p2a: Tentacruel|Sludge Bomb|p1a: Vaporeon\n|-damage|p1a: Vaporeon|14/364 psn\n|move|p1a: Vaporeon|Wish|p1a: Vaporeon\n|\n|-heal|p2a: Tentacruel|148/272|[from] item: Leftovers\n|-heal|p1a: Vaporeon|36/364 psn|[from] item: Leftovers\n|-damage|p1a: Vaporeon|0 fnt|[from] psn\n|faint|p1a: Vaporeon\n|upkeep\n|\n|t:|1733858553\n|switch|p1a: Pyroar|Pyroar, L88, M|295/295\n|-ability|p1a: Pyroar|Unnerve\n|turn|49\n|\n|t:|1733858565\n|move|p1a: Pyroar|Hyper Voice|p2a: Tentacruel\n|-damage|p2a: Tentacruel|55/272\n|move|p2a: Tentacruel|Rapid Spin|p1a: Pyroar\n|-damage|p1a: Pyroar|264/295\n|-boost|p2a: Tentacruel|spe|1\n|\n|-heal|p1a: Pyroar|295/295|[from] move: Wish|[wisher] Vaporeon\n|-heal|p2a: Tentacruel|72/272|[from] item: Leftovers\n|upkeep\n|turn|50\n|\n|t:|1733858575\n|move|p2a: Tentacruel|Surf|p1a: Pyroar\n|-supereffective|p1a: Pyroar\n|-damage|p1a: Pyroar|109/295\n|move|p1a: Pyroar|Hyper Voice|p2a: Tentacruel\n|-damage|p2a: Tentacruel|0 fnt\n|faint|p2a: Tentacruel\n|\n|upkeep\n|\n|t:|1733858581\n|switch|p2a: Slowbro|Slowbro-Galar, L87, M|205/307 par\n|turn|51\n|\n|t:|1733858588\n|move|p1a: Pyroar|Hyper Voice|p2a: Slowbro\n|-damage|p2a: Slowbro|85/307 par\n|move|p2a: Slowbro|Trick Room|p2a: Slowbro\n|-fieldstart|move: Trick Room|[of] p2a: Slowbro\n|\n|upkeep\n|turn|52\n|\n|t:|1733858596\n|move|p2a: Slowbro|Shell Side Arm|p1a: Pyroar|[anim] Shell Side Arm Special\n|-damage|p1a: Pyroar|0 fnt\n|-hint|Special Shell Side Arm\n|faint|p1a: Pyroar\n|\n|upkeep\n|\n|t:|1733858603\n|switch|p1a: Keldeo|Keldeo-Resolute, L79|273/273\n|-activate|p1a: Keldeo|move: Sticky Web\n|-unboost|p1a: Keldeo|spe|1\n|-status|p1a: Keldeo|tox\n|turn|53\n|inactive|ugur_tatli has 120 seconds left.\n|c|\u2606ugur_tatli|you know what\n|c|\u2606ugur_tatli|good game man\n|\n|t:|1733858643\n|cant|p2a: Slowbro|par\n|move|p1a: Keldeo|Hydro Pump|p2a: Slowbro\n|-damage|p2a: Slowbro|0 fnt\n|faint|p2a: Slowbro\n|\n|-damage|p1a: Keldeo|256/273 tox|[from] psn\n|upkeep\n|\n|t:|1733858649\n|switch|p2a: Copperajah|Copperajah, L86, M|25/349\n|turn|54\n|\n|t:|1733858652\n|move|p2a: Copperajah|Supercell Slam|p1a: Keldeo\n|-supereffective|p1a: Keldeo\n|-damage|p1a: Keldeo|0 fnt\n|faint|p1a: Keldeo\n|\n|win|ChanceUser\n|raw|ugur_tatli's rating: 1752 &rarr; <strong>1734</strong><br />(-18 for losing)\n|raw|ChanceUser's rating: 1790 &rarr; <strong>1808</strong><br />(+18 for winning)\n", "inputlog": ">version bfd83cad13791eb5a5a409923076391caf6fb4d4\n>start {\"formatid\":\"gen9randombattle\",\"seed\":[26723,28315,29606,63530],\"rated\":\"Rated battle\"}\n>player p1 {\"name\":\"ugur_tatli\",\"avatar\":\"blue\",\"rating\":1752,\"seed\":[27858,64358,54361,5541]}\n>player p2 {\"name\":\"ChanceUser\",\"avatar\":\"2\",\"rating\":1790,\"seed\":[33560,49555,62400,62058]}\n>p1 move thunderwave\n>p2 switch 6\n>p1 switch 6\n>p2 move psychic\n>p1 move spikes\n>p2 switch 3\n>p1 move taunt\n>p2 move heavyslam\n>p1 switch 5\n>p2 move heavyslam\n>p1 move wish\n>p2 switch 2\n>p1 switch 5\n>p2 move stickyweb\n>p1 move spikes\n>p2 move knockoff\n>p1 move spikes\n>p2 move uturn\n>p2 switch 4\n>p1 switch 3\n>p2 move rapidspin\n>p1 move poltergeist\n>p2 switch 4\n>p1 switch 3\n>p2 move knockoff\n>p1 move crunch\n>p2 move circlethrow\n>p1 switch 3\n>p2 move knockoff\n>p1 move crunch\n>p2 move uturn\n>p2 switch 2\n>p1 move crunch\n>p2 move heavyslam\n>p1 switch 5\n>p1 move wish\n>p2 switch 3\n>p1 move scald\n>p2 move nastyplot\n>p1 move wish\n>p2 move nastyplot\n>p1 switch 3\n>p2 move nastyplot\n>p1 move poltergeist\n>p2 move shadowball\n>p2 switch 3\n>p1 switch 3\n>p2 move heavyslam\n>p1 move protect\n>p2 switch 4\n>p1 move protect\n>p2 move toxicspikes\n>p1 switch 3\n>p2 move sludgebomb\n>p1 move poltergeist\n>p2 switch 6\n>p1 move poltergeist\n>p2 move bravebird\n>p2 switch 6\n>p1 switch 3\n>p2 move surf\n>p1 move scald\n>p2 move rapidspin\n>p1 move scald\n>p2 move sludgebomb\n>p1 move wish\n>p2 move sludgebomb\n>p1 move protect\n>p2 switch 5\n>p1 move wish\n>p2 move shellsidearm\n>p1 move protect\n>p2 move psychic\n>p1 switch 3\n>p2 move shellsidearm\n>p1 switch 6\n>p1 move knockoff\n>p2 move trickroom\n>p1 move thunderwave\n>p2 move shellsidearm\n>p1 move psychicnoise\n>p2 switch 4\n>p1 move psychicnoise\n>p2 move heavyslam\n>p1 switch 3\n>p1 move scald\n>p2 switch 4\n>p1 move scald\n>p2 switch 5\n>p1 move scald\n>p2 move toxicspikes\n>p1 move wish\n>p2 move sludgebomb\n>p1 move protect\n>p2 move surf\n>p1 move wish\n>p2 move sludgebomb\n>p1 move protect\n>p2 move surf\n>p1 move scald\n>p2 move sludgebomb\n>p1 move wish\n>p2 move sludgebomb\n>p1 switch 4\n>p1 move hypervoice\n>p2 move rapidspin\n>p1 move hypervoice\n>p2 move surf\n>p2 switch 5\n>p1 move hypervoice\n>p2 move trickroom\n>p1 move hypervoice\n>p2 move shellsidearm\n>p1 switch 2\n>chat \u2606ugur_tatli|you know what\n>chat \u2606ugur_tatli|good game man\n>p1 move hydropump\n>p2 move psychic\n>p2 switch 4\n>p1 move hydropump\n>p2 move supercellslam", "uploadtime": 1733858656, "views": 1, "formatid": "gen9randombattle", "rating": 1734, "private": 0, "password": null}