{"id": "gen9randombattle-2260810610", "format": "[Gen 9] Random Battle", "players": ["TopHatPaladin", "FantasyWind"], "log": "|j|\u2606TopHatPaladin\n|j|\u203dFantasyWind\n|t:|1733896138\n|gametype|singles\n|player|p1|TopHatPaladin|will|1568\n|player|p2|FantasyWind|hilda|1601\n|teamsize|p1|6\n|teamsize|p2|6\n|gen|9\n|tier|[Gen 9] Random Battle\n|rated|\n|rule|Species Clause: Limit one of each Pok\u00e9mon\n|rule|HP Percentage Mod: HP is shown in percentages\n|rule|Sleep Clause Mod: Limit one foe put to sleep\n|rule|Illusion Level Mod: Illusion disguises the Pok\u00e9mon's true level\n|\n|t:|1733896138\n|start\n|switch|p1a: Clefable|Clefable, L83, M|293/293\n|switch|p2a: Electivire|Electivire, L84, M|263/263\n|turn|1\n|inactive|Battle timer is ON: inactive players will automatically lose when time's up. (requested by TopHatPaladin)\n|inactive|FantasyWind also wants the timer to be on.\n|\n|t:|1733896160\n|switch|p2a: Toxapex|Toxapex, L82, M|216/216\n|move|p1a: Clefable|Calm Mind|p1a: Clefable\n|-boost|p1a: Clefable|spa|1\n|-boost|p1a: Clefable|spd|1\n|\n|upkeep\n|turn|2\n|\n|t:|1733896174\n|switch|p1a: Latias|Latias, L79, F|256/256\n|move|p2a: Toxapex|Toxic|p1a: Latias\n|-status|p1a: Latias|tox\n|\n|-damage|p1a: Latias|240/256 tox|[from] psn\n|upkeep\n|turn|3\n|\n|t:|1733896183\n|switch|p2a: Grumpig|Grumpig, L92, M|297/297\n|move|p1a: Latias|Psyshock|p2a: Grumpig\n|-resisted|p2a: Grumpig\n|-damage|p2a: Grumpig|243/297\n|\n|-heal|p2a: Grumpig|261/297|[from] item: Leftovers\n|-damage|p1a: Latias|208/256 tox|[from] psn\n|upkeep\n|turn|4\n|\n|t:|1733896197\n|switch|p1a: Tornadus|Tornadus-Therian, L79, M|254/254\n|move|p2a: Grumpig|Nasty Plot|p2a: Grumpig\n|-boost|p2a: Grumpig|spa|2\n|\n|-heal|p2a: Grumpig|279/297|[from] item: Leftovers\n|upkeep\n|turn|5\n|\n|t:|1733896206\n|move|p1a: Tornadus|Bleakwind Storm|p2a: Grumpig\n|-damage|p2a: Grumpig|153/297\n|move|p2a: Grumpig|Psyshock|p1a: Tornadus\n|-damage|p1a: Tornadus|32/254\n|\n|-heal|p2a: Grumpig|171/297|[from] item: Leftovers\n|upkeep\n|turn|6\n|\n|t:|1733896212\n|move|p1a: Tornadus|Bleakwind Storm|p2a: Grumpig\n|-damage|p2a: Grumpig|50/297\n|move|p2a: Grumpig|Psyshock|p1a: Tornadus\n|-damage|p1a: Tornadus|0 fnt\n|faint|p1a: Tornadus\n|\n|-heal|p2a: Grumpig|68/297|[from] item: Leftovers\n|upkeep\n|\n|t:|1733896231\n|switch|p1a: Diancie|Diancie, L82|216/216\n|turn|7\n|\n|t:|1733896234\n|move|p2a: Grumpig|Earth Power|p1a: Diancie\n|-supereffective|p1a: Diancie\n|-damage|p1a: Diancie|10/216\n|move|p1a: Diancie|Diamond Storm|p2a: Grumpig\n|-damage|p2a: Grumpig|0 fnt\n|faint|p2a: Grumpig\n|\n|-heal|p1a: Diancie|23/216|[from] item: Leftovers\n|upkeep\n|\n|t:|1733896246\n|switch|p2a: Furret|Furret, L94, F|312/312\n|-item|p1a: Diancie|Leftovers|[from] ability: Frisk|[of] p2a: Furret\n|turn|8\n|\n|t:|1733896251\n|move|p2a: Furret|Knock Off|p1a: Diancie\n|-resisted|p1a: Diancie\n|-damage|p1a: Diancie|0 fnt\n|-enditem|p1a: Diancie|Leftovers|[from] move: Knock Off|[of] p2a: Furret\n|faint|p1a: Diancie\n|-damage|p2a: Furret|281/312|[from] item: Life Orb\n|\n|upkeep\n|\n|t:|1733896267\n|switch|p1a: Clefable|Clefable, L83, M|293/293\n|turn|9\n|\n|t:|1733896274\n|switch|p2a: Toxapex|Toxapex, L82, M|216/216\n|move|p1a: Clefable|Fire Blast|p2a: Toxapex\n|-resisted|p2a: Toxapex\n|-damage|p2a: Toxapex|185/216\n|\n|-heal|p2a: Toxapex|198/216|[from] item: Leftovers\n|upkeep\n|turn|10\n|\n|t:|1733896287\n|switch|p1a: Latias|Latias, L79, F|208/256 tox\n|switch|p2a: Regigigas|Regigigas, L84|322/322\n|-start|p2a: Regigigas|ability: Slow Start\n|\n|-damage|p1a: Latias|192/256 tox|[from] psn\n|upkeep\n|turn|11\n|\n|t:|1733896293\n|move|p2a: Regigigas|Protect|p2a: Regigigas\n|-singleturn|p2a: Regigigas|Protect\n|move|p1a: Latias|Draco Meteor|p2a: Regigigas\n|-activate|p2a: Regigigas|move: Protect\n|\n|-damage|p1a: Latias|160/256 tox|[from] psn\n|upkeep\n|turn|12\n|\n|t:|1733896302\n|switch|p1a: Clefable|Clefable, L83, M|293/293\n|move|p2a: Regigigas|Substitute|p2a: Regigigas\n|-start|p2a: Regigigas|Substitute\n|-damage|p2a: Regigigas|242/322\n|\n|-heal|p2a: Regigigas|262/322|[from] item: Leftovers\n|upkeep\n|turn|13\n|\n|t:|1733896309\n|move|p1a: Clefable|Calm Mind|p1a: Clefable\n|-boost|p1a: Clefable|spa|1\n|-boost|p1a: Clefable|spd|1\n|move|p2a: Regigigas|Body Slam|p1a: Clefable\n|-damage|p1a: Clefable|212/293\n|\n|-heal|p2a: Regigigas|282/322|[from] item: Leftovers\n|upkeep\n|turn|14\n|\n|t:|1733896314\n|move|p1a: Clefable|Moonblast|p2a: Regigigas\n|-end|p2a: Regigigas|Substitute\n|move|p2a: Regigigas|Body Slam|p1a: Clefable\n|-damage|p1a: Clefable|140/293\n|\n|-heal|p2a: Regigigas|302/322|[from] item: Leftovers\n|upkeep\n|turn|15\n|\n|t:|1733896320\n|move|p2a: Regigigas|Protect|p2a: Regigigas\n|-singleturn|p2a: Regigigas|Protect\n|move|p1a: Clefable|Fire Blast|p2a: Regigigas\n|-activate|p2a: Regigigas|move: Protect\n|\n|-heal|p2a: Regigigas|322/322|[from] item: Leftovers\n|-end|p2a: Regigigas|Slow Start\n|upkeep\n|turn|16\n|\n|t:|1733896324\n|move|p2a: Regigigas|Substitute|p2a: Regigigas\n|-start|p2a: Regigigas|Substitute\n|-damage|p2a: Regigigas|242/322\n|move|p1a: Clefable|Fire Blast|p2a: Regigigas\n|-end|p2a: Regigigas|Substitute\n|\n|-heal|p2a: Regigigas|262/322|[from] item: Leftovers\n|upkeep\n|turn|17\n|\n|t:|1733896328\n|move|p2a: Regigigas|Body Slam|p1a: Clefable\n|-damage|p1a: Clefable|0 fnt\n|faint|p1a: Clefable\n|\n|-heal|p2a: Regigigas|282/322|[from] item: Leftovers\n|upkeep\n|\n|t:|1733896332\n|switch|p1a: Ninetales|Ninetales, L85, M|263/263\n|-weather|SunnyDay|[from] ability: Drought|[of] p1a: Ninetales\n|turn|18\n|\n|t:|1733896338\n|move|p1a: Ninetales|Fire Blast|p2a: Regigigas\n|-damage|p2a: Regigigas|156/322\n|move|p2a: Regigigas|Body Slam|p1a: Ninetales\n|-damage|p1a: Ninetales|113/263\n|-status|p1a: Ninetales|par\n|\n|-weather|SunnyDay|[upkeep]\n|-heal|p2a: Regigigas|176/322|[from] item: Leftovers\n|upkeep\n|turn|19\n|\n|t:|1733896345\n|move|p2a: Regigigas|Body Slam|p1a: Ninetales\n|-damage|p1a: Ninetales|0 fnt\n|faint|p1a: Ninetales\n|\n|-weather|SunnyDay|[upkeep]\n|-heal|p2a: Regigigas|196/322|[from] item: Leftovers\n|upkeep\n|-message|TopHatPaladin forfeited.\n|\n|win|FantasyWind\n|raw|TopHatPaladin's rating: 1568 &rarr; <strong>1550</strong><br />(-18 for losing)\n|raw|FantasyWind's rating: 1601 &rarr; <strong>1619</strong><br />(+18 for winning)\n|l|\u2606TopHatPaladin\n|player|p1|\n", "inputlog": ">version bfd83cad13791eb5a5a409923076391caf6fb4d4\n>start {\"formatid\":\"gen9randombattle\",\"seed\":[8465,15732,63474,8918],\"rated\":\"Rated battle\"}\n>player p1 {\"name\":\"TopHatPaladin\",\"avatar\":\"will\",\"rating\":1568,\"seed\":[6157,45444,47875,50417]}\n>player p2 {\"name\":\"FantasyWind\",\"avatar\":\"hilda\",\"rating\":1601,\"seed\":[57975,54698,19828,43745]}\n>p1 move calmmind\n>p2 switch 3\n>p1 switch 5\n>p2 move toxic\n>p1 move psyshock\n>p2 switch 4\n>p1 switch 6\n>p2 move nastyplot\n>p1 move bleakwindstorm\n>p2 move psyshock\n>p1 move bleakwindstorm\n>p2 move psyshock\n>p1 switch 4\n>p1 move diamondstorm\n>p2 move earthpower\n>p2 switch 6\n>p1 move drainingkiss\n>p2 move knockoff\n>p1 switch 5\n>p1 move fireblast\n>p2 switch 4\n>p1 switch 6\n>p2 switch 5\n>p1 move dracometeor\n>p2 move protect\n>p1 switch 6\n>p2 move substitute\n>p1 move calmmind\n>p2 move bodyslam\n>p1 move moonblast\n>p2 move bodyslam\n>p1 move fireblast\n>p2 move protect\n>p1 move fireblast\n>p2 move substitute\n>p1 move moonblast\n>p2 move bodyslam\n>p1 switch 2\n>p1 move fireblast\n>p2 move bodyslam\n>p1 move fireblast\n>p2 move bodyslam\n>forcelose p1", "uploadtime": 1733896353, "views": 1, "formatid": "gen9randombattle", "rating": 1550, "private": 0, "password": null}