{"id": "gen9randombattle-2173329564", "format": "[Gen 9] Random Battle", "players": ["Fellow06", "suuurii"], "log": "|j|\u2606Fellow06\n|j|\u2606suuurii\n|t:|1722786123\n|gametype|singles\n|player|p1|Fellow06|veteranf|2191\n|player|p2|suuurii|flannery|2224\n|teamsize|p1|6\n|teamsize|p2|6\n|gen|9\n|tier|[Gen 9] Random Battle\n|rated|\n|rule|Species Clause: Limit one of each Pok\u00e9mon\n|rule|HP Percentage Mod: HP is shown in percentages\n|rule|Sleep Clause Mod: Limit one foe put to sleep\n|rule|Illusion Level Mod: Illusion disguises the Pok\u00e9mon's true level\n|\n|t:|1722786123\n|start\n|switch|p1a: Pawmot|Pawmot, L80, F|243/243\n|switch|p2a: Staraptor|Staraptor, L79, M|263/263\n|turn|1\n|inactive|Battle timer is ON: inactive players will automatically lose when time's up. (requested by Fellow06)\n|\n|t:|1722786140\n|switch|p2a: Eelektross|Eelektross, L87, F|290/290\n|move|p1a: Pawmot|Knock Off|p2a: Eelektross\n|-damage|p2a: Eelektross|183/290\n|-enditem|p2a: Eelektross|Assault Vest|[from] move: Knock Off|[of] p1a: Pawmot\n|-damage|p1a: Pawmot|219/243|[from] item: Life Orb\n|\n|upkeep\n|turn|2\n|\n|t:|1722786152\n|switch|p1a: Girafarig|Girafarig, L89, F|269/269\n|move|p2a: Eelektross|Flamethrower|p1a: Girafarig\n|-damage|p1a: Girafarig|213/269\n|\n|upkeep\n|turn|3\n|\n|t:|1722786155\n|move|p1a: Girafarig|Nasty Plot|p1a: Girafarig\n|-boost|p1a: Girafarig|spa|2\n|move|p2a: Eelektross|Knock Off|p1a: Girafarig\n|-supereffective|p1a: Girafarig\n|-damage|p1a: Girafarig|85/269\n|-enditem|p1a: Girafarig|Eviolite|[from] move: Knock Off|[of] p2a: Eelektross\n|\n|upkeep\n|turn|4\n|\n|t:|1722786158\n|move|p1a: Girafarig|Psychic|p2a: Eelektross\n|-damage|p2a: Eelektross|0 fnt\n|faint|p2a: Eelektross\n|\n|upkeep\n|\n|t:|1722786163\n|switch|p2a: Staraptor|Staraptor, L79, M|263/263\n|turn|5\n|\n|t:|1722786166\n|move|p2a: Staraptor|U-turn|p1a: Girafarig\n|-supereffective|p1a: Girafarig\n|-damage|p1a: Girafarig|0 fnt\n|faint|p1a: Girafarig\n|\n|t:|1722786173\n|switch|p2a: Rabsca|Rabsca, L91, M|284/284|[from] U-turn\n|\n|upkeep\n|\n|t:|1722786185\n|switch|p1a: Excadrill|Excadrill, L80, M|307/307\n|-ability|p1a: Excadrill|Mold Breaker\n|turn|6\n|\n|t:|1722786191\n|switch|p2a: Ursaring|Ursaring, L84, F|288/288\n|move|p1a: Excadrill|Swords Dance|p1a: Excadrill\n|-boost|p1a: Excadrill|atk|2\n|\n|upkeep\n|turn|7\n|\n|t:|1722786195\n|switch|p2a: Staraptor|Staraptor, L79, M|263/263\n|move|p1a: Excadrill|Earthquake|p2a: Staraptor\n|-immune|p2a: Staraptor\n|\n|upkeep\n|turn|8\n|\n|t:|1722786198\n|move|p2a: Staraptor|Close Combat|p1a: Excadrill\n|-supereffective|p1a: Excadrill\n|-damage|p1a: Excadrill|0 fnt\n|-unboost|p2a: Staraptor|def|1\n|-unboost|p2a: Staraptor|spd|1\n|faint|p1a: Excadrill\n|\n|upkeep\n|\n|t:|1722786202\n|switch|p1a: Sceptile|Sceptile, L87, F|264/264\n|turn|9\n|\n|t:|1722786206\n|switch|p2a: Toxapex|Toxapex, L82, M|216/216\n|move|p1a: Sceptile|Swords Dance|p1a: Sceptile\n|-boost|p1a: Sceptile|atk|2\n|\n|upkeep\n|turn|10\n|\n|t:|1722786217\n|-terastallize|p2a: Toxapex|Grass\n|move|p1a: Sceptile|Earthquake|p2a: Toxapex\n|-resisted|p2a: Toxapex\n|-damage|p2a: Toxapex|161/216\n|-damage|p1a: Sceptile|238/264|[from] item: Life Orb\n|move|p2a: Toxapex|Haze|p2a: Toxapex\n|-clearallboost\n|\n|upkeep\n|turn|11\n|\n|t:|1722786221\n|switch|p1a: Swalot|Swalot, L90, F|326/326\n|move|p2a: Toxapex|Toxic|p1a: Swalot|[miss]\n|-miss|p2a: Toxapex|p1a: Swalot\n|\n|upkeep\n|turn|12\n|\n|t:|1722786225\n|switch|p2a: Empoleon|Empoleon, L84, F|278/278\n|move|p1a: Swalot|Knock Off|p2a: Empoleon\n|-damage|p2a: Empoleon|214/278\n|-enditem|p2a: Empoleon|Leftovers|[from] move: Knock Off|[of] p1a: Swalot\n|\n|upkeep\n|turn|13\n|\n|t:|1722786229\n|switch|p1a: Abomasnow|Abomasnow, L85, F|291/291\n|-weather|Snow|[from] ability: Snow Warning|[of] p1a: Abomasnow\n|move|p2a: Empoleon|Knock Off|p1a: Abomasnow\n|-damage|p1a: Abomasnow|242/291\n|-enditem|p1a: Abomasnow|Light Clay|[from] move: Knock Off|[of] p2a: Empoleon\n|\n|-weather|Snow|[upkeep]\n|upkeep\n|turn|14\n|\n|t:|1722786235\n|switch|p2a: Staraptor|Staraptor, L79, M|263/263\n|move|p1a: Abomasnow|Aurora Veil|p1a: Abomasnow\n|-sidestart|p1: Fellow06|move: Aurora Veil\n|\n|-weather|Snow|[upkeep]\n|upkeep\n|turn|15\n|\n|t:|1722786238\n|-terastallize|p1a: Abomasnow|Water\n|move|p2a: Staraptor|Brave Bird|p1a: Abomasnow\n|-damage|p1a: Abomasnow|112/291\n|-damage|p2a: Staraptor|220/263|[from] Recoil\n|move|p1a: Abomasnow|Blizzard|p2a: Staraptor\n|-supereffective|p2a: Staraptor\n|-damage|p2a: Staraptor|0 fnt\n|faint|p2a: Staraptor\n|\n|-weather|Snow|[upkeep]\n|upkeep\n|\n|t:|1722786242\n|switch|p2a: Ursaring|Ursaring, L84, F|288/288\n|turn|16\n|\n|t:|1722786244\n|move|p1a: Abomasnow|Blizzard|p2a: Ursaring\n|-damage|p2a: Ursaring|203/288\n|move|p2a: Ursaring|Body Slam|p1a: Abomasnow\n|-damage|p1a: Abomasnow|50/291\n|\n|-weather|Snow|[upkeep]\n|upkeep\n|turn|17\n|\n|t:|1722786251\n|move|p1a: Abomasnow|Blizzard|p2a: Ursaring\n|-damage|p2a: Ursaring|107/288\n|move|p2a: Ursaring|Body Slam|p1a: Abomasnow\n|-damage|p1a: Abomasnow|0 fnt\n|faint|p1a: Abomasnow\n|\n|-weather|none\n|upkeep\n|\n|t:|1722786257\n|switch|p1a: Pawmot|Pawmot, L80, F|219/243\n|turn|18\n|\n|t:|1722786258\n|move|p1a: Pawmot|Close Combat|p2a: Ursaring\n|-supereffective|p2a: Ursaring\n|-damage|p2a: Ursaring|0 fnt\n|-unboost|p1a: Pawmot|def|1\n|-unboost|p1a: Pawmot|spd|1\n|faint|p2a: Ursaring\n|-damage|p1a: Pawmot|195/243|[from] item: Life Orb\n|\n|-sideend|p1: Fellow06|move: Aurora Veil\n|upkeep\n|\n|t:|1722786262\n|switch|p2a: Rabsca|Rabsca, L91, M|284/284\n|turn|19\n|\n|t:|1722786266\n|move|p1a: Pawmot|Knock Off|p2a: Rabsca\n|-supereffective|p2a: Rabsca\n|-damage|p2a: Rabsca|112/284\n|-enditem|p2a: Rabsca|Heavy-Duty Boots|[from] move: Knock Off|[of] p1a: Pawmot\n|-damage|p1a: Pawmot|171/243|[from] item: Life Orb\n|move|p2a: Rabsca|Psychic|p1a: Pawmot\n|-supereffective|p1a: Pawmot\n|-damage|p1a: Pawmot|0 fnt\n|faint|p1a: Pawmot\n|\n|upkeep\n|\n|t:|1722786271\n|switch|p1a: Sceptile|Sceptile, L87, F|238/264\n|turn|20\n|\n|t:|1722786287\n|move|p1a: Sceptile|Rock Slide|p2a: Rabsca\n|-supereffective|p2a: Rabsca\n|-damage|p2a: Rabsca|0 fnt\n|faint|p2a: Rabsca\n|-damage|p1a: Sceptile|212/264|[from] item: Life Orb\n|\n|upkeep\n|\n|t:|1722786292\n|switch|p2a: Empoleon|Empoleon, L84, F|214/278\n|turn|21\n|\n|t:|1722786297\n|move|p1a: Sceptile|Earthquake|p2a: Empoleon\n|-supereffective|p2a: Empoleon\n|-damage|p2a: Empoleon|37/278\n|-damage|p1a: Sceptile|186/264|[from] item: Life Orb\n|move|p2a: Empoleon|Ice Beam|p1a: Sceptile\n|-supereffective|p1a: Sceptile\n|-damage|p1a: Sceptile|38/264\n|\n|upkeep\n|turn|22\n|\n|t:|1722786302\n|switch|p2a: Toxapex|Toxapex, L82, M, tera:Grass|216/216\n|move|p1a: Sceptile|Leaf Blade|p2a: Toxapex\n|-resisted|p2a: Toxapex\n|-damage|p2a: Toxapex|161/216\n|-damage|p1a: Sceptile|0 fnt|[from] item: Rocky Helmet|[of] p2a: Toxapex\n|faint|p1a: Sceptile\n|\n|upkeep\n|\n|t:|1722786303\n|switch|p1a: Swalot|Swalot, L90, F|326/326\n|turn|23\n|\n|t:|1722786310\n|move|p1a: Swalot|Knock Off|p2a: Toxapex\n|-damage|p2a: Toxapex|121/216\n|-damage|p1a: Swalot|272/326|[from] item: Rocky Helmet|[of] p2a: Toxapex\n|-enditem|p2a: Toxapex|Rocky Helmet|[from] move: Knock Off|[of] p1a: Swalot\n|move|p2a: Toxapex|Liquidation|p1a: Swalot\n|-damage|p1a: Swalot|208/326\n|\n|-heal|p1a: Swalot|228/326|[from] item: Leftovers\n|upkeep\n|turn|24\n|\n|t:|1722786314\n|move|p1a: Swalot|Sludge Bomb|p2a: Toxapex\n|-supereffective|p2a: Toxapex\n|-crit|p2a: Toxapex\n|-damage|p2a: Toxapex|0 fnt\n|faint|p2a: Toxapex\n|\n|-heal|p1a: Swalot|248/326|[from] item: Leftovers\n|upkeep\n|\n|t:|1722786317\n|switch|p2a: Empoleon|Empoleon, L84, F|37/278\n|turn|25\n|\n|t:|1722786319\n|move|p1a: Swalot|Knock Off|p2a: Empoleon\n|-damage|p2a: Empoleon|0 fnt\n|faint|p2a: Empoleon\n|\n|win|Fellow06\n|raw|Fellow06's rating: 2191 &rarr; <strong>2213</strong><br />(+22 for winning)\n|raw|suuurii's rating: 2224 &rarr; <strong>2202</strong><br />(-22 for losing)\n", "inputlog": ">version 4360de0a8e68d59f2e365e61bed8c1683ebaca20\n>start {\"formatid\":\"gen9randombattle\",\"seed\":[25361,63842,12308,9996],\"rated\":\"Rated battle\"}\n>player p1 {\"name\":\"Fellow06\",\"avatar\":\"veteranf\",\"rating\":2191,\"seed\":[32191,56479,50518,50564]}\n>player p2 {\"name\":\"suuurii\",\"avatar\":\"flannery\",\"rating\":2224,\"seed\":[27799,2626,41392,31855]}\n>p1 move knockoff\n>p2 switch 3\n>p1 switch 6\n>p2 move flamethrower\n>p1 move nastyplot\n>p2 move knockoff\n>p1 move psychic\n>p2 move discharge\n>p2 switch 3\n>p1 move psychic\n>p2 move uturn\n>p2 switch 6\n>p1 switch 5\n>p1 move swordsdance\n>p2 switch 2\n>p1 move earthquake\n>p2 switch 6\n>p1 move rapidspin\n>p2 move closecombat\n>p1 switch 4\n>p1 move swordsdance\n>p2 switch 4\n>p1 move earthquake\n>p2 move haze terastallize\n>p1 switch 2\n>p2 move toxic\n>p1 move knockoff\n>p2 switch 5\n>p1 switch 3\n>p2 move knockoff\n>p1 move auroraveil\n>p2 switch 4\n>p1 move blizzard terastallize\n>p2 move bravebird\n>p2 switch 6\n>p1 move blizzard\n>p2 move bodyslam\n>p1 move blizzard\n>p2 move bodyslam\n>p1 switch 6\n>p1 move closecombat\n>p2 move throatchop\n>p2 switch 2\n>p1 move knockoff\n>p2 move psychic\n>p1 switch 2\n>p1 move rockslide\n>p2 move bugbuzz\n>p2 switch 4\n>p1 move earthquake\n>p2 move icebeam\n>p1 move leafblade\n>p2 switch 5\n>p1 switch 3\n>p1 move knockoff\n>p2 move liquidation\n>p1 move sludgebomb\n>p2 move recover\n>p2 switch 5\n>p1 move knockoff\n>p2 move surf", "uploadtime": 1722786323, "views": 136, "formatid": "gen9randombattle", "rating": 2202, "private": 0, "password": null}