{"id": "gen9randombattle-2260587390", "format": "[Gen 9] Random Battle", "players": ["MidnightMadman", "poisonous_strawbs"], "log": "|j|\u2606MidnightMadman\n|j|\u2606poisonous_strawbs\n|t:|1733866459\n|gametype|singles\n|player|p1|MidnightMadman|266|1336\n|player|p2|poisonous_strawbs|miku-water|1348\n|teamsize|p1|6\n|teamsize|p2|6\n|gen|9\n|tier|[Gen 9] Random Battle\n|rated|\n|rule|Species Clause: Limit one of each Pok\u00e9mon\n|rule|HP Percentage Mod: HP is shown in percentages\n|rule|Sleep Clause Mod: Limit one foe put to sleep\n|rule|Illusion Level Mod: Illusion disguises the Pok\u00e9mon's true level\n|\n|t:|1733866459\n|start\n|switch|p1a: Camerupt|Camerupt, L91, F|275/275\n|switch|p2a: Slaking|Slaking, L84, M|389/389\n|turn|1\n|inactive|Battle timer is ON: inactive players will automatically lose when time's up. (requested by MidnightMadman)\n|\n|t:|1733866467\n|move|p2a: Slaking|Giga Impact|p1a: Camerupt\n|-damage|p1a: Camerupt|1/275\n|-mustrecharge|p2a: Slaking\n|move|p1a: Camerupt|Stealth Rock|p2a: Slaking\n|-sidestart|p2: poisonous_strawbs|move: Stealth Rock\n|\n|-heal|p1a: Camerupt|18/275|[from] item: Leftovers\n|upkeep\n|turn|2\n|\n|t:|1733866483\n|switch|p1a: Registeel|Registeel, L81|262/262\n|cant|p2a: Slaking|recharge\n|\n|upkeep\n|turn|3\n|\n|t:|1733866491\n|switch|p2a: Flygon|Flygon, L82, M|265/265\n|-damage|p2a: Flygon|249/265|[from] Stealth Rock\n|move|p1a: Registeel|Iron Defense|p1a: Registeel\n|-boost|p1a: Registeel|def|2\n|\n|upkeep\n|turn|4\n|\n|t:|1733866504\n|-terastallize|p1a: Registeel|Fighting\n|move|p2a: Flygon|Dragon Dance|p2a: Flygon\n|-boost|p2a: Flygon|atk|1\n|-boost|p2a: Flygon|spe|1\n|move|p1a: Registeel|Iron Defense|p1a: Registeel\n|-boost|p1a: Registeel|def|2\n|\n|upkeep\n|turn|5\n|\n|t:|1733866513\n|move|p2a: Flygon|Outrage|p1a: Registeel\n|-damage|p1a: Registeel|220/262\n|move|p1a: Registeel|Body Press|p2a: Flygon\n|-damage|p2a: Flygon|0 fnt\n|faint|p2a: Flygon\n|\n|upkeep\n|\n|t:|1733866522\n|switch|p2a: Diancie|Diancie, L82|216/216\n|-damage|p2a: Diancie|189/216|[from] Stealth Rock\n|turn|6\n|\n|t:|1733866527\n|move|p2a: Diancie|Moonblast|p1a: Registeel\n|-supereffective|p1a: Registeel\n|-crit|p1a: Registeel\n|-damage|p1a: Registeel|32/262\n|move|p1a: Registeel|Iron Head|p2a: Diancie\n|-supereffective|p2a: Diancie\n|-damage|p2a: Diancie|9/216\n|\n|-heal|p2a: Diancie|22/216|[from] item: Leftovers\n|upkeep\n|turn|7\n|\n|t:|1733866545\n|move|p2a: Diancie|Moonblast|p1a: Registeel\n|-supereffective|p1a: Registeel\n|-damage|p1a: Registeel|0 fnt\n|faint|p1a: Registeel\n|\n|-heal|p2a: Diancie|35/216|[from] item: Leftovers\n|upkeep\n|inactive|MidnightMadman has 120 seconds left.\n|\n|t:|1733866568\n|switch|p1a: Rabsca|Rabsca, L91, M|284/284\n|turn|8\n|\n|t:|1733866575\n|move|p1a: Rabsca|Psychic|p2a: Diancie\n|-damage|p2a: Diancie|0 fnt\n|faint|p2a: Diancie\n|\n|upkeep\n|\n|t:|1733866594\n|switch|p2a: Haxorus|Haxorus, L77, F|244/244\n|-damage|p2a: Haxorus|214/244|[from] Stealth Rock\n|-ability|p2a: Haxorus|Mold Breaker\n|turn|9\n|\n|t:|1733866607\n|move|p2a: Haxorus|Scale Shot|p1a: Rabsca|[miss]\n|-miss|p2a: Haxorus|p1a: Rabsca\n|move|p1a: Rabsca|Revival Blessing|p1a: Rabsca\n|\n|t:|1733866611\n|-heal|p1: Registeel|131/262|[from] move: Revival Blessing\n|\n|upkeep\n|turn|10\n|\n|t:|1733866629\n|-terastallize|p2a: Haxorus|Steel\n|move|p2a: Haxorus|Swords Dance|p2a: Haxorus\n|-boost|p2a: Haxorus|atk|2\n|move|p1a: Rabsca|Psychic|p2a: Haxorus\n|-resisted|p2a: Haxorus\n|-damage|p2a: Haxorus|127/244\n|\n|upkeep\n|turn|11\n|\n|t:|1733866636\n|move|p2a: Haxorus|Scale Shot|p1a: Rabsca\n|-damage|p1a: Rabsca|223/284\n|-damage|p1a: Rabsca|169/284\n|-damage|p1a: Rabsca|111/284\n|-damage|p1a: Rabsca|48/284\n|-hitcount|p1a: Rabsca|4\n|-unboost|p2a: Haxorus|def|1\n|-boost|p2a: Haxorus|spe|1\n|move|p1a: Rabsca|Earth Power|p2a: Haxorus\n|-supereffective|p2a: Haxorus\n|-damage|p2a: Haxorus|0 fnt\n|faint|p2a: Haxorus\n|\n|upkeep\n|-message|poisonous_strawbs forfeited.\n|\n|win|MidnightMadman\n|raw|MidnightMadman's rating: 1336 &rarr; <strong>1357</strong><br />(+21 for winning)\n|raw|poisonous_strawbs's rating: 1348 &rarr; <strong>1327</strong><br />(-21 for losing)\n|l|\u2606poisonous_strawbs\n|player|p2|\n", "inputlog": ">version bfd83cad13791eb5a5a409923076391caf6fb4d4\n>start {\"formatid\":\"gen9randombattle\",\"seed\":[53857,4053,38252,37310],\"rated\":\"Rated battle\"}\n>player p1 {\"name\":\"MidnightMadman\",\"avatar\":\"266\",\"rating\":1336,\"seed\":[14803,14707,22865,14180]}\n>player p2 {\"name\":\"poisonous_strawbs\",\"avatar\":\"miku-water\",\"rating\":1348,\"seed\":[16922,51834,42668,6986]}\n>p1 move stealthrock\n>p2 move gigaimpact\n>p1 switch 4\n>p2 move recharge\n>p1 move irondefense\n>p2 switch 2\n>p1 move irondefense terastallize\n>p2 move dragondance\n>p1 move bodypress\n>p2 move outrage\n>p2 switch 4\n>p1 move ironhead\n>p2 move moonblast\n>p1 move rest\n>p2 move moonblast\n>p1 switch 2\n>p1 move psychic\n>p2 move rockpolish\n>p2 switch 5\n>p1 move revivalblessing\n>p2 move scaleshot\n>p1 switch 2\n>p1 move psychic\n>p2 move swordsdance terastallize\n>p1 move earthpower\n>p2 move scaleshot\n>forcelose p2", "uploadtime": 1733866661, "views": 1, "formatid": "gen9randombattle", "rating": 1327, "private": 0, "password": null}