{"id": "gen9randombattle-2259966517", "format": "[Gen 9] Random Battle", "players": ["loveandlighttv1234", "80% never hits"], "log": "|j|\u2606loveandlighttv1234\n|j|\u260680% never hits\n|t:|1733785291\n|gametype|singles\n|player|p1|loveandlighttv1234|cheryl|1683\n|player|p2|80% never hits|170|1660\n|teamsize|p1|6\n|teamsize|p2|6\n|gen|9\n|tier|[Gen 9] Random Battle\n|rated|\n|rule|Species Clause: Limit one of each Pok\u00e9mon\n|rule|HP Percentage Mod: HP is shown in percentages\n|rule|Sleep Clause Mod: Limit one foe put to sleep\n|rule|Illusion Level Mod: Illusion disguises the Pok\u00e9mon's true level\n|\n|t:|1733785291\n|start\n|switch|p1a: Klefki|Klefki, L84, F|233/233\n|switch|p2a: Drednaw|Drednaw, L81, F|278/278\n|turn|1\n|inactive|Battle timer is ON: inactive players will automatically lose when time's up. (requested by loveandlighttv1234)\n|inactive|80% never hits has 120 seconds left.\n|inactive|80% never hits has 90 seconds left.\n|\n|t:|1733785359\n|switch|p2a: Hippowdon|Hippowdon, L82, M|311/311\n|-weather|Sandstorm|[from] ability: Sand Stream|[of] p2a: Hippowdon\n|move|p1a: Klefki|Thunder Wave|p2a: Hippowdon\n|-immune|p2a: Hippowdon\n|\n|-weather|Sandstorm|[upkeep]\n|upkeep\n|turn|2\n|\n|t:|1733785377\n|switch|p1a: Zarude|Zarude-Dada, L78|292/292\n|move|p2a: Hippowdon|Curse|p2a: Hippowdon\n|-unboost|p2a: Hippowdon|spe|1\n|-boost|p2a: Hippowdon|atk|1\n|-boost|p2a: Hippowdon|def|1\n|\n|-weather|Sandstorm|[upkeep]\n|-damage|p1a: Zarude|274/292|[from] Sandstorm\n|upkeep\n|turn|3\n|\n|t:|1733785385\n|switch|p2a: Zapdos|Zapdos-Galar, L77|265/265\n|move|p1a: Zarude|Swords Dance|p1a: Zarude\n|-boost|p1a: Zarude|atk|2\n|\n|-weather|Sandstorm|[upkeep]\n|-damage|p1a: Zarude|256/292|[from] Sandstorm\n|-damage|p2a: Zapdos|249/265|[from] Sandstorm\n|upkeep\n|turn|4\n|\n|t:|1733785404\n|switch|p1a: Klefki|Klefki, L84, F|233/233\n|move|p2a: Zapdos|Close Combat|p1a: Klefki\n|-damage|p1a: Klefki|64/233\n|-unboost|p2a: Zapdos|def|1\n|-unboost|p2a: Zapdos|spd|1\n|-damage|p2a: Zapdos|223/265|[from] item: Life Orb\n|\n|-weather|Sandstorm|[upkeep]\n|-damage|p2a: Zapdos|207/265|[from] Sandstorm\n|-heal|p1a: Klefki|78/233|[from] item: Leftovers\n|upkeep\n|turn|5\n|\n|t:|1733785419\n|switch|p2a: Hippowdon|Hippowdon, L82, M|311/311\n|move|p1a: Klefki|Spikes|p2a: Hippowdon\n|-sidestart|p2: 80% never hits|Spikes\n|\n|-weather|none\n|-heal|p1a: Klefki|92/233|[from] item: Leftovers\n|upkeep\n|turn|6\n|\n|t:|1733785438\n|switch|p1a: Zarude|Zarude-Dada, L78|256/292\n|move|p2a: Hippowdon|Earthquake|p1a: Zarude\n|-resisted|p1a: Zarude\n|-damage|p1a: Zarude|206/292\n|\n|upkeep\n|turn|7\n|\n|t:|1733785448\n|switch|p2a: Zapdos|Zapdos-Galar, L77|207/265\n|move|p1a: Zarude|Power Whip|p2a: Zapdos\n|-resisted|p2a: Zapdos\n|-damage|p2a: Zapdos|112/265\n|-damage|p1a: Zarude|177/292|[from] item: Life Orb\n|\n|upkeep\n|turn|8\n|\n|t:|1733785458\n|switch|p1a: Tornadus|Tornadus-Therian, L79, M|254/254\n|move|p2a: Zapdos|Close Combat|p1a: Tornadus\n|-resisted|p1a: Tornadus\n|-damage|p1a: Tornadus|158/254\n|-unboost|p2a: Zapdos|def|1\n|-unboost|p2a: Zapdos|spd|1\n|-damage|p2a: Zapdos|86/265|[from] item: Life Orb\n|\n|upkeep\n|turn|9\n|\n|t:|1733785473\n|move|p1a: Tornadus|U-turn|p2a: Zapdos\n|-resisted|p2a: Zapdos\n|-damage|p2a: Zapdos|68/265\n|\n|t:|1733785478\n|switch|p1a: Klefki|Klefki, L84, F|92/233|[from] U-turn\n|move|p2a: Zapdos|Brave Bird|p1a: Klefki\n|-resisted|p1a: Klefki\n|-damage|p1a: Klefki|5/233\n|-damage|p2a: Zapdos|39/265|[from] Recoil\n|-damage|p2a: Zapdos|13/265|[from] item: Life Orb\n|\n|-heal|p1a: Klefki|19/233|[from] item: Leftovers\n|upkeep\n|turn|10\n|\n|t:|1733785488\n|move|p1a: Klefki|Spikes|p2a: Zapdos\n|-sidestart|p2: 80% never hits|Spikes\n|move|p2a: Zapdos|Knock Off|p1a: Klefki\n|-resisted|p1a: Klefki\n|-damage|p1a: Klefki|0 fnt\n|-enditem|p1a: Klefki|Leftovers|[from] move: Knock Off|[of] p2a: Zapdos\n|faint|p1a: Klefki\n|-damage|p2a: Zapdos|0 fnt|[from] item: Life Orb\n|faint|p2a: Zapdos\n|\n|upkeep\n|\n|t:|1733785500\n|switch|p2a: Typhlosion|Typhlosion, L84, M|267/267\n|switch|p1a: Zarude|Zarude-Dada, L78|177/292\n|-damage|p2a: Typhlosion|223/267|[from] Spikes\n|turn|11\n|\n|t:|1733785513\n|switch|p1a: Tornadus|Tornadus-Therian, L79, M|242/254\n|move|p2a: Typhlosion|Fire Blast|p1a: Tornadus|[miss]\n|-miss|p2a: Typhlosion|p1a: Tornadus\n|\n|upkeep\n|turn|12\n|\n|t:|1733785520\n|move|p1a: Tornadus|Knock Off|p2a: Typhlosion\n|-damage|p2a: Typhlosion|157/267\n|-enditem|p2a: Typhlosion|Choice Specs|[from] move: Knock Off|[of] p1a: Tornadus\n|move|p2a: Typhlosion|Fire Blast|p1a: Tornadus\n|-damage|p1a: Tornadus|157/254\n|\n|upkeep\n|turn|13\n|\n|t:|1733785528\n|move|p1a: Tornadus|Bleakwind Storm|p2a: Typhlosion\n|-damage|p2a: Typhlosion|43/267\n|-unboost|p2a: Typhlosion|spe|1\n|move|p2a: Typhlosion|Fire Blast|p1a: Tornadus\n|-damage|p1a: Tornadus|19/254\n|\n|upkeep\n|turn|14\n|\n|t:|1733785546\n|move|p1a: Tornadus|U-turn|p2a: Typhlosion\n|-resisted|p2a: Typhlosion\n|-damage|p2a: Typhlosion|19/267\n|\n|t:|1733785554\n|switch|p1a: Lanturn|Lanturn, L89, M|367/367|[from] U-turn\n|move|p2a: Typhlosion|Fire Blast|p1a: Lanturn\n|-resisted|p1a: Lanturn\n|-damage|p1a: Lanturn|273/367\n|\n|upkeep\n|turn|15\n|l|\u2606loveandlighttv1234\n|inactive|loveandlighttv1234 disconnected and has a minute to reconnect!\n|player|p1|\n|j|\u2606loveandlighttv1234\n|inactive|loveandlighttv1234 reconnected and has 125 seconds left.\n|player|p1|loveandlighttv1234|cheryl|\n|inactive|loveandlighttv1234 has 120 seconds left.\n|\n|t:|1733785585\n|move|p1a: Lanturn|Scald|p2a: Typhlosion\n|-supereffective|p2a: Typhlosion\n|-damage|p2a: Typhlosion|0 fnt\n|faint|p2a: Typhlosion\n|\n|upkeep\n|inactive|80% never hits has 120 seconds left.\n|inactive|80% never hits has 90 seconds left.\n|inactive|80% never hits has 60 seconds left.\n|inactive|80% never hits has 30 seconds left.\n|inactive|80% never hits has 20 seconds left.\n|inactive|80% never hits has 15 seconds left.\n|inactive|80% never hits has 10 seconds left.\n|l|\u260680% never hits\n|inactive|80% never hits disconnected and has a minute to reconnect!\n|player|p2|\n|inactive|80% never hits has 5 seconds left.\n|-message|80% never hits lost due to inactivity.\n|\n|win|loveandlighttv1234\n|raw|loveandlighttv1234's rating: 1683 &rarr; <strong>1702</strong><br />(+19 for winning)\n|raw|80% never hits's rating: 1660 &rarr; <strong>1641</strong><br />(-19 for losing)\n", "inputlog": ">version bfd83cad13791eb5a5a409923076391caf6fb4d4\n>start {\"formatid\":\"gen9randombattle\",\"seed\":[61850,50794,4343,1696],\"rated\":\"Rated battle\"}\n>player p1 {\"name\":\"loveandlighttv1234\",\"avatar\":\"cheryl\",\"rating\":1683,\"seed\":[55911,17700,42777,374]}\n>player p2 {\"name\":\"80% never hits\",\"avatar\":\"170\",\"rating\":1660,\"seed\":[4224,48073,28891,3186]}\n>p1 move thunderwave\n>p2 switch 5\n>p1 switch 3\n>p2 move curse\n>p1 move swordsdance\n>p2 switch 4\n>p1 switch 3\n>p2 move closecombat\n>p1 move spikes\n>p2 switch 4\n>p1 switch 3\n>p2 move earthquake\n>p1 move powerwhip\n>p2 switch 4\n>p1 switch 5\n>p2 move closecombat\n>p1 move uturn\n>p2 move bravebird\n>p1 switch 3\n>p1 move spikes\n>p2 move knockoff\n>p1 switch 5\n>p2 switch 3\n>p1 switch 3\n>p2 move fireblast\n>p1 move knockoff\n>p2 move fireblast\n>p1 move bleakwindstorm\n>p2 move fireblast\n>p1 move uturn\n>p2 move fireblast\n>p1 switch 4\n>p1 move scald\n>p2 move scorchingsands\n>forcelose p2", "uploadtime": 1733785741, "views": 2, "formatid": "gen9randombattle", "rating": 1641, "private": 0, "password": null}