{"id": "gen9randombattle-2260781809", "format": "[Gen 9] Random Battle", "players": ["al pil pil", "mudkipnerd101010"], "log": "|j|\u2606al pil pil\n|j|\u2606mudkipnerd101010\n|t:|1733891174\n|gametype|singles\n|player|p1|al pil pil|pokemaniac|1981\n|player|p2|mudkipnerd101010|102|1906\n|teamsize|p1|6\n|teamsize|p2|6\n|gen|9\n|tier|[Gen 9] Random Battle\n|rated|\n|rule|Species Clause: Limit one of each Pok\u00e9mon\n|rule|HP Percentage Mod: HP is shown in percentages\n|rule|Sleep Clause Mod: Limit one foe put to sleep\n|rule|Illusion Level Mod: Illusion disguises the Pok\u00e9mon's true level\n|\n|t:|1733891174\n|start\n|switch|p1a: Magcargo|Magcargo, L95, F|268/268\n|switch|p2a: Terrakion|Terrakion, L79|273/273\n|turn|1\n|\n|t:|1733891245\n|switch|p1a: Wyrdeer|Wyrdeer, L87, F|321/321\n|-ability|p1a: Wyrdeer|Intimidate|boost\n|-unboost|p2a: Terrakion|atk|1\n|move|p2a: Terrakion|Stone Edge|p1a: Wyrdeer\n|-damage|p1a: Wyrdeer|194/321\n|\n|-heal|p1a: Wyrdeer|214/321|[from] item: Leftovers\n|upkeep\n|turn|2\n|\n|t:|1733891274\n|switch|p2a: Rotom|Rotom, L88|231/231\n|move|p1a: Wyrdeer|Thunder Wave|p2a: Rotom|[miss]\n|-miss|p1a: Wyrdeer|p2a: Rotom\n|\n|-heal|p1a: Wyrdeer|234/321|[from] item: Leftovers\n|upkeep\n|turn|3\n|\n|t:|1733891289\n|switch|p1a: Wo-Chien|Wo-Chien, L83|277/277\n|-ability|p1a: Wo-Chien|Tablets of Ruin\n|move|p2a: Rotom|Volt Switch|p1a: Wo-Chien\n|-resisted|p1a: Wo-Chien\n|-damage|p1a: Wo-Chien|242/277\n|-damage|p2a: Rotom|208/231|[from] item: Life Orb\n|\n|t:|1733891299\n|switch|p2a: Emboar|Emboar, L84, F|322/322|[from] Volt Switch\n|\n|-heal|p1a: Wo-Chien|259/277|[from] item: Leftovers\n|upkeep\n|turn|4\n|\n|t:|1733891342\n|switch|p1a: Wyrdeer|Wyrdeer, L87, F|234/321\n|-ability|p1a: Wyrdeer|Intimidate|boost\n|-unboost|p2a: Emboar|atk|1\n|move|p2a: Emboar|Flare Blitz|p1a: Wyrdeer\n|-damage|p1a: Wyrdeer|92/321\n|-damage|p2a: Emboar|275/322|[from] Recoil\n|\n|-heal|p1a: Wyrdeer|112/321|[from] item: Leftovers\n|upkeep\n|turn|5\n|\n|t:|1733891361\n|switch|p2a: Rotom|Rotom, L88|208/231\n|move|p1a: Wyrdeer|Psychic Noise|p2a: Rotom\n|-damage|p2a: Rotom|117/231\n|-start|p2a: Rotom|move: Heal Block\n|\n|-heal|p1a: Wyrdeer|132/321|[from] item: Leftovers\n|upkeep\n|turn|6\n|\n|t:|1733891371\n|switch|p1a: Wo-Chien|Wo-Chien, L83|259/277\n|-ability|p1a: Wo-Chien|Tablets of Ruin\n|move|p2a: Rotom|Will-O-Wisp|p1a: Wo-Chien\n|-status|p1a: Wo-Chien|brn\n|\n|-heal|p1a: Wo-Chien|276/277 brn|[from] item: Leftovers\n|-damage|p1a: Wo-Chien|259/277 brn|[from] brn\n|-end|p2a: Rotom|move: Heal Block\n|upkeep\n|turn|7\n|\n|t:|1733891412\n|switch|p2a: Terrakion|Terrakion, L79|273/273\n|move|p1a: Wo-Chien|Stun Spore|p2a: Terrakion\n|-status|p2a: Terrakion|par\n|\n|-heal|p1a: Wo-Chien|276/277 brn|[from] item: Leftovers\n|-damage|p1a: Wo-Chien|259/277 brn|[from] brn\n|upkeep\n|turn|8\n|\n|t:|1733891422\n|move|p1a: Wo-Chien|Protect|p1a: Wo-Chien\n|-singleturn|p1a: Wo-Chien|Protect\n|move|p2a: Terrakion|Close Combat|p1a: Wo-Chien\n|-activate|p1a: Wo-Chien|move: Protect\n|\n|-heal|p1a: Wo-Chien|276/277 brn|[from] item: Leftovers\n|-damage|p1a: Wo-Chien|259/277 brn|[from] brn\n|upkeep\n|turn|9\n|\n|t:|1733891447\n|switch|p1a: Wyrdeer|Wyrdeer, L87, F|132/321\n|-ability|p1a: Wyrdeer|Intimidate|boost\n|-unboost|p2a: Terrakion|atk|1\n|move|p2a: Terrakion|Close Combat|p1a: Wyrdeer\n|-crit|p1a: Wyrdeer\n|-damage|p1a: Wyrdeer|0 fnt\n|-unboost|p2a: Terrakion|def|1\n|-unboost|p2a: Terrakion|spd|1\n|faint|p1a: Wyrdeer\n|\n|upkeep\n|\n|t:|1733891491\n|switch|p1a: Magcargo|Magcargo, L95, F|268/268\n|turn|10\n|\n|t:|1733891527\n|-terastallize|p1a: Magcargo|Dragon\n|move|p1a: Magcargo|Shell Smash|p1a: Magcargo\n|-unboost|p1a: Magcargo|def|1\n|-unboost|p1a: Magcargo|spd|1\n|-boost|p1a: Magcargo|atk|2\n|-boost|p1a: Magcargo|spa|2\n|-boost|p1a: Magcargo|spe|2\n|move|p2a: Terrakion|Close Combat|p1a: Magcargo\n|-damage|p1a: Magcargo|126/268\n|-unboost|p2a: Terrakion|def|1\n|-unboost|p2a: Terrakion|spd|1\n|-ability|p1a: Magcargo|Weak Armor|boost\n|-unboost|p1a: Magcargo|def|1\n|-boost|p1a: Magcargo|spe|2\n|\n|upkeep\n|turn|11\n|\n|t:|1733891571\n|move|p1a: Magcargo|Earth Power|p2a: Terrakion\n|-supereffective|p2a: Terrakion\n|-damage|p2a: Terrakion|0 fnt\n|faint|p2a: Terrakion\n|\n|upkeep\n|\n|t:|1733891598\n|switch|p2a: Greedent|Greedent, L86, M|347/347\n|turn|12\n|\n|t:|1733891620\n|move|p1a: Magcargo|Fire Blast|p2a: Greedent\n|-crit|p2a: Greedent\n|-damage|p2a: Greedent|0 fnt\n|faint|p2a: Greedent\n|\n|upkeep\n|\n|t:|1733891629\n|switch|p2a: Appletun|Appletun, L92, F|352/352\n|turn|13\n|\n|t:|1733891649\n|move|p1a: Magcargo|Power Gem|p2a: Appletun\n|-damage|p2a: Appletun|133/352\n|move|p2a: Appletun|Dragon Pulse|p1a: Magcargo\n|-supereffective|p1a: Magcargo\n|-damage|p1a: Magcargo|0 fnt\n|faint|p1a: Magcargo\n|\n|-heal|p2a: Appletun|155/352|[from] item: Leftovers\n|upkeep\n|\n|t:|1733891716\n|switch|p1a: Raichu|Raichu, L88, M|249/249\n|turn|14\n|\n|t:|1733891722\n|move|p1a: Raichu|Alluring Voice|p2a: Appletun\n|-supereffective|p2a: Appletun\n|-damage|p2a: Appletun|0 fnt\n|faint|p2a: Appletun\n|\n|upkeep\n|\n|t:|1733891757\n|switch|p2a: Ogerpon|Ogerpon, L80, F|259/259\n|turn|15\n|\n|t:|1733891837\n|switch|p1a: Mandibuzz|Mandibuzz, L85, F|326/326\n|move|p2a: Ogerpon|Ivy Cudgel|p1a: Mandibuzz\n|-resisted|p1a: Mandibuzz\n|-damage|p1a: Mandibuzz|275/326\n|\n|upkeep\n|turn|16\n|\n|t:|1733891853\n|move|p2a: Ogerpon|Spikes|p1a: Mandibuzz\n|-sidestart|p1: al pil pil|Spikes\n|move|p1a: Mandibuzz|Toxic|p2a: Ogerpon|[miss]\n|-miss|p1a: Mandibuzz|p2a: Ogerpon\n|\n|upkeep\n|turn|17\n|\n|t:|1733891866\n|move|p2a: Ogerpon|Encore|p1a: Mandibuzz\n|-start|p1a: Mandibuzz|Encore\n|move|p1a: Mandibuzz|Toxic|p2a: Ogerpon|[miss]\n|-miss|p1a: Mandibuzz|p2a: Ogerpon\n|\n|upkeep\n|turn|18\n|\n|t:|1733891880\n|switch|p2a: Emboar|Emboar, L84, F|275/322\n|move|p1a: Mandibuzz|Toxic|p2a: Emboar\n|-status|p2a: Emboar|tox\n|\n|-damage|p2a: Emboar|255/322 tox|[from] psn\n|upkeep\n|turn|19\n|\n|t:|1733891912\n|switch|p1a: Wo-Chien|Wo-Chien, L83|259/277 brn\n|-damage|p1a: Wo-Chien|225/277 brn|[from] Spikes\n|-ability|p1a: Wo-Chien|Tablets of Ruin\n|move|p2a: Emboar|Close Combat|p1a: Wo-Chien\n|-supereffective|p1a: Wo-Chien\n|-damage|p1a: Wo-Chien|33/277 brn\n|-unboost|p2a: Emboar|def|1\n|-unboost|p2a: Emboar|spd|1\n|\n|-heal|p1a: Wo-Chien|50/277 brn|[from] item: Leftovers\n|-damage|p2a: Emboar|215/322 tox|[from] psn\n|-damage|p1a: Wo-Chien|33/277 brn|[from] brn\n|upkeep\n|turn|20\n|\n|t:|1733891922\n|move|p1a: Wo-Chien|Protect|p1a: Wo-Chien\n|-singleturn|p1a: Wo-Chien|Protect\n|move|p2a: Emboar|Close Combat|p1a: Wo-Chien\n|-activate|p1a: Wo-Chien|move: Protect\n|\n|-heal|p1a: Wo-Chien|50/277 brn|[from] item: Leftovers\n|-damage|p2a: Emboar|155/322 tox|[from] psn\n|-damage|p1a: Wo-Chien|33/277 brn|[from] brn\n|upkeep\n|turn|21\n|\n|t:|1733891930\n|move|p2a: Emboar|Close Combat|p1a: Wo-Chien\n|-supereffective|p1a: Wo-Chien\n|-damage|p1a: Wo-Chien|0 fnt\n|-unboost|p2a: Emboar|def|1\n|-unboost|p2a: Emboar|spd|1\n|faint|p1a: Wo-Chien\n|\n|-damage|p2a: Emboar|75/322 tox|[from] psn\n|upkeep\n|\n|t:|1733891959\n|switch|p1a: Raichu|Raichu, L88, M|249/249\n|-damage|p1a: Raichu|218/249|[from] Spikes\n|turn|22\n|\n|t:|1733891972\n|switch|p2a: Ogerpon|Ogerpon, L80, F|259/259\n|move|p1a: Raichu|Alluring Voice|p2a: Ogerpon\n|-damage|p2a: Ogerpon|176/259\n|\n|upkeep\n|turn|23\n|\n|t:|1733891982\n|move|p1a: Raichu|Alluring Voice|p2a: Ogerpon\n|-damage|p2a: Ogerpon|85/259\n|move|p2a: Ogerpon|U-turn|p1a: Raichu\n|-damage|p1a: Raichu|148/249\n|\n|t:|1733891986\n|switch|p2a: Rotom|Rotom, L88|117/231|[from] U-turn\n|\n|upkeep\n|turn|24\n|\n|t:|1733891991\n|move|p1a: Raichu|Alluring Voice|p2a: Rotom\n|-damage|p2a: Rotom|31/231\n|move|p2a: Rotom|Will-O-Wisp|p1a: Raichu\n|-status|p1a: Raichu|brn\n|\n|-damage|p1a: Raichu|133/249 brn|[from] brn\n|upkeep\n|turn|25\n|\n|t:|1733892000\n|move|p1a: Raichu|Alluring Voice|p2a: Rotom\n|-damage|p2a: Rotom|0 fnt\n|faint|p2a: Rotom\n|\n|-damage|p1a: Raichu|118/249 brn|[from] brn\n|upkeep\n|\n|t:|1733892008\n|switch|p2a: Ogerpon|Ogerpon, L80, F|85/259\n|turn|26\n|\n|t:|1733892012\n|-terastallize|p2a: Ogerpon|Grass\n|detailschange|p2a: Ogerpon|Ogerpon-Teal-Tera, L80, F, tera:Grass\n|-ability|p2a: Ogerpon|Embody Aspect (Teal)|boost\n|-boost|p2a: Ogerpon|spe|1\n|move|p2a: Ogerpon|Ivy Cudgel|p1a: Raichu\n|-damage|p1a: Raichu|0 fnt\n|faint|p1a: Raichu\n|\n|upkeep\n|\n|t:|1733892032\n|switch|p1a: Mandibuzz|Mandibuzz, L85, F|275/326\n|turn|27\n|\n|t:|1733892044\n|move|p2a: Ogerpon|Ivy Cudgel|p1a: Mandibuzz\n|-resisted|p1a: Mandibuzz\n|-damage|p1a: Mandibuzz|204/326\n|move|p1a: Mandibuzz|Foul Play|p2a: Ogerpon\n|-damage|p2a: Ogerpon|0 fnt\n|faint|p2a: Ogerpon\n|\n|upkeep\n|\n|t:|1733892046\n|switch|p2a: Emboar|Emboar, L84, F|75/322 tox\n|turn|28\n|\n|t:|1733892055\n|move|p2a: Emboar|Head Smash|p1a: Mandibuzz\n|-supereffective|p1a: Mandibuzz\n|-damage|p1a: Mandibuzz|0 fnt\n|faint|p1a: Mandibuzz\n|-damage|p2a: Emboar|0 fnt|[from] Recoil\n|faint|p2a: Emboar\n|\n|win|al pil pil\n|raw|al pil pil's rating: 1981 &rarr; <strong>1997</strong><br />(+16 for winning)\n|raw|mudkipnerd101010's rating: 1906 &rarr; <strong>1890</strong><br />(-16 for losing)\n|l|\u2606mudkipnerd101010\n|player|p2|\n", "inputlog": ">version bfd83cad13791eb5a5a409923076391caf6fb4d4\n>start {\"formatid\":\"gen9randombattle\",\"seed\":[41547,52278,34348,23969],\"rated\":\"Rated battle\"}\n>player p1 {\"name\":\"al pil pil\",\"avatar\":\"pokemaniac\",\"rating\":1981,\"seed\":[22282,27437,40389,34767]}\n>player p2 {\"name\":\"mudkipnerd101010\",\"avatar\":\"102\",\"rating\":1906,\"seed\":[25,6620,55818,21633]}\n>p1 switch 5\n>p2 move stoneedge\n>p1 move thunderwave\n>p2 switch 5\n>p1 switch 2\n>p2 move voltswitch\n>p2 switch 2\n>p1 switch 2\n>p2 move flareblitz\n>p1 move psychicnoise\n>p2 switch 2\n>p1 switch 2\n>p2 move willowisp\n>p1 move stunspore\n>p2 switch 5\n>p1 move protect\n>p2 move closecombat\n>p1 switch 2\n>p2 move closecombat\n>p1 switch 5\n>p1 move shellsmash terastallize\n>p2 move closecombat\n>p1 move earthpower\n>p2 move closecombat\n>p2 switch 4\n>p1 move fireblast\n>p2 move doubleedge\n>p2 switch 3\n>p1 move powergem\n>p2 move dragonpulse\n>p1 switch 6\n>p1 move alluringvoice\n>p2 move recover\n>p2 switch 6\n>p1 switch 4\n>p2 move ivycudgel\n>p1 move toxic\n>p2 move spikes\n>p1 move toxic\n>p2 move encore\n>p1 move toxic\n>p2 switch 2\n>p1 switch 2\n>p2 move closecombat\n>p1 move protect\n>p2 move closecombat\n>p1 move leechseed\n>p2 move closecombat\n>p1 switch 4\n>p1 move alluringvoice\n>p2 switch 2\n>p1 move alluringvoice\n>p2 move uturn\n>p2 switch 5\n>p1 move alluringvoice\n>p2 move willowisp\n>p1 move alluringvoice\n>p2 move thunderbolt\n>p2 switch 5\n>p1 move alluringvoice\n>p2 move ivycudgel terastallize\n>p1 switch 2\n>p1 move foulplay\n>p2 move ivycudgel\n>p2 switch 2\n>p1 move foulplay\n>p2 move headsmash", "uploadtime": 1733892063, "views": 13, "formatid": "gen9randombattle", "rating": 1890, "private": 0, "password": null}