{"id": "gen9randombattle-2089946975", "format": "[Gen 9] Random Battle", "players": ["Referrals", "MichaelderBeste2"], "log": "|j|\u2606Referrals\n|j|\u2606MichaelderBeste2\n|t:|1711503167\n|gametype|singles\n|player|p1|Referrals|lucas|2484\n|player|p2|MichaelderBeste2|#rbtt7teamdarkrai|2498\n|teamsize|p1|6\n|teamsize|p2|6\n|gen|9\n|tier|[Gen 9] Random Battle\n|rated|\n|rule|Species Clause: Limit one of each Pok\u00e9mon\n|rule|HP Percentage Mod: HP is shown in percentages\n|rule|Sleep Clause Mod: Limit one foe put to sleep\n|rule|Illusion Level Mod: Illusion disguises the Pok\u00e9mon's true level\n|\n|t:|1711503167\n|start\n|switch|p1a: Toxtricity|Toxtricity, L82, M|257/257\n|switch|p2a: Pelipper|Pelipper, L86, M|243/243\n|-weather|RainDance|[from] ability: Drizzle|[of] p2a: Pelipper\n|turn|1\n|inactive|Battle timer is ON: inactive players will automatically lose when time's up. (requested by MichaelderBeste2)\n|inactive|Referrals also wants the timer to be on.\n|inactive|MichaelderBeste2 has 120 seconds left.\n|inactive|Referrals has 120 seconds left.\n|inactive|MichaelderBeste2 has 90 seconds left.\n|\n|t:|1711503236\n|switch|p2a: Excadrill|Excadrill, L80, F|307/307\n|-ability|p2a: Excadrill|Mold Breaker\n|move|p1a: Toxtricity|Boomburst|p2a: Excadrill\n|-resisted|p2a: Excadrill\n|-damage|p2a: Excadrill|178/307\n|\n|-weather|RainDance|[upkeep]\n|-heal|p2a: Excadrill|197/307|[from] item: Leftovers\n|upkeep\n|turn|2\n|\n|t:|1711503255\n|switch|p2a: Hariyama|Hariyama, L87, F|392/392\n|switch|p1a: Flamigo|Flamigo, L83, F|272/272\n|\n|-weather|RainDance|[upkeep]\n|-status|p2a: Hariyama|brn|[from] item: Flame Orb\n|upkeep\n|turn|3\n|\n|t:|1711503264\n|switch|p2a: Pelipper|Pelipper, L86, M|243/243\n|move|p1a: Flamigo|Brave Bird|p2a: Pelipper\n|-damage|p2a: Pelipper|79/243\n|-damage|p1a: Flamigo|218/272|[from] Recoil\n|-damage|p1a: Flamigo|191/272|[from] item: Life Orb\n|\n|-weather|RainDance|[upkeep]\n|upkeep\n|turn|4\n|\n|t:|1711503275\n|move|p1a: Flamigo|Brave Bird|p2a: Pelipper\n|-damage|p2a: Pelipper|0 fnt\n|faint|p2a: Pelipper\n|-damage|p1a: Flamigo|165/272|[from] Recoil\n|-damage|p1a: Flamigo|138/272|[from] item: Life Orb\n|\n|-weather|RainDance|[upkeep]\n|upkeep\n|\n|t:|1711503286\n|switch|p2a: Kyogre|Kyogre, L71|259/259\n|turn|5\n|inactive|Referrals has 120 seconds left.\n|\n|t:|1711503325\n|move|p1a: Flamigo|Close Combat|p2a: Kyogre\n|-damage|p2a: Kyogre|35/259\n|-unboost|p1a: Flamigo|def|1\n|-unboost|p1a: Flamigo|spd|1\n|-damage|p1a: Flamigo|111/272|[from] item: Life Orb\n|move|p2a: Kyogre|Origin Pulse|p1a: Flamigo\n|-damage|p1a: Flamigo|0 fnt\n|faint|p1a: Flamigo\n|\n|-weather|none\n|-heal|p2a: Kyogre|51/259|[from] item: Leftovers\n|upkeep\n|\n|t:|1711503329\n|switch|p1a: Samurott|Samurott-Hisui, L77, M|265/265\n|turn|6\n|\n|t:|1711503335\n|move|p1a: Samurott|Ceaseless Edge|p2a: Kyogre\n|-damage|p2a: Kyogre|0 fnt\n|-sidestart|p2: MichaelderBeste2|Spikes\n|faint|p2a: Kyogre\n|\n|upkeep\n|\n|t:|1711503347\n|switch|p2a: Hariyama|Hariyama, L87, F|392/392 brn\n|-damage|p2a: Hariyama|343/392 brn|[from] Spikes\n|turn|7\n|\n|t:|1711503357\n|switch|p1a: Whimsicott|Whimsicott, L86, M|243/243\n|move|p2a: Hariyama|Headlong Rush|p1a: Whimsicott\n|-resisted|p1a: Whimsicott\n|-crit|p1a: Whimsicott\n|-damage|p1a: Whimsicott|132/243\n|-unboost|p2a: Hariyama|def|1\n|-unboost|p2a: Hariyama|spd|1\n|\n|-heal|p1a: Whimsicott|147/243|[from] item: Leftovers\n|-damage|p2a: Hariyama|319/392 brn|[from] brn\n|upkeep\n|turn|8\n|\n|t:|1711503365\n|switch|p2a: Excadrill|Excadrill, L80, F|197/307\n|-damage|p2a: Excadrill|159/307|[from] Spikes\n|-ability|p2a: Excadrill|Mold Breaker\n|move|p1a: Whimsicott|Substitute|p1a: Whimsicott\n|-start|p1a: Whimsicott|Substitute\n|-damage|p1a: Whimsicott|87/243\n|\n|-heal|p1a: Whimsicott|102/243|[from] item: Leftovers\n|-heal|p2a: Excadrill|178/307|[from] item: Leftovers\n|upkeep\n|turn|9\n|\n|t:|1711503372\n|switch|p1a: Samurott|Samurott-Hisui, L77, M|265/265\n|move|p2a: Excadrill|Rapid Spin|p1a: Samurott\n|-damage|p1a: Samurott|213/265\n|-boost|p2a: Excadrill|spe|1\n|-sideend|p2: MichaelderBeste2|Spikes|[from] move: Rapid Spin|[of] p2a: Excadrill\n|\n|-heal|p2a: Excadrill|197/307|[from] item: Leftovers\n|upkeep\n|turn|10\n|\n|t:|1711503382\n|switch|p2a: Hariyama|Hariyama, L87, F|319/392 brn\n|move|p1a: Samurott|Flip Turn|p2a: Hariyama\n|-damage|p2a: Hariyama|249/392 brn\n|\n|t:|1711503394\n|switch|p1a: Toxtricity|Toxtricity, L82, M|257/257|[from] Flip Turn\n|\n|-damage|p2a: Hariyama|225/392 brn|[from] brn\n|upkeep\n|turn|11\n|\n|t:|1711503401\n|switch|p2a: Arceus|Arceus-Rock, L73|296/296\n|move|p1a: Toxtricity|Boomburst|p2a: Arceus\n|-resisted|p2a: Arceus\n|-damage|p2a: Arceus|196/296\n|\n|upkeep\n|turn|12\n|\n|t:|1711503408\n|switch|p1a: Keldeo|Keldeo-Resolute, L79|273/273\n|move|p2a: Arceus|Judgment|p1a: Keldeo\n|-resisted|p1a: Keldeo\n|-damage|p1a: Keldeo|216/273\n|\n|upkeep\n|turn|13\n|\n|t:|1711503423\n|move|p2a: Arceus|Judgment|p1a: Keldeo\n|-resisted|p1a: Keldeo\n|-damage|p1a: Keldeo|155/273\n|move|p1a: Keldeo|Calm Mind|p1a: Keldeo\n|-boost|p1a: Keldeo|spa|1\n|-boost|p1a: Keldeo|spd|1\n|\n|upkeep\n|turn|14\n|\n|t:|1711503452\n|move|p2a: Arceus|Judgment|p1a: Keldeo\n|-resisted|p1a: Keldeo\n|-damage|p1a: Keldeo|117/273\n|move|p1a: Keldeo|Secret Sword|p2a: Arceus\n|-supereffective|p2a: Arceus\n|-damage|p2a: Arceus|0 fnt\n|faint|p2a: Arceus\n|-damage|p1a: Keldeo|90/273|[from] item: Life Orb\n|\n|upkeep\n|\n|t:|1711503454\n|switch|p2a: Vigoroth|Vigoroth, L85, F|275/275\n|turn|15\n|\n|t:|1711503461\n|-terastallize|p1a: Keldeo|Water\n|move|p1a: Keldeo|Hydro Pump|p2a: Vigoroth|[miss]\n|-miss|p1a: Keldeo|p2a: Vigoroth\n|move|p2a: Vigoroth|Body Slam|p1a: Keldeo\n|-crit|p1a: Keldeo\n|-damage|p1a: Keldeo|0 fnt\n|faint|p1a: Keldeo\n|\n|upkeep\n|\n|t:|1711503469\n|switch|p1a: Klawf|Klawf, L90, F|272/272\n|turn|16\n|\n|t:|1711503474\n|switch|p2a: Hariyama|Hariyama, L87, F|225/392 brn\n|move|p1a: Klawf|Knock Off|p2a: Hariyama\n|-resisted|p2a: Hariyama\n|-damage|p2a: Hariyama|169/392 brn\n|-enditem|p2a: Hariyama|Flame Orb|[from] move: Knock Off|[of] p1a: Klawf\n|\n|-damage|p2a: Hariyama|145/392 brn|[from] brn\n|upkeep\n|turn|17\n|\n|t:|1711503479\n|switch|p1a: Whimsicott|Whimsicott, L86, M|102/243\n|move|p2a: Hariyama|Close Combat|p1a: Whimsicott\n|-resisted|p1a: Whimsicott\n|-crit|p1a: Whimsicott\n|-damage|p1a: Whimsicott|0 fnt\n|-unboost|p2a: Hariyama|def|1\n|-unboost|p2a: Hariyama|spd|1\n|faint|p1a: Whimsicott\n|\n|-damage|p2a: Hariyama|121/392 brn|[from] brn\n|upkeep\n|\n|t:|1711503481\n|switch|p1a: Samurott|Samurott-Hisui, L77, M|213/265\n|turn|18\n|\n|t:|1711503489\n|move|p1a: Samurott|Razor Shell|p2a: Hariyama\n|-damage|p2a: Hariyama|0 fnt\n|faint|p2a: Hariyama\n|\n|upkeep\n|\n|t:|1711503492\n|switch|p2a: Vigoroth|Vigoroth, L85, F|275/275\n|turn|19\n|\n|t:|1711503495\n|switch|p1a: Klawf|Klawf, L90, F|272/272\n|move|p2a: Vigoroth|Bulk Up|p2a: Vigoroth\n|-boost|p2a: Vigoroth|atk|1\n|-boost|p2a: Vigoroth|def|1\n|\n|upkeep\n|turn|20\n|\n|t:|1711503499\n|move|p2a: Vigoroth|Bulk Up|p2a: Vigoroth\n|-boost|p2a: Vigoroth|atk|1\n|-boost|p2a: Vigoroth|def|1\n|move|p1a: Klawf|Knock Off|p2a: Vigoroth\n|-damage|p2a: Vigoroth|246/275\n|-enditem|p2a: Vigoroth|Eviolite|[from] move: Knock Off|[of] p1a: Klawf\n|\n|upkeep\n|turn|21\n|\n|t:|1711503502\n|move|p2a: Vigoroth|Body Slam|p1a: Klawf\n|-resisted|p1a: Klawf\n|-damage|p1a: Klawf|210/272\n|-status|p1a: Klawf|par\n|move|p1a: Klawf|Swords Dance|p1a: Klawf\n|-boost|p1a: Klawf|atk|2\n|\n|upkeep\n|turn|22\n|\n|t:|1711503505\n|move|p2a: Vigoroth|Bulk Up|p2a: Vigoroth\n|-boost|p2a: Vigoroth|atk|1\n|-boost|p2a: Vigoroth|def|1\n|move|p1a: Klawf|Stone Edge|p2a: Vigoroth\n|-damage|p2a: Vigoroth|132/275\n|\n|upkeep\n|turn|23\n|\n|t:|1711503511\n|move|p2a: Vigoroth|Slack Off|p2a: Vigoroth\n|-heal|p2a: Vigoroth|270/275\n|move|p1a: Klawf|Stone Edge|p2a: Vigoroth\n|-damage|p2a: Vigoroth|164/275\n|\n|upkeep\n|turn|24\n|\n|t:|1711503516\n|move|p2a: Vigoroth|Knock Off|p1a: Klawf\n|-damage|p1a: Klawf|91/272 par\n|-enditem|p1a: Klawf|Rindo Berry|[from] move: Knock Off|[of] p2a: Vigoroth\n|-ability|p1a: Klawf|Anger Shell|boost\n|-boost|p1a: Klawf|atk|1\n|-boost|p1a: Klawf|spa|1\n|-boost|p1a: Klawf|spe|1\n|-unboost|p1a: Klawf|def|1\n|-unboost|p1a: Klawf|spd|1\n|move|p1a: Klawf|Swords Dance|p1a: Klawf\n|-boost|p1a: Klawf|atk|2\n|\n|upkeep\n|turn|25\n|\n|t:|1711503520\n|move|p2a: Vigoroth|Body Slam|p1a: Klawf\n|-resisted|p1a: Klawf\n|-damage|p1a: Klawf|0 fnt\n|faint|p1a: Klawf\n|\n|upkeep\n|\n|t:|1711503524\n|switch|p1a: Samurott|Samurott-Hisui, L77, M|213/265\n|turn|26\n|\n|t:|1711503534\n|-terastallize|p2a: Vigoroth|Ghost\n|move|p1a: Samurott|Ceaseless Edge|p2a: Vigoroth\n|-supereffective|p2a: Vigoroth\n|-damage|p2a: Vigoroth|90/275\n|-sidestart|p2: MichaelderBeste2|Spikes\n|move|p2a: Vigoroth|Slack Off|p2a: Vigoroth\n|-heal|p2a: Vigoroth|228/275\n|\n|upkeep\n|turn|27\n|\n|t:|1711503541\n|move|p1a: Samurott|Ceaseless Edge|p2a: Vigoroth\n|-supereffective|p2a: Vigoroth\n|-damage|p2a: Vigoroth|142/275\n|-sidestart|p2: MichaelderBeste2|Spikes\n|move|p2a: Vigoroth|Knock Off|p1a: Samurott\n|-resisted|p1a: Samurott\n|-damage|p1a: Samurott|120/265\n|-enditem|p1a: Samurott|Choice Scarf|[from] move: Knock Off|[of] p2a: Vigoroth\n|\n|upkeep\n|turn|28\n|\n|t:|1711503545\n|move|p2a: Vigoroth|Body Slam|p1a: Samurott\n|-damage|p1a: Samurott|0 fnt\n|faint|p1a: Samurott\n|\n|upkeep\n|\n|t:|1711503546\n|switch|p1a: Toxtricity|Toxtricity, L82, M|257/257\n|turn|29\n|-message|Referrals forfeited.\n|\n|win|MichaelderBeste2\n|raw|Referrals's rating: 2484 &rarr; <strong>2465</strong><br />(-19 for losing)\n|raw|MichaelderBeste2's rating: 2498 &rarr; <strong>2517</strong><br />(+19 for winning)\n|l|\u2606Referrals\n|player|p1|\n|l|\u2606MichaelderBeste2\n|player|p2|\n", "inputlog": ">version 2900dc167fef168b2118e614d150189f9391c44b\n>start {\"formatid\":\"gen9randombattle\",\"seed\":[34395,8647,59668,48148],\"rated\":\"Rated battle\"}\n>player p1 {\"name\":\"Referrals\",\"avatar\":\"lucas\",\"rating\":2484,\"seed\":[42030,53009,13570,3220]}\n>player p2 {\"name\":\"MichaelderBeste2\",\"avatar\":\"#rbtt7teamdarkrai\",\"rating\":2498,\"seed\":[46365,58238,3937,25882]}\n>p1 move boomburst\n>p2 switch 3\n>p1 switch 4\n>p2 switch 5\n>p1 move bravebird\n>p2 switch 3\n>p1 move bravebird\n>p2 move hydropump\n>p2 switch 6\n>p1 move closecombat\n>p2 move originpulse\n>p1 switch 3\n>p1 move ceaselessedge\n>p2 move thunder\n>p2 switch 3\n>p1 switch 6\n>p2 move headlongrush\n>p1 move substitute\n>p2 switch 5\n>p1 switch 6\n>p2 move rapidspin\n>p1 move flipturn\n>p2 switch 5\n>p1 switch 4\n>p1 move boomburst\n>p2 switch 2\n>p1 switch 2\n>p2 move judgment\n>p1 move calmmind\n>p2 move judgment\n>p1 move secretsword\n>p2 move judgment\n>p2 switch 4\n>p1 move hydropump terastallize\n>p2 move bodyslam\n>p1 switch 5\n>p1 move knockoff\n>p2 switch 2\n>p1 switch 6\n>p2 move closecombat\n>p1 switch 4\n>p1 move razorshell\n>p2 move closecombat\n>p2 switch 2\n>p1 switch 6\n>p2 move bulkup\n>p1 move knockoff\n>p2 move bulkup\n>p1 move swordsdance\n>p2 move bodyslam\n>p1 move stoneedge\n>p2 move bulkup\n>p1 move stoneedge\n>p2 move slackoff\n>p1 move swordsdance\n>p2 move knockoff\n>p1 move stoneedge\n>p2 move bodyslam\n>p1 switch 6\n>p1 move ceaselessedge\n>p2 move slackoff terastallize\n>p1 move ceaselessedge\n>p2 move knockoff\n>p1 move ceaselessedge\n>p2 move bodyslam\n>p1 switch 2\n>forcelose p1", "uploadtime": 1711503593, "views": 456, "formatid": "gen9randombattle", "rating": 2465, "private": 0, "password": null}