{"id": "gen9randombattle-2260658364", "format": "[Gen 9] Random Battle", "players": ["bohabwestee", "jsalos"], "log": "|j|\u2606bohabwestee\n|j|\u203djsalos\n|t:|1733874829\n|gametype|singles\n|player|p1|bohabwestee|170|1512\n|player|p2|jsalos|101|1507\n|teamsize|p1|6\n|teamsize|p2|6\n|gen|9\n|tier|[Gen 9] Random Battle\n|rated|\n|rule|Species Clause: Limit one of each Pok\u00e9mon\n|rule|HP Percentage Mod: HP is shown in percentages\n|rule|Sleep Clause Mod: Limit one foe put to sleep\n|rule|Illusion Level Mod: Illusion disguises the Pok\u00e9mon's true level\n|\n|t:|1733874829\n|start\n|switch|p1a: Ariados|Ariados, L95, M|287/287\n|switch|p2a: Empoleon|Empoleon, L84, M|278/278\n|turn|1\n|inactive|Battle timer is ON: inactive players will automatically lose when time's up. (requested by jsalos)\n|\n|t:|1733874847\n|move|p2a: Empoleon|Surf|p1a: Ariados\n|-damage|p1a: Ariados|176/287\n|move|p1a: Ariados|Sticky Web|p2a: Empoleon\n|-sidestart|p2: jsalos|move: Sticky Web\n|\n|upkeep\n|turn|2\n|\n|t:|1733874861\n|move|p2a: Empoleon|Surf|p1a: Ariados\n|-damage|p1a: Ariados|62/287\n|move|p1a: Ariados|Knock Off|p2a: Empoleon\n|-damage|p2a: Empoleon|200/278\n|-enditem|p2a: Empoleon|Leftovers|[from] move: Knock Off|[of] p1a: Ariados\n|\n|upkeep\n|turn|3\n|\n|t:|1733874874\n|switch|p1a: Arboliva|Arboliva, L91, M|288/288\n|move|p2a: Empoleon|Surf|p1a: Arboliva\n|-resisted|p1a: Arboliva\n|-damage|p1a: Arboliva|244/288\n|\n|upkeep\n|turn|4\n|\n|t:|1733874877\n|move|p2a: Empoleon|Yawn|p1a: Arboliva\n|-start|p1a: Arboliva|move: Yawn|[of] p2a: Empoleon\n|move|p1a: Arboliva|Leech Seed|p2a: Empoleon\n|-start|p2a: Empoleon|move: Leech Seed\n|\n|-damage|p2a: Empoleon|166/278|[from] Leech Seed|[of] p1a: Arboliva\n|-heal|p1a: Arboliva|278/288|[silent]\n|upkeep\n|turn|5\n|\n|t:|1733874889\n|switch|p1a: Glaceon|Glaceon, L94, M|275/275\n|move|p2a: Empoleon|Knock Off|p1a: Glaceon\n|-damage|p1a: Glaceon|226/275\n|-enditem|p1a: Glaceon|Heavy-Duty Boots|[from] move: Knock Off|[of] p2a: Empoleon\n|\n|-damage|p2a: Empoleon|132/278|[from] Leech Seed|[of] p1a: Glaceon\n|-heal|p1a: Glaceon|260/275|[silent]\n|upkeep\n|turn|6\n|\n|t:|1733874895\n|switch|p2a: Blaziken|Blaziken, L76, M|247/247\n|-activate|p2a: Blaziken|move: Sticky Web\n|-unboost|p2a: Blaziken|spe|1\n|move|p1a: Glaceon|Wish|p1a: Glaceon\n|\n|upkeep\n|turn|7\n|\n|t:|1733874898\n|move|p1a: Glaceon|Mud Shot|p2a: Blaziken|[miss]\n|-miss|p1a: Glaceon|p2a: Blaziken\n|move|p2a: Blaziken|Swords Dance|p2a: Blaziken\n|-boost|p2a: Blaziken|atk|2\n|\n|-heal|p1a: Glaceon|275/275|[from] move: Wish|[wisher] Glaceon\n|-ability|p2a: Blaziken|Speed Boost|boost\n|-boost|p2a: Blaziken|spe|1\n|upkeep\n|turn|8\n|\n|t:|1733874904\n|move|p1a: Glaceon|Mud Shot|p2a: Blaziken\n|-supereffective|p2a: Blaziken\n|-damage|p2a: Blaziken|97/247\n|-unboost|p2a: Blaziken|spe|1\n|move|p2a: Blaziken|Close Combat|p1a: Glaceon\n|-supereffective|p1a: Glaceon\n|-damage|p1a: Glaceon|0 fnt\n|-unboost|p2a: Blaziken|def|1\n|-unboost|p2a: Blaziken|spd|1\n|faint|p1a: Glaceon\n|-damage|p2a: Blaziken|73/247|[from] item: Life Orb\n|\n|-ability|p2a: Blaziken|Speed Boost|boost\n|-boost|p2a: Blaziken|spe|1\n|upkeep\n|\n|t:|1733874918\n|switch|p1a: Gardevoir|Gardevoir, L83, F|249/249\n|-ability|p1a: Gardevoir|Speed Boost|[from] ability: Trace|[of] p2a: Blaziken\n|turn|9\n|\n|t:|1733874932\n|move|p1a: Gardevoir|Psychic|p2a: Blaziken\n|-supereffective|p2a: Blaziken\n|-damage|p2a: Blaziken|0 fnt\n|faint|p2a: Blaziken\n|-damage|p1a: Gardevoir|225/249|[from] item: Life Orb\n|\n|-ability|p1a: Gardevoir|Speed Boost|boost\n|-boost|p1a: Gardevoir|spe|1\n|upkeep\n|\n|t:|1733874939\n|switch|p2a: Duraludon|Duraludon, L82, M|249/249\n|-activate|p2a: Duraludon|move: Sticky Web\n|-unboost|p2a: Duraludon|spe|1\n|turn|10\n|\n|t:|1733874949\n|move|p1a: Gardevoir|Calm Mind|p1a: Gardevoir\n|-boost|p1a: Gardevoir|spa|1\n|-boost|p1a: Gardevoir|spd|1\n|move|p2a: Duraludon|Flash Cannon|p1a: Gardevoir\n|-supereffective|p1a: Gardevoir\n|-crit|p1a: Gardevoir\n|-damage|p1a: Gardevoir|3/249\n|\n|-ability|p1a: Gardevoir|Speed Boost|boost\n|-boost|p1a: Gardevoir|spe|1\n|upkeep\n|turn|11\n|\n|t:|1733874970\n|move|p1a: Gardevoir|Focus Blast|p2a: Duraludon|[miss]\n|-miss|p1a: Gardevoir|p2a: Duraludon\n|move|p2a: Duraludon|Flash Cannon|p1a: Gardevoir\n|-supereffective|p1a: Gardevoir\n|-damage|p1a: Gardevoir|0 fnt\n|faint|p1a: Gardevoir\n|\n|upkeep\n|\n|t:|1733874972\n|switch|p1a: Arboliva|Arboliva, L91, M|278/288\n|turn|12\n|\n|t:|1733874975\n|move|p2a: Duraludon|Body Press|p1a: Arboliva\n|-supereffective|p1a: Arboliva\n|-damage|p1a: Arboliva|174/288\n|move|p1a: Arboliva|Leech Seed|p2a: Duraludon\n|-start|p2a: Duraludon|move: Leech Seed\n|\n|-damage|p2a: Duraludon|218/249|[from] Leech Seed|[of] p1a: Arboliva\n|-heal|p1a: Arboliva|205/288|[silent]\n|upkeep\n|turn|13\n|\n|t:|1733874978\n|move|p1a: Arboliva|Protect|p1a: Arboliva\n|-singleturn|p1a: Arboliva|Protect\n|move|p2a: Duraludon|Body Press|p1a: Arboliva\n|-activate|p1a: Arboliva|move: Protect\n|\n|-damage|p2a: Duraludon|187/249|[from] Leech Seed|[of] p1a: Arboliva\n|-heal|p1a: Arboliva|236/288|[silent]\n|upkeep\n|turn|14\n|\n|t:|1733874987\n|switch|p1a: Mew|Mew, L82|298/298\n|move|p2a: Duraludon|Dragon Tail|p1a: Mew\n|-damage|p1a: Mew|247/298\n|drag|p1a: Arboliva|Arboliva, L91, M|236/288\n|\n|-damage|p2a: Duraludon|156/249|[from] Leech Seed|[of] p1a: Arboliva\n|-heal|p1a: Arboliva|267/288|[silent]\n|upkeep\n|turn|15\n|\n|t:|1733874997\n|switch|p2a: Zamazenta|Zamazenta, L71|248/248\n|-activate|p2a: Zamazenta|move: Sticky Web\n|-unboost|p2a: Zamazenta|spe|1\n|-ability|p2a: Zamazenta|Dauntless Shield|boost\n|-boost|p2a: Zamazenta|def|1\n|move|p1a: Arboliva|Protect||[still]\n|-fail|p1a: Arboliva\n|\n|upkeep\n|turn|16\n|\n|t:|1733875001\n|move|p2a: Zamazenta|Close Combat|p1a: Arboliva\n|-supereffective|p1a: Arboliva\n|-damage|p1a: Arboliva|0 fnt\n|-unboost|p2a: Zamazenta|def|1\n|-unboost|p2a: Zamazenta|spd|1\n|faint|p1a: Arboliva\n|\n|upkeep\n|\n|t:|1733875006\n|switch|p1a: Mew|Mew, L82|247/298\n|turn|17\n|\n|t:|1733875009\n|switch|p2a: Duraludon|Duraludon, L82, M|156/249\n|-activate|p2a: Duraludon|move: Sticky Web\n|-unboost|p2a: Duraludon|spe|1\n|move|p1a: Mew|Psychic Noise|p2a: Duraludon\n|-resisted|p2a: Duraludon\n|-damage|p2a: Duraludon|120/249\n|-start|p2a: Duraludon|move: Heal Block\n|\n|-heal|p1a: Mew|265/298|[from] item: Leftovers\n|upkeep\n|turn|18\n|\n|t:|1733875021\n|move|p1a: Mew|Stealth Rock|p2a: Duraludon\n|-sidestart|p2: jsalos|move: Stealth Rock\n|move|p2a: Duraludon|Draco Meteor|p1a: Mew\n|-damage|p1a: Mew|123/298\n|-unboost|p2a: Duraludon|spa|2\n|\n|-heal|p1a: Mew|141/298|[from] item: Leftovers\n|-end|p2a: Duraludon|move: Heal Block\n|upkeep\n|turn|19\n|inactive|jsalos has 120 seconds left.\n|\n|t:|1733875055\n|switch|p2a: Empoleon|Empoleon, L84, M|132/278\n|-activate|p2a: Empoleon|move: Sticky Web\n|-unboost|p2a: Empoleon|spe|1\n|-ability|p2a: Empoleon|Competitive|boost\n|-boost|p2a: Empoleon|spa|2\n|-damage|p2a: Empoleon|115/278|[from] Stealth Rock\n|move|p1a: Mew|U-turn|p2a: Empoleon\n|-resisted|p2a: Empoleon\n|-damage|p2a: Empoleon|89/278\n|\n|t:|1733875067\n|switch|p1a: Flutter Mane|Flutter Mane, L74|203/203|[from] U-turn\n|\n|upkeep\n|turn|20\n|\n|t:|1733875072\n|move|p1a: Flutter Mane|Thunderbolt|p2a: Empoleon\n|-supereffective|p2a: Empoleon\n|-damage|p2a: Empoleon|0 fnt\n|faint|p2a: Empoleon\n|\n|upkeep\n|\n|t:|1733875079\n|switch|p2a: Zamazenta|Zamazenta, L71|248/248\n|-activate|p2a: Zamazenta|move: Sticky Web\n|-unboost|p2a: Zamazenta|spe|1\n|-damage|p2a: Zamazenta|233/248|[from] Stealth Rock\n|turn|21\n|\n|t:|1733875088\n|-end|p1a: Flutter Mane|Protosynthesis|[silent]\n|switch|p1a: Ariados|Ariados, L95, M|62/287\n|move|p2a: Zamazenta|Iron Head|p1a: Ariados\n|-damage|p1a: Ariados|0 fnt\n|faint|p1a: Ariados\n|\n|upkeep\n|\n|t:|1733875091\n|switch|p1a: Flutter Mane|Flutter Mane, L74|203/203\n|turn|22\n|l|\u2606bohabwestee\n|inactive|bohabwestee disconnected and has a minute to reconnect!\n|player|p1|\n|inactive|jsalos has 120 seconds left.\n|inactive|jsalos has 90 seconds left.\n|\n|t:|1733875152\n|move|p1a: Flutter Mane|Moonblast|p2a: Zamazenta\n|-supereffective|p2a: Zamazenta\n|-damage|p2a: Zamazenta|0 fnt\n|faint|p2a: Zamazenta\n|\n|upkeep\n|j|\u2606bohabwestee\n|inactive|bohabwestee reconnected.\n|player|p1|bohabwestee|170|\n|inactive|jsalos has 90 seconds left.\n|\n|t:|1733875161\n|switch|p2a: Gliscor|Gliscor, L76, M|239/239\n|-damage|p2a: Gliscor|210/239|[from] Stealth Rock\n|turn|23\n|\n|t:|1733875170\n|-end|p1a: Flutter Mane|Protosynthesis|[silent]\n|switch|p1a: Mew|Mew, L82|141/298\n|move|p2a: Gliscor|Earthquake|p1a: Mew\n|-damage|p1a: Mew|63/298\n|\n|-heal|p1a: Mew|81/298|[from] item: Leftovers\n|-status|p2a: Gliscor|tox|[from] item: Toxic Orb\n|upkeep\n|turn|24\n|\n|t:|1733875177\n|move|p1a: Mew|Psychic Noise|p2a: Gliscor\n|-damage|p2a: Gliscor|119/239 tox\n|-start|p2a: Gliscor|move: Heal Block\n|move|p2a: Gliscor|Toxic Spikes|p1a: Mew\n|-sidestart|p1: bohabwestee|move: Toxic Spikes\n|\n|-heal|p1a: Mew|99/298|[from] item: Leftovers\n|upkeep\n|turn|25\n|\n|t:|1733875193\n|move|p1a: Mew|Psychic Noise|p2a: Gliscor\n|-damage|p2a: Gliscor|29/239 tox\n|move|p2a: Gliscor|Toxic Spikes|p1a: Mew\n|-sidestart|p1: bohabwestee|move: Toxic Spikes\n|\n|-heal|p1a: Mew|117/298|[from] item: Leftovers\n|-end|p2a: Gliscor|move: Heal Block\n|upkeep\n|turn|26\n|inactive|jsalos has 120 seconds left.\n|\n|t:|1733875199\n|switch|p2a: Duraludon|Duraludon, L82, M|120/249\n|-activate|p2a: Duraludon|move: Sticky Web\n|-unboost|p2a: Duraludon|spe|1\n|-damage|p2a: Duraludon|105/249|[from] Stealth Rock\n|move|p1a: Mew|Psychic Noise|p2a: Duraludon\n|-resisted|p2a: Duraludon\n|-damage|p2a: Duraludon|65/249\n|-start|p2a: Duraludon|move: Heal Block\n|\n|-heal|p1a: Mew|135/298|[from] item: Leftovers\n|upkeep\n|turn|27\n|\n|t:|1733875209\n|move|p1a: Mew|Psychic Noise|p2a: Duraludon\n|-resisted|p2a: Duraludon\n|-damage|p2a: Duraludon|29/249\n|move|p2a: Duraludon|Flash Cannon|p1a: Mew\n|-damage|p1a: Mew|45/298\n|\n|-heal|p1a: Mew|63/298|[from] item: Leftovers\n|-end|p2a: Duraludon|move: Heal Block\n|upkeep\n|turn|28\n|\n|t:|1733875217\n|move|p1a: Mew|Psychic Noise|p2a: Duraludon\n|-resisted|p2a: Duraludon\n|-damage|p2a: Duraludon|0 fnt\n|faint|p2a: Duraludon\n|\n|-heal|p1a: Mew|81/298|[from] item: Leftovers\n|upkeep\n|\n|t:|1733875218\n|switch|p2a: Ursaring|Ursaring, L84, F|288/288\n|-activate|p2a: Ursaring|move: Sticky Web\n|-unboost|p2a: Ursaring|spe|1\n|-damage|p2a: Ursaring|252/288|[from] Stealth Rock\n|turn|29\n|\n|t:|1733875227\n|move|p1a: Mew|Psychic Noise|p2a: Ursaring\n|-damage|p2a: Ursaring|189/288\n|-start|p2a: Ursaring|move: Heal Block\n|move|p2a: Ursaring|Body Slam|p1a: Mew\n|-damage|p1a: Mew|0 fnt\n|faint|p1a: Mew\n|\n|upkeep\n|\n|t:|1733875228\n|switch|p1a: Flutter Mane|Flutter Mane, L74|203/203\n|-status|p1a: Flutter Mane|tox\n|turn|30\n|\n|t:|1733875231\n|switch|p2a: Gliscor|Gliscor, L76, M|29/239 tox\n|-damage|p2a: Gliscor|0 fnt|[from] Stealth Rock\n|faint|p2a: Gliscor\n|-terastallize|p1a: Flutter Mane|Fairy\n|move|p1a: Flutter Mane|Moonblast|p2: Gliscor|[notarget]\n|-fail|p1a: Flutter Mane\n|\n|-damage|p1a: Flutter Mane|191/203 tox|[from] psn\n|upkeep\n|\n|t:|1733875234\n|switch|p2a: Ursaring|Ursaring, L84, F|189/288\n|-activate|p2a: Ursaring|move: Sticky Web\n|-unboost|p2a: Ursaring|spe|1\n|-damage|p2a: Ursaring|153/288|[from] Stealth Rock\n|turn|31\n|\n|t:|1733875261\n|move|p1a: Flutter Mane|Moonblast|p2a: Ursaring\n|-damage|p2a: Ursaring|0 fnt\n|faint|p2a: Ursaring\n|\n|win|bohabwestee\n|raw|bohabwestee's rating: 1512 &rarr; <strong>1532</strong><br />(+20 for winning)\n|raw|jsalos's rating: 1507 &rarr; <strong>1487</strong><br />(-20 for losing)\n|l|\u203djsalos\n|player|p2|\n", "inputlog": ">version bfd83cad13791eb5a5a409923076391caf6fb4d4\n>start {\"formatid\":\"gen9randombattle\",\"seed\":[226,23370,1163,61642],\"rated\":\"Rated battle\"}\n>player p1 {\"name\":\"bohabwestee\",\"avatar\":\"170\",\"rating\":1512,\"seed\":[40156,25618,1830,38519]}\n>player p2 {\"name\":\"jsalos\",\"avatar\":\"101\",\"rating\":1507,\"seed\":[29225,12005,11826,42280]}\n>p1 move stickyweb\n>p2 move surf\n>p1 move knockoff\n>p2 move surf\n>p1 switch 2\n>p2 move surf\n>p1 move leechseed\n>p2 move yawn\n>p1 switch 3\n>p2 move knockoff\n>p1 move wish\n>p2 switch 3\n>p1 move mudshot\n>p2 move swordsdance\n>p1 move mudshot\n>p2 move closecombat\n>p1 switch 5\n>p1 move psychic\n>p2 move flareblitz\n>p2 switch 5\n>p1 move calmmind\n>p2 move flashcannon\n>p1 move focusblast\n>p2 move flashcannon\n>p1 switch 3\n>p1 move leechseed\n>p2 move bodypress\n>p1 move protect\n>p2 move bodypress\n>p1 switch 6\n>p2 move dragontail\n>p1 move protect\n>p2 switch 2\n>p1 move leechseed\n>p2 move closecombat\n>p1 switch 6\n>p1 move psychicnoise\n>p2 switch 2\n>p1 move stealthrock\n>p2 move dracometeor\n>p1 move uturn\n>p2 switch 3\n>p1 switch 4\n>p1 move thunderbolt\n>p2 move surf\n>p2 switch 2\n>p1 switch 2\n>p2 move ironhead\n>p1 switch 2\n>p1 move moonblast\n>p2 move ironhead\n>p2 switch 4\n>p1 switch 4\n>p2 move earthquake\n>p1 move psychicnoise\n>p2 move toxicspikes\n>p1 move psychicnoise\n>p2 move toxicspikes\n>p1 move psychicnoise\n>p2 switch 3\n>p1 move psychicnoise\n>p2 move flashcannon\n>p1 move psychicnoise\n>p2 move flashcannon\n>p2 switch 6\n>p1 move psychicnoise\n>p2 move bodyslam\n>p1 switch 4\n>p1 move moonblast terastallize\n>p2 switch 3\n>p2 switch 3\n>p1 move moonblast\n>p2 move rest", "uploadtime": 1733875291, "views": 1, "formatid": "gen9randombattle", "rating": 1487, "private": 0, "password": null}