{"id": "gen9randombattle-2216899011", "format": "[Gen 9] Random Battle", "players": ["randoms meister", "hinbass"], "log": "|j|\u2606randoms meister\n|j|\u2606hinbass\n|t:|1728187457\n|gametype|singles\n|player|p1|randoms meister|170|2308\n|player|p2|hinbass|169|2240\n|teamsize|p1|6\n|teamsize|p2|6\n|gen|9\n|tier|[Gen 9] Random Battle\n|rated|\n|rule|Species Clause: Limit one of each Pok\u00e9mon\n|rule|HP Percentage Mod: HP is shown in percentages\n|rule|Sleep Clause Mod: Limit one foe put to sleep\n|rule|Illusion Level Mod: Illusion disguises the Pok\u00e9mon's true level\n|\n|t:|1728187457\n|start\n|switch|p1a: Slowbro|Slowbro, L85, M|300/300\n|switch|p2a: Alcremie|Alcremie, L90, F|263/263\n|turn|1\n|inactive|Battle timer is ON: inactive players will automatically lose when time's up. (requested by hinbass)\n|\n|t:|1728187481\n|switch|p2a: Uxie|Uxie, L83|260/260\n|switch|p1a: Groudon|Groudon, L72|263/263\n|-weather|SunnyDay|[from] ability: Drought|[of] p1a: Groudon\n|\n|-weather|SunnyDay|[upkeep]\n|upkeep\n|turn|2\n|\n|t:|1728187490\n|move|p2a: Uxie|Stealth Rock|p1a: Groudon\n|-sidestart|p1: randoms meister|move: Stealth Rock\n|move|p1a: Groudon|Spikes|p2a: Uxie\n|-sidestart|p2: hinbass|Spikes\n|\n|-weather|SunnyDay|[upkeep]\n|upkeep\n|turn|3\n|\n|t:|1728187501\n|move|p2a: Uxie|Psychic Noise|p1a: Groudon\n|-damage|p1a: Groudon|191/263\n|-start|p1a: Groudon|move: Heal Block\n|move|p1a: Groudon|Spikes|p2a: Uxie\n|-sidestart|p2: hinbass|Spikes\n|\n|-weather|SunnyDay|[upkeep]\n|upkeep\n|turn|4\n|\n|t:|1728187521\n|switch|p1a: Slowbro|Slowbro, L85, M|300/300\n|-damage|p1a: Slowbro|263/300|[from] Stealth Rock\n|move|p2a: Uxie|Psychic Noise|p1a: Slowbro\n|-resisted|p1a: Slowbro\n|-damage|p1a: Slowbro|228/300\n|-start|p1a: Slowbro|move: Heal Block\n|\n|-weather|SunnyDay|[upkeep]\n|upkeep\n|turn|5\n|\n|t:|1728187529\n|switch|p1a: Florges|Florges-White, L85, F|271/271\n|-damage|p1a: Florges|238/271|[from] Stealth Rock\n|move|p2a: Uxie|Knock Off|p1a: Florges\n|-resisted|p1a: Florges\n|-damage|p1a: Florges|202/271\n|-enditem|p1a: Florges|Leftovers|[from] move: Knock Off|[of] p2a: Uxie\n|\n|-weather|none\n|upkeep\n|turn|6\n|\n|t:|1728187545\n|switch|p1a: Mabosstiff|Mabosstiff, L86, M|278/278\n|-damage|p1a: Mabosstiff|244/278|[from] Stealth Rock\n|move|p2a: Uxie|Psychic Noise|p1a: Mabosstiff\n|-immune|p1a: Mabosstiff\n|\n|upkeep\n|turn|7\n|\n|t:|1728187552\n|move|p1a: Mabosstiff|Crunch|p2a: Uxie\n|-supereffective|p2a: Uxie\n|-damage|p2a: Uxie|114/260\n|move|p2a: Uxie|U-turn|p1a: Mabosstiff\n|-supereffective|p1a: Mabosstiff\n|-damage|p1a: Mabosstiff|166/278\n|\n|t:|1728187567\n|switch|p2a: Alcremie|Alcremie, L90, F|263/263|[from] U-turn\n|-damage|p2a: Alcremie|220/263|[from] Spikes\n|\n|-heal|p2a: Alcremie|236/263|[from] item: Leftovers\n|upkeep\n|turn|8\n|\n|t:|1728187577\n|switch|p1a: Groudon|Groudon, L72|191/263\n|-damage|p1a: Groudon|175/263|[from] Stealth Rock\n|-weather|SunnyDay|[from] ability: Drought|[of] p1a: Groudon\n|move|p2a: Alcremie|Calm Mind|p2a: Alcremie\n|-boost|p2a: Alcremie|spa|1\n|-boost|p2a: Alcremie|spd|1\n|\n|-weather|SunnyDay|[upkeep]\n|-heal|p1a: Groudon|191/263|[from] item: Leftovers\n|-heal|p2a: Alcremie|252/263|[from] item: Leftovers\n|upkeep\n|turn|9\n|\n|t:|1728187585\n|move|p1a: Groudon|Heat Crash|p2a: Alcremie\n|-damage|p2a: Alcremie|111/263\n|move|p2a: Alcremie|Alluring Voice|p1a: Groudon\n|-damage|p1a: Groudon|0 fnt\n|faint|p1a: Groudon\n|\n|-weather|SunnyDay|[upkeep]\n|-heal|p2a: Alcremie|127/263|[from] item: Leftovers\n|upkeep\n|inactive|randoms meister has 120 seconds left.\n|inactive|randoms meister has 90 seconds left.\n|\n|t:|1728187672\n|switch|p1a: Delibird|Delibird, F|252/252\n|turn|10\n|inactive|randoms meister has 60 seconds left.\n|\n|t:|1728187699\n|move|p1a: Delibird|Brave Bird|p2a: Alcremie\n|-damage|p2a: Alcremie|0 fnt\n|faint|p2a: Alcremie\n|-damage|p1a: Delibird|210/252|[from] Recoil\n|\n|-weather|SunnyDay|[upkeep]\n|upkeep\n|\n|t:|1728187705\n|switch|p2a: Ninetales|Ninetales, L85, F|263/263\n|turn|11\n|inactive|randoms meister has 60 seconds left.\n|\n|t:|1728187717\n|switch|p1a: Slowbro|Slowbro, L85, M|300/300\n|-damage|p1a: Slowbro|263/300|[from] Stealth Rock\n|move|p2a: Ninetales|Fire Blast|p1a: Slowbro\n|-resisted|p1a: Slowbro\n|-damage|p1a: Slowbro|178/300\n|\n|-weather|SunnyDay|[upkeep]\n|-heal|p1a: Slowbro|196/300|[from] item: Leftovers\n|upkeep\n|turn|12\n|inactive|randoms meister has 60 seconds left.\n|\n|t:|1728187724\n|switch|p1a: Florges|Florges-White, L85, F|202/271\n|-damage|p1a: Florges|169/271|[from] Stealth Rock\n|move|p2a: Ninetales|Solar Beam||[still]\n|-prepare|p2a: Ninetales|Solar Beam\n|-anim|p2a: Ninetales|Solar Beam|p1a: Florges\n|-damage|p1a: Florges|123/271\n|\n|-weather|none\n|upkeep\n|turn|13\n|\n|t:|1728187732\n|switch|p2a: Uxie|Uxie, L83|114/260\n|move|p1a: Florges|Wish|p1a: Florges\n|\n|-heal|p2a: Uxie|130/260|[from] item: Leftovers\n|upkeep\n|turn|14\n|\n|t:|1728187739\n|switch|p1a: Mabosstiff|Mabosstiff, L86, M|166/278\n|-damage|p1a: Mabosstiff|132/278|[from] Stealth Rock\n|move|p2a: Uxie|U-turn|p1a: Mabosstiff\n|-supereffective|p1a: Mabosstiff\n|-crit|p1a: Mabosstiff\n|-damage|p1a: Mabosstiff|4/278\n|\n|t:|1728187756\n|switch|p2a: Chansey|Chansey, L85, F|564/564|[from] U-turn\n|-damage|p2a: Chansey|470/564|[from] Spikes\n|\n|-heal|p1a: Mabosstiff|139/278|[from] move: Wish|[wisher] Florges\n|upkeep\n|turn|15\n|\n|t:|1728187765\n|switch|p1a: Palossand|Palossand, L89, F|296/296\n|-damage|p1a: Palossand|278/296|[from] Stealth Rock\n|move|p2a: Chansey|Thunder Wave|p1a: Palossand\n|-immune|p1a: Palossand\n|\n|-heal|p1a: Palossand|296/296|[from] item: Leftovers\n|upkeep\n|turn|16\n|\n|t:|1728187773\n|switch|p2a: Uxie|Uxie, L83|130/260\n|move|p1a: Palossand|Stealth Rock|p2a: Uxie\n|-sidestart|p2: hinbass|move: Stealth Rock\n|\n|-heal|p2a: Uxie|146/260|[from] item: Leftovers\n|upkeep\n|turn|17\n|\n|t:|1728187779\n|move|p2a: Uxie|Knock Off|p1a: Palossand\n|-supereffective|p1a: Palossand\n|-damage|p1a: Palossand|208/296\n|-enditem|p1a: Palossand|Leftovers|[from] move: Knock Off|[of] p2a: Uxie\n|move|p1a: Palossand|Shadow Ball|p2a: Uxie\n|-supereffective|p2a: Uxie\n|-damage|p2a: Uxie|8/260\n|\n|-heal|p2a: Uxie|24/260|[from] item: Leftovers\n|upkeep\n|turn|18\n|\n|t:|1728187785\n|move|p2a: Uxie|Psychic Noise|p1a: Palossand\n|-damage|p1a: Palossand|132/296\n|-start|p1a: Palossand|move: Heal Block\n|move|p1a: Palossand|Shadow Ball|p2a: Uxie\n|-supereffective|p2a: Uxie\n|-damage|p2a: Uxie|0 fnt\n|faint|p2a: Uxie\n|\n|upkeep\n|\n|t:|1728187799\n|switch|p2a: Ninetales|Ninetales, L85, F|263/263\n|-weather|SunnyDay|[from] ability: Drought|[of] p2a: Ninetales\n|turn|19\n|\n|t:|1728187822\n|switch|p1a: Slowbro|Slowbro, L85, M|296/300\n|-damage|p1a: Slowbro|259/300|[from] Stealth Rock\n|move|p2a: Ninetales|Solar Beam||[still]\n|-prepare|p2a: Ninetales|Solar Beam\n|-anim|p2a: Ninetales|Solar Beam|p1a: Slowbro\n|-supereffective|p1a: Slowbro\n|-damage|p1a: Slowbro|99/300\n|\n|-weather|SunnyDay|[upkeep]\n|-heal|p1a: Slowbro|117/300|[from] item: Leftovers\n|upkeep\n|turn|20\n|\n|t:|1728187835\n|switch|p1a: Delibird|Delibird, F|210/252\n|move|p2a: Ninetales|Solar Beam||[still]\n|-prepare|p2a: Ninetales|Solar Beam\n|-anim|p2a: Ninetales|Solar Beam|p1a: Delibird\n|-resisted|p1a: Delibird\n|-damage|p1a: Delibird|156/252\n|\n|-weather|SunnyDay|[upkeep]\n|upkeep\n|turn|21\n|\n|t:|1728187844\n|switch|p1a: Palossand|Palossand, L89, F|132/296\n|-damage|p1a: Palossand|114/296|[from] Stealth Rock\n|move|p2a: Ninetales|Fire Blast|p1a: Palossand|[miss]\n|-miss|p2a: Ninetales|p1a: Palossand\n|\n|-weather|SunnyDay|[upkeep]\n|upkeep\n|turn|22\n|\n|t:|1728187856\n|switch|p1a: Slowbro|Slowbro, L85, M|217/300\n|-damage|p1a: Slowbro|180/300|[from] Stealth Rock\n|move|p2a: Ninetales|Solar Beam||[still]\n|-prepare|p2a: Ninetales|Solar Beam\n|-anim|p2a: Ninetales|Solar Beam|p1a: Slowbro\n|-supereffective|p1a: Slowbro\n|-damage|p1a: Slowbro|10/300\n|\n|-weather|SunnyDay|[upkeep]\n|-heal|p1a: Slowbro|28/300|[from] item: Leftovers\n|upkeep\n|turn|23\n|\n|t:|1728187866\n|switch|p1a: Palossand|Palossand, L89, F|114/296\n|-damage|p1a: Palossand|96/296|[from] Stealth Rock\n|move|p2a: Ninetales|Solar Beam||[still]\n|-prepare|p2a: Ninetales|Solar Beam\n|-anim|p2a: Ninetales|Solar Beam|p1a: Palossand\n|-supereffective|p1a: Palossand\n|-damage|p1a: Palossand|0 fnt\n|faint|p1a: Palossand\n|\n|-weather|none\n|upkeep\n|inactive|randoms meister has 90 seconds left.\n|\n|t:|1728187884\n|switch|p1a: Florges|Florges-White, L85, F|123/271\n|-damage|p1a: Florges|90/271|[from] Stealth Rock\n|turn|24\n|\n|t:|1728187888\n|move|p2a: Ninetales|Nasty Plot|p2a: Ninetales\n|-boost|p2a: Ninetales|spa|2\n|move|p1a: Florges|Wish|p1a: Florges\n|\n|upkeep\n|turn|25\n|\n|t:|1728187894\n|move|p2a: Ninetales|Nasty Plot|p2a: Ninetales\n|-boost|p2a: Ninetales|spa|2\n|move|p1a: Florges|Calm Mind|p1a: Florges\n|-boost|p1a: Florges|spa|1\n|-boost|p1a: Florges|spd|1\n|\n|-heal|p1a: Florges|225/271|[from] move: Wish|[wisher] Florges\n|upkeep\n|turn|26\n|\n|t:|1728187902\n|move|p2a: Ninetales|Fire Blast|p1a: Florges\n|-damage|p1a: Florges|96/271\n|move|p1a: Florges|Calm Mind|p1a: Florges\n|-boost|p1a: Florges|spa|1\n|-boost|p1a: Florges|spd|1\n|\n|upkeep\n|turn|27\n|\n|t:|1728187909\n|move|p1a: Florges|Protect|p1a: Florges\n|-singleturn|p1a: Florges|Protect\n|move|p2a: Ninetales|Fire Blast|p1a: Florges\n|-activate|p1a: Florges|move: Protect\n|\n|upkeep\n|turn|28\n|inactive|randoms meister has 120 seconds left.\n|\n|t:|1728187916\n|move|p2a: Ninetales|Fire Blast|p1a: Florges|[miss]\n|-miss|p2a: Ninetales|p1a: Florges\n|move|p1a: Florges|Wish|p1a: Florges\n|\n|upkeep\n|turn|29\n|\n|t:|1728187919\n|move|p2a: Ninetales|Nasty Plot|p2a: Ninetales\n|-boost|p2a: Ninetales|spa|2\n|move|p1a: Florges|Calm Mind|p1a: Florges\n|-boost|p1a: Florges|spa|1\n|-boost|p1a: Florges|spd|1\n|\n|-heal|p1a: Florges|231/271|[from] move: Wish|[wisher] Florges\n|upkeep\n|turn|30\n|\n|t:|1728187927\n|move|p2a: Ninetales|Fire Blast|p1a: Florges|[miss]\n|-miss|p2a: Ninetales|p1a: Florges\n|move|p1a: Florges|Wish|p1a: Florges\n|\n|upkeep\n|turn|31\n|\n|t:|1728187931\n|switch|p2a: Dondozo|Dondozo, L78, F|362/362\n|-damage|p2a: Dondozo|302/362|[from] Spikes\n|-damage|p2a: Dondozo|257/362|[from] Stealth Rock\n|move|p1a: Florges|Calm Mind|p1a: Florges\n|-boost|p1a: Florges|spa|1\n|-boost|p1a: Florges|spd|1\n|\n|-heal|p1a: Florges|271/271|[from] move: Wish|[wisher] Florges\n|-heal|p2a: Dondozo|279/362|[from] item: Leftovers\n|upkeep\n|turn|32\n|\n|t:|1728187958\n|move|p1a: Florges|Moonblast|p2a: Dondozo\n|-damage|p2a: Dondozo|120/362\n|move|p2a: Dondozo|Curse|p2a: Dondozo\n|-unboost|p2a: Dondozo|spe|1\n|-boost|p2a: Dondozo|atk|1\n|-boost|p2a: Dondozo|def|1\n|\n|-heal|p2a: Dondozo|142/362|[from] item: Leftovers\n|upkeep\n|turn|33\n|\n|t:|1728187963\n|move|p1a: Florges|Moonblast|p2a: Dondozo\n|-damage|p2a: Dondozo|0 fnt\n|faint|p2a: Dondozo\n|\n|upkeep\n|-message|hinbass forfeited.\n|\n|win|randoms meister\n|raw|randoms meister's rating: 2308 &rarr; <strong>2324</strong><br />(+16 for winning)\n|raw|hinbass's rating: 2240 &rarr; <strong>2224</strong><br />(-16 for losing)\n|l|\u2606hinbass\n|player|p2|\n", "inputlog": ">version 86ae7daf8e420bb3f6c82a6a988ddcc1b1aa7e58\n>start {\"formatid\":\"gen9randombattle\",\"seed\":[52675,5317,31946,49109],\"rated\":\"Rated battle\"}\n>player p1 {\"name\":\"randoms meister\",\"avatar\":\"170\",\"rating\":2308,\"seed\":[28509,8250,48517,60354]}\n>player p2 {\"name\":\"hinbass\",\"avatar\":\"169\",\"rating\":2240,\"seed\":[36025,5592,18194,60526]}\n>p1 switch 2\n>p2 switch 6\n>p1 move spikes\n>p2 move stealthrock\n>p1 move spikes\n>p2 move psychicnoise\n>p1 switch 2\n>p2 move psychicnoise\n>p1 switch 5\n>p2 move knockoff\n>p1 switch 6\n>p2 move psychicnoise\n>p1 move crunch\n>p2 move uturn\n>p2 switch 6\n>p1 switch 2\n>p2 move calmmind\n>p1 move heatcrash\n>p2 move alluringvoice\n>p1 switch 3\n>p1 move bravebird\n>p2 move alluringvoice\n>p2 switch 4\n>p1 switch 5\n>p2 move fireblast\n>p1 switch 6\n>p2 move solarbeam\n>p1 move wish\n>p2 switch 6\n>p1 switch 2\n>p2 move uturn\n>p2 switch 5\n>p1 switch 4\n>p2 move thunderwave\n>p1 move stealthrock\n>p2 switch 5\n>p1 move shadowball\n>p2 move knockoff\n>p1 move shadowball\n>p2 move psychicnoise\n>p2 switch 6\n>p1 switch 6\n>p2 move solarbeam\n>p1 switch 5\n>p2 move solarbeam\n>p1 switch 6\n>p2 move fireblast\n>p1 switch 5\n>p2 move solarbeam\n>p1 switch 5\n>p2 move solarbeam\n>p1 switch 2\n>p1 move wish\n>p2 move nastyplot\n>p1 move calmmind\n>p2 move nastyplot\n>p1 move calmmind\n>p2 move fireblast\n>p1 move protect\n>p2 move fireblast\n>p1 move wish\n>p2 move fireblast\n>p1 move calmmind\n>p2 move nastyplot\n>p1 move wish\n>p2 move fireblast\n>p1 move calmmind\n>p2 switch 3\n>p1 move moonblast\n>p2 move curse\n>p1 move moonblast\n>p2 move wavecrash\n>forcelose p2", "uploadtime": 1728187979, "views": 67, "formatid": "gen9randombattle", "rating": 2224, "private": 0, "password": null}