{"id": "gen9randombattle-2260864117", "format": "[Gen 9] Random Battle", "players": ["Ugvyytttfcdddc", "Bdmzuskevd"], "log": "|j|\u2606Ugvyytttfcdddc\n|j|\u2606Bdmzuskevd\n|t:|1733906707\n|gametype|singles\n|player|p1|Ugvyytttfcdddc|102|1046\n|player|p2|Bdmzuskevd|1|1000\n|teamsize|p1|6\n|teamsize|p2|6\n|gen|9\n|tier|[Gen 9] Random Battle\n|rated|\n|rule|Species Clause: Limit one of each Pok\u00e9mon\n|rule|HP Percentage Mod: HP is shown in percentages\n|rule|Sleep Clause Mod: Limit one foe put to sleep\n|rule|Illusion Level Mod: Illusion disguises the Pok\u00e9mon's true level\n|\n|t:|1733906707\n|start\n|switch|p1a: Brute Bonnet|Brute Bonnet, L81|312/312\n|switch|p2a: Pachirisu|Pachirisu, L96, M|271/271\n|turn|1\n|\n|t:|1733906725\n|move|p2a: Pachirisu|U-turn|p1a: Brute Bonnet\n|-supereffective|p1a: Brute Bonnet\n|-damage|p1a: Brute Bonnet|156/312\n|\n|t:|1733906732\n|switch|p2a: Yanmega|Yanmega, L82, M|275/275|[from] U-turn\n|move|p1a: Brute Bonnet|Spore|p2a: Yanmega\n|-status|p2a: Yanmega|slp|[from] move: Spore\n|\n|-heal|p1a: Brute Bonnet|175/312|[from] item: Leftovers\n|upkeep\n|turn|2\n|\n|t:|1733906743\n|cant|p2a: Yanmega|slp\n|move|p1a: Brute Bonnet|Crunch|p2a: Yanmega\n|-damage|p2a: Yanmega|166/275 slp\n|\n|-heal|p1a: Brute Bonnet|194/312|[from] item: Leftovers\n|-ability|p2a: Yanmega|Speed Boost|boost\n|-boost|p2a: Yanmega|spe|1\n|upkeep\n|turn|3\n|\n|t:|1733906752\n|cant|p2a: Yanmega|slp\n|move|p1a: Brute Bonnet|Crunch|p2a: Yanmega\n|-damage|p2a: Yanmega|63/275 slp\n|-unboost|p2a: Yanmega|def|1\n|\n|-heal|p1a: Brute Bonnet|213/312|[from] item: Leftovers\n|-ability|p2a: Yanmega|Speed Boost|boost\n|-boost|p2a: Yanmega|spe|1\n|upkeep\n|turn|4\n|\n|t:|1733906766\n|move|p1a: Brute Bonnet|Sucker Punch|p2a: Yanmega\n|-damage|p2a: Yanmega|0 fnt\n|faint|p2a: Yanmega\n|\n|-heal|p1a: Brute Bonnet|232/312|[from] item: Leftovers\n|upkeep\n|\n|t:|1733906773\n|switch|p2a: Pachirisu|Pachirisu, L96, M|271/271\n|turn|5\n|\n|t:|1733906782\n|move|p2a: Pachirisu|U-turn|p1a: Brute Bonnet\n|-supereffective|p1a: Brute Bonnet\n|-damage|p1a: Brute Bonnet|80/312\n|\n|t:|1733906800\n|switch|p2a: Squawkabilly|Squawkabilly-White, L89, F|291/291|[from] U-turn\n|move|p1a: Brute Bonnet|Spore|p2a: Squawkabilly\n|-status|p2a: Squawkabilly|slp|[from] move: Spore\n|\n|-heal|p1a: Brute Bonnet|99/312|[from] item: Leftovers\n|upkeep\n|turn|6\n|\n|t:|1733906811\n|cant|p2a: Squawkabilly|slp\n|move|p1a: Brute Bonnet|Crunch|p2a: Squawkabilly\n|-damage|p2a: Squawkabilly|159/291 slp\n|\n|-heal|p1a: Brute Bonnet|118/312|[from] item: Leftovers\n|upkeep\n|turn|7\n|\n|t:|1733906822\n|-terastallize|p2a: Squawkabilly|Flying\n|-curestatus|p2a: Squawkabilly|slp|[msg]\n|move|p2a: Squawkabilly|Brave Bird|p1a: Brute Bonnet|[miss]\n|-miss|p2a: Squawkabilly|p1a: Brute Bonnet\n|move|p1a: Brute Bonnet|Crunch|p2a: Squawkabilly\n|-damage|p2a: Squawkabilly|33/291\n|\n|-heal|p1a: Brute Bonnet|137/312|[from] item: Leftovers\n|upkeep\n|turn|8\n|\n|t:|1733906834\n|move|p1a: Brute Bonnet|Sucker Punch|p2a: Squawkabilly\n|-damage|p2a: Squawkabilly|0 fnt\n|faint|p2a: Squawkabilly\n|\n|-heal|p1a: Brute Bonnet|156/312|[from] item: Leftovers\n|upkeep\n|\n|t:|1733906842\n|switch|p2a: Pachirisu|Pachirisu, L96, M|271/271\n|turn|9\n|\n|t:|1733906854\n|move|p1a: Brute Bonnet|Sucker Punch|p2a: Pachirisu\n|-crit|p2a: Pachirisu\n|-damage|p2a: Pachirisu|127/271\n|move|p2a: Pachirisu|U-turn|p1a: Brute Bonnet\n|-supereffective|p1a: Brute Bonnet\n|-damage|p1a: Brute Bonnet|0 fnt\n|faint|p1a: Brute Bonnet\n|-end|p1a: Brute Bonnet|Protosynthesis|[silent]\n|\n|t:|1733906862\n|switch|p2a: Toedscruel|Toedscruel, L87, F|281/281|[from] U-turn\n|\n|upkeep\n|\n|t:|1733906870\n|switch|p1a: Blaziken|Blaziken, L76, M|247/247\n|turn|10\n|\n|t:|1733906874\n|move|p2a: Toedscruel|Earth Power|p1a: Blaziken\n|-supereffective|p1a: Blaziken\n|-damage|p1a: Blaziken|23/247\n|move|p1a: Blaziken|Flare Blitz|p2a: Toedscruel\n|-supereffective|p2a: Toedscruel\n|-damage|p2a: Toedscruel|0 fnt\n|faint|p2a: Toedscruel\n|-damage|p1a: Blaziken|0 fnt|[from] Recoil\n|faint|p1a: Blaziken\n|\n|upkeep\n|\n|t:|1733906885\n|switch|p2a: Raichu|Raichu, L88, F|249/249\n|switch|p1a: Quagsire|Quagsire, L84, F|297/297\n|turn|11\n|\n|t:|1733906893\n|move|p2a: Raichu|Knock Off|p1a: Quagsire\n|-damage|p1a: Quagsire|221/297\n|-enditem|p1a: Quagsire|Leftovers|[from] move: Knock Off|[of] p2a: Raichu\n|move|p1a: Quagsire|Earthquake|p2a: Raichu\n|-supereffective|p2a: Raichu\n|-crit|p2a: Raichu\n|-damage|p2a: Raichu|0 fnt\n|faint|p2a: Raichu\n|\n|upkeep\n|\n|t:|1733906907\n|switch|p2a: Wugtrio|Wugtrio, L91, F|212/212\n|turn|12\n|\n|t:|1733906916\n|move|p2a: Wugtrio|Throat Chop|p1a: Quagsire\n|-damage|p1a: Quagsire|118/297\n|-start|p1a: Quagsire|Throat Chop|[silent]\n|move|p1a: Quagsire|Earthquake|p2a: Wugtrio\n|-damage|p2a: Wugtrio|77/212\n|\n|upkeep\n|turn|13\n|\n|t:|1733906924\n|move|p2a: Wugtrio|Throat Chop|p1a: Quagsire\n|-damage|p1a: Quagsire|7/297\n|move|p1a: Quagsire|Earthquake|p2a: Wugtrio\n|-damage|p2a: Wugtrio|0 fnt\n|faint|p2a: Wugtrio\n|\n|-end|p1a: Quagsire|Throat Chop|[silent]\n|upkeep\n|\n|t:|1733906932\n|switch|p2a: Pachirisu|Pachirisu, L96, M|127/271\n|turn|14\n|\n|t:|1733906936\n|move|p2a: Pachirisu|U-turn|p1a: Quagsire\n|-damage|p1a: Quagsire|0 fnt\n|faint|p1a: Quagsire\n|\n|upkeep\n|\n|t:|1733906941\n|switch|p1a: Terapagos|Terapagos, L76, F|262/262\n|-activate|p1a: Terapagos|ability: Tera Shift\n|detailschange|p1a: Terapagos|Terapagos-Terastal, L76, F\n|-heal|p1a: Terapagos|269/269|[silent]\n|turn|15\n|\n|t:|1733906949\n|move|p2a: Pachirisu|Super Fang|p1a: Terapagos\n|-damage|p1a: Terapagos|135/269\n|move|p1a: Terapagos|Tera Starstorm|p2a: Pachirisu\n|-damage|p2a: Pachirisu|25/271\n|\n|upkeep\n|turn|16\n|\n|t:|1733906960\n|move|p2a: Pachirisu|Super Fang|p1a: Terapagos\n|-damage|p1a: Terapagos|68/269\n|move|p1a: Terapagos|Tera Starstorm|p2a: Pachirisu\n|-damage|p2a: Pachirisu|0 fnt\n|faint|p2a: Pachirisu\n|\n|win|Ugvyytttfcdddc\n|raw|Ugvyytttfcdddc's rating: 1081 &rarr; <strong>1102</strong><br />(+21 for winning)\n|raw|Bdmzuskevd's rating: 1000 &rarr; <strong>1000</strong><br />(+0 for losing)\n", "inputlog": ">version bfd83cad13791eb5a5a409923076391caf6fb4d4\n>start {\"formatid\":\"gen9randombattle\",\"seed\":[22807,1538,32598,35122],\"rated\":\"Rated battle\"}\n>player p1 {\"name\":\"Ugvyytttfcdddc\",\"avatar\":\"102\",\"rating\":1046,\"seed\":[29207,29349,4458,2328]}\n>player p2 {\"name\":\"Bdmzuskevd\",\"avatar\":\"1\",\"rating\":1000,\"seed\":[24884,45041,17034,36091]}\n>p1 move spore\n>p2 move uturn\n>p2 switch 5\n>p1 move crunch\n>p2 move bugbuzz\n>p1 move crunch\n>p2 move bugbuzz\n>p1 move suckerpunch\n>p2 move bugbuzz\n>p2 switch 5\n>p1 move spore\n>p2 move uturn\n>p2 switch 2\n>p1 move crunch\n>p2 move bravebird\n>p1 move crunch\n>p2 move bravebird terastallize\n>p1 move suckerpunch\n>p2 move bravebird\n>p2 switch 2\n>p1 move suckerpunch\n>p2 move uturn\n>p2 switch 3\n>p1 switch 5\n>p1 move flareblitz\n>p2 move earthpower\n>p1 switch 4\n>p2 switch 6\n>p1 move earthquake\n>p2 move knockoff\n>p2 switch 4\n>p1 move earthquake\n>p2 move throatchop\n>p1 move earthquake\n>p2 move throatchop\n>p2 switch 3\n>p1 move earthquake\n>p2 move uturn\n>p1 switch 6\n>p1 move terastarstorm\n>p2 move superfang\n>p1 move terastarstorm\n>p2 move superfang", "uploadtime": 1733906962, "views": 1, "formatid": "gen9randombattle", "rating": 1000, "private": 0, "password": null}