{"id": "gen9randombattle-2257673448", "format": "[Gen 9] Random Battle", "players": ["Qiuescent", "wanted fame=got it"], "log": "|badge|p2|silver|gen9randombattle|30-3\n|uhtml|medal-msg|<div class=\"broadcast-blue\">Curious what those medals under the avatar are? PS now has Ladder Seasons! For more information, check out the <a href=\"https://www.smogon.com/forums/threads/3740067/\">thread on Smogon.</a></div>\n|j|\u203dQiuescent\n|j|\u203dwanted fame=got it\n|t:|1733455718\n|gametype|singles\n|player|p1|Qiuescent|170|2239\n|player|p2|wanted fame=got it|aromalady|2351\n|teamsize|p1|6\n|teamsize|p2|6\n|gen|9\n|tier|[Gen 9] Random Battle\n|rated|\n|rule|Species Clause: Limit one of each Pok\u00e9mon\n|rule|HP Percentage Mod: HP is shown in percentages\n|rule|Sleep Clause Mod: Limit one foe put to sleep\n|rule|Illusion Level Mod: Illusion disguises the Pok\u00e9mon's true level\n|\n|t:|1733455718\n|start\n|switch|p1a: Grafaiai|Grafaiai, L86, M|249/249\n|switch|p2a: Blaziken|Blaziken, L76, F|247/247\n|turn|1\n|inactive|Battle timer is ON: inactive players will automatically lose when time's up. (requested by wanted fame=got it)\n|j| Fart Poopington\n|inactive|wanted fame=got it has 120 seconds left.\n|\n|t:|1733455764\n|move|p1a: Grafaiai|Parting Shot|p2a: Blaziken\n|-unboost|p2a: Blaziken|atk|1\n|-unboost|p2a: Blaziken|spa|1\n|\n|t:|1733455768\n|switch|p1a: Ampharos|Ampharos, L88, F|302/302|[from] Parting Shot\n|move|p2a: Blaziken|Close Combat|p1a: Ampharos\n|-damage|p1a: Ampharos|205/302\n|-unboost|p2a: Blaziken|def|1\n|-unboost|p2a: Blaziken|spd|1\n|-status|p2a: Blaziken|par|[from] ability: Static|[of] p1a: Ampharos\n|-damage|p2a: Blaziken|223/247 par|[from] item: Life Orb\n|\n|-ability|p2a: Blaziken|Speed Boost|boost\n|-boost|p2a: Blaziken|spe|1\n|upkeep\n|turn|2\n|\n|t:|1733455775\n|switch|p2a: Rhyperior|Rhyperior, L82, F|323/323\n|move|p1a: Ampharos|Thunderbolt|p2a: Rhyperior\n|-immune|p2a: Rhyperior\n|\n|upkeep\n|turn|3\n|\n|t:|1733455781\n|switch|p1a: Ting-Lu|Ting-Lu, L78|370/370\n|-ability|p1a: Ting-Lu|Vessel of Ruin\n|move|p2a: Rhyperior|Earthquake|p1a: Ting-Lu\n|-damage|p1a: Ting-Lu|253/370\n|\n|-heal|p1a: Ting-Lu|276/370|[from] item: Leftovers\n|upkeep\n|turn|4\n|\n|t:|1733455788\n|move|p1a: Ting-Lu|Spikes|p2a: Rhyperior\n|-sidestart|p2: wanted fame=got it|Spikes\n|move|p2a: Rhyperior|Rock Polish|p2a: Rhyperior\n|-boost|p2a: Rhyperior|spe|2\n|\n|-heal|p1a: Ting-Lu|299/370|[from] item: Leftovers\n|upkeep\n|turn|5\n|\n|t:|1733455791\n|move|p2a: Rhyperior|Megahorn|p1a: Ting-Lu\n|-supereffective|p1a: Ting-Lu\n|-damage|p1a: Ting-Lu|131/370\n|move|p1a: Ting-Lu|Whirlwind|p2a: Rhyperior\n|drag|p2a: Dunsparce|Dunsparce, L86, F|312/312\n|-damage|p2a: Dunsparce|273/312|[from] Spikes\n|\n|-heal|p1a: Ting-Lu|154/370|[from] item: Leftovers\n|upkeep\n|turn|6\n|\n|t:|1733455796\n|move|p2a: Dunsparce|Body Slam|p1a: Ting-Lu\n|-damage|p1a: Ting-Lu|87/370\n|move|p1a: Ting-Lu|Spikes|p2a: Dunsparce\n|-sidestart|p2: wanted fame=got it|Spikes\n|\n|-heal|p1a: Ting-Lu|110/370|[from] item: Leftovers\n|upkeep\n|turn|7\n|\n|t:|1733455800\n|move|p2a: Dunsparce|Body Slam|p1a: Ting-Lu\n|-damage|p1a: Ting-Lu|49/370\n|move|p1a: Ting-Lu|Whirlwind|p2a: Dunsparce\n|drag|p2a: Rhyperior|Rhyperior, L82, F|323/323\n|-damage|p2a: Rhyperior|270/323|[from] Spikes\n|\n|-heal|p1a: Ting-Lu|72/370|[from] item: Leftovers\n|upkeep\n|turn|8\n|\n|t:|1733455804\n|move|p1a: Ting-Lu|Earthquake|p2a: Rhyperior\n|-supereffective|p2a: Rhyperior\n|-damage|p2a: Rhyperior|147/323\n|-enditem|p2a: Rhyperior|Weakness Policy\n|-boost|p2a: Rhyperior|atk|2|[from] item: Weakness Policy\n|-boost|p2a: Rhyperior|spa|2|[from] item: Weakness Policy\n|move|p2a: Rhyperior|Earthquake|p1a: Ting-Lu\n|-damage|p1a: Ting-Lu|0 fnt\n|faint|p1a: Ting-Lu\n|\n|upkeep\n|\n|t:|1733455809\n|switch|p1a: Shaymin|Shaymin-Sky, L73|266/266\n|turn|9\n|l|\u203dwanted fame=got it\n|inactive|wanted fame=got it disconnected and has a minute to reconnect!\n|player|p2|\n|j|\u203dwanted fame=got it\n|inactive|wanted fame=got it reconnected and has 120 seconds left.\n|player|p2|wanted fame=got it|aromalady|\n|n|\u203dwanted fame=got it|wantedfamegotit\n|n|\u203dwanted fame=got it|wantedfamegotit\n|\n|t:|1733455861\n|move|p1a: Shaymin|Substitute|p1a: Shaymin\n|-start|p1a: Shaymin|Substitute\n|-damage|p1a: Shaymin|200/266\n|move|p2a: Rhyperior|Stone Edge|p1a: Shaymin\n|-supereffective|p1a: Shaymin\n|-end|p1a: Shaymin|Substitute\n|\n|-heal|p1a: Shaymin|216/266|[from] item: Leftovers\n|upkeep\n|turn|10\n|\n|t:|1733455868\n|move|p1a: Shaymin|Substitute|p1a: Shaymin\n|-start|p1a: Shaymin|Substitute\n|-damage|p1a: Shaymin|150/266\n|move|p2a: Rhyperior|Stone Edge|p1a: Shaymin|[miss]\n|-miss|p2a: Rhyperior|p1a: Shaymin\n|\n|-heal|p1a: Shaymin|166/266|[from] item: Leftovers\n|upkeep\n|turn|11\n|\n|t:|1733455892\n|move|p1a: Shaymin|Seed Flare|p2a: Rhyperior|[miss]\n|-miss|p1a: Shaymin|p2a: Rhyperior\n|move|p2a: Rhyperior|Stone Edge|p1a: Shaymin\n|-supereffective|p1a: Shaymin\n|-end|p1a: Shaymin|Substitute\n|\n|-heal|p1a: Shaymin|182/266|[from] item: Leftovers\n|upkeep\n|turn|12\n|\n|t:|1733455899\n|move|p1a: Shaymin|Seed Flare|p2a: Rhyperior\n|-supereffective|p2a: Rhyperior\n|-crit|p2a: Rhyperior\n|-damage|p2a: Rhyperior|0 fnt\n|faint|p2a: Rhyperior\n|\n|-heal|p1a: Shaymin|198/266|[from] item: Leftovers\n|upkeep\n|\n|t:|1733455903\n|switch|p2a: Skuntank|Skuntank, L84, F|310/310\n|-damage|p2a: Skuntank|259/310|[from] Spikes\n|turn|13\n|\n|t:|1733455910\n|move|p1a: Shaymin|Substitute|p1a: Shaymin\n|-start|p1a: Shaymin|Substitute\n|-damage|p1a: Shaymin|132/266\n|move|p2a: Skuntank|Gunk Shot|p1a: Shaymin\n|-supereffective|p1a: Shaymin\n|-end|p1a: Shaymin|Substitute\n|-damage|p2a: Skuntank|228/310|[from] item: Life Orb\n|\n|-heal|p1a: Shaymin|148/266|[from] item: Leftovers\n|upkeep\n|turn|14\n|\n|t:|1733455913\n|switch|p1a: Grafaiai|Grafaiai, L86, M|249/249\n|move|p2a: Skuntank|Knock Off|p1a: Grafaiai\n|-damage|p1a: Grafaiai|77/249\n|-enditem|p1a: Grafaiai|Heavy-Duty Boots|[from] move: Knock Off|[of] p2a: Skuntank\n|-damage|p2a: Skuntank|197/310|[from] item: Life Orb\n|\n|upkeep\n|turn|15\n|\n|t:|1733455921\n|switch|p1a: Ampharos|Ampharos, L88, F|205/302\n|move|p2a: Skuntank|Gunk Shot|p1a: Ampharos|[miss]\n|-miss|p2a: Skuntank|p1a: Ampharos\n|\n|upkeep\n|turn|16\n|inactiveoff|Battle timer is now OFF.\n|inactive|Battle timer is ON: inactive players will automatically lose when time's up. (requested by Qiuescent)\n|l|\u203dwanted fame=got it\n|inactive|wanted fame=got it disconnected and has a minute to reconnect!\n|player|p2|\n|j|\u203dwanted fame=got it\n|inactive|wanted fame=got it reconnected and has 115 seconds left.\n|player|p2|wanted fame=got it|aromalady|\n|n|\u203dwanted fame=got it|wantedfamegotit\n|n|\u203dwanted fame=got it|wantedfamegotit\n|inactive|wanted fame=got it also wants the timer to be on.\n|\n|t:|1733455966\n|move|p2a: Skuntank|Gunk Shot|p1a: Ampharos\n|-damage|p1a: Ampharos|59/302\n|-status|p1a: Ampharos|psn\n|-damage|p2a: Skuntank|166/310|[from] item: Life Orb\n|move|p1a: Ampharos|Thunderbolt|p2a: Skuntank\n|-damage|p2a: Skuntank|0 fnt\n|faint|p2a: Skuntank\n|\n|-damage|p1a: Ampharos|22/302 psn|[from] psn\n|upkeep\n|\n|t:|1733455982\n|switch|p2a: Umbreon|Umbreon, L84, F|297/297\n|-damage|p2a: Umbreon|248/297|[from] Spikes\n|turn|17\n|\n|t:|1733455992\n|switch|p1a: Cyclizar|Cyclizar, L83, M|252/252\n|move|p2a: Umbreon|Foul Play|p1a: Cyclizar\n|-damage|p1a: Cyclizar|126/252\n|\n|-heal|p2a: Umbreon|266/297|[from] item: Leftovers\n|upkeep\n|turn|18\n|\n|t:|1733455999\n|switch|p1a: Tyranitar|Tyranitar, L79, M|288/288\n|-weather|Sandstorm|[from] ability: Sand Stream|[of] p1a: Tyranitar\n|move|p2a: Umbreon|Foul Play|p1a: Tyranitar\n|-resisted|p1a: Tyranitar\n|-damage|p1a: Tyranitar|231/288\n|\n|-weather|Sandstorm|[upkeep]\n|-damage|p2a: Umbreon|248/297|[from] Sandstorm\n|-heal|p2a: Umbreon|266/297|[from] item: Leftovers\n|-heal|p1a: Tyranitar|249/288|[from] item: Leftovers\n|upkeep\n|turn|19\n|\n|t:|1733456005\n|move|p2a: Umbreon|Toxic|p1a: Tyranitar\n|-status|p1a: Tyranitar|tox\n|move|p1a: Tyranitar|Knock Off|p2a: Umbreon\n|-resisted|p2a: Umbreon\n|-damage|p2a: Umbreon|220/297\n|-enditem|p2a: Umbreon|Leftovers|[from] move: Knock Off|[of] p1a: Tyranitar\n|\n|-weather|Sandstorm|[upkeep]\n|-damage|p2a: Umbreon|202/297|[from] Sandstorm\n|-heal|p1a: Tyranitar|267/288 tox|[from] item: Leftovers\n|-damage|p1a: Tyranitar|249/288 tox|[from] psn\n|upkeep\n|turn|20\n|inactive|wanted fame=got it has 120 seconds left.\n|\n|t:|1733456015\n|move|p2a: Umbreon|Wish|p2a: Umbreon\n|move|p1a: Tyranitar|Stone Edge|p2a: Umbreon\n|-damage|p2a: Umbreon|108/297\n|\n|-weather|Sandstorm|[upkeep]\n|-damage|p2a: Umbreon|90/297|[from] Sandstorm\n|-heal|p1a: Tyranitar|267/288 tox|[from] item: Leftovers\n|-damage|p1a: Tyranitar|231/288 tox|[from] psn\n|upkeep\n|turn|21\n|\n|t:|1733456020\n|switch|p1a: Shaymin|Shaymin-Sky, L73|148/266\n|move|p2a: Umbreon|Protect||[still]\n|-fail|p2a: Umbreon\n|\n|-weather|Sandstorm|[upkeep]\n|-damage|p1a: Shaymin|132/266|[from] Sandstorm\n|-damage|p2a: Umbreon|72/297|[from] Sandstorm\n|-heal|p2a: Umbreon|220/297|[from] move: Wish|[wisher] Umbreon\n|-heal|p1a: Shaymin|148/266|[from] item: Leftovers\n|upkeep\n|turn|22\n|\n|t:|1733456034\n|move|p1a: Shaymin|Leech Seed|p2a: Umbreon|[miss]\n|-miss|p1a: Shaymin|p2a: Umbreon\n|move|p2a: Umbreon|Foul Play|p1a: Shaymin\n|-damage|p1a: Shaymin|60/266\n|\n|-weather|none\n|-heal|p1a: Shaymin|76/266|[from] item: Leftovers\n|upkeep\n|turn|23\n|l|\u203dwanted fame=got it\n|inactive|wanted fame=got it disconnected and has a minute to reconnect!\n|player|p2|\n|j|\u203dwanted fame=got it\n|inactive|wanted fame=got it reconnected and has 120 seconds left.\n|player|p2|wanted fame=got it|aromalady|\n|n|\u203dwanted fame=got it|wantedfamegotit\n|n|\u203dwanted fame=got it|wantedfamegotit\n|\n|t:|1733456061\n|move|p1a: Shaymin|Leech Seed|p2a: Umbreon\n|-start|p2a: Umbreon|move: Leech Seed\n|move|p2a: Umbreon|Foul Play|p1a: Shaymin\n|-damage|p1a: Shaymin|0 fnt\n|faint|p1a: Shaymin\n|\n|upkeep\n|\n|t:|1733456066\n|switch|p1a: Cyclizar|Cyclizar, L83, M|210/252\n|turn|24\n|inactive|wanted fame=got it has 120 seconds left.\n|\n|t:|1733456077\n|switch|p2a: Vaporeon|Vaporeon, L86, F|364/364\n|-damage|p2a: Vaporeon|304/364|[from] Spikes\n|move|p1a: Cyclizar|Draco Meteor|p2a: Vaporeon\n|-damage|p2a: Vaporeon|184/364\n|-unboost|p1a: Cyclizar|spa|2\n|\n|-heal|p2a: Vaporeon|206/364|[from] item: Leftovers\n|upkeep\n|turn|25\n|\n|t:|1733456087\n|move|p1a: Cyclizar|Shed Tail|p1a: Cyclizar\n|-start|p1a: Cyclizar|Substitute|[from] move: Shed Tail\n|-damage|p1a: Cyclizar|84/252\n|\n|t:|1733456091\n|switch|p1a: Grafaiai|Grafaiai, L86, M|77/249|[from] Shed Tail\n|move|p2a: Vaporeon|Scald|p1a: Grafaiai\n|-end|p1a: Grafaiai|Substitute\n|\n|-heal|p2a: Vaporeon|228/364|[from] item: Leftovers\n|upkeep\n|turn|26\n|\n|t:|1733456095\n|move|p1a: Grafaiai|Gunk Shot|p2a: Vaporeon\n|-damage|p2a: Vaporeon|66/364\n|move|p2a: Vaporeon|Scald|p1a: Grafaiai\n|-damage|p1a: Grafaiai|0 fnt\n|faint|p1a: Grafaiai\n|\n|-heal|p2a: Vaporeon|88/364|[from] item: Leftovers\n|upkeep\n|\n|t:|1733456107\n|switch|p1a: Cyclizar|Cyclizar, L83, M|168/252\n|turn|27\n|\n|t:|1733456111\n|move|p2a: Vaporeon|Protect|p2a: Vaporeon\n|-singleturn|p2a: Vaporeon|Protect\n|move|p1a: Cyclizar|Draco Meteor|p2a: Vaporeon\n|-activate|p2a: Vaporeon|move: Protect\n|\n|-heal|p2a: Vaporeon|110/364|[from] item: Leftovers\n|upkeep\n|turn|28\n|\n|t:|1733456114\n|move|p1a: Cyclizar|Draco Meteor|p2a: Vaporeon\n|-damage|p2a: Vaporeon|1/364\n|-unboost|p1a: Cyclizar|spa|2\n|move|p2a: Vaporeon|Wish|p2a: Vaporeon\n|\n|-heal|p2a: Vaporeon|23/364|[from] item: Leftovers\n|upkeep\n|turn|29\n|-message|Qiuescent forfeited.\n|\n|win|wanted fame=got it\n|raw|Qiuescent's rating: 2239 &rarr; <strong>2225</strong><br />(-14 for losing)\n|raw|wanted fame=got it's rating: 2351 &rarr; <strong>2365</strong><br />(+14 for winning)\n|l|\u203dQiuescent\n|player|p1|\n", "inputlog": ">version f27bf860d389bcfdfe10192499dbd80f1998dac7\n>start {\"formatid\":\"gen9randombattle\",\"seed\":[36423,23160,38128,43939],\"rated\":\"Rated battle\"}\n>player p1 {\"name\":\"Qiuescent\",\"avatar\":\"170\",\"rating\":2239,\"seed\":[22097,9560,49954,57838]}\n>player p2 {\"name\":\"wanted fame=got it\",\"avatar\":\"aromalady\",\"rating\":2351,\"seed\":[40242,25800,31306,40400]}\n>p1 move partingshot\n>p2 move closecombat\n>p1 switch 6\n>p1 move thunderbolt\n>p2 switch 2\n>p1 switch 3\n>p2 move earthquake\n>p1 move spikes\n>p2 move rockpolish\n>p1 move whirlwind\n>p2 move megahorn\n>p1 move spikes\n>p2 move bodyslam\n>p1 move whirlwind\n>p2 move bodyslam\n>p1 move earthquake\n>p2 move earthquake\n>p1 switch 4\n>p1 move substitute\n>p2 move stoneedge\n>p1 move substitute\n>p2 move stoneedge\n>p1 move seedflare\n>p2 move stoneedge\n>p1 move seedflare\n>p2 move stoneedge\n>p2 switch 6\n>p1 move substitute\n>p2 move gunkshot\n>p1 switch 6\n>p2 move knockoff\n>p1 switch 3\n>p2 move gunkshot\n>p1 move thunderbolt\n>p2 move gunkshot\n>p2 switch 3\n>p1 switch 5\n>p2 move foulplay\n>p1 switch 2\n>p2 move foulplay\n>p1 move knockoff\n>p2 move toxic\n>p1 move stoneedge\n>p2 move wish\n>p1 switch 6\n>p2 move protect\n>p1 move leechseed\n>p2 move foulplay\n>p1 move leechseed\n>p2 move foulplay\n>p1 switch 2\n>p1 move dracometeor\n>p2 switch 5\n>p1 move shedtail\n>p2 move scald\n>p1 switch 3\n>p1 move gunkshot\n>p2 move scald\n>p1 switch 3\n>p1 move dracometeor\n>p2 move protect\n>p1 move dracometeor\n>p2 move wish\n>forcelose p1", "uploadtime": 1733456129, "views": 22, "formatid": "gen9randombattle", "rating": 2225, "private": 0, "password": null}