{"id": "gen9randombattle-2210615951", "format": "[Gen 9] Random Battle", "players": ["R3LT Glop", "GothPerona"], "log": "|badge|p2|bronze|gen9randombattle|100-2\n|html|<div class=\"broadcast-red\"><strong>This battle is required to be public due to one or more player having a season medal.</strong><br />During the public phase, you can discuss the state of the ladder <a href=\"/seasondiscussion\">in a special chatroom.</a></div>\n|uhtml|medal-msg|<div class=\"broadcast-blue\">Curious what those medals under the avatar are? PS now has Ladder Seasons! For more information, check out the <a href=\"https://www.smogon.com/forums/threads/3740067/\">thread on Smogon.</a></div>\n|raw|<div class=\"broadcast-blue\"><strong>This battle is required to be public due to a player having a name starting with 'medal'.</div>\n|j|\u2606R3LT Glop\n|j|\u2606GothPerona\n|t:|1727408354\n|gametype|singles\n|player|p1|R3LT Glop|#teamvictini|2262\n|player|p2|GothPerona|marley|2365\n|teamsize|p1|6\n|teamsize|p2|6\n|gen|9\n|tier|[Gen 9] Random Battle\n|rated|\n|rule|Species Clause: Limit one of each Pok\u00e9mon\n|rule|HP Percentage Mod: HP is shown in percentages\n|rule|Sleep Clause Mod: Limit one foe put to sleep\n|rule|Illusion Level Mod: Illusion disguises the Pok\u00e9mon's true level\n|\n|t:|1727408354\n|start\n|switch|p1a: Eternatus|Eternatus, L69|308/308\n|switch|p2a: Minun|Minun, L95, M|268/268\n|-ability|p1a: Eternatus|Pressure\n|turn|1\n|inactive|Battle timer is ON: inactive players will automatically lose when time's up. (requested by GothPerona)\n|\n|t:|1727408367\n|move|p2a: Minun|Nasty Plot|p2a: Minun\n|-boost|p2a: Minun|spa|2\n|move|p1a: Eternatus|Sludge Bomb|p2a: Minun\n|-damage|p2a: Minun|186/268\n|-status|p2a: Minun|psn\n|\n|-damage|p2a: Minun|153/268 psn|[from] psn\n|upkeep\n|turn|2\n|\n|t:|1727408372\n|move|p2a: Minun|Alluring Voice|p1a: Eternatus\n|-damage|p1a: Eternatus|143/308\n|-damage|p2a: Minun|127/268 psn|[from] item: Life Orb\n|move|p1a: Eternatus|Dynamax Cannon|p2a: Minun\n|-damage|p2a: Minun|40/268 psn\n|\n|-damage|p2a: Minun|7/268 psn|[from] psn\n|upkeep\n|turn|3\n|\n|t:|1727408376\n|switch|p1a: Charizard|Charizard, L85, M|271/271\n|move|p2a: Minun|Alluring Voice|p1a: Charizard\n|-resisted|p1a: Charizard\n|-damage|p1a: Charizard|196/271\n|-damage|p2a: Minun|0 fnt|[from] item: Life Orb\n|faint|p2a: Minun\n|\n|upkeep\n|\n|t:|1727408390\n|switch|p2a: Gothitelle|Gothitelle, L90, F|272/272\n|turn|4\n|\n|t:|1727408392\n|move|p2a: Gothitelle|Psychic|p1a: Charizard\n|-damage|p1a: Charizard|94/271\n|move|p1a: Charizard|Dragon Dance|p1a: Charizard\n|-boost|p1a: Charizard|atk|1\n|-boost|p1a: Charizard|spe|1\n|\n|upkeep\n|turn|5\n|\n|t:|1727408396\n|move|p1a: Charizard|Flare Blitz|p2a: Gothitelle\n|-damage|p2a: Gothitelle|118/272\n|-damage|p1a: Charizard|43/271|[from] Recoil\n|move|p2a: Gothitelle|Psychic|p1a: Charizard\n|-damage|p1a: Charizard|0 fnt\n|faint|p1a: Charizard\n|\n|upkeep\n|\n|t:|1727408404\n|switch|p1a: Dragapult|Dragapult, L77, M|262/262\n|turn|6\n|\n|t:|1727408406\n|switch|p2a: Blissey|Blissey, L84, F|566/566\n|move|p1a: Dragapult|Dragon Darts|p2a: Blissey\n|-damage|p2a: Blissey|366/566\n|-anim|p1a: Dragapult|Dragon Darts|p2a: Blissey\n|-damage|p2a: Blissey|148/566\n|-damage|p1a: Dragapult|236/262|[from] item: Life Orb\n|\n|-heal|p2a: Blissey|183/566|[from] item: Leftovers\n|upkeep\n|turn|7\n|\n|t:|1727408414\n|switch|p2a: Forretress|Forretress, L84, M|263/263\n|move|p1a: Dragapult|Dragon Darts|p2a: Forretress\n|-resisted|p2a: Forretress\n|-damage|p2a: Forretress|240/263\n|-anim|p1a: Dragapult|Dragon Darts|p2a: Forretress\n|-resisted|p2a: Forretress\n|-damage|p2a: Forretress|215/263\n|-damage|p1a: Dragapult|210/262|[from] item: Life Orb\n|\n|-heal|p2a: Forretress|231/263|[from] item: Leftovers\n|upkeep\n|turn|8\n|\n|t:|1727408417\n|-terastallize|p2a: Forretress|Fighting\n|move|p1a: Dragapult|Fire Blast|p2a: Forretress\n|-damage|p2a: Forretress|110/263\n|-damage|p1a: Dragapult|184/262|[from] item: Life Orb\n|move|p2a: Forretress|Stealth Rock|p1a: Dragapult\n|-sidestart|p1: R3LT Glop|move: Stealth Rock\n|\n|-heal|p2a: Forretress|126/263|[from] item: Leftovers\n|upkeep\n|turn|9\n|j| hanwha life\n|\n|t:|1727408439\n|move|p1a: Dragapult|Dragon Dance|p1a: Dragapult\n|-boost|p1a: Dragapult|atk|1\n|-boost|p1a: Dragapult|spe|1\n|move|p2a: Forretress|Iron Head|p1a: Dragapult\n|-damage|p1a: Dragapult|82/262\n|\n|-heal|p2a: Forretress|142/263|[from] item: Leftovers\n|upkeep\n|turn|10\n|\n|t:|1727408443\n|move|p1a: Dragapult|Dragon Darts|p2a: Forretress\n|-damage|p2a: Forretress|74/263\n|-anim|p1a: Dragapult|Dragon Darts|p2a: Forretress\n|-damage|p2a: Forretress|4/263\n|-damage|p1a: Dragapult|56/262|[from] item: Life Orb\n|move|p2a: Forretress|Iron Head|p1a: Dragapult\n|-damage|p1a: Dragapult|0 fnt\n|faint|p1a: Dragapult\n|\n|-heal|p2a: Forretress|20/263|[from] item: Leftovers\n|upkeep\n|\n|t:|1727408447\n|switch|p1a: Regieleki|Regieleki, L79|256/256\n|-damage|p1a: Regieleki|224/256|[from] Stealth Rock\n|turn|11\n|\n|t:|1727408453\n|move|p1a: Regieleki|Thunderbolt|p2a: Forretress\n|-damage|p2a: Forretress|0 fnt\n|faint|p2a: Forretress\n|\n|upkeep\n|\n|t:|1727408455\n|switch|p2a: Blissey|Blissey, L84, F|183/566\n|turn|12\n|\n|t:|1727408457\n|move|p1a: Regieleki|Rapid Spin|p2a: Blissey\n|-damage|p2a: Blissey|80/566\n|-boost|p1a: Regieleki|spe|1\n|-sideend|p1: R3LT Glop|Stealth Rock|[from] move: Rapid Spin|[of] p1a: Regieleki\n|move|p2a: Blissey|Soft-Boiled|p2a: Blissey\n|-heal|p2a: Blissey|363/566\n|\n|-heal|p2a: Blissey|398/566|[from] item: Leftovers\n|upkeep\n|turn|13\n|\n|t:|1727408459\n|move|p1a: Regieleki|Volt Switch|p2a: Blissey\n|-damage|p2a: Blissey|328/566\n|\n|t:|1727408460\n|switch|p1a: Groudon|Groudon, L72|263/263|[from] Volt Switch\n|-weather|SunnyDay|[from] ability: Drought|[of] p1a: Groudon\n|move|p2a: Blissey|Thunder Wave|p1a: Groudon\n|-immune|p1a: Groudon\n|\n|-weather|SunnyDay|[upkeep]\n|-heal|p2a: Blissey|363/566|[from] item: Leftovers\n|upkeep\n|turn|14\n|\n|t:|1727408468\n|switch|p2a: Minior|Minior-Violet, L79|223/223\n|-formechange|p2a: Minior|Minior-Meteor||[from] ability: Shields Down\n|move|p1a: Groudon|Heat Crash|p2a: Minior\n|-resisted|p2a: Minior\n|-damage|p2a: Minior|162/223\n|\n|-weather|SunnyDay|[upkeep]\n|upkeep\n|turn|15\n|\n|t:|1727408476\n|switch|p1a: Regieleki|Regieleki, L79|224/256\n|move|p2a: Minior|Shell Smash|p2a: Minior\n|-unboost|p2a: Minior|def|1\n|-unboost|p2a: Minior|spd|1\n|-boost|p2a: Minior|atk|2\n|-boost|p2a: Minior|spa|2\n|-boost|p2a: Minior|spe|2\n|-enditem|p2a: Minior|White Herb\n|-clearnegativeboost|p2a: Minior|[silent]\n|\n|-weather|SunnyDay|[upkeep]\n|upkeep\n|turn|16\n|\n|t:|1727408484\n|switch|p2a: Thundurus|Thundurus-Therian, L80, M|258/258\n|move|p1a: Regieleki|Thunderbolt|p2a: Thundurus\n|-immune|p2a: Thundurus|[from] ability: Volt Absorb\n|\n|-weather|SunnyDay|[upkeep]\n|upkeep\n|turn|17\n|l| hanwha life\n|\n|t:|1727408491\n|switch|p1a: Eternatus|Eternatus, L69|143/308\n|-ability|p1a: Eternatus|Pressure\n|move|p2a: Thundurus|Nasty Plot|p2a: Thundurus\n|-boost|p2a: Thundurus|spa|2\n|\n|-weather|none\n|upkeep\n|turn|18\n|\n|t:|1727408496\n|switch|p2a: Gothitelle|Gothitelle, L90, F|118/272\n|move|p1a: Eternatus|Sludge Bomb|p2a: Gothitelle\n|-damage|p2a: Gothitelle|46/272\n|-status|p2a: Gothitelle|psn\n|\n|-damage|p2a: Gothitelle|12/272 psn|[from] psn\n|upkeep\n|turn|19\n|\n|t:|1727408502\n|-terastallize|p1a: Eternatus|Fire\n|move|p2a: Gothitelle|Psychic|p1a: Eternatus\n|-damage|p1a: Eternatus|22/308\n|move|p1a: Eternatus|Recover|p1a: Eternatus\n|-heal|p1a: Eternatus|176/308\n|\n|-damage|p2a: Gothitelle|0 fnt|[from] psn\n|faint|p2a: Gothitelle\n|upkeep\n|\n|t:|1727408510\n|switch|p2a: Minior|Minior-Violet, L79|162/223\n|-formechange|p2a: Minior|Minior-Meteor||[from] ability: Shields Down\n|turn|20\n|\n|t:|1727408513\n|switch|p1a: Regieleki|Regieleki, L79|224/256\n|move|p2a: Minior|Earthquake|p1a: Regieleki\n|-supereffective|p1a: Regieleki\n|-damage|p1a: Regieleki|78/256\n|\n|upkeep\n|turn|21\n|\n|t:|1727408516\n|switch|p1a: Eternatus|Eternatus, L69, tera:Fire|176/308\n|-ability|p1a: Eternatus|Pressure\n|switch|p2a: Blissey|Blissey, L84, F|363/566\n|\n|-heal|p2a: Blissey|398/566|[from] item: Leftovers\n|upkeep\n|turn|22\n|j| all my fellas\n|\n|t:|1727408523\n|switch|p1a: Groudon|Groudon, L72|263/263\n|-weather|SunnyDay|[from] ability: Drought|[of] p1a: Groudon\n|switch|p2a: Minior|Minior-Violet, L79|162/223\n|-formechange|p2a: Minior|Minior-Meteor||[from] ability: Shields Down\n|\n|-weather|SunnyDay|[upkeep]\n|upkeep\n|turn|23\n|\n|t:|1727408526\n|switch|p1a: Regieleki|Regieleki, L79|78/256\n|move|p2a: Minior|Shell Smash|p2a: Minior\n|-unboost|p2a: Minior|def|1\n|-unboost|p2a: Minior|spd|1\n|-boost|p2a: Minior|atk|2\n|-boost|p2a: Minior|spa|2\n|-boost|p2a: Minior|spe|2\n|\n|-weather|SunnyDay|[upkeep]\n|upkeep\n|turn|24\n|\n|t:|1727408531\n|switch|p1a: Eternatus|Eternatus, L69, tera:Fire|176/308\n|-ability|p1a: Eternatus|Pressure\n|switch|p2a: Thundurus|Thundurus-Therian, L80, M|258/258\n|\n|-weather|SunnyDay|[upkeep]\n|upkeep\n|turn|25\n|j| elementelle\n|\n|t:|1727408535\n|switch|p2a: Blissey|Blissey, L84, F|398/566\n|move|p1a: Eternatus|Sludge Bomb|p2a: Blissey\n|-damage|p2a: Blissey|337/566\n|-status|p2a: Blissey|psn\n|\n|-weather|SunnyDay|[upkeep]\n|-heal|p2a: Blissey|372/566 psn|[from] item: Leftovers\n|-damage|p2a: Blissey|302/566 psn|[from] psn\n|upkeep\n|turn|26\n|\n|t:|1727408538\n|switch|p1a: Groudon|Groudon, L72|263/263\n|move|p2a: Blissey|Seismic Toss|p1a: Groudon\n|-damage|p1a: Groudon|179/263\n|\n|-weather|none\n|-heal|p1a: Groudon|195/263|[from] item: Leftovers\n|-heal|p2a: Blissey|337/566 psn|[from] item: Leftovers\n|-damage|p2a: Blissey|267/566 psn|[from] psn\n|upkeep\n|turn|27\n|\n|t:|1727408543\n|move|p1a: Groudon|Stone Edge|p2a: Blissey\n|-damage|p2a: Blissey|47/566 psn\n|move|p2a: Blissey|Seismic Toss|p1a: Groudon\n|-damage|p1a: Groudon|111/263\n|\n|-heal|p1a: Groudon|127/263|[from] item: Leftovers\n|-heal|p2a: Blissey|82/566 psn|[from] item: Leftovers\n|-damage|p2a: Blissey|12/566 psn|[from] psn\n|upkeep\n|turn|28\n|\n|t:|1727408546\n|move|p1a: Groudon|Heat Crash|p2a: Blissey\n|-damage|p2a: Blissey|0 fnt\n|faint|p2a: Blissey\n|\n|-heal|p1a: Groudon|143/263|[from] item: Leftovers\n|upkeep\n|\n|t:|1727408547\n|switch|p2a: Thundurus|Thundurus-Therian, L80, M|258/258\n|turn|29\n|\n|t:|1727408558\n|switch|p1a: Phione|Phione, L90|290/290\n|move|p2a: Thundurus|Nasty Plot|p2a: Thundurus\n|-boost|p2a: Thundurus|spa|2\n|\n|upkeep\n|turn|30\n|\n|t:|1727408572\n|switch|p1a: Groudon|Groudon, L72|143/263\n|-weather|SunnyDay|[from] ability: Drought|[of] p1a: Groudon\n|move|p2a: Thundurus|Thunderbolt|p1a: Groudon\n|-immune|p1a: Groudon\n|\n|-weather|SunnyDay|[upkeep]\n|-heal|p1a: Groudon|159/263|[from] item: Leftovers\n|upkeep\n|turn|31\n|\n|t:|1727408586\n|move|p2a: Thundurus|Psychic|p1a: Groudon\n|-damage|p1a: Groudon|0 fnt\n|faint|p1a: Groudon\n|\n|-weather|SunnyDay|[upkeep]\n|upkeep\n|\n|t:|1727408588\n|switch|p1a: Eternatus|Eternatus, L69, tera:Fire|176/308\n|-ability|p1a: Eternatus|Pressure\n|turn|32\n|\n|t:|1727408593\n|move|p1a: Eternatus|Dynamax Cannon|p2a: Thundurus\n|-damage|p2a: Thundurus|150/258\n|move|p2a: Thundurus|Thunderbolt|p1a: Eternatus\n|-damage|p1a: Eternatus|0 fnt\n|faint|p1a: Eternatus\n|\n|-weather|SunnyDay|[upkeep]\n|upkeep\n|\n|t:|1727408596\n|switch|p1a: Regieleki|Regieleki, L79|78/256\n|turn|33\n|\n|t:|1727408603\n|switch|p2a: Minior|Minior-Violet, L79|162/223\n|-formechange|p2a: Minior|Minior-Meteor||[from] ability: Shields Down\n|move|p1a: Regieleki|Explosion|p2a: Minior\n|-resisted|p2a: Minior\n|-damage|p2a: Minior|91/223\n|faint|p1a: Regieleki\n|\n|-weather|SunnyDay|[upkeep]\n|-formechange|p2a: Minior|Minior-Violet||[from] ability: Shields Down\n|upkeep\n|\n|t:|1727408605\n|switch|p1a: Phione|Phione, L90|290/290\n|turn|34\n|\n|t:|1727408607\n|move|p2a: Minior|Acrobatics|p1a: Phione\n|-damage|p1a: Phione|187/290\n|move|p1a: Phione|Take Heart|p1a: Phione\n|-boost|p1a: Phione|spa|1\n|-boost|p1a: Phione|spd|1\n|\n|-weather|none\n|-heal|p1a: Phione|205/290|[from] item: Leftovers\n|upkeep\n|turn|35\n|\n|t:|1727408611\n|move|p2a: Minior|Acrobatics|p1a: Phione\n|-damage|p1a: Phione|97/290\n|move|p1a: Phione|Scald|p2a: Minior\n|-supereffective|p2a: Minior\n|-damage|p2a: Minior|0 fnt\n|faint|p2a: Minior\n|\n|-heal|p1a: Phione|115/290|[from] item: Leftovers\n|upkeep\n|\n|t:|1727408613\n|switch|p2a: Thundurus|Thundurus-Therian, L80, M|150/258\n|turn|36\n|\n|t:|1727408615\n|move|p2a: Thundurus|Thunderbolt|p1a: Phione\n|-supereffective|p1a: Phione\n|-damage|p1a: Phione|0 fnt\n|faint|p1a: Phione\n|\n|win|GothPerona\n|raw|R3LT Glop's rating: 2262 &rarr; <strong>2248</strong><br />(-14 for losing)\n|raw|GothPerona's rating: 2365 &rarr; <strong>2379</strong><br />(+14 for winning)\n|c|\u2606GothPerona|gg\n|l| all my fellas\n|l|\u2606R3LT Glop\n|player|p1|\n|c|\u2606GothPerona|holy shiet\n", "inputlog": ">version d155b4937d18dfffda2dee3f1f762535b4a408ed\n>start {\"formatid\":\"gen9randombattle\",\"seed\":[36234,41848,16994,35009],\"rated\":\"Rated battle\"}\n>player p1 {\"name\":\"R3LT Glop\",\"avatar\":\"#teamvictini\",\"rating\":2262,\"seed\":[58553,27273,32497,60000]}\n>player p2 {\"name\":\"GothPerona\",\"avatar\":\"marley\",\"rating\":2365,\"seed\":[9278,23715,58726,17100]}\n>p1 move sludgebomb\n>p2 move nastyplot\n>p1 move dynamaxcannon\n>p2 move alluringvoice\n>p1 switch 3\n>p2 move alluringvoice\n>p2 switch 3\n>p1 move dragondance\n>p2 move psychic\n>p1 move flareblitz\n>p2 move psychic\n>p1 switch 4\n>p1 move dragondarts\n>p2 switch 6\n>p1 move dragondarts\n>p2 switch 5\n>p1 move fireblast\n>p2 move stealthrock terastallize\n>p1 move dragondance\n>p2 move ironhead\n>p1 move dragondarts\n>p2 move ironhead\n>p1 switch 6\n>p1 move thunderbolt\n>p2 move spikes\n>p2 switch 5\n>p1 move rapidspin\n>p2 move softboiled\n>p1 move voltswitch\n>p2 move thunderwave\n>p1 switch 5\n>p1 move heatcrash\n>p2 switch 4\n>p1 switch 5\n>p2 move shellsmash\n>p1 move thunderbolt\n>p2 switch 2\n>p1 switch 3\n>p2 move nastyplot\n>p1 move sludgebomb\n>p2 switch 6\n>p1 move recover terastallize\n>p2 move psychic\n>p2 switch 2\n>p1 switch 3\n>p2 move earthquake\n>p1 switch 3\n>p2 switch 4\n>p1 switch 5\n>p2 switch 4\n>p1 switch 3\n>p2 move shellsmash\n>p1 switch 5\n>p2 switch 6\n>p1 move sludgebomb\n>p2 switch 4\n>p1 switch 3\n>p2 move seismictoss\n>p1 move stoneedge\n>p2 move seismictoss\n>p1 move heatcrash\n>p2 move seismictoss\n>p2 switch 4\n>p1 switch 2\n>p2 move nastyplot\n>p1 switch 2\n>p2 move thunderbolt\n>p1 move heatcrash\n>p2 move psychic\n>p1 switch 3\n>p1 move dynamaxcannon\n>p2 move thunderbolt\n>p1 switch 5\n>p1 move explosion\n>p2 switch 6\n>p1 switch 2\n>p1 move takeheart\n>p2 move acrobatics\n>p1 move scald\n>p2 move acrobatics\n>p2 switch 6\n>p1 move icebeam\n>p2 move thunderbolt", "uploadtime": 1727408622, "views": 96, "formatid": "gen9randombattle", "rating": 2248, "private": 0, "password": null}