{"id": "gen9randombattle-2075909506", "format": "[Gen 9] Random Battle", "players": ["we are married bro", "scyther225"], "log": "|j|\u203dwe are married bro\n|j|\u2606scyther225\n|t:|1709848970\n|gametype|singles\n|player|p1|we are married bro|pokekid|2233\n|player|p2|scyther225|acetrainer-gen4dp|2319\n|teamsize|p1|6\n|teamsize|p2|6\n|gen|9\n|tier|[Gen 9] Random Battle\n|rated|\n|rule|Species Clause: Limit one of each Pok\u00e9mon\n|rule|HP Percentage Mod: HP is shown in percentages\n|rule|Sleep Clause Mod: Limit one foe put to sleep\n|rule|Illusion Level Mod: Illusion disguises the Pok\u00e9mon's true level\n|\n|t:|1709848970\n|start\n|switch|p1a: Landorus|Landorus-Therian, L76, M|260/260\n|switch|p2a: Cinderace|Cinderace, L77, M|249/249\n|-ability|p1a: Landorus|Intimidate|boost\n|-unboost|p2a: Cinderace|atk|1\n|turn|1\n|inactive|Battle timer is ON: inactive players will automatically lose when time's up. (requested by we are married bro)\n|\n|t:|1709849001\n|switch|p2a: Deoxys|Deoxys-Defense, L86|226/226\n|-ability|p2a: Deoxys|Pressure\n|move|p1a: Landorus|Stealth Rock|p2a: Deoxys\n|-sidestart|p2: scyther225|move: Stealth Rock\n|\n|upkeep\n|turn|2\n|\n|t:|1709849010\n|switch|p1a: Lumineon|Lumineon, L93, F|279/279\n|move|p2a: Deoxys|Calm Mind|p2a: Deoxys\n|-boost|p2a: Deoxys|spa|1\n|-boost|p2a: Deoxys|spd|1\n|\n|upkeep\n|turn|3\n|\n|t:|1709849013\n|move|p1a: Lumineon|Encore|p2a: Deoxys\n|-start|p2a: Deoxys|Encore\n|move|p2a: Deoxys|Calm Mind|p2a: Deoxys\n|-boost|p2a: Deoxys|spa|1\n|-boost|p2a: Deoxys|spd|1\n|\n|upkeep\n|turn|4\n|\n|t:|1709849027\n|move|p1a: Lumineon|Hydro Pump|p2a: Deoxys\n|-damage|p2a: Deoxys|179/226\n|-damage|p1a: Lumineon|252/279|[from] item: Life Orb\n|move|p2a: Deoxys|Calm Mind|p2a: Deoxys\n|-boost|p2a: Deoxys|spa|1\n|-boost|p2a: Deoxys|spd|1\n|\n|-heal|p2a: Deoxys|193/226|[from] item: Leftovers\n|upkeep\n|turn|5\n|\n|t:|1709849031\n|move|p1a: Lumineon|Ice Beam|p2a: Deoxys\n|-crit|p2a: Deoxys\n|-damage|p2a: Deoxys|123/226\n|-damage|p1a: Lumineon|225/279|[from] item: Life Orb\n|move|p2a: Deoxys|Calm Mind|p2a: Deoxys\n|-boost|p2a: Deoxys|spa|1\n|-boost|p2a: Deoxys|spd|1\n|\n|-heal|p2a: Deoxys|137/226|[from] item: Leftovers\n|-end|p2a: Deoxys|Encore\n|upkeep\n|turn|6\n|\n|t:|1709849036\n|move|p1a: Lumineon|Encore|p2a: Deoxys\n|-start|p2a: Deoxys|Encore\n|move|p2a: Deoxys|Calm Mind|p2a: Deoxys\n|-boost|p2a: Deoxys|spa|1\n|-boost|p2a: Deoxys|spd|1\n|\n|-heal|p2a: Deoxys|151/226|[from] item: Leftovers\n|upkeep\n|turn|7\n|\n|t:|1709849042\n|move|p1a: Lumineon|Ice Beam|p2a: Deoxys\n|-damage|p2a: Deoxys|134/226\n|-damage|p1a: Lumineon|198/279|[from] item: Life Orb\n|move|p2a: Deoxys|Calm Mind|p2a: Deoxys\n|-boost|p2a: Deoxys|spa|1\n|-boost|p2a: Deoxys|spd|1\n|\n|-heal|p2a: Deoxys|148/226|[from] item: Leftovers\n|upkeep\n|turn|8\n|\n|t:|1709849046\n|move|p1a: Lumineon|Ice Beam|p2a: Deoxys\n|-damage|p2a: Deoxys|136/226\n|-damage|p1a: Lumineon|171/279|[from] item: Life Orb\n|move|p2a: Deoxys|Calm Mind|p2a: Deoxys\n|-boost|p2a: Deoxys|spa|0\n|-boost|p2a: Deoxys|spd|0\n|\n|-heal|p2a: Deoxys|150/226|[from] item: Leftovers\n|-end|p2a: Deoxys|Encore\n|upkeep\n|turn|9\n|\n|t:|1709849050\n|move|p1a: Lumineon|Encore|p2a: Deoxys\n|-start|p2a: Deoxys|Encore\n|move|p2a: Deoxys|Calm Mind|p2a: Deoxys\n|-boost|p2a: Deoxys|spa|0\n|-boost|p2a: Deoxys|spd|0\n|\n|-heal|p2a: Deoxys|164/226|[from] item: Leftovers\n|upkeep\n|turn|10\n|\n|t:|1709849074\n|switch|p1a: Hypno|Hypno, L95, F|315/315\n|move|p2a: Deoxys|Calm Mind|p2a: Deoxys\n|-boost|p2a: Deoxys|spa|0\n|-boost|p2a: Deoxys|spd|0\n|\n|-heal|p2a: Deoxys|178/226|[from] item: Leftovers\n|upkeep\n|turn|11\n|\n|t:|1709849077\n|move|p2a: Deoxys|Calm Mind|p2a: Deoxys\n|-boost|p2a: Deoxys|spa|0\n|-boost|p2a: Deoxys|spd|0\n|move|p1a: Hypno|Toxic|p2a: Deoxys\n|-status|p2a: Deoxys|tox\n|\n|-heal|p2a: Deoxys|192/226 tox|[from] item: Leftovers\n|-damage|p2a: Deoxys|178/226 tox|[from] psn\n|-end|p2a: Deoxys|Encore\n|upkeep\n|turn|12\n|\n|t:|1709849083\n|move|p1a: Hypno|Protect|p1a: Hypno\n|-singleturn|p1a: Hypno|Protect\n|move|p2a: Deoxys|Dark Pulse|p1a: Hypno\n|-activate|p1a: Hypno|move: Protect\n|\n|-heal|p2a: Deoxys|192/226 tox|[from] item: Leftovers\n|-damage|p2a: Deoxys|164/226 tox|[from] psn\n|upkeep\n|turn|13\n|\n|t:|1709849093\n|-terastallize|p1a: Hypno|Fighting\n|move|p2a: Deoxys|Psyshock|p1a: Hypno\n|-supereffective|p1a: Hypno\n|-damage|p1a: Hypno|0 fnt\n|faint|p1a: Hypno\n|\n|-heal|p2a: Deoxys|178/226 tox|[from] item: Leftovers\n|-damage|p2a: Deoxys|136/226 tox|[from] psn\n|upkeep\n|\n|t:|1709849103\n|switch|p1a: Lumineon|Lumineon, L93, F|171/279\n|turn|14\n|\n|t:|1709849108\n|move|p1a: Lumineon|Hydro Pump|p2a: Deoxys\n|-damage|p2a: Deoxys|113/226 tox\n|-damage|p1a: Lumineon|144/279|[from] item: Life Orb\n|move|p2a: Deoxys|Psyshock|p1a: Lumineon\n|-damage|p1a: Lumineon|0 fnt\n|faint|p1a: Lumineon\n|\n|-heal|p2a: Deoxys|127/226 tox|[from] item: Leftovers\n|-damage|p2a: Deoxys|71/226 tox|[from] psn\n|upkeep\n|\n|t:|1709849115\n|switch|p1a: Galvantula|Galvantula, L82, M|249/249\n|turn|15\n|\n|t:|1709849117\n|move|p1a: Galvantula|Sticky Web|p2a: Deoxys\n|-sidestart|p2: scyther225|move: Sticky Web\n|move|p2a: Deoxys|Psyshock|p1a: Galvantula\n|-damage|p1a: Galvantula|0 fnt\n|faint|p1a: Galvantula\n|\n|-heal|p2a: Deoxys|85/226 tox|[from] item: Leftovers\n|-damage|p2a: Deoxys|15/226 tox|[from] psn\n|upkeep\n|\n|t:|1709849123\n|switch|p1a: Slowbro|Slowbro-Galar, L87, M|307/307\n|turn|16\n|\n|t:|1709849125\n|move|p2a: Deoxys|Dark Pulse|p1a: Slowbro\n|-supereffective|p1a: Slowbro\n|-damage|p1a: Slowbro|0 fnt\n|faint|p1a: Slowbro\n|\n|-heal|p2a: Deoxys|29/226 tox|[from] item: Leftovers\n|-damage|p2a: Deoxys|0 fnt|[from] psn\n|faint|p2a: Deoxys\n|upkeep\n|\n|t:|1709849129\n|switch|p2a: Cinderace|Cinderace, L77, M|249/249\n|switch|p1a: Landorus|Landorus-Therian, L76, M|260/260\n|-ability|p1a: Landorus|Intimidate|boost\n|-unboost|p2a: Cinderace|atk|1\n|turn|17\n|\n|t:|1709849131\n|move|p2a: Cinderace|Court Change|p2a: Cinderace\n|-start|p2a: Cinderace|typechange|Normal|[from] ability: Libero\n|-swapsideconditions\n|-activate|p2a: Cinderace|move: Court Change\n|move|p1a: Landorus|Earthquake|p2a: Cinderace\n|-damage|p2a: Cinderace|110/249\n|\n|upkeep\n|turn|18\n|-message|we are married bro forfeited.\n|\n|win|scyther225\n|raw|we are married bro's rating: 2233 &rarr; <strong>2218</strong><br />(-15 for losing)\n|raw|scyther225's rating: 2319 &rarr; <strong>2334</strong><br />(+15 for winning)\n|l|\u203dwe are married bro\n|player|p1|\n", "inputlog": ">version b585a966687b43ec5264f22705d21daeec8a41d1\n>start {\"formatid\":\"gen9randombattle\",\"seed\":[663,33486,27978,49544],\"rated\":\"Rated battle\"}\n>player p1 {\"name\":\"we are married bro\",\"avatar\":\"pokekid\",\"rating\":2233,\"seed\":[29642,9859,28096,27048]}\n>player p2 {\"name\":\"scyther225\",\"avatar\":\"acetrainer-gen4dp\",\"rating\":2319,\"seed\":[40393,61131,61526,33497]}\n>p1 move stealthrock\n>p2 switch 5\n>p1 switch 6\n>p2 move calmmind\n>p1 move encore\n>p2 move psyshock\n>p1 move hydropump\n>p2 move calmmind\n>p1 move icebeam\n>p2 move calmmind\n>p1 move encore\n>p2 move recover\n>p1 move icebeam\n>p2 move calmmind\n>p1 move icebeam\n>p2 move calmmind\n>p1 move encore\n>p2 move recover\n>p1 switch 3\n>p2 move calmmind\n>p1 move toxic\n>p2 move calmmind\n>p1 move protect\n>p2 move darkpulse\n>p1 move psychicnoise terastallize\n>p2 move psyshock\n>p1 switch 3\n>p1 move hydropump\n>p2 move psyshock\n>p1 switch 2\n>p1 move stickyweb\n>p2 move psyshock\n>p1 switch 4\n>p1 move shellsidearm\n>p2 move darkpulse\n>p1 switch 6\n>p2 switch 5\n>p1 move earthquake\n>p2 move courtchange\n>forcelose p1", "uploadtime": 1709849193, "views": 242, "formatid": "gen9randombattle", "rating": 2218, "private": 0, "password": null}