{"id": "gen9randombattle-2253987826", "format": "[Gen 9] Random Battle", "players": ["Micciu", "paysa"], "log": "|badge|p2|silver|gen9randombattle|30-3\n|uhtml|medal-msg|<div class=\"broadcast-blue\">Curious what those medals under the avatar are? PS now has Ladder Seasons! For more information, check out the <a href=\"https://www.smogon.com/forums/threads/3740067/\">thread on Smogon.</a></div>\n|j|\u2606Micciu\n|j|\u2606paysa\n|t:|1732976244\n|gametype|singles\n|player|p1|Micciu|#pmpliidachsbuns|2221\n|player|p2|paysa|101|2399\n|teamsize|p1|6\n|teamsize|p2|6\n|gen|9\n|tier|[Gen 9] Random Battle\n|rated|\n|rule|Species Clause: Limit one of each Pok\u00e9mon\n|rule|HP Percentage Mod: HP is shown in percentages\n|rule|Sleep Clause Mod: Limit one foe put to sleep\n|rule|Illusion Level Mod: Illusion disguises the Pok\u00e9mon's true level\n|\n|t:|1732976244\n|start\n|switch|p1a: Electivire|Electivire, L84, M|263/263\n|switch|p2a: Abomasnow|Abomasnow, L85, F|291/291\n|-weather|Snow|[from] ability: Snow Warning|[of] p2a: Abomasnow\n|turn|1\n|inactive|Battle timer is ON: inactive players will automatically lose when time's up. (requested by paysa)\n|inactive|paysa has 120 seconds left.\n|\n|t:|1732976302\n|switch|p2a: Torkoal|Torkoal, L88, M|266/266\n|-weather|SunnyDay|[from] ability: Drought|[of] p2a: Torkoal\n|move|p1a: Electivire|Knock Off|p2a: Torkoal\n|-damage|p2a: Torkoal|211/266\n|-enditem|p2a: Torkoal|Heavy-Duty Boots|[from] move: Knock Off|[of] p1a: Electivire\n|\n|-weather|SunnyDay|[upkeep]\n|upkeep\n|turn|2\n|\n|t:|1732976325\n|switch|p1a: Hatterene|Hatterene, L85, F|236/236\n|move|p2a: Torkoal|Lava Plume|p1a: Hatterene\n|-damage|p1a: Hatterene|164/236\n|\n|-weather|SunnyDay|[upkeep]\n|upkeep\n|turn|3\n|inactive|paysa has 120 seconds left.\n|\n|t:|1732976372\n|switch|p2a: Slowking|Slowking-Galar, L85, M|300/300\n|move|p1a: Hatterene|Psychic|p2a: Slowking\n|-damage|p2a: Slowking|230/300\n|-unboost|p2a: Slowking|spd|1\n|\n|-weather|SunnyDay|[upkeep]\n|upkeep\n|turn|4\n|\n|t:|1732976379\n|switch|p1a: Houndstone|Houndstone, L86, M|264/264\n|move|p2a: Slowking|Sludge Bomb|p1a: Houndstone\n|-resisted|p1a: Houndstone\n|-damage|p1a: Houndstone|213/264\n|\n|-weather|SunnyDay|[upkeep]\n|-heal|p1a: Houndstone|229/264|[from] item: Leftovers\n|upkeep\n|turn|5\n|\n|t:|1732976399\n|switch|p2a: Abomasnow|Abomasnow, L85, F|291/291\n|-weather|Snow|[from] ability: Snow Warning|[of] p2a: Abomasnow\n|move|p1a: Houndstone|Body Press|p2a: Abomasnow\n|-supereffective|p2a: Abomasnow\n|-damage|p2a: Abomasnow|207/291\n|\n|-weather|Snow|[upkeep]\n|-heal|p1a: Houndstone|245/264|[from] item: Leftovers\n|upkeep\n|turn|6\n|\n|t:|1732976407\n|move|p1a: Houndstone|Poltergeist|p2a: Abomasnow\n|-activate|p2a: Abomasnow|move: Poltergeist|Light Clay\n|-damage|p2a: Abomasnow|105/291\n|move|p2a: Abomasnow|Aurora Veil|p2a: Abomasnow\n|-sidestart|p2: paysa|move: Aurora Veil\n|\n|-weather|Snow|[upkeep]\n|-heal|p1a: Houndstone|261/264|[from] item: Leftovers\n|upkeep\n|turn|7\n|\n|t:|1732976414\n|switch|p1a: Hatterene|Hatterene, L85, F|164/236\n|switch|p2a: Torkoal|Torkoal, L88, M|211/266\n|-weather|SunnyDay|[from] ability: Drought|[of] p2a: Torkoal\n|\n|-weather|SunnyDay|[upkeep]\n|upkeep\n|turn|8\n|inactive|paysa has 120 seconds left.\n|\n|t:|1732976423\n|move|p1a: Hatterene|Psychic|p2a: Torkoal\n|-damage|p2a: Torkoal|141/266\n|move|p2a: Torkoal|Lava Plume|p1a: Hatterene\n|-damage|p1a: Hatterene|94/236\n|\n|-weather|SunnyDay|[upkeep]\n|upkeep\n|turn|9\n|\n|t:|1732976435\n|switch|p2a: Slowking|Slowking-Galar, L85, M|300/300\n|move|p1a: Hatterene|Psychic|p2a: Slowking\n|-damage|p2a: Slowking|265/300\n|-unboost|p2a: Slowking|spd|1\n|\n|-weather|SunnyDay|[upkeep]\n|upkeep\n|turn|10\n|\n|t:|1732976439\n|switch|p1a: Houndstone|Houndstone, L86, M|261/264\n|move|p2a: Slowking|Fire Blast|p1a: Houndstone\n|-damage|p1a: Houndstone|13/264\n|\n|-weather|SunnyDay|[upkeep]\n|-heal|p1a: Houndstone|29/264|[from] item: Leftovers\n|upkeep\n|turn|11\n|\n|t:|1732976449\n|move|p1a: Houndstone|Poltergeist|p2a: Slowking|[miss]\n|-miss|p1a: Houndstone|p2a: Slowking\n|move|p2a: Slowking|Psychic Noise|p1a: Houndstone\n|-damage|p1a: Houndstone|0 fnt\n|faint|p1a: Houndstone\n|\n|-weather|none\n|upkeep\n|\n|t:|1732976458\n|switch|p1a: Electivire|Electivire, L84, M|263/263\n|turn|12\n|\n|t:|1732976463\n|move|p1a: Electivire|Knock Off|p2a: Slowking\n|-supereffective|p2a: Slowking\n|-damage|p2a: Slowking|175/300\n|-enditem|p2a: Slowking|Assault Vest|[from] move: Knock Off|[of] p1a: Electivire\n|move|p2a: Slowking|Sludge Bomb|p1a: Electivire\n|-damage|p1a: Electivire|152/263\n|\n|upkeep\n|turn|13\n|\n|t:|1732976475\n|move|p1a: Electivire|Knock Off|p2a: Slowking\n|-supereffective|p2a: Slowking\n|-damage|p2a: Slowking|119/300\n|move|p2a: Slowking|Sludge Bomb|p1a: Electivire\n|-damage|p1a: Electivire|46/263\n|\n|-sideend|p2: paysa|move: Aurora Veil\n|upkeep\n|turn|14\n|\n|t:|1732976486\n|switch|p2a: Abomasnow|Abomasnow, L85, F|105/291\n|-weather|Snow|[from] ability: Snow Warning|[of] p2a: Abomasnow\n|move|p1a: Electivire|Knock Off|p2a: Abomasnow\n|-damage|p2a: Abomasnow|44/291\n|-enditem|p2a: Abomasnow|Light Clay|[from] move: Knock Off|[of] p1a: Electivire\n|\n|-weather|Snow|[upkeep]\n|upkeep\n|turn|15\n|\n|t:|1732976507\n|move|p1a: Electivire|Knock Off|p2a: Abomasnow\n|-damage|p2a: Abomasnow|2/291\n|move|p2a: Abomasnow|Aurora Veil|p2a: Abomasnow\n|-sidestart|p2: paysa|move: Aurora Veil\n|\n|-weather|Snow|[upkeep]\n|upkeep\n|turn|16\n|\n|t:|1732976512\n|move|p2a: Abomasnow|Ice Shard|p1a: Electivire\n|-damage|p1a: Electivire|0 fnt\n|faint|p1a: Electivire\n|\n|-weather|Snow|[upkeep]\n|upkeep\n|\n|t:|1732976518\n|switch|p1a: Illumise|Illumise, L91, F|266/266\n|turn|17\n|\n|t:|1732976528\n|switch|p2a: Vespiquen|Vespiquen, L98, F|296/296\n|-ability|p2a: Vespiquen|Pressure\n|move|p1a: Illumise|Bug Buzz|p2a: Vespiquen\n|-resisted|p2a: Vespiquen\n|-damage|p2a: Vespiquen|280/296\n|\n|-weather|Snow|[upkeep]\n|upkeep\n|turn|18\n|\n|t:|1732976533\n|move|p1a: Illumise|Thunder Wave|p2a: Vespiquen\n|-status|p2a: Vespiquen|par\n|move|p2a: Vespiquen|Air Slash|p1a: Illumise\n|-supereffective|p1a: Illumise\n|-damage|p1a: Illumise|80/266\n|\n|-weather|none\n|upkeep\n|turn|19\n|\n|t:|1732976538\n|move|p1a: Illumise|Roost|p1a: Illumise\n|-heal|p1a: Illumise|213/266\n|-singleturn|p1a: Illumise|move: Roost\n|move|p2a: Vespiquen|Toxic|p1a: Illumise\n|-status|p1a: Illumise|tox\n|\n|-damage|p1a: Illumise|197/266 tox|[from] psn\n|-sideend|p2: paysa|move: Aurora Veil\n|upkeep\n|turn|20\n|\n|t:|1732976544\n|switch|p1a: Minun|Minun, L95, M|268/268\n|move|p2a: Vespiquen|Air Slash|p1a: Minun\n|-resisted|p1a: Minun\n|-damage|p1a: Minun|228/268\n|\n|upkeep\n|turn|21\n|\n|t:|1732976550\n|switch|p2a: Chansey|Chansey, L85, F|564/564\n|move|p1a: Minun|Nasty Plot|p1a: Minun\n|-boost|p1a: Minun|spa|2\n|\n|upkeep\n|turn|22\n|\n|t:|1732976562\n|switch|p1a: Poliwrath|Poliwrath, L88, F|302/302\n|move|p2a: Chansey|Seismic Toss|p1a: Poliwrath\n|-damage|p1a: Poliwrath|217/302\n|\n|upkeep\n|turn|23\n|j| PKV Pokevin\n|\n|t:|1732976585\n|-terastallize|p2a: Chansey|Fairy\n|move|p1a: Poliwrath|Rain Dance|p1a: Poliwrath\n|-weather|RainDance\n|move|p2a: Chansey|Thunder Wave|p1a: Poliwrath\n|-status|p1a: Poliwrath|par\n|\n|-weather|RainDance|[upkeep]\n|upkeep\n|turn|24\n|\n|t:|1732976594\n|switch|p2a: Torkoal|Torkoal, L88, M|141/266\n|-weather|SunnyDay|[from] ability: Drought|[of] p2a: Torkoal\n|cant|p1a: Poliwrath|par\n|\n|-weather|SunnyDay|[upkeep]\n|upkeep\n|turn|25\n|\n|t:|1732976602\n|cant|p1a: Poliwrath|par\n|move|p2a: Torkoal|Solar Beam||[still]\n|-prepare|p2a: Torkoal|Solar Beam\n|-anim|p2a: Torkoal|Solar Beam|p1a: Poliwrath\n|-supereffective|p1a: Poliwrath\n|-damage|p1a: Poliwrath|59/302 par\n|\n|-weather|SunnyDay|[upkeep]\n|upkeep\n|turn|26\n|-message|Micciu forfeited.\n|\n|win|paysa\n|raw|Micciu's rating: 2241 &rarr; <strong>2230</strong><br />(-11 for losing)\n|raw|paysa's rating: 2399 &rarr; <strong>2410</strong><br />(+11 for winning)\n|l|\u2606Micciu\n|player|p1|\n", "inputlog": ">version b107d77f5c90bd6555267ae244a6264823309ead\n>start {\"formatid\":\"gen9randombattle\",\"seed\":[33622,58333,14046,57206],\"rated\":\"Rated battle\"}\n>player p1 {\"name\":\"Micciu\",\"avatar\":\"#pmpliidachsbuns\",\"rating\":2221,\"seed\":[42202,61337,64966,20888]}\n>player p2 {\"name\":\"paysa\",\"avatar\":\"101\",\"rating\":2399,\"seed\":[22946,47593,63054,45639]}\n>p1 move knockoff\n>p2 switch 3\n>p1 switch 4\n>p2 move lavaplume\n>p1 move psychic\n>p2 switch 4\n>p1 switch 3\n>p2 move sludgebomb\n>p1 move bodypress\n>p2 switch 3\n>p1 move poltergeist\n>p2 move auroraveil\n>p1 switch 3\n>p2 switch 4\n>p1 move psychic\n>p2 move lavaplume\n>p1 move psychic\n>p2 switch 3\n>p1 switch 3\n>p2 move fireblast\n>p1 move poltergeist\n>p2 move psychicnoise\n>p1 switch 4\n>p1 move knockoff\n>p2 move sludgebomb\n>p1 move knockoff\n>p2 move sludgebomb\n>p1 move knockoff\n>p2 switch 4\n>p1 move knockoff\n>p2 move auroraveil\n>p1 move knockoff\n>p2 move iceshard\n>p1 switch 2\n>p1 move bugbuzz\n>p2 switch 6\n>p1 move thunderwave\n>p2 move airslash\n>p1 move roost\n>p2 move toxic\n>p1 switch 5\n>p2 move airslash\n>p1 move nastyplot\n>p2 switch 5\n>p1 switch 6\n>p2 move seismictoss\n>p1 move raindance\n>p2 move thunderwave terastallize\n>p1 move liquidation\n>p2 switch 3\n>p1 move raindance\n>p2 move solarbeam\n>forcelose p1", "uploadtime": 1732976613, "views": 15, "formatid": "gen9randombattle", "rating": 2230, "private": 0, "password": null}