{"id": "gen9randombattle-2259915859", "format": "[Gen 9] Random Battle", "players": ["azzkkyy", "DemiGodGilgamesh"], "log": "|j|\u2606azzkkyy\n|j|\u2606DemiGodGilgamesh\n|t:|1733779592\n|gametype|singles\n|player|p1|azzkkyy|cynthia|1149\n|player|p2|DemiGodGilgamesh|steven|1195\n|teamsize|p1|6\n|teamsize|p2|6\n|gen|9\n|tier|[Gen 9] Random Battle\n|rated|\n|rule|Species Clause: Limit one of each Pok\u00e9mon\n|rule|HP Percentage Mod: HP is shown in percentages\n|rule|Sleep Clause Mod: Limit one foe put to sleep\n|rule|Illusion Level Mod: Illusion disguises the Pok\u00e9mon's true level\n|\n|t:|1733779592\n|start\n|switch|p1a: Umbreon|Umbreon, L84, M|297/297\n|switch|p2a: Tropius|Tropius, L91, M|328/328\n|turn|1\n|\n|t:|1733779600\n|move|p1a: Umbreon|Toxic|p2a: Tropius|[miss]\n|-miss|p1a: Umbreon|p2a: Tropius\n|move|p2a: Tropius|Dragon Dance|p2a: Tropius\n|-boost|p2a: Tropius|atk|1\n|-boost|p2a: Tropius|spe|1\n|\n|upkeep\n|turn|2\n|\n|t:|1733779614\n|move|p2a: Tropius|Dragon Dance|p2a: Tropius\n|-boost|p2a: Tropius|atk|1\n|-boost|p2a: Tropius|spe|1\n|move|p1a: Umbreon|Toxic|p2a: Tropius\n|-status|p2a: Tropius|tox\n|\n|-damage|p2a: Tropius|308/328 tox|[from] psn\n|upkeep\n|turn|3\n|\n|t:|1733779624\n|move|p2a: Tropius|Leaf Blade|p1a: Umbreon\n|-damage|p1a: Umbreon|155/297\n|move|p1a: Umbreon|Foul Play|p2a: Tropius\n|-damage|p2a: Tropius|149/328 tox\n|-enditem|p2a: Tropius|Sitrus Berry|[eat]\n|-heal|p2a: Tropius|231/328 tox|[from] item: Sitrus Berry\n|\n|-heal|p1a: Umbreon|173/297|[from] item: Leftovers\n|-damage|p2a: Tropius|191/328 tox|[from] psn\n|upkeep\n|turn|4\n|\n|t:|1733779639\n|move|p2a: Tropius|Leaf Blade|p1a: Umbreon\n|-damage|p1a: Umbreon|20/297\n|move|p1a: Umbreon|Wish|p1a: Umbreon\n|\n|-heal|p1a: Umbreon|38/297|[from] item: Leftovers\n|-damage|p2a: Tropius|131/328 tox|[from] psn\n|-item|p2a: Tropius|Sitrus Berry|[from] ability: Harvest\n|upkeep\n|-enditem|p2a: Tropius|Sitrus Berry|[eat]\n|-heal|p2a: Tropius|213/328 tox|[from] item: Sitrus Berry\n|turn|5\n|\n|t:|1733779651\n|move|p1a: Umbreon|Protect|p1a: Umbreon\n|-singleturn|p1a: Umbreon|Protect\n|move|p2a: Tropius|Leaf Blade|p1a: Umbreon\n|-activate|p1a: Umbreon|move: Protect\n|\n|-heal|p1a: Umbreon|186/297|[from] move: Wish|[wisher] Umbreon\n|-heal|p1a: Umbreon|204/297|[from] item: Leftovers\n|-damage|p2a: Tropius|133/328 tox|[from] psn\n|-item|p2a: Tropius|Sitrus Berry|[from] ability: Harvest\n|upkeep\n|-enditem|p2a: Tropius|Sitrus Berry|[eat]\n|-heal|p2a: Tropius|215/328 tox|[from] item: Sitrus Berry\n|turn|6\n|\n|t:|1733779666\n|move|p2a: Tropius|Dual Wingbeat|p1a: Umbreon\n|-damage|p1a: Umbreon|144/297\n|-damage|p1a: Umbreon|74/297\n|-hitcount|p1a: Umbreon|2\n|move|p1a: Umbreon|Wish|p1a: Umbreon\n|\n|-heal|p1a: Umbreon|92/297|[from] item: Leftovers\n|-damage|p2a: Tropius|115/328 tox|[from] psn\n|upkeep\n|turn|7\n|\n|t:|1733779675\n|move|p1a: Umbreon|Protect|p1a: Umbreon\n|-singleturn|p1a: Umbreon|Protect\n|move|p2a: Tropius|Leaf Blade|p1a: Umbreon\n|-activate|p1a: Umbreon|move: Protect\n|\n|-heal|p1a: Umbreon|240/297|[from] move: Wish|[wisher] Umbreon\n|-heal|p1a: Umbreon|258/297|[from] item: Leftovers\n|-damage|p2a: Tropius|0 fnt|[from] psn\n|faint|p2a: Tropius\n|upkeep\n|\n|t:|1733779685\n|switch|p2a: Flutter Mane|Flutter Mane, L74|203/203\n|turn|8\n|\n|t:|1733779694\n|move|p2a: Flutter Mane|Shadow Ball|p1a: Umbreon\n|-resisted|p1a: Umbreon\n|-damage|p1a: Umbreon|216/297\n|-damage|p2a: Flutter Mane|183/203|[from] item: Life Orb\n|move|p1a: Umbreon|Toxic|p2a: Flutter Mane\n|-status|p2a: Flutter Mane|tox\n|\n|-heal|p1a: Umbreon|234/297|[from] item: Leftovers\n|-damage|p2a: Flutter Mane|171/203 tox|[from] psn\n|upkeep\n|turn|9\n|c|\u2606DemiGodGilgamesh|GAY ASS STRAT\n|-message|DemiGodGilgamesh forfeited.\n|\n|win|azzkkyy\n", "inputlog": ">version bfd83cad13791eb5a5a409923076391caf6fb4d4\n>start {\"formatid\":\"gen9randombattle\",\"seed\":[1159,14822,52138,30040],\"rated\":\"Rated battle\"}\n>player p1 {\"name\":\"azzkkyy\",\"avatar\":\"cynthia\",\"rating\":1149,\"seed\":[21798,55725,36174,29059]}\n>player p2 {\"name\":\"DemiGodGilgamesh\",\"avatar\":\"steven\",\"rating\":1195,\"seed\":[57753,49781,16704,44435]}\n>p1 move toxic\n>p2 move dragondance\n>p1 move toxic\n>p2 move dragondance\n>p1 move foulplay\n>p2 move leafblade\n>p1 move wish\n>p2 move leafblade\n>p1 move protect\n>p2 move leafblade\n>p1 move wish\n>p2 move dualwingbeat\n>p1 move protect\n>p2 move leafblade\n>p2 switch 2\n>p1 move toxic\n>p2 move shadowball\n>chat \u2606DemiGodGilgamesh|GAY ASS STRAT\n>forcelose p2", "uploadtime": 1733779706, "views": 1, "formatid": "gen9randombattle", "rating": null, "private": 0, "password": null}