{"id": "gen9randombattle-2260743996", "format": "[Gen 9] Random Battle", "players": ["Matoshi1991", "Zeromortisimus"], "log": "|j|\u2606Matoshi1991\n|j|\u2606Zeromortisimus\n|t:|1733885832\n|gametype|singles\n|player|p1|Matoshi1991|102|1392\n|player|p2|Zeromortisimus|101|1425\n|teamsize|p1|6\n|teamsize|p2|6\n|gen|9\n|tier|[Gen 9] Random Battle\n|rated|\n|rule|Species Clause: Limit one of each Pok\u00e9mon\n|rule|HP Percentage Mod: HP is shown in percentages\n|rule|Sleep Clause Mod: Limit one foe put to sleep\n|rule|Illusion Level Mod: Illusion disguises the Pok\u00e9mon's true level\n|\n|t:|1733885832\n|start\n|switch|p1a: Iron Valiant|Iron Valiant, L78|244/244\n|switch|p2a: Mudsdale|Mudsdale, L84, M|305/305\n|turn|1\n|inactive|Battle timer is ON: inactive players will automatically lose when time's up. (requested by Matoshi1991)\n|\n|t:|1733885851\n|-end|p1a: Iron Valiant|Quark Drive|[silent]\n|switch|p1a: Gastrodon|Gastrodon-East, L86, M|331/331\n|move|p2a: Mudsdale|Roar|p1a: Gastrodon\n|drag|p1a: Vivillon|Vivillon-Ocean, L84, F|272/272\n|\n|upkeep\n|turn|2\n|\n|t:|1733885861\n|move|p1a: Vivillon|Sleep Powder|p2a: Mudsdale\n|-status|p2a: Mudsdale|slp|[from] move: Sleep Powder\n|cant|p2a: Mudsdale|slp\n|\n|upkeep\n|turn|3\n|\n|t:|1733885868\n|switch|p2a: Ribombee|Ribombee, L82, F|233/233\n|move|p1a: Vivillon|Quiver Dance|p1a: Vivillon\n|-boost|p1a: Vivillon|spa|1\n|-boost|p1a: Vivillon|spd|1\n|-boost|p1a: Vivillon|spe|1\n|\n|upkeep\n|turn|4\n|\n|t:|1733885875\n|move|p1a: Vivillon|Hurricane|p2a: Ribombee\n|-supereffective|p2a: Ribombee\n|-damage|p2a: Ribombee|0 fnt\n|faint|p2a: Ribombee\n|\n|upkeep\n|\n|t:|1733885882\n|switch|p2a: Arcanine|Arcanine-Hisui, L80, F|283/283\n|turn|5\n|\n|t:|1733885889\n|-terastallize|p1a: Vivillon|Ground\n|move|p1a: Vivillon|Tera Blast|p2a: Arcanine|[anim] Tera Blast Ground\n|-supereffective|p2a: Arcanine\n|-damage|p2a: Arcanine|0 fnt\n|faint|p2a: Arcanine\n|\n|upkeep\n|\n|t:|1733885897\n|switch|p2a: Slowbro|Slowbro, L85, M|300/300\n|turn|6\n|\n|t:|1733885906\n|switch|p1a: Gastrodon|Gastrodon-East, L86, M|331/331\n|move|p2a: Slowbro|Scald|p1a: Gastrodon\n|-ability|p1a: Gastrodon|Storm Drain|boost\n|-boost|p1a: Gastrodon|spa|1\n|\n|upkeep\n|turn|7\n|\n|t:|1733885915\n|move|p1a: Gastrodon|Spikes|p2a: Slowbro\n|-sidestart|p2: Zeromortisimus|Spikes\n|move|p2a: Slowbro|Iron Defense|p2a: Slowbro\n|-boost|p2a: Slowbro|def|2\n|\n|upkeep\n|turn|8\n|\n|t:|1733885921\n|move|p1a: Gastrodon|Spikes|p2a: Slowbro\n|-sidestart|p2: Zeromortisimus|Spikes\n|move|p2a: Slowbro|Iron Defense|p2a: Slowbro\n|-boost|p2a: Slowbro|def|2\n|\n|upkeep\n|turn|9\n|\n|t:|1733885926\n|move|p1a: Gastrodon|Spikes|p2a: Slowbro\n|-sidestart|p2: Zeromortisimus|Spikes\n|move|p2a: Slowbro|Iron Defense|p2a: Slowbro\n|-boost|p2a: Slowbro|def|2\n|\n|upkeep\n|turn|10\n|\n|t:|1733885936\n|switch|p1a: Giratina|Giratina, L75|349/349\n|-ability|p1a: Giratina|Pressure\n|move|p2a: Slowbro|Body Press|p1a: Giratina\n|-immune|p1a: Giratina\n|\n|upkeep\n|turn|11\n|\n|t:|1733885943\n|move|p2a: Slowbro|Scald|p1a: Giratina\n|-resisted|p1a: Giratina\n|-damage|p1a: Giratina|307/349\n|move|p1a: Giratina|Dragon Tail|p2a: Slowbro\n|-damage|p2a: Slowbro|290/300\n|drag|p2a: Mudsdale|Mudsdale, L84, M|305/305 slp\n|-damage|p2a: Mudsdale|229/305 slp|[from] Spikes\n|\n|-heal|p2a: Mudsdale|248/305 slp|[from] item: Leftovers\n|upkeep\n|turn|12\n|-message|Zeromortisimus forfeited.\n|\n|win|Matoshi1991\n|raw|Matoshi1991's rating: 1392 &rarr; <strong>1414</strong><br />(+22 for winning)\n|raw|Zeromortisimus's rating: 1425 &rarr; <strong>1403</strong><br />(-22 for losing)\n|l|\u2606Zeromortisimus\n|player|p2|\n", "inputlog": ">version bfd83cad13791eb5a5a409923076391caf6fb4d4\n>start {\"formatid\":\"gen9randombattle\",\"seed\":[56945,36657,47200,28486],\"rated\":\"Rated battle\"}\n>player p1 {\"name\":\"Matoshi1991\",\"avatar\":\"102\",\"rating\":1392,\"seed\":[33537,6421,25066,8416]}\n>player p2 {\"name\":\"Zeromortisimus\",\"avatar\":\"101\",\"rating\":1425,\"seed\":[60261,34556,15569,29255]}\n>p1 switch 3\n>p2 move roar\n>p1 move sleeppowder\n>p2 move stoneedge\n>p1 move quiverdance\n>p2 switch 2\n>p1 move hurricane\n>p2 move stunspore\n>p2 switch 4\n>p1 move terablast terastallize\n>p2 move flareblitz\n>p2 switch 5\n>p1 switch 4\n>p2 move scald\n>p1 move spikes\n>p2 move irondefense\n>p1 move spikes\n>p2 move irondefense\n>p1 move spikes\n>p2 move irondefense\n>p1 switch 6\n>p2 move bodypress\n>p1 move dragontail\n>p2 move scald\n>forcelose p2", "uploadtime": 1733885959, "views": 6, "formatid": "gen9randombattle", "rating": 1403, "private": 0, "password": null}